3948 6068
373 152 511 209 H75

1787 152 1848 207 S.
1893 150 2243 209 EPIPHANII

3505 149 3673 207 H76

367 265 603 335 piendus
643 269 812 330 esset,
872 271 1204 339 mentionem
1267 261 1563 320 facturum.
1605 260 1747 329 Quid
1797 264 1944 319 enim

2062 264 2217 319 Ἐπεὶ
2248 265 2303 319 τί
2337 262 2873 337 παραδοξότερον,κῆ
2913 260 3078 317 πλέον
3111 259 3220 316 ἀπὸ
3247 262 3348 332 τῆς
3374 260 3473 316 τοῦ
3511 263 3670 336 Χρι-

369 353 770 413 admirabilius.
821 361 914 408 aut
963 353 1199 423 amplius
1228 369 1293 409 ex
1338 354 1431 408 illo
1465 352 1670 409 Christi
1712 353 1948 410 adventu

368 443 652 498 consecuti
687 442 932 498 fuimus?
964 442 1108 509 Quid
1148 452 1330 500 autem
1368 443 1664 515 Apostolus
1699 443 1948 512 omnino,
1988 482 1993 487 η

367 534 523 607 quasi
561 550 654 605 per
682 534 888 588 Christi
918 537 1264 605 praesentiam
1313 549 1344 589 a
1376 543 1551 591 morte
1591 535 1728 605 eripi
1760 536 1948 591 divino

366 626 634 680 beneﬁcio
666 633 875 696 posset,
924 627 1015 681 illa
1054 626 1467 698 pronuntiabat,
1499 642 1625 682 cum
1668 628 1945 693 omnibus,

365 720 533 770 etiam
574 725 864 786 antequam
900 716 1157 774 Christus
1208 719 1263 774 in
1304 719 1451 773 hunc
1490 719 1678 774 orbem
1715 719 1948 787 veniret,

368 821 518 862 mors
559 807 677 877 ipsa
712 808 1042 879 contigerit?
1068 808 1203 863 Nam
1257 808 1503 865 universi
1547 824 1577 862 a
1621 808 1950 878 corporibus

371 901 610 970 separati
647 900 702 954 in
741 901 866 955 vita!
894 900 1059 969 hujus
1090 902 1242 956 exitu
1270 900 1681 967 liberabantur;
1709 915 1774 953 ac
1805 898 1951 954 simi-

368 992 491 1047 liter
517 1007 732 1057 on‘mes,
764 1000 873 1048 tam
901 992 1224 1058 inﬁdelium,
1244 1007 1407 1064 quam
1432 988 1693 1053 ﬁdelium.
1720 999 1833 1046 tam
1864 990 1950 1045 in-

368 1085 665 1153 iustorum,
700 1100 862 1155 quam
882 1084 1160 1155 justorum
1188 1085 1382 1140 anima:
1406 1093 1684 1155 postremo
1712 1085 1805 1141 illo
1837 1084 1951 1140 obi-

368 1186 454 1229 lus
482 1178 570 1232 die
594 1179 856 1247 sejuncta}
890 1192 919 1230 a
948 1178 1276 1247 corporibus
1306 1177 1618 1232 evolabant.

436 1269 709 1334 Quidnam
754 1270 919 1340 igitur
951 1269 1253 1339 Apostolus
1291 1283 1404 1337 prae
1430 1264 1663 1328 caeteris,
1694 1267 1785 1335 qui
1822 1266 1947 1321 inli-

368 1361 588 1417 delitate
622 1362 782 1415 vitam
818 1362 1204 1425 traduxerant,
1239 1354 1496 1416 studebat
1527 1358 1814 1414 obtinere?
1840 1359 1948 1411 Aut

369 1468 470 1506 cur
500 1452 710 1507 exsolvi
748 1452 999 1522 corporis
1024 1452 1261 1507 vinculis
1290 1451 1535 1521 optabat,
1566 1449 1713 1520 quod
1748 1449 1833 1503 vel
1864 1449 1950 1502 in-

2056 353 2183 407 στοῦ
2219 354 2519 425 παρουσίας
2557 356 2911 426 ὲσχήκαμεν;
2945 351 3011 406 Τί
3039 352 3096 405 δὲ
3128 351 3223 405 καὶ
3254 352 3284 405 ὁ
3322 351 3667 417 ’Δπόστολος

2051 445 2190 510 ὅλως
2238 446 2315 510 ὼς
2347 445 2434 500 διὰ
2467 446 2568 517 τῆς
2598 445 2906 517 παρουσίας
2950 443 3044 499 τοῦ
3080 441 3318 515 Χριστοῦ
3346 443 3661 515 δυνάμενος

2051 536 2115 588 ἐκ
2151 535 2246 589 τοῦ
2273 534 2505 590 θανάτου
2540 535 2645 588 ὑπὸ
2667 535 2800 588 Θεοῦ
2841 534 3296 606 ἐλευθερωθῆναι,
3344 532 3503 588 τοῦτο
3536 536 3659 590 ῦπ-

2051 627 2545 697 εφθέγγετο,ὁπότε
2563 628 2699 681 πᾶσι
2722 627 2814 680 καί
2846 626 2950 697 πρὸ
2982 625 3179 679 τοῦτὸν
3203 625 3436 697 Χριστὸν
3463 625 3649 681 ἐλθεῖν

2049 723 2131 784 είς
2168 719 2260 797 τὸν
2295 720 2502 792 κόσμον
2542 719 2822 773 συνέϐαινε
2863 719 3152 790 θνήσκειν;
3214 717 3502 789 Ἐρρύοντο
3532 717 3652 791 γὰρ

2050 812 2410 884 χωριζόμενον.
2442 813 2644 876 πάντες
2668 811 2777 864 τῶν
2812 811 3080 883 σωμάτων
3110 810 3259 883 κατὰ*
3283 810 3382 881 τὴν
3407 810 3515 863 ἀπὸ
3541 816 3647 869 τοῦ

2050 904 2166 976 βίου
2201 904 2406 975 ταύτην
2437 904 2638 972 ἔξοδον.
2684 903 2847 956 Ἀλλὰ
2874 903 2968 956 καὶ
3001 902 3262 965 ὡσαύτως
3292 902 3348 954 δὲ
3384 903 3557 954 πᾶσαι
3582 903 3645 955 ai

2047 998 2219 1069 ψυχαὶ
2242 1039 2258 1064 ,
2305 996 2400 1051 καὶ
2438 997 2494 1050 αἱ
2542 996 2653 1050 τῶν
2691 995 2935 1050 ἀπίστων
2975 995 3069 1049 καὶ
3120 993 3328 1048 πιστῶν
3355 1033 3371 1057 ,
3405 993 3499 1047 καὶ
3530 991 3643 1044 τῶν

2048 1089 2249 1144 ἀδίκων
2285 1089 2381 1144 καὶ
2410 1088 2633 1143 δικαίων
2682 1086 3005 1159 ἐχωρίζοντο
3048 1085 3157 1139 τῶν
3194 1085 3463 1156 σωμάτων
3496 1087 3644 1138 κατὰ⁵

2048 1181 2147 1253 τὴν
2175 1180 2389 1252 ἡμέραν
2419 1180 2518 1251 τῆς
2550 1178 2829 1248 τελευτῆς.

2119 1274 2185 1326 Τί
2218 1269 2313 1326 οὖν
2342 1272 2372 1324 ὁ
2412 1271 2735 1333 ’Δπόστολος
2768 1268 2932 1322 πλέον
2958 1266 3110 1339 παρὰ
3146 1268 3271 1331 τοὺς
3316 1265 3509 1331 ἄλλους
3539 1266 3628 1320 λα-

2048 1362 2164 1419 ϐεῖν
2197 1366 2324 1428 τοὺς
2349 1364 2412 1416 ἐν
2461 1363 2690 1435 ἀπιστίᾳ
2733 1360 3121 1432 διατρίψαντας
3162 1357 3526 1424 ἐσπούδαζενς
3566 1361 3634 1414 Ἦ

2047 1456 2137 1512 διὰ
2183 1457 2240 1513 τί
2295 1455 2560 1528 ρυσθῆναι
2609 1455 2715 1508 ἀπὸ
2754 1452 2850 1507 τοῦ
2896 1450 3151 1522 σώματος
3185 1449 3418 1520 ηὔχετο,
3463 1450 3494 1503 ὃ
3543 1456 3636 1506 καὶ

371 1544 480 1597 vito
504 1543 873 1599 necessarium
916 1552 1035 1598 erat
1074 1544 1367 1615 aliquando
1398 1542 1740 1612 contingere,
1785 1548 1949 1610 prout

2058 1551 2129 1622 μὴ
2160 1552 2180 1582 ⁸
2211 1548 2369 1619 ἤθελε
2395 1589 2408 1612 ,
2448 1547 2666 1611 πάντως
2706 1545 2773 1600 ἂν
2816 1543 3132 1598 συνέϐαινεν
3169 1542 3316 1613 αὐτῷ
3336 1582 3352 1606 ,
3385 1542 3641 1610 καθάπερ

370 1634 626 1690 omnibus
667 1636 840 1690 enmri
884 1634 1250 1689 constitutum
1295 1641 1402 1699 est,
1454 1640 1509 1688 et
1545 1633 1789 1704 ipsorum
1831 1631 1952 1686 ani-

2150 1617 2245 1695 mi.
2294 1641 2430 1694 πᾶσι
2489 1642 2668 1695 κεῖται
2715 1637 2777 1690 τὸ
2825 1634 3151 1704 τελευτῆσαι
3183 1636 3275 1688 καὶ
3302 1633 3643 1705 χωρισθῆναι

370 1740 487 1781 mas
530 1740 561 1779 a
610 1740 901 1795 corporum
950 1725 1341 1795 conjunctione
1384 1724 1588 1788 divelli,
1640 1724 1687 1780 si
1732 1725 1952 1796 quidem

370 1833 572 1887 corpus
619 1818 837 1872 animaa-
866 1816 1147 1872 interitum
1197 1831 1320 1871 esse
1367 1815 1567 1870 vellet?
1611 1816 1798 1886 Itaque
1839 1831 1950 1870 non

371 1924 571 1979 Corpus
616 1908 740 1972 hoc,
788 1924 821 1963 ο
866 1907 1213 1978 Aglaophon,
1265 1912 1499 1961 mortem
1547 1906 1809 1976 appellat,
1854 1905 1951 1963 sed

372 2007 678 2069 peccatum.
723 1999 871 2070 quod
918 2013 1014 2069 per
1054 1996 1411 2066 Cupiditatem
1445 1997 1502 2052 in
1547 2013 1777 2068 corpore
1814 1996 1954 2053 resi-

371 2092 463 2146 det
495 2112 508 2145 :
543 2107 573 2146 a
615 2105 725 2161 quo
753 2090 973 2159 quidem
1012 2104 1244 2161 corpore
1269 2089 1413 2146 Deus
1466 2090 1645 2161 ipsum
1684 2089 1953 2144 adventus

371 2182 574 2238 Christi
623 2182 887 2237 beneﬁcio
936 2182 1171 2237 liberum
1220 2182 1644 2253 expeditumque
1691 2181 1951 2236 reddidit.

373 2271 585 2327 Etenim
619 2272 706 2327 lex
750 2273 980 2343 spiritus
1015 2274 1136 2328 vitae
1180 2274 1237 2327 in
1280 2272 1500 2328 Christo
1531 2271 1661 2328 .lesu
1706 2272 1956 2327 liberavit

373 2379 474 2418 nos
510 2379 542 2418 a
575 2364 690 2434 lege
717 2365 927 2434 peccati
956 2372 1010 2421 et
1035 2366 1252 2429 mortis,
1288 2374 1345 2418 ut
1367 2365 1458 2434 qui
1490 2365 1738 2418 excitavit
1768 2362 1956 2417 Iesum

372 2472 406 2509 α
449 2457 694 2521 mortuis,
765 2466 976 2527 propter
1022 2456 1407 2512 inlzabitantem
1453 2456 1567 2526 ejus
1602 2453 1861 2525 Spiritum
1900 2456 1957 2508 in

372 2546 519 2601 nobis
567 2548 786 2618 viviﬁcet
833 2557 883 2603 et
933 2548 1184 2603 mortalia
1223 2563 1446 2616 corpora
1497 2547 1750 2611 nostra‘,
1794 2544 1959 2617 590

372 2654 494 2701 cum
527 2649 829 2710 peccatum,
870 2640 1013 2712 quod
1045 2641 1187 2697 inest
1211 2641 1268 2695 in
1301 2654 1532 2711 corpore
1558 2645 1769 2704 nostro,
1798 2636 1956 2692 dam-

376 2741 561 2787 natum
585 2733 653 2789 ad
671 2749 861 2790 necem
898 2733 1059 2791 fuerit
1110 2753 1123 2789 :
1154 2749 1265 2804 quo
1282 2731 1700 2802 naturaiislegis
1728 2745 1793 2785 ac
1812 2745 1954 2800 prae-

376 2824 514 2893 ccpti
562 2823 908 2895 justilicatio,
968 2838 1092 2894 quas
1135 2837 1237 2878 nos
1296 2821 1365 2876 ad
1421 2822 1626 2877 bonum
1677 2810 1951 2881 trahebat,

376 2926 538 2982 quam
573 2915 860 2970 imbecillis
893 2923 1040 2970 esset
1082 2922 1400 2984 appareret;
1434 2927 1577 2983 quas,
1627 2925 1790 2966 carne
1821 2915 1949 2964 ante

2051 1736 2152 1799 τὰς
2192 1733 2371 1806 ψυχὰς
2403 1731 2581 1788 αὐτῶν
2615 1732 2723 1787 ἀπὸ
2760 1730 2870 1784 τῶν
2910 1728 3177 1800 σωμάτων
3199 1768 3213 1791 ,
3249 1729 3365 1795 εἴγε
3412 1726 3643 1781 θάνατον

2049 1826 2112 1879 τὸ
2151 1825 2312 1896 σῶμα
2345 1824 2447 1894 τῆς
2492 1822 2670 1894 ψυχῆς
2721 1819 3047 1887 ὑπετίθετος
3086 1820 3250 1871 Ὥστε
3284 1818 3347 1871 οὺ
3381 1818 3445 1871 τὸ
3481 1819 3637 1888 σῶμα

2049 1917 2208 1972 τοῦτο
2229 1957 2243 1980 ,
2274 1910 2319 1970 ὧ
2369 1914 2716 1984 Ἀγλαοφῶν,
2766 1913 2996 1968 θάνατον
3021 1950 3035 1975 ,
3072 1910 3209 1964 ἀλλὰ
3238 1910 3339 1981 τὴν
3370 1910 3636 1982 ἁμαρτίαν

2049 2009 2149 2082 τὴν
2180 2009 2592 2079 κατοικήσασαν
2635 2006 2723 2059 διὰ
2759 2006 2858 2075 τῆς
2895 2001 3192 2074 ἐπιθυμίας
3229 2003 3288 2055 ἐν
3322 2001 3404 2069 τῷ
3432 2000 3632 2069 σώματι

2050 2099 2233 2168 λέγει,
2264 2093 2332 2170 ἦς
2374 2098 2403 2151 ὁ
2433 2097 2565 2161 Θεὸς
2595 2096 2758 2151 αὐτὸν
2784 2095 2874 2150 διὰ
2903 2095 3002 2165 τῆς
3040 2094 3351 2164 παρουσίας
3380 2092 3467 2145 τοῦ
3493 2092 3611 2161 Χρι-

2055 2193 2182 2247 στοῦ
2233 2190 2521 2264 ἐρρύσατο.
2578 2189 2637 2241 ’0
2691 2187 2802 2258 γὰρ
2841 2186 3004 2256 νόμος
3046 2184 3142 2238 τοῦ
3188 2183 3498 2254 πνεύματος
3537 2181 3622 2250 τῆς

2055 2286 2203 2355 ζωῆς
2245 2286 2303 2338 ἐν
2349 2280 2571 2355 Χριστῷ
2609 2279 2783 2350 Ἰησοῦ
2828 2277 3200 2349 ⁴ίγλευθεὶρωσεν
3239 2277 3388 2347 ἡμᾶς
3416 2273 3523 2327 ἀπὸ
3548 2272 3634 2325 τοῦ

2055 2378 2220 2447 νόμου
2250 2375 2351 2444 τῆς
2375 2373 2647 2445 ἁμαρτίας
2672 2370 2768 2425 καὶ
2799 2368 2891 2422 τοῦ
2920 2367 3151 2420 θανάτου
3169 2406 3184 2429 ,
3216 2365 3377 2429 ὅπως
3416 2367 3453 2417 ό
3504 2360 3640 2431 ἐγεί-

2049 2484 2167 2536 ρας
2220 2465 2455 2533 Ἰησοῦν
2498 2464 2566 2517 ἐκ
2609 2459 2857 2528 νεκρῶν,
2897 2457 2998 2512 διὰ
3038 2457 3106 2510 τὸ
3153 2453 3435 2510 ἐνοικοῦν
3455 2450 3633 2508 αὑτοῦ

2055 2558 2300 2626 Πνεῦμα
2326 2556 2396 2609 ἐν
2418 2555 2564 2624 ἡμῖν
2584 2551 2930 2625 ,ζωοποιήσει
2965 2549 3060 2603 καί
3084 2549 3155 2613 τὰ
3189 2546 3378 2614 θνητὰ
3399 2545 3635 2615 σώματα

2053 2646 2247 2718 ἡμῶν,
2272 2645 2384 2715 τῆς
2419 2645 2708 2714 ἁμαρτίας
2726 2642 2836 2711 τῆς
2860 2644 2930 2696 ὲν
2950 2640 3030 2707 τῷ
3058 2638 3283 2709 σώματι
3322 2637 3493 2706 ἡμῶν
3538 2653 3630 2690 κα-

2053 2738 2437 2806 τακριθείσης
2466 2735 2616 2804 πρὸς
2645 2734 2989 2803 ἀναίρεσιν·
3026 2732 3115 2785 ἵνα
3144 2729 3206 2783 τὸ
3244 2728 3518 2798 δικαίωμα
3544 2723 3633 2778 τοῦ

2055 2830 2198 2883 κατὰ
2223 2829 2324 2900 τὴν
2361 2827 2584 2898 ἐντολὴν
2613 2825 2761 2898 πρὸς
2778 2824 2841 2878 τὸ
2868 2820 3070 2892 ἀγαθὸν
3100 2822 3245 2892 ἡμᾶς
3273 2817 3631 2887 ἁφελκομὲνου

2056 2917 2288 2991 φυσικοῦ
2334 2918 2500 2989 νόμου
2535 2914 2823 2988 φανερωθῇ
2862 2911 3170 2984 (ἐξαφθὲν),
3219 2910 3283 2963 τὺ
3313 2908 3625 2976 ἀσθενῆσαν,

376 3005 580 3059 Christi
622 3004 914 3060 adventum
949 3005 1052 3060 sub
1091 3003 1301 3075 peccati
1347 3010 1667 3075 potestatem
1702 3000 1944 3065 redacta,

2058 3012 2146 3082 τῆς
2182 3011 2383 3083 σαρκὸς
2410 3008 2832 3081 κεκρατημένης
2850 3009 2918 3077 τῇ
2954 3005 3202 3076 ἁμαρτίᾳ
3240 3002 3345 3073 πρὸ
3373 3001 3467 3070 τῆς
3498 3015 3639 3069 παρ-

376 3095 612 3152 terrcuis
647 3096 797 3153 curis
835 3104 955 3153 erat
997 3111 1283 3167 oppressa.
1319 3094 1476 3153 lnsiti
1501 3094 1647 3151 enim
1692 3109 1722 3148 a
1760 3102 1955 3148 natura

377 3189 502 3242 ιιοηί
537 3189 671 3249 vim.
701 3190 847 3260 quod
871 3189 1126 3261 ingenitae
1159 3189 1482 3260 corporibus
1508 3186 1795 3258 cupiditati
1827 3200 1955 3242 suc-

376 3281 664 3345 cubuerat,
693 3282 1040 3337 .tonllrmavit
1075 3280 1561 3351 corroboravitgue
1589 3278 1751 3342 Deus,
1784 3278 1955 3333 misso

376 3375 444 3431 de
473 3375 612 3432 caelo
657 3373 816 3437 Filio,
861 3375 955 3445 qui
993 3374 1227 3429 similem
1261 3379 1463 3427 nostrae
1491 3385 1711 3427 carnem
1760 3368 1956 3423 indue-

378 3474 481 3519 rat.
519 3465 657 3521 Vere
698 3466 873 3530 enim,
923 3481 1034 3519 non
1090 3465 1273 3534 specie
1304 3472 1486 3527 tenus,
1534 3470 1654 3518 erat
1706 3460 1759 3516 id
1809 3460 1955 3531 quod

376 3572 498 3614 esse
536 3557 843 3616 videbatur.
897 3564 957 3609 ut
1007 3555 1268 3610 nimirum
1314 3553 1632 3624 adiudicato
1676 3552 1799 3608 neci
1833 3566 1957 3622 pec-

377 3657 522 3713 cato,
550 3663 617 3704 ne
654 3648 795 3703 ullos
826 3647 1023 3702 iterum
1072 3647 1129 3701 in
1176 3662 1342 3703 carne
1374 3646 1585 3701 fructus
1616 3644 1822 3707 ederet,
1860 3657 1957 3698 na-

379 3741 576 3796 turalis
601 3738 924 3810 justiﬁeatio
950 3740 1085 3811 legis
1111 3739 1447 3809 impleretur,
1480 3752 1603 3808 quae
1632 3738 1685 3790 in
1716 3735 1801 3791 bis
1826 3734 1956 3791 ebe-

378 3830 600 3887 dientiae
645 3829 909 3886 beneﬁcio
965 3830 1320 3896 redundaret,
1368 3829 1462 3901 qui
1505 3845 1616 3884 non
1654 3843 1721 3883 ex
1770 3827 1957 3890 carnis

379 3923 830 3995 concupiscentia
857 3923 1303 3993 progrediuntur,
1339 3920 1433 3978 sed
1465 3920 1533 3975 ad
1563 3921 1792 3992 spiritus
1821 3920 1959 3976 desi-

377 4015 591 4071 derium
619 4030 678 4071 se
704 4030 768 4070 ac
792 4014 1172 4085 praescriptum
1201 4011 1655 4076 accommodant~
1673 4011 1785 4081 Lex
1810 4012 1956 4067 enim

380 4106 611 4176 Spiritus
642 4105 786 4170 vitae,
828 4105 932 4160 hoc
961 4112 1046 4160 est
1068 4103 1446 4186 Evangelium,
1479 4102 1550 4157 ab
1575 4102 1958 4172 superioribus

378 4198 593 4267 legibus
624 4196 967 4267 discrepans,
999 4195 1068 4251 ad
1109 4194 1473 4252 obedientiam
1501 4202 1960 4265 peccatorumque

380 4287 770 4342 relaxationem
796 4276 1072 4357 Evangelii
1098 4285 1372 4358 praeconio
1397 4284 1720 4350 constituta,
1749 4285 1818 4339 ab
1843 4286 1960 4355 lege

2055 3102 2244 3167 ουσίας
2277 3101 2371 3155 τοῦ
2437 3100 2676 3173 Χριστοῦ
2704 3141 2719 3164 ,
2752 3102 2891 3167 ταῖς
2938 3098 3152 3159 ὑλικαῖς
3202 3093 3476 3166 φροντίσιν
3514 3094 3621 3145 ἐπι-

2055 3195 2398 3266 χωννύμενον
2425 3192 2463 3244 ³.
2503 3191 2576 3244 Τὸ
2610 3190 2720 3261 γὰρ
2752 3188 3011 3242 ἀδύνατον
3044 3185 3135 3238 τοῦ
3166 3187 3223 3236 ἐν
3251 3186 3387 3254 ἡμῖν
3414 3178 3636 3251 φυσικοῦ

2056 3283 2297 3353 ἀγαθοῦ,
2333 3285 2389 3336 ἐν
2433 3275 2478 3350 ᾧ
2510 3281 2761 3353 ἠσθένει,
2791 3279 2898 3332 ὑπὸ
2926 3278 3028 3346 τῆς
3066 3275 3363 3345 ἐπιθυμίας
3396 3271 3637 3344 ἡττώμε-

2055 3392 2146 3429 νον
2171 3372 2271 3442 τῆς
2300 3371 2625 3443 ἐγκειμένης
2654 3371 2713 3423 ἐν
2750 3368 2828 3438 τῷ
2854 3366 3090 3437 σώματι,
3128 3364 3199 3435 (ὁ)
3235 3362 3369 3425 Θεὸς
3398 3357 3638 3431 ἀνερρώ-

2057 3480 2188 3517 σατο
2216 3460 2437 3532 πέμψας
2457 3461 2548 3514 τὸν
2576 3459 2704 3512 Υίὸν
2739 3454 2932 3510 ἑαυτοῦ
2953 3494 2968 3518 ,
3002 3455 3102 3525 τὴν
3144 3452 3329 3524 ὁμοίαν
3356 3451 3420 3519 τῇ
3473 3445 3638 3517 σαρκὶ

2059 3555 2240 3626 σάρκα
2283 3551 2633 3624 ἀνειληφότα.
2694 3549 2945 3621 Ἀλήθεια
2979 3547 3123 3618 γὰρ,
3172 3543 3264 3598 καὶ
3308 3542 3370 3595 οὗ
3414 3539 3642 3607 δόκησις

2055 3642 2124 3717 ἦν
2154 3646 2182 3699 ὃ
2208 3644 2410 3715 ἐφάνη·
2437 3645 2544 3709 ἵνα,
2575 3643 2675 3713 τῆς
2700 3641 2973 3714 ἁμαρτίας
3001 3632 3475 3705 κατακεκριμένης
3507 3630 3645 3699 πρὸς

2057 3735 2356 3808 ἀναίρεσιν,
2392 3737 2472 3799 είς
2498 3733 2561 3788 τὸ
2601 3732 2794 3804 μηκέτι
2819 3726 3243 3802 καρποφορῆσαι
3274 3726 3330 3778 ἐν
3359 3725 3428 3792 τῇ
3459 3719 3642 3791 σαρκὶ.

2058 3828 2122 3882 τὺ
2164 3827 2439 3898 δικαίωμα
2474 3824 2568 3880 τοῦ
2615 3821 2845 3894 φυσικοῦ
2876 3820 3041 3891 νόμου
3083 3814 3347 3888 πληρωθῇ
3370 3854 3384 3877 ,
3420 3809 3645 3865 πλεονά-

2060 3936 2160 3973 σαν
2187 3921 2254 3991 τῇ
2286 3920 2501 3990 ὑπακοῇ
2532 3919 2644 3980 τοῖς
2672 3916 2746 3987 μὴ
2770 3913 2913 3969 κατὰ
2942 3913 3040 3983 τὴν
3075 3908 3375 3978 ἐπιθυμίαν
3398 3905 3496 3975 τῆς
3520 3919 3644 3973 σαρ·

2058 4009 2155 4074 κὸς
2206 4008 2601 4082 περιπατοῦσιν
2627 4047 2642 4072 ,
2693 4005 2828 4060 ἀλλὰ
2873 4003 3015 4058 κατὰ
3061 4003 3162 4072 τὴν
3200 3997 3501 4067 ἐπιθυμίαν
3546 3991 3645 4073 τοῦ

2059 4094 2370 4167 πνεύματος
2423 4095 2519 4150 καὶ
2572 4095 2672 4165 τὴν
2723 4093 3018 4163 ὑφήγησιν.
3084 4090 3141 4143 '0
3197 4088 3309 4158 γὰρ
3336 4085 3500 4157 νόμος
3548 4082 3645 4136 τοῦ

2061 4188 2371 4256 πνεύματος
2394 4185 2494 4256 τῆς
2524 4185 2669 4256 ζωῆς
2694 4226 2708 4249 ,
2749 4184 2777 4237 ὃ
2803 4183 2866 4255 δή
2905 4185 3022 4236 ἐστι
3059 4180 3120 4234 τὸ
3148 4177 3503 4246 Εὑαγγέλιον,
3534 4175 3643 4226 ἓτεο

2064 4293 2155 4349 ρος
2182 4275 2258 4332 ὢν
2287 4277 2397 4332 τῶν
2421 4276 2835 4349 προειρημένων
2861 4276 3042 4346 νόμων
3066 4313 3080 4336 ,
3111 4271 3199 4327 διὰ
3221 4271 3316 4324 τοῦ
3354 4268 3638 4341 κηρύγμα-

379 4391 485 4431 nos
520 4376 730 4447 peccati
761 4391 826 4431 ac
851 4377 1045 4432 mortis
1073 4377 1299 4448 eripuit,
1340 4391 1405 4432 ac
1427 4384 1714 4447 peccatum
1752 4375 1953 4446 ipsum,

2058 4386 2151 4433 τος
2201 4368 2340 4442 πρὸς
2376 4369 2623 4442 ὑπακοὴν
2669 4368 2882 4435 τεθεὶς,
2937 4369 3030 4421 καὶ
3075 4366 3268 4435 ἄφεσιν
3308 4361 3644 4436 ἁμαρτημὰ-

381 4468 527 4538 quod
555 4468 612 4524 in
648 4483 815 4524 carne
842 4469 1107 4539 regnabat
1165 4467 1412 4524 funditus
1439 4465 1752 4524 debellavit.

455 4734 623 4807 Igitur
649 4747 993 4805 quaecunque
1036 4747 1101 4789 ex
1134 4731 1382 4803 Apostoli
1408 4730 1592 4786 verbis
1626 4728 1854 4800 preponi
1895 4728 1965 4784 ab

381 4827 492 4884 illis
521 4827 719 4894 solent,
764 4827 860 4883 sed
900 4826 1181 4881 intellecta
1216 4839 1526 4896 perperam,
1565 4824 1753 4885 tibi;o
1786 4821 1966 4878 Theo-

381 4919 548 4987 phile,
580 4920 849 4977 hactenus
877 4918 1127 4989 exposui.
1167 4916 1324 4972 Nunc
1362 4915 1431 4970 ad
1465 4916 1572 4969 alia
1616 4929 1702 4969 me
1733 4928 1967 4969 conver-

381 5020 517 5073 tam,
558 5018 848 5081 postquam
879 5010 1044 5078 hujus
1087 5006 1397 5078 explicandi
1433 5004 1705 5061 sermonis
1745 5002 1964 5073 adjuto-

340 5138 343 5151 .
383 5114 497 5151 rem
538 5112 733 5158 nactus
762 5102 939 5158 fuero.
964 5099 1209 5156 Dillicilia
1251 5098 1454 5168 quippe
1500 5103 1650 5160 sunt,
1682 5110 1860 5166 neque
1896 5094 1963 5150 ad

378 5190 739 5247 refellendum
775 5192 1028 5264 expedita
1052 5206 1175 5263 qua;
1212 5197 1540 5261 sequuntur.
1578 5188 1698 5256 Quo
1714 5179 1961 5258 spissius

379 5296 445 5339 ac
475 5282 721 5353 timidius
748 5284 866 5341 haec
905 5284 1217 5356 aggredior,
1243 5297 1480 5355 quorum
1510 5283 1725 5353 longam
1754 5295 1818 5336 ac
1848 5280 1958 5336 dif‘

382 5375 580 5432 ﬁcilem
607 5372 725 5431 fore
750 5376 1133 5446 probationem
1155 5374 1337 5443 video,
1366 5374 1475 5431 nisi
1506 5374 1787 5445 sapientiae
1808 5390 1957 5444 quae-

2060 4477 2192 4526 των,
2231 4461 2603 4534 ἠλευθέρωσεν
2629 4463 2776 4533 ἡμᾶς
2800 4459 2908 4515 ἀπὸ
2928 4460 3022 4542 τοῦ
3052 4458 3213 4529 νόμου
3242 4457 3343 4528 τῆς
3373 4454 3647 4525 ἁμαρτίας

2062 4554 2159 4607 καὶ
2188 4552 2283 4606 τοῦ
2326 4553 2590 4615 θανάτου,
2625 4557 2852 4625 νικήσας
2886 4554 2951 4607 ἐκ
2996 4550 3194 4614 παντὸς
3238 4551 3338 4623 τὴν
3368 4547 3648 4620 ἁμαρτίαν

2063 4641 2452 4715 βασιλεύουσαν
2474 4645 2574 4715 τῆς
2607 4644 2831 4715 σαρκός.

2140 4736 2207 4787 ’Ἀ
2237 4731 2442 4805 μὲνοῦν
2464 4733 2527 4806 δὴ
2557 4734 2969 4807 προϐάλλονται,
3002 4732 3096 4788 καὶ
3128 4735 3190 4785 ἐκ
3216 4729 3324 4784 τῶν
3352 4727 3445 4783 τοῦ
3490 4729 3646 4782 Ἀπο-

2064 4824 2254 4878 στόλου
2291 4823 2469 4896 ῥητῶν
2494 4824 2596 4879 οὐκ
2623 4824 2800 4897 ὀρθῶς
2833 4825 2974 4880 αὐτὰ
3008 4822 3383 4894 ἐξηγούμενοι,
3418 4820 3647 4890 σαφηνίο

2062 4933 2163 4980 σας
2214 4915 2385 4986 ἔφην,
2438 4910 2485 4970 ὦ
2538 4916 2785 4986 Θεόφιλε.
2829 4901 3110 4988 Τρέψομαι
3152 4914 3210 4968 δέ
3261 4914 3353 4967 καὶ
3390 4912 3526 4983 «pb;
3574 4910 3653 4964 τὸ

2062 5008 2226 5081 ἔτερα
2250 5049 2265 5073 ,
2299 5009 2502 5080 ἐάνπερ
2538 5008 2630 5062 τὸν
2662 5008 2997 5080 βοηθήσοντα
3026 5009 3157 5080 ἡμῖν
3214 5005 3350 5075 πρὸς
3384 5003 3481 5075 τὴν
3514 5002 3658 5068 διέξ-

2066 5100 2184 5155 οδον
2214 5098 2465 5173 εὕρωμεν
2489 5100 2584 5155 τοῦ
2609 5100 2789 5170 λόγου.
2822 5101 3041 5173 Ἀπορα
3081 5099 3193 5171 γὰρ
3213 5139 3227 5158 ,
3266 5098 3361 5152 καὶ
3408 5098 3468 5150 οὺ
3503 5095 3656 5150 πάνυ

2070 5194 2229 5265 ῥᾴδια
2256 5194 2392 5266 πρὸς
2423 5193 2741 5267 καθαίρεσιν
2766 5194 2834 5247 τὰ
2854 5192 2997 5262 ἑξῆς.
3030 5194 3123 5246 Διὸ
3162 5193 3255 5246 καὶ
3290 5190 3679 5262 ὀκνηρότερον

2066 5284 2246 5339 αὐτῶν
2293 5285 2563 5356 ἅπτομαι,
2603 5285 2820 5357 μακρὰν
2850 5286 2944 5340 καὶ
2986 5284 3233 5357 χαλεπὴν
3283 5282 3460 5337 αὐτῶν
3503 5281 3656 5352 ὁρῶν

2064 5375 2162 5447 τὴν
2196 5376 2465 5443 ἀπόδειξιν
2499 5379 2762 5450 ἐσομένην
2785 5419 2798 5443 ,
2828 5377 2921 5431 ἐὰν
2946 5380 3018 5449 μή
3043 5396 3128 5441 τις
3160 5378 3308 5448 ἡμεῖς
3348 5371 3491 5445 αὖρα
3526 5391 3649 5427 συν-

454 5531 472 5562 ¹
501 5529 658 5587 Rom.
694 5545 814 5595 vm,
844 5529 929 5583 Η.
1008 5532 1026 5561 ¹
1059 5529 1187 5584 Cor.
1223 5528 1325 5583 κᾶν
1360 5531 1455 5602 μή.
1536 5530 1555 5561 ³
1577 5528 1636 5583 F.
1665 5530 2129 5602 ὲπιχωννυμένου.
