3840 6062
172 178 349 238 tm
664 162 671 165 ’
919 162 1293 237 amissus
1330 177 1675 236 rmaesns
1713 178 1842 235 LIB.
1882 178 1944 235 ιι.
1986 177 2151 236 'rou.
2192 179 2624 238 I.-—HA£RES.
2662 179 2843 236 LXIV.
3363 183 3504 240 ms

173 291 388 357 ἐσεως
419 291 576 362 ἄφνω
610 291 668 359 ἐξ
697 290 928 365 ούρανοῦ
955 292 1402 359 καταπνεύσασα,
1465 293 1719 366 καθάπερ
1752 295 1808 349 ἐν

1913 291 2039 347 dam
2082 307 2217 348 aura
2246 301 2472 364 repente
2512 293 2734 349 coalitus
2782 276 3061 364 aspirans,
3096 293 3200 359 sic,
3239 303 3503 367 tanquam

179 384 369 455 μέσῳ
408 383 743 454 νηχομένους
770 383 998 453 πελάγει
1027 424 1042 452 ,
1100 387 1181 448 είς
1212 385 1384 456 ὅρμον
1426 386 1675 457 ἀκύμονα
1717 386 1808 441 καὶ

1913 384 1969 441 in
2011 385 2126 441 alto
2154 386 2500 456 navigantes,
2534 385 2898 457 tranquillum
2939 386 3008 442 ad
3052 393 3273 459 portum
3311 400 3377 442 ac
3412 383 3501 438 ﬁr-

174 475 498 543 ἁπόδειξιν
530 478 960 549 ἀποκαταστήσῃ
987 476 1425 549 ἀσφαλεστέραν.

1913 476 2142 533 miorem
2167 477 2688 535 demonstrationem
2713 478 2970 547 appellat.

476 569 631 634 Ἕως
659 562 777 622 ὧδε
810 567 880 622 τὸ
902 567 1086 638 μέρος
1116 566 1235 622 τῶν
1255 568 1567 624 Μεθοδίου.

2352 566 2623 622 Hactenus
2650 583 2715 621 ex
2737 566 3029 623 Methodio.

260 654 406 711 El".
449 657 634 714 Ταῦτα.
672 660 773 729 μὲν
818 657 911 714 οὖν
948 663 1096 714 ἐστιν
1128 661 1238 715 ἀπὸ
1278 662 1477 733 μέρους
1527 660 1650 717 καθ’
1703 661 1808 734 είρ-

1981 654 2168 711 LXlll.
2209 656 2390 728 Atque
2417 659 2532 714 haec
2573 666 2702 714 sunt
2741 675 2772 715 e
2804 660 2946 715 beati
2991 657 3273 726 Met’hodii,
3305 656 3398 727 qui
3439 662 3494 711 et

181 747 301 815 μὸν
338 748 461 803 τῶν
496 750 603 804 ὑπὸ
628 751 722 804 τοῦ
760 752 1069 825 μακαρίτου
1104 752 1367 807 Μεθοδίου
1399 752 1509 823 (46)
1529 794 1544 819 ,
1586 752 1681 807 τοῦ
1714 752 1811 806 καί⁸

177 837 552 905 Εὐϐουλίου,
596 844 726 914 περὶ
770 843 865 897 τοῦ
912 845 1316 915 προειρημένου
1364 845 1673 916 Ὤριγένους
1714 844 1810 898 καὶ

176 927 298 997 τῆς
337 931 520 984 αὑτοῦ
547 932 637 986 διὰ
663 935 983 1006 σοφιστικῆς
1015 935 1230 1005 πλάνης
1257 935 1625 998 κακοπιστίας
1648 937 1707 990 ἐν
1729 935 1809 1007 τῷ

179 1018 359 1089 αὐτῷ
397 1023 532 1094 περ)⁸
566 1022 918 1087 ἀναστάσεως
946 1023 1112 1095 λόγῳ.
1145 1025 1214 1078 Ἀ
1238 1023 1474 1078 ἐνταῦθα
1500 1024 1813 1096 παραθέμε-

179 1124 274 1161 νοι
368 1111 580 1175 ἱκανῶς
648 1111 794 1183 ἔχειν
857 1112 1190 1183 ἐνομίσαμεν
1246 1112 1384 1183 πρὸς
1441 1111 1541 1175 τὰς
1600 1113 1809 1166 ἐκείνου

182 1200 491 1273 φλυαρίας
515 1241 530 1266 ,
566 1203 791 1274 καὶτῆς
830 1202 997 1257 αὐτοῦ
1036 1203 1351 1275 ἀνατροπῆς
1382 1204 1398 1234 ¹
1437 1204 1537 1274 τῆς
1574 1202 1683 1257 τῶν
1712 1204 1809 1258 άν-

179 1292 455 1362 θρώπων
489 1293 636 1366 ζωῆς
674 1296 744 1350 δι’
793 1295 1131 1351 ἐπιπλάστου
1180 1294 1281 1366 (ἐξ)
1332 1294 1654 1365 Ἑλληνικῆς
1703 1294 1811 1348 δειο

183 1384 561 1456 σιδαιμονίας
600 1387 696 1441 καὶ
748 1386 1096 1459 κακοηθείας.
1144 1385 1325 1441 Πολλά
1372 1386 1483 1457 γὰρ
1514 1386 1615 1440 καὶ
1649 1386 1812 1458 ἔτερα

179 1476 246 1527 ἐν
283 1479 361 1548 τῇ
402 1478 536 1549 περὶ
572 1478 671 1549 τῆς
705 1477 1015 1542 ὑποθέσεως
1044 1476 1336 1548 ἀκολουθίᾳ
1374 1476 1453 1547 τῷ
1483 1476 1812 1548 προειρημέ‹

178 1581 269 1635 νῳ
305 1565 578 1637 Μεθοδίῳ
600 1566 756 1638 ἀνδρὶ
798 1566 964 1637 λογίῳ
1001 1567 1137 1629 ὄντι,
1171 1566 1268 1620 καὶ
1300 1565 1505 1636 σφόδρα
1545 1567 1675 1637 περὶ
1706 1566 1809 1637 τῆς

1911 736 2183 804 Eubulius
2209 750 2391 805 dictus
2419 757 2524 815 est,
2557 751 2779 820 scriptis
2816 751 3011 805 ordine
3038 751 3317 818 decerpta,
3361 765 3484 819 quae

1912 835 1980 891 de
2011 835 2266 905 Origene,
2299 836 2705 906 depravataque
2742 834 2995 906 Origenis
3038 835 3141 890 fide
3175 835 3495 903 scphisticis

1912 928 2358 983 cavillationibus
2387 929 2664 997 implicata
2695 928 2750 983 in
2778 930 2968 983 eodem
2997 929 3065 982 de
3093 927 3499 983 resurrectione

1911 1019 2054 1074 libro
2093 1019 2379 1075 disseruit.
2417 1019 2575 1089 591
2613 1019 2745 1085 Qua:
2776 1019 2880 1074 hoc
2915 1021 3036 1075 loco
3070 1018 3350 1089 proposita
3381 1017 3499 1072 suf—

1912 1106 2074 1163 ﬁcere
2108 1116 2301 1163 contra
2355 1108 2505 1163 illius
2563 1122 2736 1178 nugas
2788 1107 3104 1178 putavimus
3166 1107 3497 1182 impiamque

1911 1198 2245 1263 doctrinam,
2296 1212 2405 1269 qua
2478 1198 2701 1254 humani
2762 1198 2975 1269 generis
3032 1194 3210 1250 vitam
3259 1194 3495 1251 ascititia

1910 1290 2005 1345 illa
2045 1291 2330 1362 gentilium
2361 1291 2755 1360 superstitione
2788 1296 2952 1359 atque
2986 1287 3337 1358 improbitate
3372 1301 3498 1341 cor-

1911 1384 2081 1453 rupit.
2117 1382 2184 1436 Et
2214 1398 2527 1453 quanquam
2568 1382 2676 1436 alia
2709 1383 2971 1452 pleraque
3009 1381 3151 1435 idem
3207 1394 3485 1450 argumen-

1911 1452 2029 1527 tum
2062 1452 2495 1528 Methodiusiille
2527 1472 2611 1526 vir
2642 1476 2891 1544 apprime
2933 1473 3130 1526 doctus
3168 1472 3499 1526 acerrimus—-

1912 1579 2020 1634 que
2064 1564 2314 1619 veritatis
2363 1572 2631 1634 patronus
2679 1564 2731 1617 in
2765 1563 2955 1618 eodem
2985 1563 3127 1617 libro
3177 1561 3495 1631 disputarit,

180 1655 480 1727 ἀληθείας
513 1656 908 1727 ἀγωνισαμένῳ
962 1656 1232 1729 εἰρημένα
1279 1656 1494 1727 εἴρηται
1520 1697 1534 1721 ,
1589 1658 1808 1721 πάντως

1913 1656 2139 1710 totidem
2164 1655 2298 1723 fere,
2327 1663 2464 1726 quot
2499 1670 2528 1708 a
2568 1654 2729 1709 nobis
2755 1655 3000 1724 excerpti
3029 1659 3180 1717 sunt,
3220 1651 3494 1714 versibus,

180 1765 301 1801 που
335 1749 449 1802 καὶ
474 1749 580 1819 ἔπη
614 1749 852 1803 τοσαῦτα
886 1749 997 1821 (47)
1031 1749 1196 1820 ἕτερα
1216 1765 1229 1780 ·
1274 1749 1390 1803 ἀλλ’
1423 1748 1612 1820 ἐπειδὴ
1647 1751 1814 1818 ἐπηγ.

146 1907 154 1913 _
181 1840 520 1911 γειλάμεθα
549 1841 671 1895 καθ’
699 1842 937 1913 ἑκάστην
965 1842 1176 1913 αἵρεσιν
1213 1840 1372 1911 ὀλίγα
1402 1841 1541 1913 πρὸς
1568 1840 1668 1911 τὴν
1707 1841 1809 1893 αὐ-

180 1930 293 2001 τῆς
351 1932 681 2005 ἀνατροπὴν
719 1932 900 2002 λέγειν
936 1934 1031 2002 (οὐ
1070 1934 1179 2004 γάρ
1215 1935 1356 1989 εἰσιν
1398 1932 1651 2003 ὀλίγαι),
1703 1932 1810 1995 ἓως

181 2012 299 2074 ὦδε
357 2023 434 2075 ἐκ
463 2024 561 2092 τῆς
615 2023 781 2077 αὑτοῦ
830 2023 1213 2096 πραγματείας
1247 2024 1619 2095 παραθέμενοι
1650 2021 1810 2093 ἠρκέ-

182 2109 450 2181 σθημεν.
494 2096 681 2180 Ὀλίγα
730 2112 787 2165 δὲ
844 2116 940 2166 καὶ
990 2115 1146 2167 αὐτοὶ
1184 2115 1283 2183 τῆς
1336 2114 1494 2184 ήμῶν
1534 2113 1808 2182 πτωχείας

182 2202 275 2265 εἰς
302 2202 416 2272 τὴν
450 2200 621 2272 αὐτὴν
651 2201 746 2255 τοῦ
781 2202 977 2274 ἀνδρὸς
1007 2205 1275 2275 φλυαρίαν
1303 2202 1385 2256 ἐτι
1427 2203 1804 2273 προσθέμενοι,

182 2290 650 2363 καταπαύσομεν
674 2293 763 2346 τὸν
808 2295 928 2347 κατ’
961 2294 1126 2348 αὐτοῦ
1159 2294 1375 2364 ἀγῶνα,
1406 2294 1484 2359 τῷ
1525 2293 1644 2364 Θεῷ
1673 2295 1809 2347 ἀπο-

185 2381 512 2446 δεδωκότες
550 2381 612 2436 τὸ
649 2381 902 2452 βραϐεῖον
930 2382 1010 2453 τῷ
1051 2382 1316 2453 νικοποιῷ
1338 2424 1353 2448 ,
1393 2384 1488 2436 καὶ
1514 2382 1613 2453 τὴν
1640 2381 1806 2436 αὐτοῦ

197 2472 559 2543 Ἐκκλησίαν
618 2476 685 2545 τῇ
751 2474 858 2547 ίδίᾳ
909 2474 1075 2528 αὐτοῦ
1135 2474 1512 2545 φιλανθρωπίᾳ
1574 2474 1806 2528 πάντοτε

188 2563 528 2634 στέμμασιν
584 2564 978 2635 ἀμαραντίνοις
1042 2564 1510 2635 κατακοσμοῦντι,
1555 2566 1669 2626 τοῖς
1706 2565 1806 2635 τῆς

188 2654 483 2727 ἀληθείας
531 2655 906 2727 κηρύγμασιν.
976 2654 1236 2727 Δέξωμεν
1278 2655 1460 2711 τοίνυν
1502 2656 1598 2709 καὶ
1652 2657 1807 2711 αὐτοὶ

186 2747 341 2819 πρὸς
381 2746 557 2800 αὐτὸν
594 2748 737 2799 κατά
773 2745 1024 2818 δύναμιν.

263 2839 542 2902 Φάσκεις,
576 2831 622 2891 ὦ
646 2831 821 2903 οὗτος,
853 2839 929 2902 ὡς
963 2839 1058 2893 καὶ
1100 2839 1213 2892 ἄνω
1249 2855 1340 2909 μοι
1379 2837 1802 2910 προδεδήλωται,

192 2929 740 3000 ἐπισκωμματίζων,
777 2931 860 2984 ὅτι
885 2930 977 3001 Μὴ
1007 2930 1115 3002 ἄρα
1147 2930 1481 3002 βυρσοδέψης
1505 2928 1574 3004 ἦν
1597 2935 1626 2986 ὁ
1648 2932 1800 2997 Θεὸς,

1912 1745 2273 1801 nihilominus
2304 1761 2428 1799 cum
2463 1746 2514 1799 id
2556 1745 2715 1800 initio
2743 1745 3136 1814 receperimus,
3163 1744 3219 1795 in
3250 1755 3497 1811 unaqua-

1912 1853 2020 1908 que
2047 1835 2333 1892 tractanda
2383 1836 2578 1891 hazresi
2611 1850 2787 1905 pauca
2830 1849 2935 1889 nos
2969 1833 3038 1888 ad
3068 1833 3190 1903 ejus
3242 1830 3499 1887 confuta-

1911 1932 2115 1986 tionem
2156 1944 2284 1986 esse
2313 1929 2562 1984 dicturos
2600 1930 2754 1998 (sunt
2798 1928 2946 1984 enim
2981 1941 3211 1981 numero
3246 1925 3496 1995 complu-

1911 2024 2044 2087 res),
2082 2020 2218 2077 satis
2258 2035 2383 2075 esse
2419 2018 2679 2075 duximus
2724 2020 3007 2088 hucusque
3036 2032 3103 2071 ex
3140 2016 3288 2071 illius
3334 2030 3502 2086 opere

1912 2112 2287 2166 transtulisse.
2327 2111 2509 2177 Quare
2536 2111 2626 2164 ubi
2660 2109 2928 2165 adversus
2965 2109 3208 2165 hominis
3246 2109 3501 2163 incondi-

1911 2210 2022 2256 tam
2051 2203 2439 2274 loquacitatem
2482 2200 2748 2256 nonnulla
2795 2201 2975 2255 adhuc
3003 2217 3068 2253 ex
3098 2200 3279 2269 inopia
3314 2211 3500 2254 nostra

1909 2292 2436 2363 deprompserimus,
2477 2291 2757 2363 pugnandi
2786 2290 3052 2345 adversus
3087 2291 3240 2356 illum
3278 2290 3500 2344 modum

1908 2381 2208 2454 faciemus;
2245 2391 2538 2454 postquam
2577 2382 2792 2437 auctori
2830 2383 3075 2437 victori;e
3114 2380 3225 2436 Deo
3256 2382 3500 2435 victoria;

1909 2474 2193 2543 praemium
2229 2489 2294 2529 ac
2321 2476 2493 2531 decus
2532 2474 2920 2543 obtulerimus,
2956 2475 3053 2544 qui
3099 2489 3199 2544 pro
3230 2472 3501 2544 singulari

1909 2563 2252 2621 humanitate
2279 2580 2380 2621 sua
2411 2566 2774 2621 amarantinis
2815 2573 3081 2637 perpetuo
3108 2565 3352 2627 coronis,
3395 2564 3501 2618 hoc

1907 2654 1993 2712 est
2028 2658 2280 2713 veritatis
2319 2658 2688 2729 dogmatibus,
2718 2658 3023 2712 Ecclesiam
3064 2666 3311 2711 exornat.
3347 2654 3503 2713 Nunc

1907 2762 2036 2820 ergo
2069 2747 2337 2806 adversus
2367 2749 2620 2806 eumdem
2655 2764 2753 2817 pro
2778 2749 2986 2805 viribus
3017 2748 3381 2818 disputemus.

1977 2840 2059 2896 Tu
2082 2841 2270 2911 igitur,
2312 2842 2388 2896 mi
2436 2842 2623 2905 homo,
2660 2856 2758 2912 per
2789 2840 2977 2910 jocum
3022 2841 3137 2896 haec
3169 2842 3332 2897 nobis
3370 2840 3504 2910 obji-

1906 2932 2009 2996 cis,
2041 2941 2099 2985 ut
2129 2934 2288 2987 initio
2317 2933 2691 2997 meminimus,
2723 2940 3042 2986 utrumnam
3081 2933 3244 3002 pellio
3278 2931 3501 3003 quidam

194 3021 287 3074 ἵνα
324 2997 571 3091 χιτῶνας
602 2997 976 3092 δερματίνουςγ
1005 2997 1117 3085 τοῖς
1147 2997 1282 3094 περὶ
1309 2997 1400 3075 τὸν
1440 2997 1619 3094 ’Ἀδὰμ
1648 3025 1804 3094 ποιήσι

1913 3024 2051 3080 Deus
2069 3034 2238 3089 esset,
2273 3034 2333 3080 ut
2360 3038 2605 3081 scorteas
2637 3025 2854 3082 tunicas
2879 3025 3089 3080 Adamo
3118 3026 3347 3095 ejusque
3370 3040 3504 3079 eon-

195 3130 293 3186 σῃ,
338 3112 576 3184 μηδέπω
605 3111 759 3174 ζώων
785 3112 1132 3183 τεθυμένων;
1157 3115 1220 3166 Εἰ
1255 3114 1312 3167 δὲ
1353 3116 1447 3168 καὶ
1473 3115 1640 3185 ἐτύθη
1666 3115 1802 3180 ζῶα,

192 3207 302 3259 οὐκ
336 3201 512 3277 ἦσαν,
546 3206 698 3275 φησὶ,
732 3205 961 3275 χιτῶνες
991 3206 1325 3277 δερμάτινοι,
1358 3207 1497 3261 ἀλλά
1523 3208 1584 3261 τὸ
1614 3208 1805 3280 γήϊνον

195 3299 224 3351 ὃ
262 3296 641 3369 περικείμεθα
684 3296 862 3367 σῶμα.
906 3297 1017 3351 Καὶ
1048 3299 1382 3368 πανταχόθεν
1420 3299 1701 3370 ἐλέγχεται
1738 3301 1804 3370 τῇ

196 3391 297 3446 τοῦ
320 3382 579 3444 διαϐόλου
607 3388 820 3458 ἐπινοίᾳ
846 3387 941 3441 καὶ
959 3391 1025 3460 τῇ
1056 3389 1150 3441 τοῦ
1166 3389 1343 3459 ὄφεως
1372 3391 1637 3462 ὣλιότητι
1668 3407 1809 3463 παρ⁸

199 3478 552 3544 ἀκολουθῶν,
583 3477 791 3552 φθορὰν
819 3478 1080 3542 ἀπιστίας
1131 3482 1198 3551 τῇ
1235 3481 1612 3552 ἀνθρωπότητι
1638 3482 1806 3554 ἔργα..

202 3572 463 3644 ζόμενος,
511 3571 606 3625 καὶ
646 3573 746 3643 τὴν
781 3571 927 3625 Εὕαν
966 3571 1433 3644 ἐξαπατήσαντος,
1472 3573 1567 3626 καὶ
1600 3574 1687 3626 ἀεὶ
1708 3572 1809 3637 τὰς

201 3665 452 3729 διανοίας
477 3663 588 3717 τῶν
618 3664 891 3738 ἀκεραίων
924 3663 1114 3735 ψυχῶν
1142 3666 1209 3734 τῇ
1248 3664 1557 3736 πανουργίᾳ
1597 3666 1657 3718 ἐν
1690 3667 1810 3727 ταῖς

204 3758 390 3811 αὐτῶν
427 3756 696 3820 διανοίαις
730 3755 1232 3827 παραφθείραντος.
1267 3755 1498 3826 Ἴδωμεν
1530 3756 1730 3819 τοίνυν,
1759 3758 1808 3810 εί

204 3849 433 3903 δύναται
462 3847 536 3902 τὰ
570 3848 675 3902 ὑπὸ
705 3848 798 3902 σοῦ
830 3847 1099 3919 εἰρημένα
1130 3845 1275 3917 ἔχειν
1304 3847 1516 3912 στάσιν,
1543 3846 1655 3911 ὡς²
1685 3864 1811 3900 τοσ-

207 3940 351 3995 αῦτα
386 3940 696 4012 μοχθήσας,
732 3940 826 3994 καὶ
852 3942 933 4003 είς
961 3941 1139 4012 μάτην
1170 3939 1370 4002 ἐλάσας
1402 3938 1495 3992 τὸν
1530 3940 1659 4011 περὶ
1684 3956 1809 3992 τοσ-

205 4032 382 4089 ούτων
411 4034 616 4105 βίὸλων
640 4033 964 4102 συγγραφῆς
987 4030 1195 4101 ἀγῶνα.
1226 4032 1289 4085 Ei
1313 4033 1422 4103 γάρ
1442 4033 1589 4085 ἐστιν
1609 4031 1810 4102 ἀληθὲς

208 4126 238 4179 δ
281 4127 415 4199 περὶ
465 4125 565 4180 σοῦ
613 4125 798 4196 ᾅδεται
840 4123 976 4195 (48),
1027 4124 1109 4177 ὅτι
1149 4123 1549 4194 ἑξακισχιλίους
1595 4124 1811 4195 βίϐλους

211 4219 568 4290 συνεγράψω,
609 4210 654 4269 ὦ
696 4214 1048 4286 ματαιοπόνε,
1081 4214 1177 4268 καὶ
1219 4215 1311 4269 τὸν
1347 4216 1525 4270 πάντα
1563 4216 1811 4287 κάματον

1902 3117 2019 3188 jugi
2071 3116 2297 3181 faceret,
2335 3130 2462 3170 cum
2517 3117 2729 3170 nullum
2772 3115 2953 3171 adhuc
2997 3114 3312 3185 jugulatum’
3357 3121 3504 3169 esset

1908 3204 2154 3259 animal?
2200 3206 2278 3258 Ac
2330 3206 2550 3260 tametsi
2602 3212 2838 3259 mactata
2891 3221 3013 3261 esse
3055 3203 3250 3262 demus
3297 3206 3501 3278 aliqua,

1908 3309 2017 3348 non
2047 3301 2250 3357 tamen,
2286 3294 2483 3362 inquit,
2516 3293 2584 3348 de
2618 3293 2861 3363 pelli'ceis
2888 3296 3113 3359 tunicis,
3159 3296 3254 3351 sed
3288 3297 3354 3351 de
3388 3308 3502 3351 ter-

1909 3401 2064 3449 reno,
2107 3384 2255 3456 quod
2292 3400 2396 3440 nos
2425 3386 2618 3454 ambit,
2651 3401 2883 3456 corpore
2911 3387 3234 3457 accipienda
3269 3389 3385 3442 haec
3421 3390 3501 3442 vi-
3564 3406 3575 3413 ·

1909 3478 2128 3535 dentur.
2164 3478 2227 3536 1n
2256 3494 2370 3549 quo
2399 3479 2550 3534 omni
2592 3494 2661 3534 ex
2705 3488 2861 3549 parte
2906 3478 3109 3534 diaboli
3150 3479 3395 3533 fraudein
3440 3495 3504 3535 ac

1910 3572 2185 3643 serpentis
2210 3572 2566 3627 calliditatem
2593 3572 2796 3626 imitari
2824 3572 3196 3635 convincitur,
3233 3580 3397 3642 atque
3430 3572 3501 3626 ita

1909 3664 2154 3740 humano
2177 3663 2366 3734 generi
2386 3663 2725 3718 infidelitatis
2741 3665 3109 3740 corruptelam
3130 3666 3501 3721 consciscere.

1910 3738 2385 3820 Quemadmodum
2413 3760 2468 3807 et
2501 3753 2669 3807 Evam
2694 3738 2858 3806 antea
2889 3769 3118 3822 serpens
3151 3755 3240 3808 ille
3263 3755 3500 3825 decepit,

1911 3862 1975 3902 ac
2006 3846 2407 3917 simpliciorum
2442 3846 2726 3901 hominum
2756 3844 2970 3901 animos
3009 3846 3252 3900 versutia
3297 3863 3395 3901 sua
3438 3861 3504 3902 ac

1911 3939 2221 3995 calliditate
2266 3939 2553 4009 pervertit.
2582 3937 2883 3993 Videamus
2926 3937 3095 4008 igitur
3132 3947 3315 3992 utrum
3357 3948 3504 3994 stare

1912 4045 2035 4101 qua:
2061 4040 2193 4086 sunt
2223 4044 2254 4084 a
2286 4038 2339 4085 te
2367 4029 2515 4084 dicta
2549 4030 2783 4100 possint,
2813 4045 2939 4084 cum
2971 4038 3256 4100 tantopere
3286 4031 3505 4085 labora-

1911 4122 2010 4185 ris,
2056 4137 2120 4177 ac
2165 4121 2370 4177 frustra
2413 4128 2525 4176 tam
2575 4120 2807 4176 inﬁnitis
2841 4121 3214 4176 voluminibus
3263 4123 3504 4178 conscri-

1913 4215 2110 4272 bendis
2152 4215 2429 4286 quoddam
2479 4215 2580 4271 tibi
2619 4224 2897 4270 certamen
2936 4215 3217 4270 indixeris.
3256 4215 3313 4270 Si
3356 4217 3501 4271 enim

211 4311 292 4373 εἰς
328 4310 543 4381 ψόγους
588 4310 683 4363 καὶ
725 4309 911 4373 δόλους
956 4304 1318 4381 ματαιότητος
1356 4307 1643 4372 ἀναλώσας
1677 4326 1808 4378 σφο-

1913 4323 2106 4363 verum
2147 4315 2252 4375 est,
2299 4307 2448 4379 quod
2499 4307 2568 4363 de
2614 4319 2667 4362 te
2709 4308 3045 4378 percrebuit,
3090 4323 3185 4363 sex
3237 4309 3502 4362 librorum

209 4401 354 4472 δρῶς
392 4403 487 4455 καὶ
535 4399 710 4463 κενῶς
739 4399 840 4472 τὴν
879 4400 981 4472 σὴν
1013 4399 1280 4470 ἐργασίαν
1326 4398 1692 4470 καταστήσας,
1724 4398 1813 4453 διὰ

213 4489 323 4542 τῶν
365 4489 688 4559 ἀναγκαίων
739 4482 815 4542 ὧν
861 4487 1275 4561 παρεχάραξας,
1332 4488 1655 4541 ἀνέλπιστον
1713 4489 1813 4559 τῆς

218 4582 494 4656 ἐμπορίας
528 4600 622 4636 σου
652 4582 744 4636 τὸν
776 4583 1023 4654 κάματον
1053 4582 1445 4654 περιεποιήσω.
1483 4583 1545 4635 Εἰ
1575 4582 1682 4653 γάρ
1710 4582 1812 4635 οὐκ

219 4675 508 4730 ἀνίσταται
559 4667 622 4727 τὸ
661 4673 840 4746 σῶμα,
884 4674 1006 4727 οὐδὲ
1052 4676 1085 4745 ἡ
1123 4674 1267 4746 ψυχή
1302 4692 1356 4727 τι
1386 4674 1806 4747 κληρονομήσει.

219 4768 336 4822 Μία
366 4767 476 4841 γὰρ
506 4766 602 4821 καὶ
641 4768 672 4839 ή
703 4767 843 4837 αὐτὴ
883 4765 1139 4820 κοινωνία
1184 4765 1279 4819 τοῦ
1320 4783 1380 4819 τε
1414 4766 1665 4837 σώματος
1713 4765 1810 4820 καὶ

222 4860 320 4930 τῆς
353 4860 555 4930 ψυχῆς,
603 4859 696 4912 καὶ
740 4857 840 4930 μία
874 4857 1126 4929 ἐργασία.
1172 4857 1493 4912 Ἀνάστασιν
1523 4858 1580 4911 δὲ
1607 4857 1809 4929 παλιμ-

298 5012 314 5043 ¹
349 5010 412 5067 F.
442 5013 544 5085 τὴν
570 5011 734 5066 αὑτοῦ
756 5012 1092 5085 ἀνατροπὴν.
1168 5014 1189 5045 '
1221 5009 1283 5065 F.
1328 5004 1393 5065 ὧ.

302 5165 413 5237 (46)
454 5168 590 5222 Ὑπό
620 5168 727 5223 τοῦ
743 5168 1077 5237 μακαρίτου
1103 5168 1415 5224 Μεθοδιόυ.
1446 5168 1671 5228 Notabis
1698 5170 1811 5227 Mc-

231 5236 475 5290 thodium
508 5239 615 5290 alio
641 5236 863 5293 nomine
901 5240 971 5293 dit
994 5248 1104 5291 tum
1142 5238 1456 5294 Eubulium.

303 5304 413 5381 (a7)
450 5306 695 5372 Πάντως
725 5324 843 5361 που
890 5314 985 5363 καὶ
1024 5310 1135 5377 ἔπη
1178 5310 1464 5367 τοσαῦτα.
1504 5312 1651 5381 Ἔπη
1683 5318 1813 5366 sunt

235 5378 415 5438 verba,
447 5392 556 5430 non
586 5394 799 5433 versus.
828 5432 835 5441 ,

303 5446 415 5523 (ίᾷ)
448 5449 517 5499 Et
538 5447 646 5517 γάρ
668 5449 839 5502 ἐστιν
858 5448 1081 5523 ἄλῃ-θὲς
1101 5446 1132 5500 ὃ
1150 5448 1427 5523 περὶᾼσοῦλ
1442 5450 1663 5523 ᾄδεται.
1709 5450 1809 5507 Hic

236 5513 321 5566 ille
347 5513 663 5589 _locns'cs—t,
700 5533 765 5573 ex
800 5536 909 5588 quo
953 5518 1182 5589 Rulinus
1212 5513 1463 5589 Origenis
1502 5521 1806 5584 adamator,

236 5592 290 5636 et
312 5584 379 5640 ab
413 5585 742 5659 Hieronymo
782 5584 944 5661 atque
968 5588 1271 5661 Epiphanio
1291 5584 1360 5646 ob
1391 5590 1443 5645 id
1470 5590 1701 5657 alienus,
1725 5607 1808 5647 as-

1922 4400 2093 4455 millia
2128 4416 2159 4454 a
2212 4411 2263 4455 te
2296 4416 2417 4457 esse
2458 4401 2796 4472 conscripta,
2839 4416 2873 4456 ο
2909 4401 3126 4467 infelix,
3166 4404 3259 4472 qui
3301 4404 3505 4456 inanis-

1922 4494 2059 4549 sime
2086 4493 2400 4558 desudaris,
2436 4509 2500 4549 ac
2522 4503 2757 4550 conatus
2782 4502 2908 4550 tuos
2938 4510 3132 4551 omnes
3158 4504 3307 4551 tanta
3334 4496 3502 4549 animi

1918 4586 2273 4642 contentione
2329 4586 2383 4641 in
2412 4587 2847 4657 vituperationes
2903 4602 2967 4641 ac
2994 4589 3323 4643 vanissimas
3356 4588 3505 4642 frau-

1917 4677 2014 4734 des
2041 4678 2420 4749 insumpseris,
2459 4693 2685 4749 Operam
2717 4679 2952 4750 denique
2987 4687 3135 4734 tuam
3166 4681 3370 4735 frustra
3407 4696 3504 4749 po-

1919 4771 2120 4834 sueris,
2158 4771 2418 4825 nimirum
2449 4771 2744 4842 praecipuis
2777 4772 2886 4827 illis
2920 4786 2984 4826 ac
3020 4774 3352 4826 necessariis
3382 4772 3501 4826 ﬁdei

1917 4861 2190 4931 capitibus
2236 4861 2625 4933 depravandis,
2676 4861 3027 4933 desperatum
3089 4877 3153 4917 ac
3188 4862 3369 4919 fructu
3410 4880 3503 4942 ca-

1913 5172 2131 5227 serebat
2162 5169 2782 5241 Epiphaninmjactasse
2810 5184 2905 5241 sex
2940 5168 3203 5241 librorum
3229 5172 3394 5225 millia
3427 5172 3498 5227 ab

1911 5241 2145 5312 Origene
2177 5240 2487 5311 conscripta
2516 5256 2575 5295 se
2606 5240 2824 5311 legisse.
2856 5240 3010 5305 Quod
3046 5241 3397 5312 nugacissimi
3430 5258 3494 5295 ac

1909 5310 2194 5367 vanissimi
2260 5310 2499 5365 hominis
2551 5310 2922 5365 commentum
2979 5310 3177 5366 refellit
3227 5311 3495 5367 llieronv-

1910 5328 2194 5367 vamssnmi
2261 5328 2499 5365 nominis
2551 5328 2922 5365 commentum
2979 5328 3177 5366 I'BICIIII
3227 5328 3493 5432 Hieron?-

1910 5398 2033 5437 mns
2068 5382 2223 5448 Apol.
2260 5398 2295 5435 ιι
2333 5380 2385 5433 in
2416 5380 2689 5435 eumdem.
2725 5380 3008 5450 Nusquam
3040 5384 3185 5437 enim
3220 5389 3315 5437 aut
3345 5385 3414 5435 de
3456 5380 3493 5433 i-

1908 5453 2130 5507 brorum
2170 5465 2401 5520 numero
2438 5450 2721 5504 aﬂirmavit
2757 5451 3116 5520 Epiphanius,
3148 5463 3236 5505 aut
3269 5451 3489 5504 totidem

1909 5535 1937 5574 a
1969 5538 2028 5577 se
2067 5522 2239 5577 lectos
2268 5519 2639 5574 confirmavit.
2697 5519 2872 5576 Addit
2893 5520 3108 5577 Hieron.
3144 5521 3211 5576 de
3237 5519 3488 5589 Origenis

1908 5592 2124 5662 scriptis
2156 5590 2372 5647 Eusebii
2407 5590 2803 5652 testiinonium,
