3948 6068
334 176 486 235 ,11⁸19

1723 190 1796 246 S.'
1822 189 2161 247 EPIPHANll

3452 193 3619 257 “80

350 299 562 348 tentem
596 292 744 349 omni
774 297 1159 366 negotiationis
1184 306 1289 355 tua:
1326 301 1569 358 laborem
1604 302 1909 360 reddidisti.

2037 305 2188 368 ἰάλως
2219 304 2311 359 καὶ
2342 304 2501 369 αὐτὸς
2528 304 2827 375 ὁμολογῶν,
2856 304 3408 375 πεφανταςιασμένην
3428 304 3603 378 δόκη-ο

347 382 483 437 Nam
514 384 560 439 si
594 398 797 454 corpus
827 402 935 441 non
960 391 1219 459 resurgit,
1251 393 1400 446 nulla
1429 394 1539 462 jam
1578 395 1773 450 animze
1794 412 1920 465 spes

349 471 685 528 haereditatis
725 473 1073 545 relinquitur.
1102 478 1264 549 592
1300 480 1472 536 Unica
1511 484 1656 537 enim
1705 492 1789 538 est
1830 499 1922 539 ea-

349 560 581 631 demque
614 563 861 633 corporis
902 567 1204 637 animaeque
1243 573 1589 638 communio;
1629 588 1728 643 par
1758 582 1921 644 atque

351 652 492 708 idem
534 668 692 724 opus.
716 649 807 704 .Tu
843 671 970 710 vero
1004 661 1454 717 resurrectionem
1486 663 1649 719 etiam
1695 664 1921 719 subdole

353 742 657 813 callideque
696 746 983 814 confitens,
1023 763 1130 802 non
1175 750 1252 805 rei
1295 752 1598 817 veritatem,
1643 754 1735 807 sed
1784 753 1922 808 falsa

353 831 535 901 specie
566 832 944 890 adumbratam
977 837 1264 908 imaginem
1312 842 1575 907 retinens,
1615 843 1791 897 solum
1822 858 1922 897 no-

350 935 476 976 men
520 938 786 993 usurpare
830 927 1064 997 cogeris.
1094 927 1226 993 Quae
1257 930 1404 984 enim
1453 931 1647 987 anima:
1689 931 1797 986 dici
1837 948 1923 988 re—

353 1013 619 1068 surrectio
645 1021 841 1086 potest,
866 1032 987 1086 quae
1017 1033 1192 1088 neque
1223 1020 1371 1074 cadit
1405 1037 1668 1092 unquam,
1702 1036 1802 1078 nec
1835 1037 1924 1077 se-

351 1103 586 1172 pulturae
620 1106 931 1174 mandatur,
967 1109 1060 1165 sed
1090 1110 1176 1164 vel
1202 1112 1562 1180 appellatione
1590 1114 1709 1182 ipsa
1745 1112 1928 1167 decla-

351 1203 460 1255 rat,
500 1196 767 1265 corporis,
797 1198 957 1267 quod
999 1201 1258 1256 ceciderit
1307 1203 1688 1272 sepultumque
1742 1201 1923 1267 fuerit,

353 1286 810 1341 resurrectionem
860 1303 982 1344 esse
1026 1291 1338 1361 propriam;
1379 1308 1539 1362 quam
1578 1293 1797 1362 ubique.
1844 1302 1928 1347 at.

352 1388 462 1442 que
502 1374 559 1428 in
598 1376 746 1430 omni
789 1376 1073 1449 Scriptura
1099 1382 1359 1439 veritatis.
1386 1382 1479 1437 lilii
1519 1383 1836 1454 pradicant.
1871 1382 1926 1437 Si

353 1460 522 1530 igitur
557 1462 784 1519 minime
827 1467 1087 1537 resurgit,
1132 1485 1405 1539 nusquam
1440 1471 1530 1525 illa
1563 1480 1647 1527 est
1681 1470 1930 1541 Scriptu-

352 1567 540 1607 rarum
589 1557 834 1611 omnium
882 1560 1230 1617 monimentis
1263 1562 1535 1618 celebrata
1578 1564 1927 1618 resurrectio.

2024 409 2130 457 σιν,
2159 394 2254 446 καὶ
2283 394 2382 446 οὐκ
2402 394 2671 465 ἀληθινῶς
2699 394 2857 463 ἔχων,
2894 392 3180 464 ἀναγκάζῃ
3212 394 3370 462 μόνον
3397 394 3460 447 τὸ
3479 395 3594 447 δνο-

2025 503 2100 555 μα
2125 484 2325 552 λέγειν.
2345 485 2661 548 Ἀνάστασις
2690 481 2783 539 οὖν
2820 485 2950 537 ποία
2981 484 3161 554 ψυχῆς
3188 484 3411 537 δύναται
3442 486 3605 552 λέγεο
3635 537 3643 543 ,

2024 574 2167 639 σθαι,
2217 575 2317 645 τῆς
2365 574 2439 647 μὴ
2489 575 2793 645 πιπτούσης
2837 575 2972 646 μηδὲ
3017 574 3361 645 θαπτομὲνης
3387 594 3402 643 ;
3431 576 3595 629 Ἀλλά

2021 664 2155 735 δήλη
2179 666 2324 718 ἐστὶν
2353 668 2417 719 ἐκ
2446 666 2539 718 τοῦ
2569 666 2849 736 ὀνόματος,
2882 667 2965 719 ὅτι
2996 666 3091 718 τοῦ
3122 666 3383 728 πεσόντος
3410 664 3607 735 σώμα-

2023 771 2114 818 τος
2146 756 2239 808 καὶ
2270 756 2531 824 ταφέντος
2561 759 2593 826 ἡ
2631 757 2923 818 ἀνάστασις
2954 756 3128 825 πάντη
3157 773 3216 809 τε
3242 756 3338 808 καὶ
3360 755 3417 807 ὲν
3444 756 3595 824 πάσῃ

2024 843 2211 913 Γραφῇ
2235 845 2378 895 ἐστιν
2400 861 2469 914 κη
2480 844 2782 915 ρυττομένη
2799 842 2904 897 ὑπὸ
2926 843 3033 897 τῶν
3048 843 3179 897 υἱῶν
3197 843 3297 913 τῆς
3315 842 3591 911 ἀληθείας.

2025 931 2088 984 El
2124 931 2182 983 δὲ
2221 932 2323 984 ούκ
2360 932 2665 997 ἀνίσταται,
2696 933 2797 986 οὐκ
2829 932 2909 985 ἔνι
2941 934 2975 1003 ἡ
3007 932 3097 985 διὰ
3138 932 3329 985 πασῶν
3365 932 3596 1001 Γραφῶν

2023 1023 2403 1093 κηρυττομένη
2434 1024 2750 1086 ἀνάστασις.
2786 1024 2848 1075 Ei
2877 1023 2936 1076 δέ
2966 1024 3261 1085 ἀνάστασις
3294 1023 3390 1093 οὐχ
3419 1022 3593 1092 ὑπάρ-

2023 1128 2129 1181 χει,
2161 1111 2364 1182 ματαία
2405 1113 2438 1183 ή
2479 1112 2579 1183 τῆς
2603 1112 2713 1165 τῶν
2752 1114 2961 1183 νεκρῶν
2989 1113 3336 1176 ἀναστάσεως
3368 1115 3593 1182 προσδο-

2025 1202 2140 1259 κία.
2170 1203 2244 1257 Οὐ
2265 1202 2373 1274 γὰρ
2392 1202 2579 1273 ψυχῶν
2599 1203 2896 1266 ἀνάστασίς
2921 1204 3040 1255 ἐστι
3060 1202 3168 1256 τῶν
3196 1203 3271 1274 μὴ
3294 1202 3593 1263 πεσουσῶν,

2026 1293 2161 1347 ἀλλὰ
2182 1292 2447 1364 σωμάτων
2466 1293 2574 1346 τῶν
2600 1292 2978 1364 τεθαμμένων.
3009 1294 3074 1346 El.
3098 1293 3155 1347 δὲ
3187 1292 3280 1346 καὶ
3312 1291 3475 1363 μέρος
3495 1291 3595 1360 τῆς

2027 1386 2374 1448 ἀναστάσεως
2434 1384 2727 1456 ἐγείρεται,
2792 1385 2955 1455 μέρος
3007 1384 3065 1437 δὲ
3112 1383 3445 1445 ἀποτίθεται,
3485 1383 3595 1453 ἄρα

2027 1476 2184 1530 τοῦτο
2210 1477 2271 1529 τὸ
2307 1476 2471 1547 μέρος
2514 1476 2631 1539 πῶς
2672 1475 2856 1541 ἐσταις
2899 1476 2974 1529 Οὐ
3014 1476 3126 1546 γὰρ
3154 1474 3372 1528 δύναται
3404 1474 3462 1525 ἐν
3494 1472 3595 1525 σώ-

2034 1582 2164 1635 ματι
2198 1562 2339 1619 εἶναι
2371 1564 2511 1636 μέρη
2551 1564 2896 1636 ἐγειρόμενα,
2941 1565 3036 1617 καὶ
3064 1562 3201 1634 μέρη
3232 1561 3596 1631 ἀποτιθέμενσ

355 1640 583 1699 Sublata
619 1661 783 1716 porro
829 1653 1254 1717 resurrectione,
1299 1668 1436 1708 vana
1466 1662 1551 1709 est
1587 1662 1926 1709 mortuorum

2037 1655 2129 1707 καὶ·
2161 1652 2647 1724 καταλιμπανόμεν
2658 1671 2712 1707 α.

353 1742 1154 1814 resurrectionisexspectatio.
1182 1745 1300 1801 Non
1325 1748 1468 1802 enim
1501 1748 1567 1802 ad
1616 1750 1828 1802 animas
1860 1748 1950 1802 illa
2015 1746 2299 1803 transferri
2340 1754 2541 1817 potest,
2581 1761 2702 1817 qua:
2749 1761 3091 1817 nequaquam
3141 1745 3460 1807 ceciderint,
3503 1741 3597 1799 sed

354 1832 693 1900 consepultis
721 1841 807 1889 est
834 1836 1125 1891 tribuenda
1153 1840 1496 1906 corporibus.
1531 1838 1686 1904 Quod
1720 1840 1766 1894 si
1796 1854 1922 1909 pars
1982 1839 2164 1908 aliqua
2224 1837 2631 1893 resurrectione
2679 1838 3003 1903 suscitatur,
3043 1839 3150 1893 alia
3200 1853 3328 1908 pars
3374 1836 3600 1905 deponi-

355 1925 466 1981 tur,
518 1920 643 1988 quis
697 1922 802 1977 erit
859 1924 1077 1980 tandem
1129 1926 1303 1996 partis
1356 1927 1503 1983 illius
1560 1927 1774 1983 status?
1842 1928 1958 1982 Non
1994 1928 2139 1984 enim
2190 1936 2423 1999 possunt
2454 1928 2576 1983 alia;
2613 1928 2670 1982 in
2703 1942 2935 1999 corpore
2988 1927 3216 1983 excitari
3257 1934 3465 1998 partes,
3502 1924 3597 1977 dc-

358 2013 557 2082 positis
585 2014 709 2071 aliis
735 2030 798 2070 ac
835 2018 1063 2074 relictis.

426 2102 583 2169 Quod
622 2113 801 2160 autem
830 2115 886 2162 et
919 2109 1155 2166 animale
1186 2125 1385 2181 corpus
1425 2120 1477 2167 et
1513 2091 1760 2181 spiritale
1796 2113 1933 2167 dicu-

357 2202 466 2257 tur,
527 2211 635 2250 non
677 2197 759 2251 sic
805 2200 1183 2269 accipiendum
1225 2210 1331 2267 est,
1370 2209 1432 2258 ut
1473 2205 1621 2260 aliud
1661 2206 1929 2276 spiritale,

356 2288 504 2344 aliud
542 2290 783 2371 animale
827 2292 919 2358 sit,
952 2293 1045 2348 sed
1086 2301 1147 2348 ut
1176 2295 1319 2351 idem
1368 2305 1532 2366 atque
1572 2313 1738 2351 unum
1774 2297 1933 2351 ambo

356 2380 448 2435 illa
496 2388 843 2436 censeantur.
895 2382 1111 2438 Etenim
1160 2387 1401 2456 quandiu
1454 2388 1509 2441 in
1567 2388 1668 2443 hoc
1729 2389 1933 2443 mundo

358 2483 667 2533 versamur,
701 2484 767 2525 ac
798 2472 1182 2542 corruptibiles
1221 2474 1407 2531 carnis
1441 2475 1748 2533 functiones
1775 2492 1934 2532 excr-

358 2574 566 2625 cemus,
605 2560 860 2616 animalia
903 2578 1133 2633 corpora
1180 2574 1326 2620 sunt.
1370 2564 1507 2621 Tum
1558 2568 1702 2622 enim
1753 2568 1932 2621 anima

359 2649 615 2707 absurdis
652 2658 815 2721 atque
852 2653 1273 2711 abhorrentibus
1309 2657 1365 2711 in
1404 2658 1569 2713 rebus
1613 2657 1930 2713 servitutem

363 2741 707 2811 patimur,id
733 2743 878 2814 quod
912 2752 966 2799 et
999 2752 1055 2800 tu
1085 2746 1266 2817 aliqua
1292 2762 1356 2803 ex
1384 2756 1536 2818 parte
1557 2748 1760 2802 dixisti.
1794 2748 1932 2803 Cum

360 2840 541 2887 autem
573 2833 642 2887 ad
677 2835 840 2889 vitam
882 2836 1206 2902 excitamur,
1240 2840 1421 2893 anima
1449 2840 1713 2894 servitute
1744 2840 1836 2892 illa
1867 2839 1931 2892 li~

2101 2107 2224 2160 Ὅτι
2255 2105 2313 2159 δέ
2347 2107 2461 2158 ἐστι
2496 2103 2655 2173 σῶμα
2686 2100 2938 2173 ψυχικὸν,
2974 2102 3069 2154 καὶ
3103 2101 3220 2153 ἔστι
3257 2100 3413 2171 σῶμα
3437 2118 3589 2154 πνευο

2034 2196 2283 2268 ματικὺν,
2316 2196 2417 2248 οὐκ
2451 2194 2578 2248 άλλο
2622 2194 2781 2263 σῶμα
2810 2189 3200 2259 πνευματικὸν,
3234 2191 3329 2243 καὶ
3362 2190 3484 2243 ἄλλο
3506 2190 3601 2258 ψ..-

2029 2289 2204 2359 χικὸν,
2228 2286 2341 2340 ἀλλ’
2363 2285 2494 2339 αὐτὸ
2512 2282 2764 2355 ψυχικὸν,
2786 2281 2918 2335 αὐτὸ
2940 2280 3327 2349 πνευματικόν.
3349 2280 3477 2333 Ὅτε
3497 2280 3600 2351 γάρ

2031 2383 2199 2451 ἐσμεν
2218 2381 2276 2433 ἐν
2292 2377 2369 2449 τῷ
2387 2378 2597 2448 κόσμῳ,
2623 2376 2717 2430 καὶ
2745 2374 2811 2427 τὰ
2838 2372 3040 2444 σαρκὸς
3064 2373 3370 2442 πράττομεν
3390 2371 3606 2442 φθαρτά

2030 2472 2186 2544 ἔργα,
2214 2468 2441 2539 σώματά
2466 2469 2583 2520 ἐστι
2611 2465 2839 2535 ψυχικά.
2870 2463 3205 2534 Δουλεύομεν
3229 2462 3337 2533 γὰρ
3362 2465 3430 2532 τῇ
3459 2463 3609 2532 ψυχῇ

2030 2564 2087 2616 ἐν
2116 2560 2197 2633 τῷ
2229 2560 2418 2630 κόσμῳ
2460 2559 2518 2610 ἐν
2562 2557 2833 2619 ἀτοπίαις,
2865 2556 2941 2618 ὡς
2974 2556 3067 2607 καὶ
3110 2554 3172 2607 σὺ
3213 2554 3349 2622 ἔφης
3382 2552 3490 2605 ἀπὸ
3519 2551 3607 2620 μέ-

2031 2669 2176 2724 ρους.
2210 2652 2340 2705 Ὅτε
2374 2647 2721 2718 ὲγειρόμεθα,
2756 2646 2938 2701 οὐκέτι
2967 2646 3064 2715 τῆς
3091 2644 3270 2714 ψυχῆς
3303 2646 3338 2714 ἡ
3367 2643 3601 2703 ὁυολεία,

2029 2743 2168 2796 ἀλλά
2197 2740 2558 2811 πνεύματοςή
2588 2736 2899 2800 ἀκολουθία,
2931 2735 3259 2789 ἀπεντεῦθεν
3283 2734 3384 2804 ήδη
3409 2735 3607 2803 ἔχουσα

2028 2834 2120 2887 τὸν
2166 2831 2461 2905 ἀρραϐῶνα
2504 2830 2593 2883 διὰ
2624 2829 2718 2883 τοῦ
2763 2827 3072 2900 εἰρημένουο
3115 2829 3187 2880 El
3217 2824 3400 2893 ζῶμεν
3429 2825 3601 2877 πνεύ-

363 2922 606 2985 Leratur,
647 2935 711 2974 ac
741 2922 969 2991 spiritus
1008 2926 1265 2978 continua
1297 2925 1556 2995 deinceps
1586 2926 1931 2980 administra-

2037 2943 2191 2995 ματι,
2233 2925 2521 2993 πνεύματι
2569 2920 2667 2975 καί
2718 2917 3071 2988 στοιχῶμεν,
3102 2917 3202 2981 τὰς
3248 2916 3465 2987 πράξεις
3502 2913 3595 2966 τοῦ

364 3008 441 3062 ιίο
483 3008 730 3063 succedit
776 3028 789 3064 :
827 3025 946 3080 quae
1008 3011 1133 3066 hinc
1185 3014 1329 3068 velut
1374 3014 1701 3070 arrhamac
1745 3015 1933 3088 pignus

2037 3014 2288 3085 σώματος
2323 3011 2678 3073 θανατοῦντες
2720 3008 2993 3080 ζήσωμεν.
3038 3006 3239 3060 Οὐκέτι
3274 3005 3379 3075 γὰρ
3413 3005 3595 3072 γάμοι,

366 3099 597 3162 obtinet,
648 3088 871 3168 perinde
917 3115 979 3156 ac
1008 3103 1274 3173 scriptum
1315 3113 1439 3159 est:
1471 3104 1530 3160 Si
1576 3107 1767 3176 spiritu
1815 3109 1933 3161 vivi-

2037 3109 2213 3162 οὕκέτι
2261 3105 2569 3175 ἐπιθυμίαι,
2617 3102 2801 3155 ούκέτι
2854 3099 3062 3167 ἀγῶνες
3122 3101 3237 3161 τοῖς
3286 3096 3601 3165 ἐγκράτειαν

366 3206 502 3256 mus,
550 3192 740 3259 spiritu
777 3203 825 3247 et
859 3195 1185 3249 amoulemus
1211 3197 1248 3251 ι.
1285 3195 1341 3250 Si
1374 3205 1555 3253 autem
1589 3199 1785 3268 spiritu
1833 3215 1940 3253 ant-

366 3281 638 3348 bulemus,
690 3284 936 3340 actiones
969 3287 1220 3355 corporis
1265 3288 1416 3341 velut
1461 3300 1757 3343 enecautcs
1796 3290 1940 3343 viva-

366 3386 509 3428 tnus.
564 3370 735 3427 Nullae
798 3374 981 3443 itaque
1022 3375 1259 3444 amplius
1322 3377 1561 3446 nuptiae,
1608 3377 1930 3446 cupiditates

365 3462 550 3528 nullm,
575 3464 724 3517 nulla
751 3466 1142 3519 continentiam
1168 3465 1430 3534 professis
1458 3468 1774 3534 certamina,
1798 3469 1929 3523 nulli

364 3554 599 3608 castitati
647 3554 834 3622 lapsus
875 3555 1160 3621 contrarii,
1214 3557 1376 3612 nulla:
1428 3557 1662 3628 denique
1694 3559 1936 3614 actiones

2034 3198 2550 3269 ἐπαγγελλομένοις,
2584 3194 2768 3248 οὐκέτι
2799 3190 3219 3263 παραπτώματα
3255 3189 3473 3257 ἁγνείας
3515 3186 3605 3238 ἀν-

2033 3288 2257 3355 τίπαλα,
2296 3288 2477 3342 οὐκέτι
2515 3285 2784 3357 ἐνέργειαι
2832 3285 2886 3336 αἱ
2935 3280 3168 3335 ἐνταῦθα
3214 3279 3599 3350 πραττόμεναι·

2040 3378 2195 3444 ἀλλὰ,
2224 3380 2298 3440 ὠς
2331 3378 2495 3447 φησὶν
2536 3377 2564 3428 ὁ
2601 3374 2824 3445 Κύριος,
2862 3374 2910 3425 οί
2946 3370 3369 3435 καταξιωθέντες
3397 3368 3605 3435 ἐκείνης

2040 3468 2139 3537 τῆς
2178 3466 2526 3527 ἀναστάσεως
2558 3462 2681 3515 οὔτε
2720 3459 3010 3531 γαμοῦσιν,
3056 3459 3177 3512 οὕτε
3222 3455 3603 3526 γαμίσκονται,

2044 3559 2156 3613 ἀλλ’
2193 3560 2329 3612 είσὶν
2359 3559 2434 3622 ὡς
2460 3557 2703 3626 ἄγγελοι.

365 3643 633 3712 ejusmodi
668 3654 983 3714 supersunt,
1016 3662 1136 3718 qum
1167 3647 1219 3701 in
1247 3648 1349 3702 hac
1380 3652 1485 3703 vita
1508 3658 1795 3720 geruntur.
1826 3649 1934 3706 Sed
1965 3650 2111 3720 quod
2140 3650 2395 3704 Salvator
2423 3650 2641 3713 asserit,
2674 3647 2764 3717 qui
2788 3646 3192 3703 resurrectione
3252 3643 3345 3696 illa
3408 3638 3615 3711 dignati

369 3729 588 3803 literiut,
629 3754 805 3809 neque
836 3740 1044 3796 ducunt
1075 3758 1299 3807 uxores.
1352 3758 1545 3815 ncque’
1563 3746 1797 3813 nubunt,
1847 3745 1943 3801 sed
1971 3753 2100 3802 sunt
2125 3745 2268 3801 sicut
2291 3743 2471 3814 angeli
2491 3744 2531 3796 ².

437 3835 619 3890 LXIV.
659 3818 1125 3904 Quemadmodum
1177 3843 1479 3899 translatus
1516 3854 1604 3899 est
1638 3842 1845 3909 Enocb,
1881 3852 1940 3896 ut

370 3945 479 3983 non
527 3930 736 3986 videret
774 3940 1021 3999 mortem,
1057 3940 1248 3989 etnon
1285 3935 1536 3990 inventus
1579 3944 1665 3991 est
1684 3936 1726 3989 ³.
1757 3934 1942 4004 Neque

371 4037 498 4077 vero
536 4022 608 4075 ita
638 4024 934 4079 translatus
963 4033 1066 4089 est,
1100 4032 1158 4079 ut
1198 4039 1399 4094 corpus
1441 4024 1760 4095 corporisve
1810 4039 1938 4093 par-

372 4123 476 4168 tem
517 4115 873 4184 relinqueret.
904 4114 1041 4172 Nam
1081 4117 1127 4172 si
1167 4132 1367 4185 corpus
1397 4116 1747 4186 relinqueret,
1790 4130 1943 4169 mor-

371 4207 478 4254 tem
517 4200 705 4271 utique
735 4204 962 4259 videret.
989 4203 1169 4270 Quare
1198 4221 1307 4260 una
1343 4221 1467 4259 cum
1496 4220 1729 4275 corpore
1755 4213 1939 4261 trans-

373 4290 514 4346 latus
578 4301 808 4349 mortem
860 4296 1083 4351 omnino
1138 4312 1247 4351 non
1292 4297 1445 4351 vidit.
1494 4296 1772 4368 Siquidem
1818 4299 1939 4353 vivo

372 4382 550 4435 adhuc
577 4397 641 4436 ac
670 4386 912 4452 spirante
942 4401 1172 4455 corpore
1208 4388 1492 4457 prmditus,
1524 4389 1755 4459 spiritali
1790 4403 1942 4444 more

373 4492 478 4529 non
502 4474 746 4539 animali,
773 4483 993 4546 propter
1010 4478 1421 4534 translationem
1435 4480 1580 4533 illam
1598 4480 1763 4548 degit,
1783 4479 1942 4551 593

371 4585 494 4622 cum
533 4569 588 4622 in
627 4584 857 4639 corpore
904 4585 1153 4641 peraeque
1202 4573 1433 4643 spiritali
1478 4573 1638 4629 modo
1678 4582 1941 4630 versetur.

373 4661 519 4714 idem
559 4675 687 4716 vero
713 4668 766 4715 ει
795 4660 862 4715 dc
907 4662 1020 4715 Elia
1069 4662 1228 4717 fateri
1264 4679 1483 4719 necesse
1517 4671 1630 4731 est,
1663 4664 1754 4734 qui
1789 4665 1945 4735 igneo

372 4766 539 4803 curru
579 4750 634 4804 in
693 4750 926 4805 sublime
977 4760 1062 4807 cst
1113 4754 1381 4810 evectus"
1422 4774 1435 4809 :
1472 4769 1596 4812 esse
1648 4755 1829 4809 adhuc
1889 4754 1944 4809 in

375 4858 541 4898 carne
579 4843 860 4905 nimirum.
909 4845 1006 4900 sed
1057 4844 1289 4914 spiritali
1329 4860 1516 4909 carne,
1552 4860 1673 4916 quae
1714 4861 1821 4899 non
1855 4845 1940 4900 his

378 4935 542 4991 rebus
567 4936 800 5005 amplius
828 4950 966 5006 opus
1000 4936 1217 5003 habeat,
1247 4938 1469 5007 quibus,
1507 4952 1631 4992 cum
1658 4937 1712 4991 in
1739 4937 1942 4991 mundo

380 5025 557 5080 adhuc
600 5034 766 5094 esset,
797 5026 1093 5098 indigebat.
1126 5027 1443 5097 Cuiusmodi
1483 5035 1587 5093 est,
1637 5028 1709 5083 ali
1749 5042 1944 5082 corvo-

378 5131 499 5170 rum
530 5118 864 5184 miuistcrio,
904 5133 969 5174 ex
994 5118 1489 5176 Chorati-torrentc
1525 5120 1707 5175 bibere
1731 5129 1944 5189 ,atquc

381 5206 543 5260 ovilla
573 5209 710 5278 pelle
744 5210 980 5283 contegi,
1022 5211 1116 5266 scd
1149 5211 1255 5266 alio
1282 5211 1515 5282 quodam
1546 5210 1808 5282 spiritalis
1834 5209 1943 5264 cibi

2106 3840 2222 3897 ΞΝ.
2259 3841 2347 3904 Ὧς
2372 3840 2465 3894 καὶ
2494 3836 2755 3908 μετετέθη
2791 3834 2960 3906 Ἑνὼχ
2977 3834 3071 3887 τοῦ
3095 3834 3170 3905 μὴ
3211 3833 3339 3886 ἰδεῖν
3363 3830 3615 3889 θάνατον,

2040 3935 2135 3990 καὶ
2165 3934 2263 4004 οὐχ
2292 3932 2597 4005 εὑρίσκετο.
2633 3931 2708 3983 Οὐ
2743 3928 3004 4000 μετετέθη
3029 3927 3105 3989 δὲ,
3144 3925 3239 3980 καὶ
3267 3924 3522 3978 κατέλιπε
3544 3922 3607 3973 τὸ

2039 4026 2197 4097 σῶμα
2248 4024 2282 4096 ἢ
2331 4024 2498 4095 μέρος
2557 4020 2651 4075 τοῦ
2696 4020 2970 4091 σώματος.
3010 4019 3074 4071 Εἰ
3118 4018 3227 4087 γάρ
3266 4015 3521 4069 κατέλιπε
3556 4013 3618 4064 τὸ

2039 4119 2217 4188 σῶμα,
2250 4111 2387 4169 εἶδεν
2411 4115 2518 4184 ἄρα
2551 4112 2799 4166 θάνατον.
2843 4111 2900 4163 '0
2940 4110 2998 4163 δέ
3031 4110 3127 4163 σὺν
3155 4108 3365 4178 σώματι
3393 4121 3614 4177 μετατε-

2043 4209 2152 4274 θεὶς
2178 4208 2278 4261 οὐκ
2311 4202 2419 4260 εἶδε
2445 4205 2693 4259 θάνατον.
2743 4202 2830 4255 Ἐν
2861 4200 3071 4272 σώματι
3102 4199 3211 4269 γὰρ
3244 4197 3409 4262 ζῶντι
3440 4196 3614 4265 ὑπάρ-

2044 4318 2128 4374 χει
2167 4296 2546 4369 πνευματικῶς
2586 4295 2909 4366 φερόμενος,
2954 4293 3047 4345 καὶ
3088 4290 3208 4360 οὐχὶ
3250 4289 3495 4359 ψυχικῶς
3528 4286 3616 4339 διὰ

2043 4393 2142 4461 τὴν
2172 4389 2480 4461 μετάθεσιν,
2514 4386 2755 4454 καίτοιγε
2782 4387 2838 4438 ἐν
2881 4384 3093 4453 σώματι
3113 4381 3187 4434 ὢν
3211 4380 3613 4449 πνευματικῶς.

2055 4482 2214 4535 Ἀλλὰ
2245 4480 2336 4534 καὶ
2366 4476 2610 4551 περὶτοῦ
2653 4475 2805 4529 Ἠλία
2837 4473 3120 4537 ὡσαύτως,
3152 4473 3232 4525 ὅτι
3261 4470 3532 4541 ἀνελήφθη
3556 4472 3617 4523 ἐν

2044 4573 2247 4643 ἅρματι
2295 4570 2523 4642 πυρίνῳ,
2560 4570 2655 4623 καὶ
2684 4568 2830 4620 ἔστιν
2876 4566 2956 4619 ἔτι
3009 4567 3066 4618 ἐν
3118 4564 3303 4636 σαρκὶ,
3356 4564 3517 4633 σαρκὶ
3556 4563 3618 4615 δὲ

2044 4667 2404 4734 πνευματικῇ,
2434 4662 2525 4714 καὶ
2547 4660 2647 4714 οὐκ
2680 4658 2998 4729 ἐπιδεομένη
3025 4656 3132 4710 τῶν
3158 4656 3245 4710 ἀεὶ
3267 4657 3312 4721 ⁸,
3346 4656 3425 4707 ὅτι
3446 4655 3505 4705 ἐν
3534 4654 3617 4723 τῷ

2044 4756 2232 4825 κόσμῳ
2262 4754 2434 4822 τούτῳ
2467 4752 2700 4822 ὑπῆρχε,
2748 4749 2836 4802 διὰ
2877 4748 3127 4819 κοράκων
3168 4745 3479 4817 τρέφεσθαι,
3519 4743 3621 4796 καὶ

2046 4848 2153 4902 ἀπὸ
2197 4846 2289 4900 τοῦ
2334 4843 2514 4914 Χοράτ
2556 4844 2854 4914 χειμάρρου
2895 4842 3088 4905 πίνειν,
3143 4838 3394 4913 μηλωτὴν
3439 4836 3497 4889 δὲ
3530 4839 3621 4887 ἐν-

2047 4936 2284 5000 δύεσθαι,
2318 4934 2453 4987 ἀλλὰ
2494 4933 2787 5005 τρέφεσθαι
2832 4932 2995 5003 ἑτέρᾳ
3033 4932 3139 4985 τινὶ
3173 4932 3343 5002 τροφῇ
3370 4943 3619 4995 πνευμα-

2047 5031 2193 5098 τικῇ,
2232 5021 2300 5095 ἦς
2340 5028 2456 5079 ἐστι
2502 5026 2735 5098 χορηγὸς
2779 5027 2807 5078 ὁ
2845 5023 2916 5077 τὰ
2952 5023 3161 5095 κρύφια
3188 5020 3490 5090 γινώσκων,
3520 5017 3623 5070 καὶ

2049 5119 2253 5190 ἀόρατα
2285 5117 2471 5181 κτίσας
2509 5118 2661 5183 Θεὸς,
2705 5115 3004 5188 ἀμῦροσίαν
3045 5113 3164 5168 τινά
3207 5113 3301 5167 καὶ
3342 5110 3623 5180 ἀκήρατον

2050 5209 2187 5279 ἔχων
2216 5209 2315 5278 τὴν
2346 5208 2564 5278 ἐδωδήν.

381 5316 581 5373 genere
618 5304 837 5369 nutriri,
902 5321 1064 5375 quem
1111 5308 1158 5361 ci
1201 5307 1540 5361 occultorum
1596 5306 1874 5377 cognitor,
1911 5316 2212 5371 eorumque
2289 5315 2407 5369 quae
2450 5301 2620 5355 videri
2686 5309 2960 5370 nequeunt
3000 5295 3432 5362 conditorDcus
3484 5306 3626 5361 sup-

385 5392 592 5464 peditat
655 5408 821 5467 penes
861 5412 1018 5466 quem
1064 5398 1373 5465 ambrosiae,
1413 5406 1466 5455 ct
1508 5397 1807 5467 incorrupti
1853 5394 2137 5465 cujusdam
2166 5391 2349 5459 pabuli
2383 5392 2536 5461 capia
2573 5398 2674 5445 est.

458 5569 475 5602 ί
510 5567 831 5637 Ga|.v,es.
909 5572 927 5601 ι
964 5570 1128 5627 Marc.
1163 5556 1369 5637 “1,23.
1446 5573 1464 5606 ³
1499 5574 1631 5629 Gen.
1666 5587 1714 5638 v,
1748 5568 1836 5626 ει.
1919 5570 1933 5600 ε

2037 5563 2199 5639 'ch.
2238 5582 2296 5633 ιι,
2336 5567 2419 5620 ιι.
2492 5566 2509 5595 ⁵⁵
2536 5565 2660 5620 Cor.
2692 5558 2765 5620 ὧν
2801 5560 2909 5617 ἀεί.
