3948 6068
349 189 486 246 "8|

1060 187 1428 244 ADVERSUS
1467 187 1805 245 IIZERESES
1842 189 1932 252 LI!

2040 190 2075 244 Ι.
2118 190 2280 247 ΤΟΜ.
2314 190 2722 248 1.-ΠᾸΣΒΕ5,
2765 190 2942 248 LXIV.

3474 193 3608 248 “82

420 303 532 357 Kal.
551 302 706 374 ὁρᾷς,
733 302 817 356 ὅτι
843 301 974 356 αὐτὸ
1006 302 1068 356 rb
1091 304 1252 374 σῶμα
1283 303 1344 357 τὸ
1365 304 1592 374 ψυχικὸν
1623 306 1754 359 αὐτὸ
1780 323 1932 360 πνευ-

2107 307 2509 363 Animadvertis
2547 309 2730 377 itaque
2760 307 2902 362 idem
2927 321 3050 362 esse
3082 304 3314 360 animale
3356 319 3418 358 ac
3449 306 3580 374 spiri
3610 340 3616 342 -

350 391 604 466 ματικόν,
637 391 716 454 ὡς
741 391 836 444 καὶ
875 393 904 445 ὁ
934 391 1138 464 Κύριος
1168 396 1200 464 η
1212 393 1328 464 μῶν
1357 394 1556 466 ἀνέστη
1598 397 1664 449 ὲκ
1695 396 1806 449 τῶν
1845 415 1930 450 νε-

347 483 518 556 κρῶν,
565 482 666 535 οὐκ
698 481 828 536 ἀλλο
861 482 1020 554 σῶμα
1055 483 1293 555 ἐγείρας,
1324 485 1438 538 ἀλλ’
1461 485 1593 540 αὐτὸ
1624 487 1685 540 rb
1713 486 1794 553 ὃν,
1837 489 1932 542 καὶ

344 577 446 645 οὐχ
492 574 679 646 ἕτερον
714 573 867 644 ποιρά
894 577 955 626 rb
987 573 1066 640 ὃν,
1100 575 1231 628 αὐτὸ
1256 575 1312 629 δὲ
1339 575 1400 628 rb
1430 575 1488 628 ὃν
1517 579 1598 640 εἰς
1629 577 1932 649 λεπτότητα

346 662 670 735 μεταϐαλὼν
705 663 1100 735 πνευματικὴν,
1132 665 1228 719 καὶ
1261 667 1630 736 πνευματικὸν
1662 667 1782 720 ὄλον
1808 685 1932 722 συν·

346 753 576 819 ενώσας’
607 755 990 827 εἰσερχόμενος
1019 756 1198 828 θυρῶν
1234 757 1652 828 κεκλεισμένωψ
1677 759 1813 830 ὅπερ
1832 759 1932 812 οὐκ

346 847 627 919 ἐνδέχεται
661 849 803 901 κατά
835 849 908 902 τά
945 849 1187 922 ἡμέτερα
1217 849 1446 921 σώματα
1488 850 1722 916 ἐνταῦθα
1759 853 1930 924 ὑπάρ-

346 955 467 1011 χειν
486 936 646 992 τοῦτο
673 938 761 992 διὰ
781 939 844 992 τὸ
864 941 1181 1013 παχυμερὲς
1204 942 1298 995 καὶ
1323 941 1384 996 οὗ
1394 961 1476 996 πω
1503 943 1584 1008 εἰς
1631 944 1933 1014 λεπτότητα

349 1030 652 1084 συνενωθὲν
671 1028 1073 1102 πνευματικήν.
1103 1033 1168 1086 Τί
1193 1028 1286 1086 οὖν
1311 1029 1379 1105 ἦν
1411 1034 1470 1087 rb
1490 1033 1728 1088 εἰσελθὸν
1753 1035 1932 1107 θυρῶν

349 1121 790 1191 κεκλεισμένων;
825 1123 989 1176 Ἀλλο
1020 1123 1173 1194 παρά
1192 1125 1254 1178 rb
1275 1125 1707 1197 ἐσταυρωμένον,
1739 1126 1772 1195 ἢ
1801 1126 1932 1180 αὐτὸ

347 1209 412 1263 rb
439 1209 890 1281 ὲσταυρωμένον;
923 1213 1150 1278 Πάντως
1165 1230 1267 1266 που
1289 1215 1350 1268 οὐ
1371 1215 1498 1287 δυνή
1508 1232 1599 1287 σῃ.
1639 1215 1929 1286 Ὠρίγενες,

353 1300 430 1370 μὴ
461 1299 792 1370 ὁμολογῆσαι
839 1301 974 1353 αὐτὸ
1017 1301 1079 1354 rb
1121 1303 1552 1375 ἐσταυρωμένον.
1600 1301 1840 1374 Ἐλέγχει
1872 1321 1930 1358 σε

314 1408 323 1416 ί
349 1389 462 1462 γάρ
481 1389 572 1443 διὰ
599 1390 702 1460 τῆς
725 1389 820 1443 τοῦ
850 1390 1024 1462 Θωμᾶ
1052 1393 1456 1465 ἀκριϐολογίας,
1490 1392 1730 1447 ἐπειπὼν
1760 1393 1928 1464 αὐτῷ·

347 1481 448 1550 Μὴ
475 1482 646 1551 γίνου
670 1479 948 1549 ἄπιστος,
975 1483 1138 1538 ἀλλὰ
1173 1486 1406 1552 πιστός.
1446 1485 1654 1550 Ἔδειξε
1692 1487 1801 1557 γὰρ
1837 1486 1933 1539 τύ-

349 1587 452 1635 πον
486 1570 652 1641 ἥλων,
689 1571 784 1624 καὶ
823 1571 993 1626 τύπον
1028 1571 1249 1644 λόγχης,
1287 1574 1380 1627 καὶ
1418 1573 1588 1638 αὐτὰς
1631 1575 1729 1636 τὰς
1769 1575 1933 1640 οὐλὰς

2033 396 2142 451 tale
2169 410 2406 466 corpus,
2441 396 2901 466 quemadmodum
2949 405 3003 451 et
3049 395 3310 450 Dominus
3353 405 3539 449 noster
3581 412 3607 448 a

2033 493 2210 543 morte
2259 489 2520 552 surrexit,
2563 504 2673 542 non
2719 495 2781 544 ut
2831 489 2976 542 aliud
3021 496 3308 541 revocaret
3348 485 3412 540 ad
3447 486 3608 538 vitam

2033 591 2256 646 corpus,
2306 577 2402 634 sed
2452 579 2588 633 illud
2639 581 2842 650 ipsum,
2891 577 3034 648 quod
3082 578 3130 632 ei
3187 577 3384 640 fuerat,
3435 591 3608 644 neque

2030 677 2230 736 praeter
2253 669 2430 738 ipsum
2469 670 2638 724 aliud.
2679 671 2784 726 Sed
2833 671 2907 724 ita
2937 677 3141 733 tamen,
3185 677 3244 721 ut
3275 666 3405 720 illud
3432 667 3608 735 ipsum
3669 689 3676 696 -

2033 757 2260 827 Spiritus
2321 761 2376 814 in
2429 761 2707 831 propriam
2768 760 3088 816 tenuitatem
3135 772 3198 812 ac
3255 757 3608 812 subtilitatem

2007 859 2396 914 -converteret,
2433 865 2498 904 ac
2547 851 2794 920 spiritale
2837 851 3062 904 omnino
3105 847 3384 902 conﬂarrt.
3429 846 3608 912 Quare

2031 945 2086 992 et
2131 939 2370 996 occlusis
2411 940 2596 1010 januis
2647 941 2930 1011 ingressus
2979 941 3108 994 est‘
3141 956 3156 1005 ;
3187 937 3332 1008 quod
3395 937 3450 990 in
3507 937 3607 990 hac

2033 1029 2252 1099 quidem
2283 1033 2395 1087 vita
2425 1033 2750 1104 corporibus
2790 1033 2994 1086 nostris
3025 1031 3342 1099 contingere
3369 1043 3476 1082 non
3508 1044 3606 1098 po-

2034 1129 2161 1187 test,
2193 1137 2257 1178 eo
2284 1125 2426 1192 quod
2461 1134 2721 1180 concreta
2759 1131 2886 1178 sunt
2914 1138 2978 1177 ac
3009 1137 3218 1183 crassa,
3250 1135 3352 1175 nec
3379 1121 3506 1175 dum
3551 1120 3605 1172 in

2033 1212 2335 1281 Spiritalem
2388 1213 2535 1267 illam
2585 1214 2901 1266 tenuitatem
2947 1209 3270 1264 coaluerint.
3322 1207 3606 1274 Quodnam

2034 1301 2202 1374 igitur
2239 1318 2441 1374 corpus
2487 1312 2595 1370 est,
2636 1303 2778 1373 quod
2814 1301 3018 1356 clausis
3041 1299 3228 1370 januis
3273 1308 3356 1354 est
3395 1299 3606 1370 ingres-

2035 1395 2200 1451 sum?
2239 1394 2474 1450 Aliudne
2503 1409 2666 1464 quam
2706 1393 2852 1464 quod
2897 1393 2950 1446 in
2999 1406 3163 1447 cruce
3214 1389 3463 1446 sumsum
3501 1398 3604 1453 est,

2035 1501 2105 1540 an
2145 1485 2280 1540 illud
2326 1486 2506 1556 ipsum
2549 1487 2605 1540 in
2651 1499 2872 1540 crucem
2925 1483 3244 1538 sublatum?
3271 1480 3609 1549 Quocunque

2034 1583 2089 1632 te
2126 1585 2328 1643 vertas,
2399 1575 2685 1648 Origenes,
2729 1591 2842 1630 non
2889 1584 3044 1645 potes
3096 1588 3205 1630 non
3241 1573 3373 1627 illud
3428 1571 3608 1641 ipsum

347 1662 562 1733 ἀφῆκεν
589 1662 682 1714 ἐπὶ
704 1661 798 1715 τοῦ
827 1661 1097 1734 σώματος,
1123 1663 1323 1734 καίπερ
1349 1663 1655 1726 συνενώσας
1682 1664 1742 1718 rb
1771 1664 1929 1736 σῶμα

2038 1682 2160 1722 esse
2191 1667 2464 1731 conﬁteri,
2495 1666 2642 1737 quod
2669 1666 2822 1722 cruci
2860 1673 2945 1722 est
2973 1664 3210 1720 atlixum.
3247 1662 3380 1718 Nam
3409 1663 3524 1733 ipse
3557 1671 3609 1716 te

348 1753 430 1814 el;
461 1751 593 1822 μίαν
620 1749 847 1820 ἑνότητα
882 1753 1280 1824 πνευματικήν.
1316 1753 1574 1806 Ἦδύνατο
1595 1749 1688 1807 οὖν
1715 1755 1810 1808 καὶ
1830 1754 1929 1818 τὰς

347 1841 514 1905 οὐλὰς
544 1841 863 1912 ἀπαλεῖψαι·
893 1841 1010 1896 ἀλλ’
1034 1843 1134 1896 οὐκ
1161 1843 1472 1913 ἀπαλείφει,
1509 1845 1596 1898 ἵνα
1621 1845 1812 1918 ἐλέγξῃ
1846 1846 1926 1910 σὲ,

347 1927 394 1986 ὦ
411 1932 660 2005 θεήλατε.
691 1933 832 2004 Ἀρα
849 1929 942 1988 οὖν
961 1929 1028 2004 ἦν
1046 1934 1107 1987 rb
1133 1934 1291 2006 σῶμα
1314 1934 1448 1988 τὸδὲν
1464 1933 1543 2005 τῷ
1566 1951 1672 2006 μνη
1681 1952 1745 2006 με
1755 1935 1816 2006 ίῳ
1835 1951 1932 1990 τα-

348 2025 450 2094 φὲν
480 2025 544 2078 rb
567 2027 888 2099 τριήμερον,
922 2029 1017 2084 καὶ
1048 2031 1144 2084 σὺν
1170 2029 1318 2101 αὐτῷ
1346 2031 1584 2086 ἀναστὰν
1615 2035 1672 2085 ἐν
1706 2035 1772 2104 τῇ
1801 2033 1932 2085 ἀνα-

351 2116 564 2171 στάσει.
613 2117 821 2182 Ἔδειξε
861 2119 971 2188 γὰρ
999 2121 1092 2174 καὶ
1125 2120 1283 2184 ὀστᾶ,
1315 2122 1410 2174 καὶ
1434 2121 1628 2192 δέρμα,
1669 2122 1765 2175 καὶ
1799 2123 1931 2193 σάρ-

350 2222 478 2270 κας,
499 2207 572 2270 ὡς
599 2205 841 2278 εἴρηκεν,
871 2209 952 2262 ὃτι
982 2209 1187 2275 Ἴδετε,
1219 2209 1308 2263 ὅτι
1340 2211 1575 2280 πνεῦμα
1605 2210 1802 2279 σάρκα
1827 2209 1928 2264 καὶ

353 2294 509 2350 ὀστᾶ
529 2298 639 2350 οὐκ
669 2296 818 2368 ἔχει,
851 2298 932 2364 ὡς
957 2296 1132 2366 ὁρᾶτέ
1165 2315 1243 2368 με
1274 2297 1511 2367 ἔχοντα.
1548 2299 1672 2362 Πῶς
1701 2295 1792 2354 οὖν
1819 2301 1930 2353 εἰσ-

349 2384 484 2454 ῆλθε
511 2384 692 2459 θυρῶν
722 2386 1146 2458 κεκλεισμένων,
1175 2387 1291 2442 ἀλλ’
1324 2389 1410 2442 ἵνα
1441 2387 1610 2459 δείξῃ,
1649 2389 1732 2442 ὅτι
1770 2388 1930 2460 σῶμα

352 2478 459 2550 μὲν
495 2480 631 2544 ἐστι,
672 2480 766 2534 καὶ¹
807 2479 868 2534 οὐ
900 2479 1118 2550 πνεῦμα
1159 2479 1221 2532 rb
1261 2480 1555 2552 ὁρώμενον,
1605 2479 1741 2534 ἀλλὰ
1773 2481 1930 2552 σῶμα

349 2570 750 2638 πνευματικόν;
795 2569 1039 2638 καίτοιγε
1086 2569 1184 2622 σὺν
1215 2569 1382 2640 ψυχῇ,
1417 2569 1511 2622 καὶ
1569 2567 1803 2640 θεότητι,
1827 2571 1931 2623 -καὶ

349 2657 448 2730 ὅλῃ
488 2663 556 2731 τῇ
598 2660 1010 2732 ὲνανθρωπήσει
1051 2660 1184 2731 αὑτρ
1223 2659 1304 2714 δν.
1363 2659 1526 2713 Ἀλλά
1569 2659 1931 2731 πνευματικὸν

349 2751 486 2804 αὐτὸ
511 2752 570 2804 rb
603 2753 731 2805 ποτὲ
763 2752 1078 2823 παχυμερὲς
1112 2751 1464 2822 λεπτομερὲς,
1498 2751 1631 2804 αὐτὸ
1651 2751 1712 2804 rb
1736 2753 1930 2804 ἐσταυ-

353 2841 635 2913 ρωμένον,
683 2843 778 2898 καὶ
831 2843 963 2896 αὐτὸ
1015 2843 1076 2895 τὸ
1132 2841 1541 2913 κεκρατημένον
1586 2843 1927 2913 ὰκράτητον,

351 2932 653 2987 συνενωθὲν
705 2935 798 2988 καὶ
851 2935 1158 3005 συγκραθὲν
1203 2936 1269 3005 τῇ
1321 2933 1555 3004 θεότητι,
1603 2936 1698 2987 καὶ
1749 2933 1932 2987 οὐκέτι

2036 1771 2134 1827 per
2155 1765 2463 1812 accuratam
2488 1756 2710 1813 Thomas
2730 1757 3138 1827 inquisitionem
3169 1755 3466 1824 redarguit,
3484 1768 3608 1807 cum

2033 1847 2086 1901 ei
2133 1846 2310 1902 dixit:
2360 1845 2492 1900 Noli
2548 1863 2660 1902 esse
2701 1847 3024 1913 incredulus,
3067 1847 3158 1900 sed
3203 1845 3375 1915 ﬁdelis
3396 1846 3438 1899 ’.
3469 1846 3607 1897 Tum

2035 1936 2182 1993 enim
2239 1937 2522 1992 clavorum
2571 1938 2800 2010 vestigia
2853 1937 3199 2004 monstravit_
3253 1951 3318 1990 ac
3371 1937 3608 2004 lanceae;

2037 2027 2282 2098 adeoque
2310 2029 2597 2084 cicatrices
2629 2029 2779 2101 ipsas
2808 2029 3026 2100 reliquit
3061 2029 3112 2083 in
3138 2042 3386 2098 corpore,
3417 2041 3612 2096 quam-

2038 2116 2119 2171 vis
2154 2116 2286 2170 illud
2316 2117 2614 2188 spiritalem
2658 2119 2714 2172 in
2758 2117 3016 2184 unitatem
3050 2115 3364 2172 conﬂasset.
3395 2115 3612 2167 Poterat

2037 2207 2256 2277 quidem
2284 2208 2573 2263 cicatrices
2601 2208 2750 2278 ipsas
2793 2207 3047 2272 abolere;
3079 2205 3176 2262 sed
3225 2204 3278 2259 id
3309 2214 3490 2259 tamen
3517 2217 3610 2256 no-

2035 2297 2158 2361 luit,
2197 2308 2307 2367 quo
2345 2305 2414 2364 te,
2462 2295 2688 2360 furiose,
2731 2297 3106 2350 convinceret.
3141 2293 3408 2361 Quocirca
3463 2291 3608 2346 idem
3661 2326 3676 2340 .

2039 2399 2154 2444 tum
2201 2402 2404 2458 corpus
2445 2397 2728 2444 ostensum
2759 2395 2864 2451 est,
2901 2385 3046 2457 quod
3087 2386 3143 2441 in
3187 2385 3398 2439 tumulo
3428 2381 3610 2436 triduo

2037 2479 2414 2549 consepultum
2449 2481 2646 2542 fuerat,
2689 2492 2755 2533 ac
2787 2495 2911 2532 cum
2953 2480 3075 2550 ipso
3119 2477 3174 2531 in
3207 2475 3611 2531 resurrectione

2038 2571 2381 2628 suscitatam.
2445 2569 2656 2640 Quippe
2714 2586 2864 2632 ossa,
2920 2571 3115 2639 pellem
3165 2579 3469 2636 carnesque
3512 2563 3612 2619 de-

2037 2661 2382 2724 monstravit,
2431 2667 2492 2715 ut
2521 2660 2658 2714 dixit
2689 2671 2706 2712 '.
2736 2659 2915 2714 Videte
2945 2661 3191 2730 quoniam
3227 2659 3446 2728 spiritus
3489 2671 3609 2709 car-

2039 2764 2155 2802 nem
2193 2758 2242 2803 et
2284 2766 2406 2804 ossa
2444 2765 2548 2802 non
2590 2747 2769 2812 habet,
2823 2748 2958 2802 sicut
3009 2763 3090 2801 me
3135 2746 3320 2800 videtis
3353 2743 3542 2798 habere
3565 2742 3608 2798 ³.

2039 2840 2324 2906 Quomodo
2369 2842 2535 2912 igitur
2582 2840 2992 2910 clausisjanuis
3026 2839 3213 2903 subiit,
3249 2837 3356 2892 nisi
3402 2846 3462 2891 ut
3489 2851 3613 2890 cor-

2041 2946 2143 3000 pus
2192 2946 2316 2986 esse
2345 2931 2490 3000 quod
2524 2931 2852 3000 aspicerent,
2880 2945 2988 2983 non
3037 2928 3287 2998 spiritum
3333 2925 3611 2997 probaret,

349 3018 633 3089 λυόμενον,
663 3020 888 3098 ἀλλἰείς
924 3022 1013 3073 ἀεὶ
1044 3021 1319 3090 διαμένον,
1341 3023 1536 3089 μηκέτι
1564 3021 1926 3091 ἀποθνῆσκον.

2038 3022 2133 3078 sed
2181 3022 2427 3092 spiritale
2461 3029 2641 3076 tamen
2679 3021 2925 3091 corpus?
2959 3021 3281 3090 Quanquam
3323 3029 3441 3074 erat
3480 3018 3612 3072 illud

362 3109 612 3178 Ἀνέστη
635 3111 744 3181 γὰρ
773 3111 1026 3180 Χριστὸς
1055 3113 1124 3165 ἐκ
1148 3111 1397 3180 νεκρῶν,
1421 3113 1664 3180 ἀπαρχὴ
1692 3111 1812 3166 τῶν
1833 3131 1930 3168 κε-

349 3200 744 3269 κοιμημεένων⁸
776 3199 979 3254 οὐκέτι
1013 3199 1404 3266 ἀποθνήσκει,
1445 3199 1700 3266 θάνατος
1743 3201 1929 3255 αὐτοῦ

349 3291 557 3344 οὐκέτι
590 3291 870 3360 κυριεύει.

2037 3127 2160 3167 cum
2191 3112 2373 3164 anima
2401 3119 2455 3166 et
2483 3111 2788 3175 divinitate,
2821 3120 3044 3180 totaque
3073 3111 3210 3164 adeo
3241 3110 3480 3163 hominis
3514 3123 3614 3162 na-

2037 3209 2160 3254 tura
2211 3200 2589 3270 conjunctum.
2638 3198 2746 3254 Sed
2799 3197 3046 3268 spiritale
3082 3203 3220 3260 erat,
3271 3203 3328 3248 ut
3366 3193 3516 3258 dixi;
3558 3200 3615 3248 et

2039 3291 2182 3362 quod
2218 3306 2466 3347 crassum
2500 3291 2630 3346 olim
2677 3297 2816 3356 erat,
2843 3289 3045 3344 subtile
3087 3286 3363 3343 redditum
3397 3303 3411 3340 :
3439 3285 3614 3355 quod-

349 3396 466 3450 que
506 3381 564 3433 in
595 3396 811 3436 crucem
851 3388 1032 3436 actum
1091 3391 1254 3452 atque
1311 3382 1475 3454 594
1501 3383 1799 3438 obnoxium
1847 3381 2048 3444 fuerat,
2110 3382 2316 3438 nullius
2372 3383 2608 3452 amplius
2649 3381 2906 3453 potestati
2966 3379 3300 3449 subjectum;
3332 3385 3494 3447 atque
3540 3376 3611 3427 ita

351 3489 484 3528 cum
517 3473 802 3531 divinitate
833 3475 1208 3547 conjunctum,
1246 3490 1312 3530 ac
1342 3477 1507 3530 veluti
1539 3483 1924 3544 temperatum,
1963 3484 2024 3529 ut
2077 3491 2186 3529 non
2235 3475 2470 3546 amplius
2533 3474 2760 3530 dissolvi
2788 3481 2993 3543 posset,
3032 3471 3128 3526 sed
3176 3470 3370 3524 mortis
3411 3481 3611 3536 expers

300 3583 309 3589 ‘
354 3569 414 3623 in
430 3569 820 3639 sempiternum
843 3577 1104 3626 maneret.
1145 3569 1384 3623 Surrexit
1417 3570 1556 3622 enim
1586 3567 1831 3624 Christus
1893 3583 1960 3622 ex
2015 3569 2262 3634 mortuis,
2298 3567 2552 3638 primitia:
2593 3565 3040 3632 dormientium‘;
3081 3579 3184 3617 non
3232 3561 3461 3630 amplius
3497 3575 3614 3612 mo-

353 3663 516 3725 ritur,
542 3680 683 3718 mors
707 3665 790 3718 illi
809 3665 952 3717 ultra
989 3680 1091 3717 non
1112 3663 1475 3718 dominabitur
1493 3666 1532 3714 '.

429 3755 546 3812 SE’.
583 3758 698 3810 ’Ίνα
725 3757 782 3810 δὲ
810 3757 953 3828 γνῷς
986 3757 1078 3810 καὶ
1103 3755 1282 3820 τοῦτο,
1305 3756 1370 3808 δι’
1397 3757 1461 3826 ἣν
1503 3754 1679 3808 αἰτίαν
1711 3754 1933 3825 ἀπαρχὴ

354 3848 466 3902 τῶν
500 3847 912 3918 κεκοιμημένων
942 3846 1158 3916 λέγεται
1187 3847 1216 3898 ὁ
1250 3845 1504 3916 Χριστὸς,
1539 3843 1784 3914 καίτοιγε
1833 3845 1933 3897 οὐκ

356 3938 524 3993 αὑτοῦ
548 3939 856 4012 ἀρξαμένου
882 3938 1223 3992 ἀνίστασθαι.
1255 3937 1368 4010 Πρὸ
1396 3937 1562 3991 αὑτοῦ
1582 3937 1692 4009 γὰρ
1714 3937 1934 4005 ἀνέστη-

358 4047 461 4082 σαν
491 4029 556 4083 δι’
593 4029 759 4084 αὑτοῦ
802 4029 1071 4102 Λάζαρος,
1117 4029 1207 4083 καὶ
1248 4031 1276 4083 ὁ
1315 4029 1430 4092 υἱὸς
1461 4029 1562 4098 τῆς
1588 4031 1795 4100 χήρας,
1837 4029 1932 4082 καὶ

357 4121 524 4176 ἄλλοι·
548 4123 641 4174 καὶ
663 4121 749 4176 διὰ
783 4121 959 4186 Ἠλία,
987 4121 1081 4174 καὶ
1104 4121 1192 4174 διὰ
1225 4119 1546 4176 Ἐλισσαίου.
1587 4119 1724 4172 Ἀλλ’
1743 4118 1931 4189 ἐπειδὴ

359 4217 558 4268 ἐκεῖνοι
602 4214 802 4278 πάντες
835 4213 1165 4278 ἀναστάντες
1213 4212 1376 4266 πάλιν
1407 4211 1752 4283 τεθνήκασιν,
1791 4209 1934 4264 οὕτω

2113 3748 2274 3804 LXV.
2314 3749 2491 3818 Atque
2515 3754 2573 3802 ut
2603 3745 2736 3801 illud
2780 3745 3074 3814 intelligas,
3100 3760 3263 3814 quam
3290 3747 3361 3800 ob
3386 3763 3610 3801 causam

2040 3841 2294 3913 primitiae
2323 3837 2712 3894 dormientium
2742 3833 3000 3892 Christus
3036 3835 3360 3904 appelletur,
3395 3839 3612 3893 tametsi

2038 3947 2149 3986 non
2178 3932 2225 3988 is
2253 3931 2464 4002 primus
2493 3928 2736 3984 omnium
2765 3927 3098 3992 surrexerit;
3123 3940 3247 3979 nam
3281 3934 3406 3981 ante
3435 3928 3612 3998 ipsum

2040 4023 2286 4078 Lazarus
2320 4037 2419 4092 per
2457 4036 2581 4075 eum
2631 4020 2903 4074 excitatus
2938 4017 3148 4082 fuerat,
3197 4032 3409 4072 necnon
3455 4030 3509 4073 et
3543 4021 3616 4072 vi-

2044 4115 2168 4168 dua:
2212 4113 2377 4176 titius,
2421 4121 2475 4168 et
2521 4111 2610 4165 alii
2651 4108 3076 4181 quidam;adde
3120 4117 3175 4164 et
3215 4111 3506 4164 nonnullos
3545 4112 3616 4166 ab

2045 4205 2163 4261 Elia
2227 4214 2390 4276 atque
2433 4203 2628 4258 Elisseo
2657 4203 2782 4257 vitae
2808 4202 3134 4266 restitutos;
3179 4210 3237 4255 ut
3278 4201 3410 4255 illud
3451 4202 3616 4272 igitur

357 4306 592 4376 Χριστὸς
637 4305 860 4378 ἀπαρχὴ
904 4305 1013 4361 τῶν
1060 4305 1498 4376 κεκοιμημένων·
1543 4303 1782 4366 ἀναστὰς
1826 4302 1932 4372 γὰρ

2043 4299 2343 4369 intelligas,
2399 4298 2480 4352 sic
2521 4295 2717 4350 habeto
2747 4313 2760 4349 :
2799 4294 2934 4348 Cum
2959 4308 3150 4349 omnes
3193 4294 3270 4347 illi
3301 4295 3394 4364 qui
3430 4311 3612 4349 resur-

356 4398 544 4452 οὐκέτι
573 4399 925 4471 ἀποθνήσκει,
967 4399 1042 4462 ὡς
1072 4400 1106 4470 ἡ
1152 4398 1420 4469 μέλλουσα
1463 4397 1758 4460 ἀνάστασις
1797 4390 1933 4448 εἶναι

357 4490 448 4544 διὰ
481 4491 578 4560 τῆς
621 4491 787 4544 αὐτοῦ
816 4490 962 4560 ζωῆς
1007 4491 1102 4544 καὶ
1142 4489 1571 4562 φιλανθρωπίας.
1605 4488 1667 4542 Εἰ
1696 4487 1754 4540 δέ
1793 4489 1939 4540 ἐστιν

358 4583 583 4654 ἀπαρχὴ
609 4582 719 4636 τῶν
743 4583 1178 4652 κεκοιμημένων,
1210 4581 1305 4634 καὶ
1325 4579 1532 4651 ἀνέστη
1555 4579 1675 4634 ὅλον
1694 4580 1756 4634 τὸ
1773 4579 1938 4632 αὑτοῦ

361 4675 522 4746 σῶμα
559 4676 654 4728 σὺν
691 4677 758 4746 τῇ
795 4674 1036 4745 θεότητι,
1075 4675 1108 4744 ἡ
1155 4671 1318 4726 αὐτοῦ
1367 4671 1780 4745 ὲνανθρὼπησις
1818 4673 1940 4726 ἀνα·

361 4769 556 4832 στᾶσα,
605 4767 697 4821 καὶ
733 4765 957 4837 μηδενὸς
994 4764 1054 4829 ἐξ
1089 4765 1262 4835 αὐτῆς
1301 4763 1775 4834 καταλειφθέντος,
1814 4763 1938 4817 οὕτε

361 4857 544 4928 σῶμα,
573 4856 698 4910 οὔτε
725 4856 912 4928 ἔτερόν
947 4873 1021 4909 τι.
1067 4857 1149 4909 Οὐ
1178 4854 1289 4924 γὰρ
1330 4855 1782 4924 ἐγκαταλείψεις
1826 4853 1942 4922 τὴν

360 4947 576 5018 ψυχήν
601 4965 720 5017 μου
747 4949 834 5012 εἰς
862 4945 1036 5012 ᾅδην,
1071 4943 1213 4997 οὐδὲ
1237 4942 1449 5009 δώσεις
1485 4943 1594 4998 τὸν
1620 4943 1794 4997 ὅσιόν
1822 4960 1939 4996 σου

361 5041 514 5095 ίὸεῖν
535 5035 883 5108 διαφθοράν.
916 5037 1032 5091 ’Καὶ
1063 5036 1125 5089 rb
1151 5035 1248 5106 μὲν
1284 5036 1410 5106 περὶ
1436 5035 1618 5105 ψυχῆς
1647 5037 1706 5089 ὲν
1736 5034 1814 5106 τῷ
1837 5033 1938 5107 ᾄδῃ

363 5131 620 5202 σημαίνει
641 5129 704 5182 rb
735 5128 810 5200 μὴ
835 5127 1272 5196 καταλελεῖφθαι·
1295 5126 1386 5179 τὸν
1405 5125 1461 5178 δὲ
1483 5127 1648 5193 ὅσιον,
1681 5127 1769 5180 ἶνα
1793 5125 1940 5198 δείξῃ

361 5223 424 5278 rb
451 5223 596 5276 ὅσιον
628 5221 811 5292 σῶμα,
841 5222 902 5274 rb
934 5219 1009 5292 μὴ
1037 5219 1281 5291 ἐωρακὸς
1306 5217 1622 5290 διαφθορὰν,
1657 5217 1794 5272 ἀλλά
1822 5219 1945 5272 ἀνα⁹

365 5315 500 5370 στὰν
549 5313 897 5386 ἀδιάφθορον,
942 5312 1004 5366 rb
1051 5312 1370 5383 τριήμερον,
1408 5311 1501 5364 καὶ
1553 5313 1617 5381 τῇ
1664 5310 1944 5382 ἀφθαρσίᾳ

369 5407 748 5480 συνηνωμένον
776 5408 854 5471 εἰς
883 5405 974 5460 τὸν
1004 5404 1193 5459 αἰῶνα.

2044 4378 2252 4445 rexisse
2289 4389 2552 4443 dicuntur
2586 4389 2785 4442 iterum
2826 4387 3025 4441 mortui
3058 4386 3188 4451 sint,
3230 4389 3425 4442 merito
3459 4387 3617 4440 Chri-

2039 4491 2184 4537 stum
2217 4480 2486 4550 primitias
2529 4479 2791 4549 appellari
2825 4478 3248 4545 dormientium;
3274 4483 3367 4548 qui
3408 4487 3616 4548 postca-

2037 4585 2200 4642 quam
2225 4569 2528 4624 resurrexit
2565 4583 2674 4622 non
2703 4569 2940 4638 amplius
2971 4567 3228 4632 moritur,
3264 4582 3384 4637 qua:
3413 4575 3499 4621 est
3528 4566 3612 4620 fu-

2038 4671 2161 4718 tura
2197 4661 2621 4718 resurrectionis
2669 4661 2833 4726 ratio,
2863 4677 3026 4731 quam
3075 4662 3224 4716 illius
3257 4660 3382 4715 vitae
3417 4668 3473 4714 et
3515 4660 3616 4714 hu-

2038 4755 2316 4811 manitatis
2357 4753 2626 4810 beneﬁcio
2668 4769 3088 4824 consequemur.
3135 4754 3270 4808 Cum
3319 4753 3500 4807 autem
3544 4755 3616 4807 sit

2038 4851 2131 4905 ille
2179 4849 2431 4920 primitiae
2473 4847 2888 4910 dormientium,
2924 4846 3196 4917 integrum
3245 4845 3366 4915 ejus
3411 4843 3613 4916 eoi-pus

2036 4959 2162 4998 cum
2212 4942 2517 5007 divinitate,
2579 4939 2683 4994 hoc
2726 4946 2811 4993 est
2853 4937 3120 5008 quidquid
3169 4935 3237 4990 ad
3280 4947 3614 5006 assumptam

2039 5033 2438 5090 humanitatem
2485 5031 2703 5095 attinet,
2750 5028 3072 5089 resurrexit,
3117 5027 3252 5081 nihil
3297 5035 3355 5080 ut
3393 5027 3616 5081 omnino

2039 5139 2104 5180 ex
2139 5139 2203 5180 ea
2239 5124 2487 5178 relictum
2529 5121 2621 5184 sit,
2654 5135 2760 5174 non
2792 5133 2993 5189 corpus
3029 5128 3120 5173 aut
3154 5117 3424 5187 ejusmodi
3455 5115 3614 5187 quid-

2040 5218 2190 5271 dam.
2234 5215 2356 5269 Non
2393 5217 2531 5269 enim
2573 5212 2899 5282 derelinques
2943 5211 3176 5265 animant
3215 5227 3384 5264 meam
3439 5211 3493 5262 in
3533 5210 3618 5261 iu-

2043 5309 2212 5376 fcruo,
2239 5323 2330 5360 nec
2358 5306 2512 5360 dabis
2537 5313 2780 5358 sanctum
2802 5315 2949 5357 tuum
2972 5303 3144 5357 videre
3161 5303 3546 5373 corruptionem
3569 5303 3612 5355 ⁸.

2047 5399 2148 5456 Ubi
2185 5399 2331 5470 qum]
2379 5400 2448 5456 de
2494 5399 2677 5453 anima
2718 5398 2771 5452 in
2819 5397 3040 5452 inferno
3081 5394 3304 5459 dicitur,
3347 5408 3454 5448 non
3491 5407 3620 5448 esse

443 5563 460 5598 ³
485 5559 765 5628 Joan.xx,
796 5563 864 5619 26
963 5566 984 5598 ⁸
1011 5564 1141 5620 ibid.
1178 5563 1263 5617 57.
1343 5563 1360 5594 ³
1392 5563 1522 5619 Luc.
1557 5577 1707 5632 χχιιι,
1745 5562 1830 5618 59.
1912 5563 1930 5595 ⁸

2038 5563 2142 5620 lor.
2181 5578 2267 5626 xv,
2303 5560 2394 5616 ‘20.
2475 5563 2493 5594 '
2531 5561 2686 5617 Rom.
2719 5577 2790 5626 vt,
2822 5559 2874 5614 9.
2953 5555 2974 5588 ⁸
2999 5555 3145 5612 Psal.
3172 5570 3256 5618 xv,
3290 5550 3373 5606 ιο.
