4038 6478
569 414 642 470 ιδ
1635 406 1724 463 DE
1759 401 2074 462 CIVITATE
2115 401 2250 472 DEI,
2291 405 2347 462 S.
2389 405 2750 464 AUGUSTINI
3763 423 3830 475 ιδ

573 525 744 582 fuerat
769 525 1122 590 interdictum,
1145 524 1286 596 quo’d
1303 517 1443 578 .alilri
1458 518 1581 588 jure
1602 518 1729 572 belli
1757 519 2011 583 licuisset,
2041 527 2146 572 tota

574 617 796 672 feriendi
835 617 1201 672 refrenabatur
1224 615 1530 669 immanitas
1552 650 1567 673 ,
1594 620 1646 663 et
1674 608 1968 675 captivaodi
1996 609 2147 676 cupi-

568 708 709 764 ditas
749 709 1102 779 frangebatur.
1144 707 1241 763 'Sic
1286 710 1575 762 evaserunt
1626 701 1819 762 multi,
1871 701 1959 771 qui
2011 715 2151 755 nunc

561 800 873 856 Christianis
918 799 1242 869 temporibus
1281 797 1596 860 detrahunt,
1638 800 1692 846 et
1737 792 1873 846 mala
1917 808 2034 859 quae
2061 791 2148 844 illa

556 893 757 948 civitas
785 891 1021 962 pertulit,
1047 891 1262 945 Christo
1287 889 1594 958 imputant-2
1641 883 1779 938 bona
1804 897 1931 936 vero
1953 897 2068 951 qua:
2095 881 2146 935 in

572 999 687 1048 eos,
712 994 770 1038 ut
797 984 1050 1048 viverent,
1083 991 1300 1052 propter
1327 979 1520 1034 Christi
1549 978 1811 1033 honorem
1840 974 1973 1027 facta
2002 981 2144 1038 sunt,

571 1091 676 1131 non
708 1075 989 1143 imputant
1031 1073 1244 1128 Christo
1290 1080 1508 1135 nostro,
1558 1064 1658 1123 sed
1707 1064 1812 1118 fato
1857 1078 1997 1118 suo:
2026 1077 2148 1116 cum

574 1167 748 1236 potius
774 1165 1050 1230 deberent,
1078 1163 1122 1218 si
1148 1161 1270 1232 quid
1301 1161 1429 1217 recti
1455 1153 1904 1229 saperent‘,>illa,
1935 1168 2053 1224 qua:
2079 1153 2147 1207 ab

571 1256 811 1312 hostibus
853 1271 1041 1326 aspera
1079 1263 1134 1309 et
1169 1254 1301 1309 dura
1349 1251 1583 1322 perpessi
1617 1253 1786 1312 sunt,
1827 1245 1901 1300 illi
1952 1243 2145 1298 divina:

571 1349 916 1420 providentiae
942 1349 1175 1402 tribuere
1195 1388 1210 1410 ,
1256 1361 1373 1416 qua:
1401 1345 1539 1400 solet
1565 1346 1847 1408 corruptos
1871 1337 2142 1391 hominum

567 1454 746 1495 mores
795 1439 948 1493 hellis
996 1436 1282 1492 emendare
1335 1445 1493 1504 atque
1543 1442 1856 1493 conterere;
1914 1427 2144 1497 itemque

567 1531 726 1584 vitam
772 1529 1071 1583 mortalium
1116 1528 1312 1597 justam
1366 1534 1529 1594 atque
1576 1518 1899 1577 laudabilem
1955 1517 2142 1571 talibus

568 1620 942 1674 afﬂictionibus
986 1632 1270 1680 exercere,
1316 1615 1697 1685 probatumque
1725 1608 1810 1662 vel
1842 1609 1893 1662 in
1923 1606 2140 1662 meliora

565 1715 894 1777 transferre,
925 1711 1009 1766 vel
1041 1712 1094 1766 in
1124 1710 1208 1765 his
1231 1709 1404 1764 adhuc
1429 1707 1586 1762 terris
1616 1714 1834 1775 propter
1859 1715 1984 1754 usus
2009 1700 2141 1755 alios

552 1805 808 1860 detinere
829 1821 842 1857 :
865 1803 990 1857 illud
1015 1817 1160 1867 vero,
1185 1800 1328 1871 quod
1353 1800 1431 1855 eis
1456 1797 1535 1851 vel
1564 1797 1902 1868 ubicumque,
1928 1801 2142 1861 propter

551 1895 767 1952 "Christi
806 1910 1020 1960 nomen,
1047 1894 1128 1948 vel
1161 1894 1214 1947 in
1252 1892 1382 1947 locis
1406 1889 1601 1946 Christi
1623 1887 1830 1942 nomini
1851 1883 2138 1939 dedicatis-

552 1987 752 2040 vsimis’
781 1994 833 2039 et
857 1982 1233 2053 amplissimis,
1279 1996 1342 2035 ac
1383 1982 1478 2051 pm
1507 1979 1733 2048 largiore
1775 1972 2137 2030 misericordia

554 2078 634 2132 :ad
659 2077 1010 2146 capacitatem
1037 2071 1387 2128 multitudinis
1424 2068 1628 2135 electis,
1661 2076 1852 2137 praeter
1876 2063 2136 2120 bellorum

555 2184 771 2222 rmorem
799 2166 1079 2221 truculenti
1112 2162 1330 2218 Barbari
1360 2170 1746 2232 pepercerunt,
1778 2157 1880 2213 hoc
1906 2154 2137 2210 tribuere

554 2259 893 2331 temporibus
920 2256 1256 2320 christianis;
1301 2254 1423 2308 hinc
1450 2252 1559 2307 Deo
1583 2250 1781 2321 gratias
1805 2263 1983 2319 agere,
2013 2245 2138 2301 hinc

561 2353 628 2410 ad
657 2354 770 2423 ejus
795 2366 986 2407 nomen
1018 2349 1278 2405 veraciter
1301 2360 1519 2402 currere
1540 2386 1556 2410 ,
1584 2352 1642 2398 ut
1666 2342 1920 2413 effugiant
1950 2355 2135 2410 pter-as

562 2447 698 2515 ignis
732 2444 947 2509 aeterni;
977 2443 1119 2513 quod
1161 2454 1354 2495 nomen
1397 2437 1546 2492 multi
1587 2449 1772 2490 eorum
1811 2431 2137 2488 mendaciter

561 2543 917 2604 usurparunt,
962 2542 1021 2587 ut
1067 2530 1363 2601 effugerent
1409 2541 1593 2598 poenas
1640 2523 1921 2594 praisentis
1963 2523 2132 2576 exitii.

558 2625 690 2681 Nam
732 2640 866 2694 quos
909 2623 1062 2678 vides
1107 2619 1407 2692 petulanter
1451 2628 1507 2674 et
1549 2616 1848 2687 procaciter
1880 2614 2134 2683 insultare

557 2717 728 2773 servis
751 2716 972 2782 Christi,
997 2724 1120 2768 sunt
1143 2714 1197 2768 in
1226 2714 1306 2768 eis
1335 2709 1548 2781 plurimi
1572 2709 1662 2779 qui
1688 2708 1832 2762 illum
1863 2706 2131 2760 interitum

553 2806 873 2876 clademque
902 2821 1007 2860 non
1035 2804 1347 2862 evasissent.
1375 2799 1473 2856 nisi
1500 2813 1684 2854 servos
1711 2796 1904 2851 Christi
1934 2811 1993 2852 se
2013 2811 2134 2851 esse

561 2897 859 2951 finxissent.
892 2893 960 2948 Et
988 2908 1126 2948 nunc
1153 2892 1354 2962 ingrata
1376 2887 1623 2958 superbia
1643 2895 1802 2956 atque
1821 2885 2130 2955 impiissima

560 2989 763 3045 insania
789 2989 902 3058 ejus
930 2985 1127 3041 nomini
1155 2983 1408 3038 resistunt
1430 2979 1590 3036 corde
1612 2993 1888 3050 perverso,
1908 2987 1966 3031 ut
1991 2992 2134 3032 sem-

557 3081 782 3152 piternis
813 3077 1052 3134 tenebris
1082 3076 1387 3145 puniantur,
1416 3073 1479 3127 ad
1509 3072 1649 3142 quod
1689 3086 1883 3126 nomen
1922 3085 2015 3124 ore
2047 3069 2129 3123 vel

557 3169 783 3226 subdolo
805 3167 1177 3237 confugerunt,
1206 3173 1266 3217 ut
1291 3162 1562 3232 temporali
1592 3163 1711 3216 luce
1737 3161 2056 3215 fruerentur.

553 3261 781 3320 CAPUT
811 3260 872 3316 ΙΙ.
890 3291 960 3300 —
977 3257 1124 3325 Quod
1152 3254 1294 3309 nulla
1321 3269 1539 3322 unquam
1565 3251 1697 3306 bella
1723 3251 1795 3304 ita
1815 3259 1952 3321 gesta
1979 3258 2128 3312 sum,

624 3365 683 3409 ut
715 3353 944 3415 victores,
971 3357 1175 3421 propter
1202 3346 1321 3400 deos
1346 3359 1518 3399 eorum
1541 3357 1663 3412 quos
1685 3343 1926 3407 vicerant,
1953 3355 2132 3410 parce-

605 3469 607 3471 ί
622 3453 732 3501 rent
754 3442 916 3499 uictis.

624 3536 730 3590 Tot
752 3534 892 3589 bella
915 3540 1060 3602 gesta
1091 3526 1385 3598 conscripta
1414 3533 1535 3579 sunt
1553 3565 1568 3589 ,
1602 3523 1686 3578 vel
1711 3530 1834 3576 ante
1861 3521 2125 3576 conditam

539 3631 786 3686 ‘1iomam
811 3668 828 3695 ,
874 3625 963 3682 vel
1001 3622 1070 3679 ab
1112 3622 1227 3692 ejus
1271 3629 1456 3676 exortu
1483 3628 1534 3674 et
1562 3618 1785 3688 imperio
1810 3617 2047 3687 :legant,
2075 3624 2130 3670 et

557 3721 829 3793 proferant
867 3717 946 3773 sic
982 3716 1050 3770 ab
1077 3713 1385 3783 alienigenis
1413 3711 1641 3780 aliquam
1667 3718 1872 3779 captam
1903 3724 2020 3763 esse
2048 3709 2128 3762 ei-

538 3813 797 3872 »vitatem,
826 3817 882 3862 ut
903 3806 1082 3860 hostes
1106 3805 1194 3875 qui
1222 3813 1506 3872 ceperant,
1539 3811 1812 3872 parcerent
1856 3801 1955 3865 eis,
1995 3814 2129 3870 quos

543 3902 628 3957 .ad
659 3902 877 3955 deorum
920 3911 1136 3953 suorum
1165 3895 1359 3963 templa
1395 3891 1693 3961 confugisse
1717 3901 2084 3958 compererant
2110 3905 2124 3949 ;

539 4001 650 4048 :aut
691 3992 916 4060 aliquem
959 3987 1146 4043 ‘ducem
1192 3983 1544 4039 Barbarorum
1586 3981 1900 4051 pnccepisse
1939 3980 2040 4049 (α),
2074 3989 2127 4034 ιιι

549 4084 767 4152 irrupto
795 4076 1208 4148 oppidonttllus
1254 4073 1536 4137 feriretur,
1585 4071 1670 4141 qui
1716 4073 1768 4124 in
1817 4071 1907 4124 illo
1931 4071 2010 4123 vel
2040 4071 2129 4123 illo

557 4167 1254 4244 templo'fuisset-invcntus.
1281 4162 1467 4218 Nonne
1487 4161 1617 4216 vidit
1639 4161 1838 4216 jEneas
1861 4160 2129 4216 Priamum

655 4346 895 4408 δεηειιίηφ
917 4340 1176 4408 ferientem
1193 4351 1318 4408 (P195.
1327 4339 1442 4408 5.939
1457 4287 1729 4408 52:33:???
1753 4339 1894 4408 ἓξὲξ),θὲ
1909 4336 1936 4385 Ῡ

869 4401 1066 4467 (Virgil.
1095 4398 1282 4454 lEneid.
1302 4398 1383 4450 iiii.
1408 4399 1456 4459 2,
1480 4413 1601 4450 vers.
1626 4398 1886 4460 50!,502.)

557 4513 750 4569 Nonne
778 4507 1060 4564 Diomedes
1078 4515 1132 4562 et
1155 4505 1390 4576 Ulysses,

959 4619 1097 4668 (δέρεις
1115 4627 1311 4667 summte
1333 4616 1608 4665 custodibus
1621 4599 1759 4671 arcis,

654 4684 940 4745 Corripuere
961 4693 1142 4745 sacram
1171 4679 1402 4745 elligiem,
1426 4679 1739 4745 manibusque
1760 4677 1980 4726 cruentis

657 4739 910 4808 virgineas
930 4743 1033 4791 ausi
1054 4742 1178 4791 divae
1200 4739 1486 4801 contingere
1508 4739 1654 4787 vittas

559 4850 678 4908 Nec
709 4857 886 4904 tamen
912 4845 1054 4917 quod
1078 4844 1315 4915 sequitur
1339 4856 1522 4896 verum
1550 4850 1632 4896 est
1661 4858 1676 4897 :

659 4967 726 5010 Ex
748 4958 834 5009 illo
857 4959 1031 5016 ﬂuere,
1055 4968 1112 5004 ac
1130 4962 1266 5004 retro
1286 4951 1714 5016 sublapsareferri

662 5030 784 5085 Spes
813 5013 1037 5070 Danaum.
1066 5015 1210 5079 (Ibid.
1228 5028 1352 5066 vers.
1372 5013 1613 5076 i66-t70).

631 5169 653 5196 ι
677 5163 813 5221 editi,
827 5159 1012 5268 aiatgtid
1033 5164 1163 5210 recte
1184 5161 1422 5268 saperent.
1441 5164 1497 5207 Αι
1517 5162 1643 5215 uss,
1669 5155 1810 5224 recti.
1865 5214 1876 5224 ο
1930 5213 1942 5223 ,

633 5227 659 5257 ί
682 5223 825 5268 Codd.
841 5225 871 5268 ’7
940 5257 955 5268 .
980 5221 1118 5268 auso.
1139 5220 1230 5268 sua
1263 5253 1278 5268 .
1301 5218 1439 5268 2052.
1459 5218 1637 5268 ferunt.
1660 5216 1942 5266 circumstant

633 5227 659 5257 ί
682 5216 825 5273 Codd.
841 5216 955 5281 763,
979 5221 1118 5279 ωδο,
1139 5216 1278 5276 mf“,
1301 5218 1439 5278 2052,
1459 5218 1637 5281 ferunt,
1660 5216 1994 5281 dicqlissimis.
2047 5222 2101 5263 Iit.

629 5286 709 5348 (a)
734 5276 1047 5348 angustiam
1075 5276 1664 5348 praeterierunt'nonnulla
1684 5277 1827 5348 hujus
1856 5277 1930 5348 rei
1963 5276 2138 5347 litteris

629 5337 831 5406 ἐνόεε,βῖ
835 5344 997 5406 latinis
1017 5337 1293 5406 consignata
1313 5338 1555 5406 exempla.
1591 5347 1707 5406 Nam
1725 5337 1878 5387 refert
1898 5340 2136 5406 airrianus,

589 5399 653 5457 ib.
679 5407 710 5454 (ὲ
730 5405 794 5454 de
819 5405 979 5466 Rebus
1015 5399 1178 5466 gestis"
1196 5399 1609 5466 Alexandritcap.
1634 5399 1716 5466 24)
1738 5406 1876 5466 apta
1906 5405 2044 5461 Tyro,
2079 5401 2140 5448 iis

549 5469 652 5531 ..qui
677 5469 723 5516 in
748 5463 997 5531 templum_
1017 5460 1233 5531 iterculis
1255 5460 1588 5531 confugerant,
1612 5460 2140 5531 Alexandrum.'peper‘-

748 5535 816 5576 De
839 5521 1062 5588 Agesilao
1094 5527 1238 5574 etiam
1276 5521 1556 5588 Xenophon
1575 5523 1624 5569 in
1643 5521 1880 5588 _Agesi_lao
1912 5522 1941 5588 _(
1957 5521 2137 5588 sane)

544 5598 637 5640 ..δι’
647 5587 730 5638 lib.
756 5589 788 5634 4
806 5583 1054 5638 ᾶεῖιριιιιε
1074 5583 1492 5646 ϐιωθοτυιιιωὲῃτ
1515 5583 1586 5642 3),
1611 5583 1886 5646 Plutarchus
1903 5584 2027 5646 (cap.
2058 5583 2136 5646 19)

547 5659 624 5706 et
667 5649 861 5698 Emilius
890 5649 1074 5697 Probus
1101 5648 1150 5695 in
1202 5645 1422 5707 Agesilao
1475 5644 1602 5704 (cap.
1633 5644 1698 5707 .4)
1717 5652 1925 5707 narrant
1963 5644 2136 5705 ipsum,

570 5711 947 5760 Atheniensrbus
970 5715 1022 5758 et
1044 5705 1524 5765 Bmotiis'eorumque
1547 5706 1690 5753 sociis
1713 5705 1760 5752 in
1799 5717 1957 5765 pugna
1978 5707 2036 5752 ad
2057 5712 2140 5753 Co-

569 5785 770 5822 roneam
792 5770 1014 5830 dev1ctis,
1041 5769 1252 5819 noluisse
1273 5779 1358 5816 eos
1375 5765 1479 5816 la‘di
1497 5768 1580 5828 qui
1601 5768 1646 5815 in
1665 5766 1887 5815 Minerva:
1908 5766 2140 5828 templum

545 5846 631 5884 de
655 5838 963 5896 receperant.

2262 515 2444 604 l‘ostea
2488 517 2683 588 quippe
2731 529 2991 587 vicerunt,
3035 533 3217 593 postea
3266 525 3476 598 Trojam
3507 529 3652 586 ferro
3692 534 3828 604 ignis

2260 603 2462 675 husqne
2512 608 2860 676 deleverunt,
2909 624 3088 680 postea
3141 615 3534 686 confugientem
3587 625 3656 678 ad
3703 603 3826 680 aras

2258 695 2522 786 l‘riamum
2548 699 3013 757 obtruncaverunt.
3039 704 3146 760 Nec
3171 706 3289 760 ideo
3313 709 3471 780 Troja
3502 715 3676 781 periit,
3703 720 3829 786 quia

2257 785 2540 842 Minervam
2595 790 2840 858 perdidit.
2879 793 3017 858 Quid
3053 795 3194 849 enim
3244 798 3388 865 prius
3435 801 3546 870 ipsa
3592 785 3828 862 Minerva

2257 877 2576 944 perdiderat,
2608 889 2665 934 ut
2709 883 2948 950 periret?
2995 901 3060 938 an
3087 886 3219 940 forte
3245 891 3493 947 custodes
3517 897 3686 950 suos?
3716 898 3826 954 lloc

2254 982 2378 1022 sane
2396 984 2574 1023 verum
2592 980 2672 1025 est
2690 988 2704 1024 :
2729 973 2830 1028 illis
2845 975 3040 1045 quippe
3056 975 3384 1049 interemptis
3418 983 3588 1052 potuit
3603 987 3823 1044 auferri.

2253 1058 2432 1129 Neque
2467 1063 2607 1116 enim
2665 1063 2911 1120 homines.
2938 1083 2969 1122 a
3008 1069 3291 1126 simulacro
3315 1113 3332 1139 ,
3358 1074 3451 1128 sed
3479 1076 3825 1136 simulacrum

2241 1152 2321 1208 .ab
2344 1153 2646 1211 hominibus
2669 1158 2996 1214 servabatur.
3044 1160 3323 1227 Quomodo
3375 1181 3501 1236 ergo
3527 1169 3821 1236 colebatur,

2252 1253 2306 1297 ot
2337 1245 2556 1314 patriam
2587 1247 2874 1303 custodiret
2897 1260 2951 1304 et
2981 1251 3126 1307 cives
3152 1293 3167 1318 ,
3197 1267 3316 1322 qua:
3340 1268 3468 1312 suos
3516 1272 3623 1314 non
3652 1261 3821 1317 valuit

2249 1335 2517 1390 custodire
2536 1338 2787 1392 custodes
2807 1340 2835 1394 ?

2248 1442 2473 1500 CAPUT
2511 1445 2597 1501 Ill.
2625 1478 2698 1489 —
2719 1449 2882 1516 Quam
2906 1452 3247 1522 imprudenter
3265 1455 3485 1513 Romani
3512 1460 3629 1516 deos
3655 1480 3817 1533 pana.

2317 1545 2409 1601 tes,
2439 1539 2526 1607 qui
2556 1538 2761 1609 Trajan:
2789 1545 3039 1599 custodire
3062 1563 3164 1600 non
3199 1559 3468 1619 potuerant
3490 1593 3504 1616 ,
3534 1554 3627 1607 sibi
3652 1555 3818 1609 credi-

2316 1626 2498 1681 derunt
2526 1631 2838 1698 profuturos.

2316 1738 2458 1793 Ecce
2484 1741 2726 1810 qualibus
2771 1744 2871 1798 diis
2906 1744 3102 1801 Urbem
3143 1748 3365 1805 Romani
3404 1755 3712 1810 servandam
3753 1774 3819 1812 se

2241 1830 2642 1886 commendasse
2673 1835 2688 1863 ¹
2730 1834 3044 1903 gaudebant.
3093 1837 3137 1892 Θ
3188 1841 3408 1896 nimium
3458 1845 3816 1901 miserabilem

2244 1922 2520 1976 errorem!
2570 1922 2638 1978 Et
2667 1925 2820 1979 nobis
2861 1939 3208 1994 succensent,
3249 1945 3370 1986 cum
3396 1932 3463 1987 de
3487 1935 3588 1989 diis
3625 1951 3818 1992 eorum

2246 2011 2364 2065 talia
2391 2013 2636 2076 dicimus.
2673 2032 2772 2072 nec
2812 2030 3127 2076 succensent
3161 2025 3465 2080 auctoribus
3505 2029 3634 2092 suis,
3676 2046 3816 2098 quos

2243 2114 2302 2156 ut
2321 2105 2638 2170 ediscerent,
2667 2109 2962 2164 mercedem
2990 2112 3281 2179 dederunt;
3307 2115 3650 2189 doctoresque
3666 2120 3816 2188 ipsiis

2244 2195 2460 2266 insuper
2485 2208 2540 2252 et
2580 2199 2773 2253 salario
2825 2202 3036 2270 publico
3060 2213 3114 2257 et
3157 2205 3446 2261 honoribus
3474 2209 3812 2278 dignissimos

2242 2287 2557 2344 habuerunt.
2588 2289 2787 2360 Nempe
2809 2293 2944 2360 apud
2976 2293 3249 2364 Virgilium
3273 2337 3291 2361 ,
3337 2313 3493 2366 quem
3532 2309 3813 2369 propterea

2243 2380 2442 2447 parvuli
2475 2380 2671 2450 legunt,
2700 2391 2750 2432 ut
2785 2383 3024 2438 videlicet
3052 2395 3204 2454 poeta
3230 2402 3450 2456 magnus
3470 2391 3812 2459 omniumque

2241 2471 2677 2540 prmciarissimus
2719 2484 2876 2542 atque
2916 2476 3148 2544 Optimus
3195 2479 3393 2531 teneris
3426 2480 3657 2535 ehihitus
3685 2484 3808 2535 ani-

2240 2564 2340 2616 mis
2367 2565 2386 2595 ¹
2421 2581 2522 2616 non
2555 2563 2708 2620 facile
2729 2567 2994 2622 oblivione
3033 2569 3197 2636 possit
3242 2569 3484 2639 aboleri;
3513 2574 3808 2629 secundum

2238 2653 2362 2707 illud
2396 2655 2613 2717 Horatii,

2328 2765 2608 2878 ςέἓξέιξιιιίιρι
2633 2775 2710 2818 est
2728 2769 2909 2819 imbuta
2931 2782 3109 2820 recens
3125 2773 3339 2822 servabit
3361 2773 3562 2824 odorem

2411 2842 2421 2852 ν
2526 2844 2536 2877 I
2595 2843 2610 2878 :

2367 2843 2472 2878 esui
2490 2843 2573 2878 (nu
2595 2843 2610 2878 :

2573 2890 2762 2954 (Epistt.
2790 2891 2875 2942 lib.
2899 2894 2945 2952 l,
2969 2901 3056 2956 Ep.
3090 2893 3283 2954 2,eers.
3313 2895 3394 2956 69,
3429 2897 3532 2958 70.)

2236 2991 2372 3062 apud
2404 2992 2546 3048 hunc
2567 3009 2694 3064 ergo
2715 2995 2988 3066 Virgilium
3014 3013 3204 3067 nempe
3224 2998 3362 3054 Juno
3382 3000 3644 3056 inducitur
3669 3001 3806 3056 infe-

2236 3093 2316 3135 sta
2346 3083 2611 3152 Troianis,
2641 3083 2799 3140 onlo
2827 3097 3106 3141 ventorum
3144 3090 3252 3160 regi
3277 3090 3532 3146 adversus
3555 3106 3649 3147 eos
3675 3093 3800 3146 irri-

2237 3174 2396 3230 tando
2419 3176 2596 3232 dicere
2619 3195 2635 3231 :

2327 3294 2453 3354 Ceus
2476 3289 2662 3354 inimica
2685 3289 2800 3339 mihi
2821 3291 3120 3354 Tyrrhenum
3141 3292 3331 3353 navigat
3354 3304 3537 3354 :eqnor,
3621 3331 3623 3334 ‹

2328 3347 2463 3397 Ilium
2486 3351 2534 3398 iu
2559 3349 2736 3399 italiam
2763 3347 2972 3414 portans,
2999 3347 3484 3414 viewsque'penates.

2620 3411 2839 3472 (amid.
2861 3411 2941 3462 lib.
2962 3411 3018 3472 ⁷1,
3050 3411 3179 3463 versi
3198 3411 3284 3472 7t,
3302 3414 3404 3475 72.)

2235 3512 2378 3568 Itane
2409 3513 2522 3568 istis
2548 3515 2824 3582 penatibus
2869 3515 3023 3570 victis
3071 3516 3310 3582 Romam,
3360 3531 3426 3571 ne
3477 3517 3805 3583 vinceretur,

2239 3606 2530 3674 prudentes
2573 3605 2949 3660 commendare
2989 3605 3447 3660 debuerunt?Scd
3498 3606 3610 3661 lure
3659 3607 3809 3661 Juno

2233 3697 2476 3760 dicebat,
2508 3699 2652 3754 velut
2701 3699 2828 3752 irata
2873 3700 3079 3763 mulier,
3133 3699 3256 3767 quid
3301 3699 3599 3766 loqueretur
3648 3700 3803 3769 igno-

2235 3803 2379 3841 rans.
2408 3790 2542 3856 Qnid
2571 3789 2764 3843 (Encas
2798 3790 2910 3858 ipse
2940 3790 3055 3858 pius
3084 3791 3238 3844 toties
3262 3791 3550 3860 appellatus
3573 3791 3596 3843 ?
3621 3807 3807 3846 nonne

2233 3888 2302 3930 lla
2331 3889 2508 3931 narrat
2537 3898 2551 3932 ε

2335 3989 2543 4038 Panthus
2563 3987 2843 4051 Othryades,
2868 3989 2991 4051 arcis
3007 3988 3265 4050 Phoebique
3287 3989 3510 4038 sacerdos
3523 4027 3538 4044 .

2324 4058 2468 4124 sacra
2484 4063 2644 4124 manu,
2672 4049 2918 4110 victosque
2936 4049 3072 4108 deos,
3099 4049 3393 4124 parvumque
3417 4059 3648 4124 nepotem

2326 4119 2433 4174 Ipse
2457 4111 2617 4170 trahit,
2643 4109 2885 4174 cursuque
2913 4122 3080 4174 amens
3100 4109 3160 4158 ad
3183 4109 3342 4174 limina
3365 4109 3555 4174 tendit?

2674 4169 2880 4232 (inciti.
2908 4169 2988 4220 lib.
3013 4171 3063 4233 2,
3079 4184 3198 4221 vers.
3221 4172 3462 4234 519-521.)

2236 4277 2421 4332 Nonne
2442 4275 2572 4329 deos
2598 4276 2761 4345 ipsos,
2789 4290 2922 4344 quos
2943 4275 3110 4330 victos
3127 4290 3231 4328 non
3249 4274 3451 4329 dubitat
3472 4275 3668 4342 dicere,
3697 4277 3803 4331 sibi

2238 4370 2412 4437 potius
2456 4381 2614 4436 quam
2652 4380 2711 4421 se
2737 4365 2840 4420 illis
2872 4364 3112 4436 perhibet
3135 4366 3532 4422 commendatos
3553 4407 3572 4433 ,
3600 4382 3721 4422 eum
3745 4369 3800 4423 ei

2233 4458 2332 4513 dici
2341 4467 2443 4521 tur,

2329 4578 2466 4620 sacra
2493 4582 2704 4632 suosque
2728 4569 2814 4618 tibi
2845 4568 3305 4632 commendatftfroja
3324 4570 3569 4632 penates?

3062 4628 3212 4690 (Ibid.
3238 4628 3360 4679 uera.
3379 4629 3511 4693 295.)

2235 4740 2291 4795 Si
2335 4739 2495 4810 igitur
2542 4738 2788 4808 Virgilius
2810 4736 2940 4792 tales
2969 4737 3099 4792 deos
3137 4746 3191 4792 et
3234 4739 3402 4793 victos
3437 4739 3602 4805 dicit,
3631 4751 3705 4806 et,
3745 4750 3804 4796 ut

2236 4833 2320 4887 vel
2349 4831 2469 4886 victi
2499 4843 2711 4900 quoquo
2750 4828 2908 4882 modo
2935 4827 3253 4893 evaderent,
3287 4829 3485 4884 homini
3523 4846 3802 4886 commen-

2237 4922 2422 4985 datos;
2467 4937 2585 4990 quze
2623 4919 2886 4974 dementia
2926 4928 3008 4974 est
3053 4920 3356 4974 existimare
3406 4919 3488 4974 his
3541 4921 3804 4978 tutoribus

2239 5012 2460 5065 Romam
2481 5009 2748 5079 sapienter
2773 5009 2934 5064 fuisse
2959 5009 3318 5075 commissam,
3342 5017 3396 5063 ct
3415 5011 3516 5064 nisi
3544 5025 3639 5067 eos
3665 5014 3804 5068 ami-

2237 5102 2416 5167 sisset,
2458 5116 2561 5154 non
2609 5099 2846 5168 potuisse
2887 5099 3123 5153 vastari?
3162 5098 3271 5154 lnio
3307 5114 3434 5154 vero
3463 5101 3629 5156 victos
3673 5101 3806 5156 deos

2239 5201 2484 5264 tanquam
2515 5190 2768 5262 praesides
2783 5205 2846 5244 ac
2865 5189 3175 5245 defensores
3196 5190 3392 5257 colere,
3415 5192 3538 5264 quid
3559 5203 3641 5248 est
3661 5195 3803 5248 aliud

2239 5302 2395 5358 quam
2423 5295 2604 5340 tenere
2632 5297 2736 5336 non
2785 5281 3000 5335 numina
3049 5280 3209 5346 bona,
3257 5282 3351 5337 sed
3381 5284 3557 5337 omina
3586 5284 3722 5338 mala
3742 5285 3762 5316 ³
3782 5288 3810 5339 ?

2304 5460 2321 5490 ³
2339 5458 2507 5507 Plures
2528 5456 2853 5516 manuscripti,
2890 5467 2940 5505 se
2958 5454 3262 5506 comnisissc.
3286 5479 3349 5490 —
3369 5454 3482 5502 Huic
3505 5451 3696 5504 lectioni
3722 5456 3806 5504 ad-

2241 5522 2317 5580 stii
2336 5520 2493 5567 ulatur
2515 5531 2562 5565 ιι.
2585 5518 2693 5580 Ἱϐβ.
2739 5523 2815 5580 ιι.

2305 5575 2327 5612 δ
2349 5587 2398 5630 tn
2421 5587 2488 5637 8.,
2511 5578 2681 5627 teneris
2703 5577 2904 5627 ebibitus
2925 5576 3081 5627 annis.
3105 5578 3323 5626 Sauiores
3339 5575 3488 5624 nostri
3504 5581 3611 5624 atss.
3637 5588 3811 5625 omnes

2241 5643 2440 5697 habent,
2464 5639 2649 5688 quintis.
2717 5645 2771 5687 at.

2309 5705 2330 5734 ³
2351 5694 2489 5758 Editi,
2512 5699 2596 5748 sed
2629 5697 2867 5749 daemonia
2897 5698 3043 5748 inata.
3082 5704 3136 5746 At
3171 5694 3403 5758 melioris»
3423 5701 3547 5744 nota:
3569 5703 3698 5752 Mss,
3723 5699 3808 5748 sed

2243 5762 2413 5829 omina_
2424 5755 2649 5829 m_o_ta,_id
2674 5768 2751 5809 est
2767 5761 3000 5829 praesagia
3023 5758 3196 5829 excidii
3217 5764 3268 5808 ct
3305 5755 3453 5806 cladis
3486 5765 3724 5808 venturae.
3749 5783 3805 5798 -

2248 5826 2362 5876 Cod.
2385 5823 2480 5874 766
2502 5821 2640 5884 legit,
2662 5819 2851 5872 nomina
2871 5819 3013 5869 mala.
3110 5825 3165 5867 it.
