4038 6498
209 351 266 407 l1
1267 431 1276 438 _
1588 356 1804 414 ’LIBER
1845 357 2112 416 PRIMUS.
3437 377 3548 426 ts-

216 467 412 532 Quanto
455 463 608 519 enim
657 467 958 538 sapientius
1005 469 1270 534 creditur,
1315 484 1421 524 non
1467 469 1688 524 Romam
1734 470 1800 526 ad

223 557 362 612 istam
385 554 598 610 cladem
627 573 738 612 non
761 559 926 614 fuisse
955 570 1252 625 venturam,
1277 559 1376 614 nisi
1407 561 1553 630 prius
1583 562 1656 614 illi
1687 577 1808 630 per-

225 649 411 712 issent;
457 647 558 702 sed
595 649 720 703 illos
767 651 944 718 potius
986 651 1110 705 olim
1153 649 1319 706 fuisse
1363 652 1646 720 perituros,
1705 653 1804 706 nisi

223 757 340 806 eos,
365 751 630 811 quantum
657 743 954 812 potuisset,
989 743 1154 799 Roma
1188 745 1495 799 servasset?
1535 743 1665 798 Nam
1687 745 1806 814 quis

225 849 364 898 non,
403 847 531 888 cum
583 832 912 899 adverterit,
952 834 1162 899 videat,
1213 844 1408 905 quanta
1453 835 1524 888 sit
1575 834 1806 888 vanitate

221 931 602 993 prtesumptum
626 965 644 990 ,
679 935 786 978 nun
836 939 994 994 posse
1019 923 1156 978 vinci
1200 924 1302 979 sub
1329 921 1698 979 defensoribus
1731 923 1808 977 vi-

221 1015 336 1080 ctis,
362 1023 420 1070 et
471 1013 595 1070 ideo
632 1015 836 1084 perisse
863 1057 880 1082 ,
928 1015 1050 1086 quia
1089 1015 1337 1070 custodes
1376 1014 1604 1084 perdidit
1637 1013 1801 1080 deos;

221 1121 336 1159 cum
365 1105 454 1160 vel
485 1105 602 1160 sola
627 1105 860 1174 potuerit
881 1119 1002 1161 esse
1038 1119 1198 1160 causa
1228 1103 1518 1174 pereundi,
1550 1103 1798 1158 custodes
1851 1103 1856 1106 ’

225 1196 418 1251 habere
443 1195 681 1251 voluisse
727 1196 1034 1266 perituros?
1063 1193 1178 1250 Non
1205 1195 1382 1265 itaque
1404 1236 1418 1258 ,
1450 1209 1572 1249 cum
1609 1192 1676 1248 de
1705 1192 1806 1246 diis

224 1289 372 1343 victis
397 1288 491 1342 illa
516 1287 984 1343 conscriberentur
1007 1295 1166 1355 atque
1194 1295 1532 1348 canerentur,
1579 1294 1762 1353 poetas
1785 1283 1802 1314 ⁸

223 1379 416 1434 libebat
447 1377 686 1440 mentiri,
717 1377 813 1431 sed
840 1377 1088 1432 cordatus
1117 1375 1364 1430 homines
1407 1373 1632 1445 cogebat
1659 1373 1803 1428 veri-

223 1479 296 1524 tas
315 1467 588 1524 conﬁteri.
614 1467 812 1523 Verum
835 1467 934 1522 ista
950 1469 1296 1537 opportunius
1315 1465 1420 1519 alio
1440 1464 1557 1518 loco
1583 1463 1806 1533 diligen-

221 1569 296 1612 ter
316 1558 646 1628 copioseque
659 1556 933 1612 tractanda
961 1565 1116 1611 sunt:
1149 1570 1288 1610 nuiie
1303 1554 1442 1624 quod
1475 1555 1802 1608 institueram

220 1649 281 1704 tle
303 1650 533 1721 ingratis
571 1648 880 1704 hominibus
909 1649 1106 1716 dicere,
1147 1663 1434 1719 parumper
1473 1646 1799 1716 exilliccm',

220 1751 274 1796 ut
309 1756 538 1813 possum
563 1759 578 1795 :
601 1741 692 1812 qui
737 1755 800 1796 ea
839 1741 994 1806 mala,
1031 1756 1152 1812 qua:
1191 1756 1288 1810 pro
1331 1755 1546 1795 suorum
1597 1754 1802 1793 morum

219 1833 570 1902 perversitate
596 1833 787 1888 merito
809 1834 1078 1902 patiuntur
1098 1874 1113 1898 ,
1143 1832 1567 1902 blasphemantes
1593 1831 1804 1888 Christo

219 1925 518 1994 imputant;
563 1923 708 1994 quod
749 1931 926 1979 autem
967 1923 1074 1978 illis
1117 1923 1276 1978 etiam
1331 1923 1522 1978 talibus
1588 1931 1804 1992 propter

217 2015 482 2072 Christum
508 2017 768 2087 parcitur,
813 2031 911 2072 nec
948 2016 1234 2086 dignantur
1281 2015 1580 2080 attendere,
1612 2025 1668 2072 et
1703 2031 1798 2071 eas

215 2109 418 2178 linguas
442 2105 702 2162 adversus
727 2107 844 2176 ejus
873 2121 1064 2162 nomen
1089 2106 1356 2162 dementia
1378 2107 1652 2176 sacrilega:
1679 2121 1802 2174 pro-

215 2199 476 2254 tervitatis
506 2198 530 2230 ³
569 2209 862 2266 exercent,
907 2199 1101 2269 quibus
1153 2199 1346 2269 linguis
1413 2207 1802 2269 usurpaverant

215 2289 543 2344 mendaciter
571 2291 746 2358 ipsum
775 2304 994 2354 nomen,
1025 2299 1083 2344 ut
1113 2289 1396 2354 viverent;
1425 2289 1510 2344 vel
1535 2304 1668 2358 quas
1695 2289 1798 2342 lin-

215 2395 338 2450 guas
391 2381 448 2435 in
473 2381 632 2434 locis
677 2381 728 2434 ei
783 2379 1004 2434 sacratis
1037 2379 1321 2434 metuendo
1373 2389 1698 2448 presserunt,
1745 2387 1801 2432 ut

217 2472 318 2526 illic
351 2472 454 2526 tuti
507 2482 666 2542 atque
692 2470 952 2534 muniti‘,
1001 2471 1088 2526 ubi
1121 2480 1338 2540 propter
1375 2487 1498 2526 eum
1551 2470 1696 2524 ilhcsi
1731 2471 1800 2524 ab

217 2563 454 2618 hostibus
497 2563 746 2632 luerunt,
779 2563 903 2619 inde
931 2565 982 2619 in
1009 2579 1134 2620 eum
1175 2563 1470 2620 maledictis
1517 2563 1798 2618 hostilibus

219 2655 540 2721 prosilit-ent.

219 2762 438 2820 CAPUT
479 2765 570 2819 IV.
600 2795 670 2806 —
695 2763 776 2819 De
803 2767 948 2836 asylo
969 2764 1188 2821 Iunonis
1217 2765 1270 2820 in
1311 2765 1468 2836 Troia
1492 2807 1506 2831 ,
1551 2765 1686 2836 quod
1709 2783 1798 2819 ne-

283 2858 468 2910 minem
491 2857 718 2913 liberauit
753 2875 785 2911 a
807 2857 1018 2945 Grtecis,
1059 2869 1105 2913 et
1147 2859 1369 2914 basilicis
1415 2859 1794 2926 Apostolorum,

283 2964 398 3012 qua
440 2965 614 3003 omnes
663 2949 734 3002 ad
777 2965 830 3003 se
873 2951 1216 3020 confugientes
1265 2966 1298 3002 a
1335 2949 1574 3004 Barbari:
1620 2949 1796 3016 defen-

283 3039 487 3092 derunt.

287 3147 422 3216 Ipsa,
473 3159 532 3204 ut
567 3149 696 3212 dixi,
727 3150 908 3220 Troja,
950 3159 1121 3206 mater
1175 3151 1352 3221 populi
1399 3153 1620 3208 Romani
1675 3153 1793 3226 (τι),

223 3239 434 3292 sacratis
461 3237 514 3292 in
549 3239 680 3292 locis
706 3237 929 3294 deorum
959 3255 1176 3294 suorum
1223 3242 1428 3296 lltllttil'c
1481 3257 1584 3296 non
1627 3245 1796 3312 potuit

227 3331 360 3386 cives
402 3347 532 3386 suos
577 3331 646 3384 ab
679 3331 886 3401 ignibus
925 3331 1169 3400 ferroque
1205 3330 1508 3386 ercorum
1530 3376 1542 3400 ,
1579 3333 1793 3388 eosdem
1829 3325 1846 3340 “

229 3420 360 3491 ipsos
382 3420 516 3476 deos
543 3421 837 3476 colentium
863 3439 876 3476 :
907 3421 1030 3492 quin
1058 3421 1241 3485 etiam,

1153 3535 1349 3599 Junonis
1369 3533 1499 3599 asylo

305 3595 540 3658 tutodes
557 3593 690 3652 lecti,
715 3595 910 3658 Pbaznix
935 3601 988 3645 et
1006 3595 1139 3658 dirus
1161 3595 1350 3658 Llysses

307 3657 516 3720 Praedam
534 3657 846 3720 asservahant
865 3671 878 3716 ;
899 3657 990 3706 huc
1011 3657 1225 3718 undique
1233 3660 1380 3720 _'rroia
1403 3670 1516 3720 gaza

309 3719 520 3766 tneensis
537 3723 706 3778 erepta
717 3717 885 3780 adytis,
903 3717 1187 3780 mensaeque
1215 3717 1436 3776 deorum]

307 3785 628 3840 ueteresque
649 3791 766 3828 auro
781 3778 950 3836 solidi,
975 3778 1258 3841 captivaque
1281 3781 1432 3828 vestis

307 3839 629 3903 congemuit:
657 3841 796 3898 pueri
823 3849 874 3890 et
898 3839 1078 3902 pavida:
1097 3839 1243 3903 longo
1263 3841 1433 3890 ordine
1453 3849 1640 3891 matres

309 3907 440 3952 stant.
461 3902 662 3951 circum.

526 3961 724 4025 (Virgil.
752 3961 916 4012 mill
939 3961 1020 4011 lib.
1044 3961 1094 4024 2,
1115 3975 1236 4013 vers.
1261 3961 1508 4026 761-767.)

227 4063 438 4118 Electus
479 4076 566 4119 est
592 4063 843 4119 videlicet
883 4064 1029 4118 locus
1069 4073 1228 4118 lance
1263 4063 1378 4120 dea:
1403 4074 1663 4129 sacratus,
1692 4081 1796 4120 non

225 4155 358 4208 unde
379 4154 622 4224 captivos
651 4170 758 4208 non
807 4154 989 4208 liceret
1030 4155 1256 4210 educere
1282 4197 1298 4221 ,
1325 4155 1417 4210 sed
1443 4157 1527 4210 ubi
1563 4158 1800 4228 captivos

225 4247 413 4301 liberet
463 4246 758 4302 includere.
802 4245 1062 4316 Compara
1096 4265 1234 4302 Illlllc
1275 4249 1480 4320 asylum
1510 4249 1660 4316 illud,
1693 4266 1798 4304 non

223 4337 504 4405 cujuslibet
523 4335 608 4392 dei
634 4337 882 4408 gregalis,
911 4339 991 4392 vel
1013 4339 1078 4392 de
1097 4339 1250 4392 turba
1284 4339 1474 4409 plebis,
1493 4340 1588 4395 sed
1615 4341 1762 4396 Jovis
1779 4343 1800 4374 ⁵

229 4427 384 4493 ipsius
413 4427 617 4480 sororis
647 4437 698 4482 et
713 4428 954 4498 conjugis
983 4437 1036 4482 et
1055 4429 1250 4498 regina:
1273 4431 1512 4483 euntium
1545 4431 1791 4498 deorum,

223 4535 338 4572 cum
363 4518 642 4573 memoriis
669 4529 966 4573 nostrorum
1011 4521 1406 4588 Apostolorum.
1439 4521 1570 4576 Illuc
1614 4522 1794 4576 incen-

225 4611 294 4662 sis
341 4610 556 4680 templis
597 4621 654 4665 et
690 4610 791 4664 diis
830 4619 1012 4680 erepta
1064 4611 1232 4680 spolia
1285 4613 1658 4681 portabantur,
1689 4627 1798 4668 non

226 4701 490 4758 reddenda
518 4703 668 4756 victis
697 4703 740 4768 ⁸,
769 4701 864 4756 sed
890 4703 1172 4758 dividenda
1204 4703 1492 4759 victoribus
1521 4721 1535 4772 ;
1569 4703 1672 4759 huc
1697 4721 1799 4760 au-

321 4854 646 4920 tm.,__poetis.
681 4857 850 4904 ueteri
869 4855 996 4914 libri,
1021 4862 1200 4920 poetas,
1217 4856 1466 4906 accusandi
1485 4868 1622 4920 casu,
1645 4871 1798 4920 quem

229 4917 390 4973 verbo,
417 4916 554 4973 libet,
575 4918 844 4978 adjnngere
857 4925 984 4966 amat
1003 4916 1308 4978 Augustinus.
1325 4921 1396 4966 sic
1417 4921 1460 4966 in
1485 4916 1608 4966 libro
1623 4916 1800 4968 socon-

229 4979 286 5022 do
305 4981 722 5086 iitii'fqliallunlﬂll,
743 4993 848 5040 cap.
873 4978 964 5027 9.5:
999 4997 1020 5024 ε
1044 4986 1092 5026 ιιι
1115 4993 1194 5028 me
1214 4981 1372 5040 potius
1384 4979 1550 5028 dicens
1565 4981 1796 5042 quidquid

230 5051 334 5085 eum
375 5057 386 5086 Ι
425 5053 472 5086 Ill
500 5074 512 5086 .
539 5057 562 5080 Ὠ

230 5051 334 5085 eum
357 5041 512 5087 libuit.
539 5057 562 5080 ν

285 5102 304 5130 ³
323 5107 394 5164 tr.
431 5107 482 5148 et
512 5100 694 5164 aliquot
717 5101 880 5164 probae
903 5109 1030 5152 notae
1065 5101 1400 5162 manusa-ijiti,
1437 5099 1709 5164 expediam.
1733 5129 1796 5140 —-

227 5163 292 5206 sic
317 5162 460 5208 etiam
482 5175 532 5209 ιι.
557 5161 668 5210 766.
717 5161 730 5164 ⁷
767 5169 824 5208 Μ.

287 5223 308 5252 ³
329 5223 580 5287 vind._.tm.
606 5231 656 5272 et
681 5221 902 5285 [.let'iqttc
927 5224 1231 5286 manuscripti
1250 5261 1265 5285 ,
1291 5221 1630 5287 perrersitatis.
1645 5252 1710 5261 —
1725 5226 1798 5275 sic

229 5285 368 5332 etiam
389 5297 438 5332 ιι.
457 5285 562 5332 766.
661 5291 720 5332 tu.

287 5349 308 5372 ⁸
331 5353 454 5404 t.ov.,
473 5353 612 5408 atque
633 5343 810 5410 muniti
829 5352 998 5403 essent,
1021 5345 1166 5410 et‘nbi
1209 5354 1402 5410 propter
1425 5359 1549 5404 etun,
1569 5355 1684 5402 etc.,
1709 5347 1794 5394 ad-

227 5405 410 5465 dentes,
425 5405 646 5467 essentt't,
662 5409 826 5471 invitis
835 5409 1054 5455 omnibus
1069 5405 1366 5456 lihris'edi‘tis
1379 5416 1428 5457 et
1444 5411 1678 5457 manuscri
1683 5409 1776 5471 ptis

285 5471 306 5531 ⁸
327 5476 374 5516 ιιι
396 5476 462 5530 8.,
478 5471 566 5521 sed
587 5472 654 5520 de
675 5467 815 5518 Joris
844 5481 862 5517 :
885 5479 1140 5531 corrupte.
1195 5477 1252 5518 at.

282 5530 304 5592 ⁸
327 5529 479 5584 Plures
501 5541 632 5592 Mss,
659 5545 758 5581 non
783 5529 1008 5592 dottanda
1029 5529 1180 5580 uictis.

281 5591 348 5654 (ιι)
365 5590 628 5662 Sallustius,
657 5607 769 5662 cap.
789 5590 944 5638 Blihri
966 5593 1029 5642 de
1043 5593 1380 5662 coniuratione
1405 5590 1648 5662 Catilinam.
1671 5608 1692 5636 ε
1717 5599 1796 5638 ιιι·-

221 5653 318 5707 hem
341 5666 546 5719 Romam,
573 5653 731 5719 sicuti
772 5665 872 5712 ego
893 5654 1074 5719 accepi,
1113 5653 1375 5719 condidere
1399 5660 1548 5719 atque
1571 5653 1794 5719 habuere

221 5735 238 5763 ι
256 5721 376 5774 initio
397 5713 610 5787 ija'ni,
637 5715 734 5780 qui
755 5721 908 5764 .ttznea
922 5715 1047 5763 duce
1069 5713 1257 5778 profugi
1283 5715 1478 5764 incertis
1495 5713 1694 5763 sedibus
1714 5725 1796 5770 va-

201 5787 428 5850 gelantur.

1919 483 2048 538 tein,
2080 483 2136 528 et
2170 475 2312 546 quod
2341 476 2468 532 alibi
2515 477 2582 534 ad
2606 494 2672 536 ea
2715 479 2830 536 loca
2863 493 3192 552 compertum
3237 495 3319 542 est
3345 489 3506 558 perti-

1913 577 2060 631 nere,
2089 579 2208 620 cum
2237 564 2438 622 honore
2457 577 2512 624 et
2535 569 2790 640 obsequio
2821 571 3220 644 religiosissime
3261 587 3506 647 reporta-

1915 664 2024 710 tum
2041 665 2122 710 est
2136 655 2234 727 (α).
2255 655 2329 711 lbi
2350 658 2568 724 amissa,
2591 659 2678 714 hie
2695 671 2902 717 servata
2925 664 3142 720 libertas
3159 683 3174 732 ;
3203 667 3274 722 ibi
3293 670 3495 738 clausa,

1915 745 2002 801 hic
2027 745 2304 803 interdicta
2329 749 2648 818 captivitas;
2681 751 2752 806 ibi
2783 753 3086 822 possidendi
3107 770 3140 810 a
3161 755 3492 814 dominanti-

1913 837 2012 893 bus
2037 829 2278 896 hostibus
2329 842 2726 911 premebantur,
2755 843 2862 902 huc
2891 847 3149 904 liberandi
3173 864 3206 904 a
3234 851 3498 908 miseran-

1915 929 2054 985 tibus
2077 929 2405 988 ducebantur
2431 935 2448 965 ⁸
2477 951 2492 990 :
2515 943 2786 1006 postremo
2812 937 2940 994 illud
2986 937 3210 997 lunonis
3235 943 3498 1013 templum

1912 1023 2012 1078 sibi
2055 1025 2292 1096 elegerat
2336 1027 2558 1084 avaritia
2621 1035 2678 1084 et
2725 1030 2978 1100 superbia
3029 1031 3226 1088 levium
3281 1034 3499 1092 Grteco-

1913 1130 2032 1170 rum
2062 1115 2176 1187 (b);
2205 1119 2334 1174 istas
2353 1115 2552 1176 Christi
2573 1117 2822 1178 basilicas
2851 1123 3214 1180 misericordia
3243 1135 3297 1182 et
3315 1125 3496 1183 humi-

1911 1207 2031 1261 litas
2050 1210 2208 1262 etiam
2238 1209 2548 1266 immanium
2575 1211 2930 1268 Barbarorutn
2949 1215 2996 1268 ⁸.
3025 1213 3140 1272 Nisi
3167 1214 3302 1272 forte
3321 1216 3498 1274 Graeci

1911 1296 2124 1366 quidem
2157 1298 2210 1354 in
2259 1299 2348 1354 illa
2375 1315 2472 1356 sua
2500 1302 2718 1357 victoria
2745 1304 2960 1373 templis
2993 1303 3219 1362 deorum
3245 1321 3492 1362 commu-

1913 1388 2058 1442 nium
2082 1391 2160 1459 (c)
2177 1401 2554 1460 pepercerunt,
2579 1401 2742 1460 atque
2767 1394 2858 1451 illo
2879 1394 3248 1466 confugientes
3267 1397 3498 1454 miseros

1908 1478 2181 1548 victosque
2227 1480 2490 1552 Trojanos
2539 1484 2700 1540 ferire
2747 1486 2834 1540 vel
2885 1487 3162 1557 captivare
3207 1503 3316 1544 non
3375 1491 3496 1546 ausi

1907 1577 2063 1634 sunt;
2108 1569 2206 1626 sed
2233 1570 2506 1642 Virgilius,
2556 1583 2832 1644 poetarum
2881 1591 3052 1643 more,
3101 1577 3188 1632 illa
3231 1580 3490 1638 mentitus

1907 1667 2008 1714 est.
2045 1659 2158 1715 lmo
2181 1677 2310 1718 vero
2337 1679 2540 1720 morem
2574 1665 2808 1722 hostium
2843 1668 3086 1726 civitates
3122 1673 3484 1730 evertentiutn

1909 1748 1998 1804 ille
2023 1749 2329 1822 descripsit.

1907 1899 2130 1958 CAPUT
2169 1903 2234 1958 γ.
2261 1903 2426 1960 —De
2445 1909 2668 1978 generali
2693 1911 3055 1966 consuetudine
3082 1913 3302 1969 hostium
3329 1916 3490 1972 victas

2081 1993 2303 2049 civitates
2329 2000 2650 2052 erertentium
2673 2040 2688 2065 ,
2720 2001 2840 2070 quid
2864 1999 3038 2058 Caesar
3070 2007 3298 2062 senserit.

1973 2141 2143 2211 Quem
2173 2159 2378 2201 morem
2407 2148 2566 2204 etiam
2606 2147 2786 2205 Cmsar
2812 2159 2833 2192 ³
2874 2152 3035 2222 (sicut
3081 2155 3266 2212 scribit
3301 2157 3480 2216 Sallu-

1903 2233 2058 2299 stius,
2085 2235 2376 2292 nobilitata:
2399 2237 2422 2269 ⁸
2453 2240 2695 2296 veritatis
2729 2241 3036 2316 historicus)
3063 2249 3330 2303 sententia
3355 2263 3476 2315 sua,

1902 2338 2061 2393 quam
2089 2325 2156 2380 de
2182 2325 2473 2396 conjuratis
2511 2331 2561 2382 in
2589 2339 2774 2386 senatu
2819 2333 3035 2400 habuit,
3061 2351 3488 2394 commemorare

1905 2427 2012 2468 non
2051 2419 2406 2486 prmtermittit
2434 2437 2448 2473 :
2481 2439 2500 2474 ι
2539 2421 2670 2492 Rapi
2721 2422 2975 2494 virgines,
3019 2441 3255 2498 pueros;
3297 2429 3482 2488 divelli

1903 2505 2100 2562 liberos
2156 2525 2184 2562 a
2237 2523 2511 2578 parentum
2550 2516 2858 2584 complexu,
2909 2529 3106 2576 matres
3161 2521 3476 2579 familiarum

1901 2599 2007 2668 pati
2060 2615 2178 2670 qua:
2227 2601 2512 2658 victoribus
2562 2607 3090 2676 eollibuisset’Jana
3109 2621 3268 2684 atque
3290 2615 3482 2674 domos

1898 2689 2112 2758 spoliari
2147 2731 2160 2756 ,
2201 2693 2401 2747 cmd-tn
2426 2737 2440 2758 ,
2476 2696 2720 2752 incendia
2769 2699 2922 2764 ﬁeri;
2979 2711 3252 2772 postremo
3281 2707 3478 2776 armis,

1899 2782 2264 2849 cadaveribus,
2293 2799 2482 2841 cruore
2507 2789 2820 2858 atqneluctu
2845 2792 3022 2847 omnia
3047 2793 3239 2864 repleri
3275 2815 3294 2850 ο
3321 2797 3482 2868 (Sal-

1899 2875 2020 2928 last.
2081 2875 2146 2928 de
2185 2875 2542 2948 Canjuratione
2589 2879 2826 2937 Catilina:
2853 2925 2870 2950 ,
2925 2901 3040 2956 cap.
3091 2887 3152 2942 51
3193 2886 3236 2960 ).
3292 2889 3389 2945 Hic
3433 2893 3478 2948 si

1900 2965 2018 3020 lana
2046 2967 2313 3034 tacuisset,
2345 2969 2566 3024 deorum
2593 2971 2807 3028 sedibus
2848 2975 3026 3031 solere
3057 2975 3237 3033 hostes
3259 2995 3481 3048 parcere

1900 3055 2228 3126 putaremus.
2257 3058 2324 3112 Et
2363 3059 2478 3114 hrec
2505 3075 2610 3115 non
2635 3063 2704 3116 ab
2746 3063 3055 3136 alienigenis
3095 3066 3353 3134 hostibus,
3383 3073 3480 3128 sed

1899 3165 1927 3204 a
1953 3151 2174 3207 Catilina
2199 3161 2254 3208 et
2293 3155 2452 3208 sociis
2488 3155 2604 3226 ejus
2627 3197 2642 3222 ,
2672 3157 3018 3215 nobilissimis
3062 3163 3398 3220 senatoribus
3421 3177 3478 3222 et
3549 3213 3562 3226 ι

1901 3241 2154 3298 Romanis
2175 3245 2394 3310 civibus,
2429 3245 2667 3300 Romana
2702 3249 2896 3318 templa
2937 3251 3261 3308 metuebant.
3290 3255 3394 3310 Sed
3423 3257 3478 3312 hi

1899 3333 2144 3390 videlicet
2173 3335 2362 3404 perditi
2389 3343 2442 3392 et
2469 3337 2652 3406 patrita
2680 3339 2978 3408 parricidre.

1899 3470 2124 3528 CAPUT
2165 3469 2248 3526 Vl.
2292 3501 2360 3511 —
2411 3471 2563 3538 Quod
2605 3489 2695 3528 nec
2733 3473 2954 3529 Romani
2991 3477 3192 3544 quidem
3234 3477 3306 3532 ita
3345 3479 3480 3536 ullas

1969 3565 2188 3630 ceperint
2233 3563 2452 3618 civitates
2475 3605 2490 3628 ,
2539 3573 2594 3618 ut
2651 3565 2706 3620 in
2755 3565 2954 3637 templis
2995 3583 3168 3622 earum
3217 3581 3482 3640 parcerent

1967 3654 2126 3708 victis.

1969 3767 2106 3836 Quid
2137 3781 2264 3837 ergo
2288 3781 2384 3836 per
2409 3767 2604 3822 multas
2647 3777 2835 3838 gentes
2855 3809 2871 3834 ,
2915 3785 3034 3838 qua:
3065 3770 3204 3825 inter
3229 3785 3290 3826 se
3339 3771 3480 3830 bella

1899 3865 2178 3926 gesserunt
2201 3865 2254 3910 et
2275 3871 2536 3926 nusquam
2563 3859 2718 3912 victis
2755 3857 2810 3913 in
2835 3857 3056 3912 deorum
3085 3875 3304 3916 suorum
3330 3861 3476 3918 sedi-

1901 3948 2001 4002 bus
2029 3957 2398 4017 pepercerunt,
2430 3957 2614 4002 noster
2651 3963 2830 4004 sermo
2864 3949 3165 4006 discurrat?
3209 3952 3494 4011 Romanos

1903 4039 2046 4110 ipsos
2073 4039 2347 4095 videamus
2379 4057 2394 4093 :
2423 4041 2566 4109 ipsos
2589 4081 2606 4108 ,
2635 4041 2874 4110 inquam,
2895 4042 3194 4098 recolamus
3221 4046 3498 4116 respicia--

1963 4243 1980 4268 ι
2002 4243 2050 4304 tu
2087 4241 2164 4304 B.,_
2187 4249 2232 4304 _a
2275 4233 2608 4304 miserantibus
2637 4234 2848 4304 hostibus
2877 4237 3175 4288 aucebantur
3193 4251 3228 4300 ξ,
3245 4241 3508 4304 verbum...

1900 4296 2126 4358 hostibus,
2153 4298 2230 4347 hic
2245 4297 2528 4347 sustulimus
2549 4311 2611 4346 ex
2631 4299 2918 4348 auctoritate
2949 4296 3222 4351 nostrorum
3243 4308 3352 4352 Mss.
3417 4296 3474 4354 ΜΣ

1965 4361 1985 4390 ⁸
2011 4359 2092 4408 Hic
2109 4361 2270 4421 incipit
2291 4366 2436 4420 caput
2451 4359 2482 4406 ὅ
2497 4361 2674 4421 in__l\tss.

1967 4421 2147 4486 8_\'ind.
2173 4419 2324 4486 Er._et
2345 4419 2450 4486 atss.
2475 4419 2696 4486 Calumni
2728 4433 2785 4486 ac
2817 4421 3042 4486 Romani,
3065 4429 3199 4471 Cato.
3244 4423 3478 4486 Sedgquia

1900 4483 2053 4544 verba
2099 4495 2224 4530 nunc
2261 4481 2544 4544 laudataab
2579 4483 2841 4544 Augustino
2875 4485 3071 4531 (:zrsaris
3093 4491 3207 4531 sunt
3235 4483 3358 4544 apud
3381 4481 3480 4534 "sal-

1903 4543 2098 4593 lustium
2118 4579 2131 4598 .
2177 4556 2272 4591 non
2315 4542 2500 4590 Catonis
2521 4577 2535 4602 ,
2575 4543 2688 4604 ideo
2727 4543 2777 4590 in
2821 4544 3194 4592 Amerbachiana
3239 4542 3476 4604 editione,

1901 4617 2045 4667 quam
2055 4603 2314 4668 _h_icgsecuti
2331 4609 2444 4668 sunt
2467 4603 2802 4668 inveniemus,
2827 4605 3176 4668 interpretibus
3196 4606 3342 4666 hujus
3360 4603 3480 4668 ope-1

1901 4663 1970 4716 ris
1992 4663 2189 4714 t’aloisio
2213 4673 2266 4714 et
2305 4663 2530 4714 'trivetbo
2566 4665 2831 4716 emendare
2874 4663 3030 4714 visum
3055 4672 3152 4723 est,
3175 4663 3338 4716 (‘wiar
3368 4663 3478 4716 :‘ta-~

1901 4727 2045 4776 metsi
2068 4724 2198 4785 libri,
2223 4733 2275 4775 ut
2295 4726 2382 4785 ipsi
2418 4725 2692 4776 observant.
2719 4728 3038 4775 communiter
3062 4727 3316 4786 baberent;
3341 4736 3476 4778 Cato.

1899 4789 2016 4846 Quid
2039 4788 2080 4834 si
2103 4788 2154 4835 iu
2177 4801 2239 4836 eo
2271 4787 2575 4850 Augustinus,
2599 4786 2725 4846 quod
2763 4787 2966 4850 eraditis
2999 4801 3337 4850 nonnunquam
3359 4802 3475 4837 con-

1903 4849 2062 4910 tingit,
2091 4849 2324 4898 memoria
2356 4847 2521 4958 ausus
2551 4853 2658 4906 est,
2693 4855 2778 4898 aut
2804 4847 3022 4898 Sallustio
3058 4861 3177 4898 usus
3211 4847 3342 4898 vario
3370 4852 3476 4900 sive

1903 4910 2162 4958 mendoso?
2183 4917 2308 4958 —N.
2331 4911 2360 4958 7
2383 4911 2392 4924 '
2413 4911 2442 4958 '.
2467 4914 2599 4958 Gala.
2665 4915 2722 4957 M.

1901 4910 2162 4960 mendoso?
2183 4917 2308 4958 —I\'.
2331 4910 2442 4968 766,
2467 4914 2599 4958 Gala.
2665 4915 2722 4957 M.

1965 4973 1987 5004 δ
2011 4979 2058 5020 tn
2083 4978 2154 5031 Β..
2191 4969 2450 5034 nobilitate.
2495 4971 2568 5018 sic
2613 4971 2760 5034 etiam
2795 4969 2988 5020 codices
3019 4970 3188 5034 nostri,
3227 4977 3474 5034 corrupte.

1903 5028 2280 5095 Plerique’editi
2320 5032 2511 5091 ferunt,
2549 5028 2838 5093 nobilitata;
2873 5045 2985 5094 quae
3021 5028 3334 5081 lectio'certe
3358 5028 3477 5082 vera

1903 5103 1996 5144 est.
2088 5100 2148 5143 Ι.

1901 5157 2138 5264 lblitum,
2175 5153 2500 5206 collibuissent
2531 5165 2550 5204 :
2583 5151 2712 5204 male
2753 5159 2806 5204 et
2844 5153 3246 5203 dissentientibus
3281 5156 3478 5204 ueteris

1923 5231 1934 5264 I
1967 5230 2054 5264 τις.

1923 5218 2054 5268 ibris.

1967 5299 2039 5360 (α)
2073 5299 2440 5360 \‘asaipretiosa.
2456 5295 2583 5359 apud
2599 5297 2854 5360 virginem
2889 5302 2990 5360 Deo
3013 5308 3216 5360 sam-anu
3253 5307 3364 5357 qua:
3387 5308 3474 5344 cu-

1900 5355 2150 5409 stodienda
2181 5355 2260 5408 illa
2283 5355 2560 5420 receperat,
2581 5355 2775 5420 detecta
2808 5371 2834 5404 a
2859 5356 3042 5420 milite,
3080 5355 3328 5420 .tlarieuut,
3365 5369 3476 5420 mox

1903 5421 1984 5468 ubi
2009 5421 2244 5482 comperit
2267 5420 2326 5468 ad
2350 5417 2593 5470 basilicam
2607 5419 2748 5482 Petri
2757 5417 2959 5482 apostoli
2983 5419 3250 5482 pertinere,
3269 5418 3474 5478 jussissu

1901 5495 1962 5530 eo
1983 5479 2246 5544 reportari,
2284 5482 2452 5530 scribit
2485 5481 2697 5540 orosius,
2721 5479 2804 5527 lib.
2829 5480 2877 5538 7,
2901 5491 3006 5540 cap.
3030 5479 3107 5528 39.

1961 5565 2033 5628 (ὁ)
2065 5567 2250 5628 Levites
2266 5565 2473 5675 giropria
2502 5573 2786 5636 Grzemrum,
2812 5562 2878 5610 ait
2898 5563 3061 5610 cicero
3089 5561 3138 5608 in
3153 5561 3370 5610 oratione
3387 5573 3478 5621 rro

1961 5642 2080 5675 tceo.
2105 5641 2242 5675 cano.
2301 5664 2313 5675 .
2338 5629 2384 5675 7.
2407 5633 2459 5674 et
2489 5625 2622 5674 allbl.
2670 5631 2779 5670 tttec
2829 5635 2996 5672 eorum
3022 5629 3129 5672 erat
3157 5623 3282 5675 apud
3307 5630 3472 5671 Itoma-

1899 5623 2080 5686 r‘laeeo,
2105 5623 2245 5689 capp:
2266 5623 2313 5684 5,
2338 5623 2387 5689 7,
2407 5633 2459 5674 et
2489 5625 2644 5689 alibi._
2670 5631 2779 5689 tunc
2829 5635 2996 5689 eorum
3022 5629 3129 5672 erat
3157 5623 3282 5684 apud
3307 5630 3472 5671 Itoma-

1899 5703 1990 5739 nos
2011 5683 2141 5748 uota,
2164 5683 2430 5751 'q'uos’ideo
2467 5683 2704 5734 Grmeulos
2729 5684 2968 5734 dicebant.

1961 5773 2046 5836 (ι’)
2069 5779 2248 5835 Nempe
2279 5769 2480 5822 eosdem
2503 5768 2625 5820 deos
2643 5768 2872 5820 colebant
2899 5767 3044 5818 arma
3069 5765 3122 5817 et
3141 5763 3356 5829 Trajan].
