4038 6476
548 558 770 613 musque
794 540 1085 600 Romanos,
1109 532 1177 587 de
1204 532 1428 599 quorum
1446 536 1709 594 principua
1734 518 1891 574 laude
1916 516 2117 571 dictum

543 646 645 699 θὸιο

635 752 839 805 Fat-cere
860 736 1104 793 sabiectis,
1127 738 1181 781 et
1195 726 1449 782 debellare
1466 723 1719 786 superbos

541 860 596 907 et
640 846 779 920 quod
827 850 1038 913 accepta
1084 837 1273 906 injuria
1316 835 1613 920 ignoscere,
1655 838 1812 920 quam
1871 816 2115 920 persequi

542 908 809 995 malebant
838 908 1081 1006 (Sallust.
1111 926 1172 981 de
1191 921 1537 995 conjuratione
1573 915 1821 978 Catilime,
1849 927 1966 1006 cup.
2002 908 2116 1006 Din

542 1032 684 1103 ﬁne)
723 1050 737 1085 :
766 1003 978 1097 quando
999 1030 1079 1078 tot
1117 1027 1395 1087 tantasque
1423 1013 1615 1074 urbes,
1646 1017 1703 1062 ιιι
1726 1008 1831 1103 late
1872 1003 2116 1060 domina-

541 1096 747 1184 rentur,
769 1096 1094 1186 expugnatas
1118 1118 1406 1179 captasque
1434 1106 1759 1161 everterunt,
1787 1096 1990 1193 legatur
2014 1107 2114 1193 no-

540 1215 624 1270 bis
651 1228 766 1282 quae
798 1207 989 1278 templa
1015 1203 1263 1272 excipere
1295 1195 1560 1256 solebant,
1590 1199 1647 1245 ιιι
1675 1189 1742 1244 ad
1786 1202 1847 1242 ea
1873 1186 2116 1287 qttisquis

542 1302 883 1373 confugisset,
911 1298 1243 1352 liberaretur.
1271 1290 1351 1343 Αιι
1381 1287 1454 1340 illi
1487 1283 1782 1373 faciebant,
1803 1286 1857 1332 ct
1879 1282 2110 1373 scripto-

542 1410 630 1452 rcs
653 1364 958 1449 cavrnmdem
989 1398 1166 1441 rerum
1195 1387 1463 1451 gestarum
1483 1375 1579 1427 ista
1603 1365 1938 1426 reticebant?
1968 1364 2113 1416 Itane

539 1501 688 1549 vero,
718 1482 894 1552 qui-ea
922 1492 1042 1548 qua:
1065 1472 1340 1528 laudarent
1364 1465 1597 1521 maxime
1618 1457 1983 1552 requirebant,
2012 1453 2112 1507 ista

540 1549 944 1647 princlarissima
967 1565 1256 1623 secundum
1288 1562 1432 1629 ipsos
1462 1554 1675 1647 pietatis
1701 1549 1894 1647 indicia
1922 1554 2112 1647 prime-

540 1635 749 1723 rirent?
780 1660 1034 1732 Egregius
1060 1651 1289 1709 Romani
1318 1647 1545 1704 nominis
1572 1644 1782 1699 Marcus
1806 1635 2107 1732 Marcellus,

542 1757 633 1827 qui
657 1730 944 1828 Syracusas
975 1749 1053 1819 (η)
1078 1787 1093 1808 ,
1132 1744 1318 1799 urbem
1360 1737 1771 1801 ornatissimam,
1814 1730 1956 1835 cepit
1980 1768 1994 1790 ,
2028 1742 2112 1781 re-

538 1848 709 1904 fertur
731 1861 846 1901 eam
878 1843 1021 1912 prius
1048 1837 1260 1892 ﬂevisse
1285 1835 1563 1894 ruituram,
1604 1838 1657 1883 et
1690 1833 1816 1880 ante
1843 1833 1960 1891 ejus
1997 1834 2113 1875 san-

539 1938 750 2010 guinem
781 1931 988 1989 snasilli
1020 1928 1284 1998 iacrymas
1323 1921 1574 1978 cliudisse
1605 1918 1702 2010 (b7).
1739 1915 1917 2010 Gessit
1941 1922 2111 2010 et‘cu-

541 2003 655 2082 ram
687 2015 971 2096 plldiCllltD,
995 2021 1152 2075 etiam
1178 2017 1229 2070 in
1261 2015 1414 2068 hoste
1441 2009 1735 2066 servandis.
1776 2005 1907 2060 Nam
1930 2003 2110 2096 prius.

539 2093 701 2188 quam
738 2113 986 2185 oppidum
1033 2111 1201 2164 victor
1250 2105 1498 2175 iussisset
1564 2097 1737 2153 invadi
1763 2138 1798 2188 ,_
1830 2093 2109 2188 constituit

540 2184 733 2269 edicto,
765 2184 832 2257 ne
863 2202 983 2271 quis
1019 2213 1212 2266 corpus
1256 2195 1479 2248 liherutn
1515 2189 1739 2244 violaret
1780 2184 1871 2257 (c).
1910 2184 2108 2238 Eversa

538 2311 621 2357 est
645 2309 819 2353 tamen
844 2295 1034 2348 civitas
1060 2303 1211 2345 more
1235 2286 1518 2347 bellorum,
1560 2295 1657 2334 nec
1684 2279 1886 2346 usiiiam
1915 2273 2107 2344 legitur

537 2391 605 2447 ab
634 2389 952 2457 imperatore
981 2391 1083 2436 tam
1124 2387 1271 2433 casto
1296 2383 1455 2444 atque
1482 2367 1733 2425 clementi
1778 2366 2106 2457 fuissepras-

537 2454 772 2549 ceptum,
802 2487 855 2529 ιιι
884 2471 1122 2542 quisquis
1158 2467 1223 2523 ad
1246 2464 1372 2521 illud
1395 2462 1475 2518 vel
1504 2461 1632 2516 illud
1663 2457 1911 2549 templum
1940 2454 2105 2524 fugis-

536 2547 639 2637 set,
667 2571 834 2624 abiret
852 2568 868 2597 ¹
899 2565 1111 2618 illmsus.
1138 2557 1287 2626 Quod
1316 2556 1498 2624 utique
1534 2551 1678 2606 nullo
1704 2547 1862 2604 modo
1887 2555 2106 2637 praeter-

536 2635 735 2724 iretur,
777 2653 986 2725 quando
1041 2666 1138 2705 nec
1172 2649 1288 2718 ejus
1331 2644 1651 2711 ﬂetus,_nec
1694 2636 1833 2709 quod
1862 2635 2106 2690 edixerat

539 2768 636 2823 pro
660 2748 909 2823 pudicitia
931 2743 1148 2799 minime
1172 2735 1415 2792 violanda
1434 2775 1448 2798 ,
1479 2732 1649 2803 potuit
1675 2728 1862 2823 taceri:
1886 2726 2098 2823 Fabius,

534 2816 836 2901 'l'are-ntiua:
862 2839 1008 2892 urbis
1039 2846 1275 2893 eversor,
1314 2843 1345 2881 a
1391 2824 1795 2881 simulacrorum
1831 2816 2105 2887 depraeda-

534 2942 678 2991 tione
720 2948 779 2987 se
822 2925 1141 2984 abstinuisse
1180 2918 1444 2974 laudatur.
1487 2914 1617 2969 Nam
1657 2927 1776 2966 cum
1824 2909 1871 2964 ei
1927 2907 2100 2961 scriba

533 3023 882 3095 suggessisset
907 3015 1033 3088 quid
1057 3014 1124 3068 de
1148 3011 1314 3081 signis
1337 3007 1580 3070 deorum,
1612 3017 1729 3073 qua:
1754 3000 1918 3095 multa
1945 3008 2097 3095 capta

534 3090 763 3179 migrant,
801 3111 911 3167 lleri
953 3108 1183 3179 iuberet,
1213 3099 1588 3157 continentiam
1630 3108 1781 3149 suam
1821 3091 1978 3147 etiam
2016 3090 2104 3161 jo-

532 3207 703 3264 cando
729 3201 979 3261 condivit.
1009 3194 1263 3265 Quiusivit
1282 3190 1446 3252 enim,
1476 3182 1768 3256 cujusmodi
1799 3189 2014 3236 essent:
2045 3186 2100 3233 et

532 3276 652 3355 cum
675 3299 722 3353 ei
750 3311 853 3351 non
883 3293 1052 3347 soluat
1079 3286 1241 3342 multa
1290 3280 1508 3353 grandia
1533 3319 1550 3346 ,
1594 3289 1778 3331 verum
1817 3273 1974 3328 etiam
2015 3285 2100 3325 re-

533 3391 901 3452 nuntiarentur
925 3387 1146 3441 armata,
1176 3375 1559 3441 Relinquantus,
1590 3366 1777 3436 inquit,
1811 3359 2098 3452 Tarentinis

532 3450 650 3537 deos
668 3480 822 3532 iratos
848 3473 951 3543 (ἁ).
971 3470 1102 3526 Cum
1129 3467 1288 3537 igitur
1310 3477 1408 3517 nec
1434 3460 1572 3514 illius
1592 3458 1793 3521 fletum,
1818 3467 1923 3543 nec
1941 3450 2101 3522 hujus

532 3572 718 3633 risum,
750 3542 1011 3621 necillius
1036 3566 1237 3613 castam
1263 3549 1705 3611 miscricordiam,
1724 3559 1823 3599 nec
1842 3542 1998 3612 hujus
2020 3542 2097 3595 fa-

532 3671 703 3715 cetam
751 3650 1168 3713 continentiam,
1195 3645 1552 3699 Romanarum
1601 3653 1777 3695 rerum
1827 3645 2095 3704 gestarum

531 3751 819 3817 scriptores
837 3754 1014 3799 tacere
1035 3736 1327 3809 potuerint;
1350 3729 1560 3803 quando
1580 3726 2092 3817 prietermitteretur,

530 3842 576 3895 si
593 3814 854 3905 aliquibus
877 3829 1174 3886 hominibus
1195 3827 1245 3878 in
1270 3823 1527 3877 honorem
1552 3817 1845 3887 cujnspiam
1871 3814 2094 3869 deorum

530 3946 749 3987 suorum
772 3927 848 3980 sic
868 3925 1266 3996 pepercissent,
1295 3923 1353 3969 ut
1383 3913 1435 3966 iu
1473 3923 1736 3979 quoquam
1774 3905 1973 3975 templo
1997 3918 2097 3959 cm-

528 4024 651 4079 dcm
676 4019 762 4074 vel
790 4013 1148 4085 captivitatem
1182 4005 1293 4062 ﬁeri
1322 3998 1706 4073 prohiberent?

527 4132 752 4193 CAPUT
784 4129 987 4184 Vl|.--
1014 4120 1161 4190 Quod
1185 4120 1237 4173 in
1284 4115 1533 4171 eversione
1572 4110 1723 4167 Urbis
1766 4124 1879 4178 qua:
1915 4123 2092 4179 aspere

558 4260 559 4267 η
598 4234 736 4299 gesta
753 4229 887 4284 sunt,
917 4217 980 4271 de
998 4207 1353 4268 consuetudine
1371 4203 1640 4257 acciderint
1665 4200 1780 4254 belli
1803 4214 1821 4263 ;
1846 4214 1958 4270 qua:
1978 4214 2094 4252 vero

598 4289 880 4375 clementer,
905 4308 967 4361 de
992 4302 1212 4374 potentia
1240 4295 1551 4366 provenerint
1581 4290 1797 4346 nominis
1825 4289 2032 4344 Christi.

598 4420 861 4494 Quidquid
887 4431 1014 4489 ergo
1042 4408 1368 4470 vastationis,
1402 4403 1790 4467 trucidationis,
1820 4400 2094 4469 depraeda.

530 4519 711 4581 tionis,
741 4503 1202 4568 concrematiouis,
1251 4495 1572 4561 alllictionis,
1615 4495 1667 4548 in
1696 4494 1793 4547 ista
1835 4494 2093 4547 recentis-

528 4609 659 4667 sima
685 4605 920 4659 Romana
946 4597 1094 4653 clade
1109 4589 1446 4648 commissum
1471 4595 1572 4647 est,
1601 4584 1724 4639 fecit
1753 4584 2091 4645 hocconsue-

532 4697 659 4753 tudo
682 4693 964 4749 bellorum.
1005 4682 1154 4751 Quod
1179 4690 1358 4735 autem
1390 4691 1535 4731 more
1574 4688 1711 4728 novo
1754 4672 1949 4727 factum
1988 4680 2090 4737 est,

527 4786 667 4858 quod
712 4783 956 4838 inusitata
988 4788 1164 4830 rerum
1186 4773 1207 4803 ³
1235 4768 1367 4824 facie
1410 4765 1708 4819 immanitas
1738 4763 1957 4817 barbara
1985 4774 2090 4819 tam

592 4922 607 4951 ¹
635 4916 829 4967 Codices
849 4908 1017 4968 nostri,
1036 4905 1308 4956 haberetur.
1374 4907 1460 4970 AM.
1587 4958 1617 4970 υ
1662 4969 1665 4970 ν
1880 4956 1938 4970 ,η
2002 4941 2005 4943 .

590 4981 612 5011 ¹
637 4956 1017 5036 Wﬁér'u'm,’
1056 4969 1195 5018 abest
1236 4976 1265 5015 a
1305 4968 1477 5014 vetere
1514 4958 1680 5011 codice
1712 4956 1837 5009 libro
1877 4956 2093 5008 silvane-

529 5050 924 5161 me(ttltgi‘svracusa:
946 5092 1114 5142 civitas
1136 5094 1213 5137 est
1234 5088 1283 5160 in
1311 5082 1625 5161 Siciliaquam
1648 5079 2093 5161 obsiden'sgareel.

532 5139 1252 5219 litgritréliiinevdis'smacusaiii
1284 5139 1523 5219 machinis;
1546 5139 2095 5219 saepeurepntlsttsLut-ei?

532 5200 952 5270 ii'dia’idéiii'dddb
983 5200 1528 5275 e'ipugnavitLQumnltjc
1548 5200 1851 5252 de‘uarcello
1875 5203 2093 5264 augusti-

532 5264 972 5340 iidgleguntur‘in
997 5264 1143 5340 Livio",
1164 5272 1251 5340 liti.
1271 5264 1351 5326 23,
1365 5264 1514 5340 ολ

593 5326 665 5403 (ὁ)
688 5326 1044 5403 Ν-ἷπίὶιηιῇγὶιιε,
1068 5326 1257 5403 tingit,
1272 5344 1376 5391 cap.
1398 5326 1475 5375 2t.

593 5343 644 5403 (b
688 5347 850 5387 Narrat
877 5343 1044 5391 Livius,
1068 5343 1153 5382 tib.
1177 5343 1257 5390 ‘13,
1272 5344 1376 5391 cap.
1399 5343 1475 5375 zr.

593 5343 1203 5461 tcildemﬁbidqcapﬁii.
1294 5452 1305 5461 .
1587 5458 1603 5461 _
1639 5443 1925 5461 “mus”:
1969 5445 2073 5461 In!

594 5443 671 5522 '(Et')
684 5443 1215 5522 ῖῐςίῷίιιιιίη,’ωιὶιιιιῖίμς
1236 5452 1426 5522 urbem,
1448 5459 1570 5522 quae;
1582 5445 1857 5522 subornauit:
1867 5443 2099 5522 adtingi-

533 5516 694 5579 halein
710 5520 976 5574 defecerat,
1000 5524 1052 5580 Q,
1079 5517 1246 5580 Fabius
1266 5516 1816 5580 ataxituttsniferrttcosus.
1834 5518 2096 5580 recuperate

531 5563 976 5642 iii'iTEi'ii'iiiiidsddé
1004 5563 1319 5639 diripiendam
1352 5569 1555 5622 tradidit.
1599 5568 1680 5617 llic
1712 5567 1882 5616 Fabius
1906 5563 1980 5614 est
2013 5563 2097 5614 ille

530 5647 594 5701 de
610 5655 707 5707 quo
728 5642 904 5691 Ennius
917 5675 950 5707 ν,
1150 5697 1192 5707 ,,
1358 5703 1368 5707 _
1455 5691 1492 5707 ,_

783 5691 1067 5750 tznus'homo
1083 5697 1215 5747 nobis
1232 5691 1497 5760 cunctando
1511 5691 1714 5741 restituit
1732 5701 1876 5760 retin
1922 5755 1934 5760 _
1954 5750 1965 5760 .
2003 5748 2014 5758 ,

532 5768 640 5813 Fius
659 5766 724 5812 de
745 5763 1106 5811 Tarentinorum
1146 5757 1409 5808 simulacris
1437 5765 1675 5817 rcspousu
1693 5766 1722 5801 ιι
1744 5753 1885 5801 atiert
1922 5753 2094 5807 Livius,

530 5826 617 5883 lib.
638 5825 717 5885 ΞΤ,
740 5836 842 5890 cap.
878 5821 955 5877 ιϐ,

1581 408 1669 464 DE
1704 402 2024 461 CIVITATE
2065 399 2199 467 DEI,
2234 418 2291 455 θ.
2329 398 2695 457 ΑυαυεΤιΝι
3717 403 3797 458 90

2228 519 2372 567 mitts
2416 514 2699 582 apparuit,
2750 525 2808 570 ut
2858 515 3197 584 amplissima:
3241 514 3472 571 basilicae
3514 515 3801 586 implenda
3880 576 3889 583 ,

2226 600 2422 670 populo
2448 603 2532 658 cui
2556 614 2893 673 parceretur,
2924 605 3249 672 eligerentur
3274 614 3329 660 et
3359 605 3796 672 decernerentur,

2229 689 2315 744 ubi
2347 705 2503 747 nemo
2523 692 2790 759 feriretur,
2821 694 2962 750 unde
2991 710 3147 749 nemo
3186 704 3482 765 raperetur,
3524 711 3632 768 quo
3658 695 3797 751 libe-

2225 778 2375 833 randi
2430 782 2580 837 multi
2632 797 2663 838 a
2717 783 3092 839 miserantibus
3148 785 3387 841 hostibus
3434 786 3794 852 ducerentur,

2223 869 2365 924 unde
2391 872 2687 941 captivandi
2730 875 2819 929 ulli
2842 876 2859 906 ί
2883 890 2982 929 nec
3028 890 3061 930 a
3097 875 3402 931 crudelibus
3432 866 3672 932 hostibus
3698 876 3796 931 ab-

2220 959 2575 1030 ducerentur;
2604 964 2705 1020 hoc
2730 966 2928 1021 Christi
2956 966 3176 1031 nomini,
3219 966 3319 1021 hoc
3345 956 3636 1023 christiano
3658 976 3797 1022 tem-

2222 1053 2334 1122 pori
2359 1055 2690 1111 tribuendum
2721 1057 2966 1127 quisquis
2991 1072 3095 1111 non
3122 1056 3283 1124 videt,
3315 1072 3488 1113 caicus
3511 1075 3527 1123 ;
3553 1058 3794 1128 quisquis

2220 1145 2384 1210 videt,
2417 1163 2513 1202 nec
2536 1148 2746 1213 laudat,
2775 1149 3041 1219 ingratus;
3086 1149 3324 1220 quisquis
3370 1150 3602 1205 laudanti
3640 1149 3792 1205 relu-

2217 1243 2412 1304 ctatur,
2454 1239 2669 1295 insanus
2690 1248 2791 1296 est.
2844 1240 2996 1294 Absit
3026 1248 3082 1295 ut
3115 1241 3348 1309 prudens
3370 1241 3646 1312 quisquam
3688 1240 3793 1296 hoc

2219 1325 2412 1381 feritati
2440 1327 2662 1398 imputet
2691 1330 3062 1383 Barbarorum.
3094 1329 3589 1386 'l‘ruculentissimas
3612 1339 3666 1386 et
3688 1345 3794 1386 Stc-

2219 1418 2460 1474 vissimas
2480 1431 2685 1475 mentes
2712 1422 2799 1476 ille
2824 1421 3030 1487 terruit,
3059 1421 3147 1475 ille
3178 1421 3422 1488 frenavit,
3454 1422 3546 1479 ille
3569 1422 3792 1478 mirabi-

2219 1507 2338 1561 liter
2366 1510 2692 1578 temperavit,
2725 1511 2813 1580 qui
2845 1526 2938 1580 per
2974 1511 3288 1580 prophetam
3315 1521 3461 1566 tanto
3493 1522 3616 1567 ante
3646 1527 3786 1582 pra:-

2217 1598 2350 1655 dixit
2377 1618 2391 1654 :
2431 1600 2651 1655 Visitabo
2676 1602 2729 1655 in
2755 1602 2895 1673 virga
2917 1603 3201 1672 iniquitates
3221 1619 3411 1669 eorum,
3454 1614 3501 1657 et
3532 1604 3583 1658 in
3602 1604 3791 1675 ﬂagel-

2217 1689 2280 1745 lis
2326 1701 2529 1760 peccata
2567 1710 2783 1757 eorum;
2834 1694 3230 1748 misericordiam
3272 1705 3437 1749 autem
3486 1711 3648 1750 meant
3684 1711 3789 1750 non

2216 1780 2501 1853 dispergam
2527 1783 2588 1835 ab
2617 1784 2686 1839 eis
2707 1782 2876 1855 (Psal.
2910 1800 3167 1853 Lxxxvnt,
3212 1786 3302 1852 '55,
3329 1786 3442 1855 54).

2216 1891 2439 1948 CAPUT
2474 1892 2678 1948 \‘lll.-—
2707 1893 2783 1948 De
2806 1896 3083 1950 commodis
3106 1905 3257 1967 atque
3292 1897 3644 1963 incommodis,
3670 1913 3790 1969 qua:

2408 1985 2549 2039 bonis
2572 2002 2637 2039 ac
2662 1986 2809 2040 malis
2830 1986 3119 2056 plerumque
3140 1987 3425 2042 communia
3443 1998 3581 2044 sunt.

2289 2097 2337 2151 l.
2369 2097 2515 2151 Dicet
2538 2099 2729 2167 aliquis
2755 2115 2769 2156 :
2794 2097 2901 2152 Cur
2919 2113 3046 2168 ergo
3067 2099 3164 2153 ista
3191 2098 3369 2160 divina
3412 2097 3781 2154 misericordia

2212 2191 2371 2244 etiam
2388 2190 2453 2245 ad
2483 2191 2673 2260 impios
2702 2192 3037 2261 ingratasque
3063 2189 3342 2260 pervenit?
3366 2190 3490 2256 Cur,
3514 2202 3782 2259 putamus,

2212 2282 2312 2336 nisi
2337 2284 2457 2351 quia
2484 2297 2599 2337 eam
2633 2283 2718 2337 ille
2748 2283 2991 2352 prichuit,
3030 2286 3117 2352 qui
3140 2282 3373 2351 quotidie
3401 2283 3524 2355 facit
3552 2283 3676 2336 oriri
3698 2299 3788 2338 so-

2212 2371 2310 2426 lem
2327 2388 2475 2426 suum
2496 2383 2651 2441 super
2680 2373 2833 2426 bonos
2853 2380 2901 2425 et
2939 2372 3116 2437 malos,
3156 2382 3204 2426 et
3224 2371 3354 2441 pluit
3375 2388 3527 2441 super
3552 2374 3711 2442 iustos
3734 2380 3786 2427 et

2210 2462 2423 2531 injustas
2450 2461 2655 2534 (Matth.
2681 2478 2734 2528 v,
2761 2462 2851 2532 45)
2875 2461 2899 2515 ?
2925 2462 3176 2530 Quamvis
3189 2462 3329 2516 enim
3355 2463 3566 2533 quidam
3593 2477 3781 2519 eorum

2212 2550 2309 2606 ista
2332 2552 2641 2621 cogitantes,
2673 2552 2979 2621 pinnitendo
3001 2552 3069 2605 ab
3094 2552 3362 2621 impietate
3380 2567 3439 2607 se
3457 2554 3729 2624 corrigam
3754 2571 3772 2619 ;

2210 2640 2422 2710 quidam
2449 2658 2595 2708 vero,
2623 2643 2761 2697 sicut
2803 2642 3089 2712 Apostolus
3117 2643 3261 2705 dicit,
3289 2644 3493 2698 divitias
3534 2643 3777 2701 bonitatis

2209 2742 2255 2785 et
2279 2733 2672 2804 longanimitutis
2712 2732 2803 2789 Dei
2840 2743 3264 2797 contemnentes,
3312 2734 3590 2789 secundum
3630 2734 3781 2790 duri-

2208 2825 2331 2877 tiam
2352 2824 2518 2878 cordis
2539 2825 2620 2879 sui
2639 2836 2684 2878 et
2709 2841 2797 2879 eor
2816 2826 3127 2896 impaenitens
3156 2825 3513 2881 tltesaurizent
3535 2827 3631 2880 sibi
3647 2827 3781 2881 iram

2207 2915 2261 2969 in
2287 2916 2371 2969 die
2403 2917 2494 2971 irae
2528 2927 2577 2970 et
2603 2917 2920 2972 revelationis
2934 2918 3062 2987 justi
3082 2917 3270 2987 judicii
3308 2915 3426 2982 Dei,
3469 2919 3556 2987 qui
3590 2918 3767 2975 reddet

2206 3006 2472 3073 unicuique
2496 3006 2770 3060 secundant
2806 3022 2959 3075 opera
2977 3007 3086 3074 ejus
3105 3005 3280 3075 (Rom.
3308 3022 3366 3071 ιι,
3397 3007 3452 3071 4,
3476 3006 3532 3077 6)
3556 3024 3569 3062 :
3599 3016 3776 3064 tamen

2208 3097 2456 3166 patientia
2485 3097 2575 3151 Dei
2602 3097 2667 3151 ad
2700 3097 3063 3166 paenitentiam
3092 3096 3276 3152 invitat
3304 3096 3493 3165 malos,
3523 3098 3658 3154 sicut
3681 3098 3780 3155 lla-

2207 3189 2399 3258 gcllum
2431 3189 2518 3244 Dei
2541 3189 2606 3243 ad
2639 3189 2942 3259 patientiam
2966 3188 3140 3244 erudit
3170 3188 3358 3244 bonos.
3406 3188 3641 3260 Itemque
3669 3192 3777 3247 mi-

2204 3281 2486 3336 sericordia
2516 3281 2605 3335 Dei
2635 3280 2887 3335 fovendos
2925 3281 3259 3350 amplectitur
3284 3280 3472 3346 bonos,
3516 3283 3655 3338 sicut
3688 3297 3777 3338 se-

2204 3372 2397 3426 veritas
2427 3371 2516 3425 Dei
2542 3369 2836 3440 puniendos
2861 3370 3077 3439 corripit
3098 3369 3285 3425 malos.
3335 3369 3539 3426 Placuit
3578 3373 3776 3442 quippe

2202 3461 2400 3517 divinas
2456 3460 2797 3530 providentia:
2844 3475 3143 3532 praeparare
3193 3461 3246 3515 in
3311 3470 3580 3531 posterum
3631 3462 3772 3519 bona

2197 3551 2374 3621 justis,
2401 3551 2593 3619 quibus
2636 3565 2742 3605 non
2786 3549 3027 3605 fruentur
3054 3549 3270 3620 injusti;
3325 3559 3381 3606 et
3406 3550 3541 3605 mala
3572 3551 3769 3621 impiis,

2201 3644 2390 3713 quibus
2412 3657 2516 3697 non
2541 3641 2982 3697 excriiciabuntnr
3017 3641 3159 3695 boui.
3211 3639 3312 3696 Ista
3339 3655 3465 3696 vero
3503 3649 3773 3711 tempora-

2201 3734 2268 3789 lia
2301 3734 2435 3788 bona
2466 3741 2520 3788 et
2560 3733 2694 3786 mala
2723 3733 2958 3801 utrisque
2995 3730 3161 3785 voluit
3196 3728 3316 3786 esse
3343 3732 3643 3787 communia
3672 3743 3772 3790 :ut

2201 3837 2300 3876 nec
2328 3822 2461 3875 bona
2486 3821 2728 3889 cupidius
2754 3827 3091 3888 appetautur,
3120 3833 3241 3886 quas
3274 3820 3395 3873 mali
3433 3836 3644 3891 quoque
3670 3822 3771 3876 ha-

2200 3909 2327 3964 bere
2355 3918 2680 3971 cernuntur;
2710 3922 2808 3962 nec
2837 3907 2974 3961 mala
2998 3908 3221 3975 turpiter
3250 3908 3532 3978 evitentur,
3577 3910 3771 3981 quibus

2202 4006 2256 4052 et
2280 3998 2401 4052 boui
2434 3997 2741 4067 plerumque
2765 3995 3086 4050 afﬁciuntur.

2272 4087 2327 4141 ‘2.
2360 4087 2585 4143 Interest
2609 4096 2783 4140 autem
2809 4085 3115 4159 plurimum,
3145 4085 3315 4156 qualis
3338 4086 3552 4142 situsus
3572 4088 3652 4143 vel
3672 4103 3768 4145 ea-

2201 4193 2317 4233 rttm
2352 4194 2528 4232 rerum
2556 4192 2672 4246 qua:
2701 4189 2993 4245 prosperae,
3041 4176 3123 4230 vel
3154 4190 3336 4231 earum
3366 4193 3485 4246 qua:
3523 4177 3771 4235 dicuntur

2200 4271 2455 4326 adversar.
2484 4269 2611 4324 Nam
2644 4268 2814 4323 bonus
2843 4268 3220 4337 temporalibus
3255 4283 3354 4323 nec
3382 4269 3535 4324 bonis
3562 4272 3772 4328 extolli-

2201 4370 2318 4425 tur,
2362 4374 2459 4413 nec
2485 4358 2638 4414 malis
2665 4356 2955 4429 frangitur;
2986 4358 3155 4412 malus
3179 4367 3354 4411 autem
3384 4357 3501 4412 ideo
3526 4358 3772 4429 hujusce—

2202 4453 2347 4508 modi
2393 4450 2702 4506 infelicitate
2749 4451 3004 4521 punitur,
3050 4450 3171 4519 quia
3198 4449 3444 4504 felicitate
3471 4454 3771 4523 corrumpi-

2201 4555 2307 4599 tur.
2360 4541 2602 4598 Ostendit
2630 4550 2806 4596 tamen
2849 4541 2987 4596 Deus
3029 4554 3170 4610 sirpe
3197 4539 3354 4593 etiam
3395 4541 3447 4594 in
3483 4540 3566 4597 his
3593 4541 3773 4599 distri-

2202 4633 2427 4690 bucndis
2450 4632 2746 4688 evidentius
2768 4631 3127 4701 operationem
3177 4644 3348 4684 suam.
3380 4629 3508 4684 Nam
3545 4632 3587 4686 si
3630 4648 3772 4689 nunc

2201 4742 2361 4782 omne
2388 4731 2659 4794 peccatum
2686 4721 2963 4776 manifesta
2990 4720 3243 4788 plecteret
3272 4736 3428 4790 [neua
3453 4723 3498 4788 ',
3533 4722 3664 4778 nihil
3687 4725 3771 4779 ul-

2203 4819 2336 4871 timo
2382 4812 2585 4882 judicio
2630 4811 2833 4867 servari
2880 4816 3433 4880 putareturzrursus,
3481 4813 3526 4866 si
3571 4814 3772 4869 nullum

2203 4914 2477 4976 peceatum
2524 4916 2665 4957 nunc
2687 4902 2897 4972 puniret
2941 4909 3125 4969 aperte
3166 4899 3437 4967 Dirinitas,
3485 4903 3626 4959 nulla
3644 4899 3795 4983 esse!

2200 4993 2531 5065 providentia
2562 4992 2736 5047 divina
2763 4990 3088 5046 crederetur.
3130 4991 3385 5046 Similiter
3409 4992 3460 5046 in
3493 4994 3653 5048 rebus
3683 5010 3773 5050 se-

2202 5087 2412 5151 cundis,
2461 5085 2505 5138 si
2540 5098 2641 5138 non
2669 5098 2760 5137 eas
2805 5082 2943 5137 Deus
2970 5082 3282 5151 quibusdam
3326 5086 3626 5153 petentibus
3657 5086 3780 5140 evi-

2201 5176 2512 5235 dentissima
2556 5175 2795 5244 largitate
2821 5172 3162 5241 concederet,
3217 5189 3325 5232 nou
3382 5175 3449 5229 ad
3495 5191 3616 5232 eum
3673 5178 3773 5234 ista

2204 5271 2469 5342 pertinere
2489 5266 2784 5320 diceremus
2813 5280 2827 5316 :
2857 5263 3087 5334 itemque
3112 5266 3157 5318 si
3179 5265 3423 5321 omnilms
3459 5282 3550 5322 cas
3592 5278 3778 5337 peten-

2206 5361 2341 5414 tibus
2358 5357 2534 5420 daret,
2563 5353 2769 5407 nonnisi
2802 5362 3019 5423 propter
3040 5354 3162 5409 talia
3191 5357 3404 5425 prannia
3434 5359 3774 5417 scrxiendum

2204 5450 2278 5503 illi
2300 5460 2422 5503 esse
2444 5444 2849 5509 arbitraremur;
2895 5459 2994 5502 nec
3016 5445 3131 5515 pios
3157 5460 3254 5499 nos
3283 5444 3475 5500 faceret
3506 5447 3624 5501 talis
3668 5464 3779 5503 ser-

2268 5624 2283 5654 ι
2310 5619 2448 5669 Vind.
2460 5625 2537 5680 Er.
2555 5625 2609 5669 et
2629 5624 2756 5677 tov.,
2775 5615 2911 5669 nulli.
2937 5619 3107 5669 verius
3128 5626 3226 5668 Am.
3253 5625 3305 5668 et
3327 5625 3452 5680 uss,
3477 5616 3778 5671 ulli—God.

2204 5679 2754 5812 ωῗίῗῷῗέξξῖιρεὲνειιιν
2776 5752 2933 5805 plena.
2950 5743 3121 5791 caeteri
3135 5740 3341 5803 codices,
3358 5738 3585 5805 plecteret
3601 5752 3747 5806 me
3758 5753 3782 5800 δ

2208 5806 2403 5870 supple,
2424 5802 2668 5859 divinitas.
