4038 6492
211 326 272 384 Ἃ
1579 311 1777 367 LIBER

1909 308 2086 366 lMUS.
3401 301 3472 354 ΞΩ

221 440 362 502 ritus,
385 435 482 490 sed
513 435 698 502 potius
725 433 952 502 cupidos
971 441 1018 486 et
1043 443 1254 483 avaros.
1283 428 1406 480 llzec
1425 440 1547 479 cum
1567 423 1636 477 ita
1663 423 1789 484 sint,

177 601 182 604 Ι
219 531 523 600 quicumque
547 525 680 578 boui
709 533 764 578 et
795 523 918 578 mali
947 523 1141 592 pariter
1166 519 1346 574 aﬂlicti
1370 527 1515 584 sunt,
1547 531 1650 570 non
1672 515 1790 569 ideo

221 623 308 690 ipsi
333 617 570 672 distincti
593 631 702 668 non
735 624 882 678 sunt,
925 613 1044 682 quia
1073 610 1376 664 distinctum
1407 623 1511 662 non
1543 615 1624 661 est
1649 605 1790 674 qttod

217 710 420 780 utrique
448 707 694 775 perpessi
715 713 860 759 sunt.
903 703 1076 757 Manet
1101 701 1244 755 enim
1269 695 1642 752 dissimilitudo
1671 709 1791 764 pas-

217 816 390 856 sorum
413 799 583 852 etiam
611 797 665 850 iu
701 793 1050 850 similitudine
1075 792 1414 862 passionum;
1461 797 1516 843 et
1543 789 1664 842 licet
1691 787 1792 841 sub

217 892 400 946 eodem
427 896 721 950 tormento,
753 903 858 939 non
879 893 960 938 est
989 882 1126 936 idem
1158 881 1326 935 virtus
1351 889 1405 934 et
1421 877 1624 932 vitium.
1661 876 1792 930 Nam

217 985 342 1035 sicut
371 980 475 1034 sub
494 993 602 1031 uno
623 979 742 1047 igne
771 990 956 1029 aurum
985 973 1183 1038 rutilat,
1212 973 1359 1040 palea
1391 969 1584 1032 fumat;
1617 975 1670 1022 ct
1697 967 1796 1020 sub

217 1071 395 1126 eadem
425 1067 620 1122 tribula
649 1067 859 1135 stipula!
883 1064 1332 1124 comminuuntur,
1363 1059 1628 1112 frumenta
1669 1073 1794 1128 pur-

219 1173 400 1234 gantur
423 1179 439 1223 ;
481 1176 586 1214 nec
607 1159 727 1214 ideo
749 1173 874 1213 cum
901 1157 1020 1212 oleo
1047 1169 1260 1208 amurca
1282 1151 1642 1214 confunditur,
1673 1152 1793 1219 quia

195 1254 398 1336 tendent
431 1252 570 1322 preti
607 1251 846 1319 pondere
889 1247 1202 1317 exprimitur
1225 1259 1240 1298 :
1263 1247 1331 1298 ita
1373 1261 1474 1298 una
1503 1243 1794 1312 eademque

191 1334 292 1404 iris
319 1346 532 1398 irruens
573 1342 743 1395 bonos
790 1341 994 1408 probat,
1037 1337 1297 1407 purilicat.
1349 1337 1578 1404 eliquat;
1627 1334 1794 1386 malos

191 1423 194 1438 ’
221 1437 448 1494 (Ειιιιιιειι,
469 1429 1013 1496 vastat,estermioat.
1047 1427 1198 1483 Unde
1221 1427 1270 1479 in
1299 1425 1482 1478 eadem
1499 1422 1788 1477 alﬂictione

223 1525 338 1580 mali
371 1525 548 1578 Deum
575 1523 910 1576 detestantur
937 1532 1094 1588 atque
1121 1519 1518 1586 blasphcmant;
1555 1515 1676 1569 boni
1704 1529 1798 1565 au-

224 1627 318 1670 tem
350 1623 640 1684 precantur
663 1623 720 1667 et
743 1613 974 1665 laudant.
1012 1611 1235 1663 'l'antum
1267 1611 1506 1672 interest,
1531 1621 1635 1659 non
1662 1621 1794 1674 qua-

225 1712 302 1774 lia,
325 1709 420 1761 sed
451 1707 628 1775 qualis
657 1707 879 1774 quisque
906 1703 1149 1773 patiatur.
1189 1699 1316 1754 Nam
1351 1698 1459 1768 pari
1493 1705 1634 1750 mottt
1665 1711 1794 1750 exa-

221 1805 434 1870 gitatam
481 1809 536 1853 et
569 1797 788 1852 exhalat
833 1793 1156 1848 horribiliter
1185 1805 1419 1856 cunmm,
1465 1799 1520 1846 et
1559 1787 1796 1843 suaviter

223 1894 408 1959 fragrat
437 1897 788 1957 unguentum.

220 1999 439 2056 CAPUT
475 1998 566 2051 IX.
595 2025 666 2036 —
695 1995 770 2048 De
796 1994 962 2048 causis
997 1993 1387 2058 correptiouum.
1433 1999 1632 2060 propter
1673 2003 1796 2058 quas

519 2099 568 2143 et
594 2089 710 2142 boui
737 2101 786 2141 et
810 2087 930 2140 mali
953 2086 1138 2155 pariter
1165 2081 1514 2154 ﬂagellantur.

289 2209 334 2260 t.
363 2205 506 2272 Quid
537 2204 696 2272 igitur
739 2203 792 2256 iu
837 2201 924 2254 illa
973 2215 1150 2254 rerum
1196 2197 1438 2250 vastitate
1467 2195 1482 2226 ⁸
1510 2193 1795 2248 Christiani

225 2297 352 2364 iussi
395 2303 560 2358 sunt,
609 2291 748 2362 quod
792 2305 898 2344 non
943 2289 1020 2342 eis
1055 2285 1218 2356 magis
1257 2285 1480 2338 fideliter
1517 2283 1614 2336 ista
1657 2297 1794 2336 con-

223 2387 578 2442 siderantibus
599 2383 666 2437 ad
699 2371 1252 2450 profectum'valeret?
1277 2376 1476 2438 Primo,
1505 2373 1644 2442 quod
1676 2373 1794 2439 ipsa

223 2489 454 2546 precata,
481 2476 678 2545 quibus
705 2473 850 2526 Deus
873 2469 1170 2534 indignatus
1199 2467 1440 2532 implevit
1469 2465 1626 2518 tantis
1649 2463 1794 2516 cala-

223 2569 490 2621 micuibus
540 2563 820 2624 mundum.
873 2560 1143 2616 humiliter
1184 2559 1498 2626 cogitantes,
1553 2556 1796 2624 quamvis

223 2663 368 2729 longe
409 2658 647 2712 absinta
699 2653 1029 2718 facinorosis,
1079 2650 1349 2720 ﬂagitiosis
1400 2657 1558 2718 atque
1599 2647 1794 2714 impiis,

227 2763 390 2806 tamen
419 2767 526 2802 nott
557 2763 726 2817 usque
753 2745 886 2798 adeo
917 2759 976 2798 se
995 2759 1024 2795 a
1051 2743 1260 2796 delictis
1287 2741 1541 2808 deputant
1569 2739 1792 2800 alienos,

227 2857 276 2896 ut
316 2858 414 2896 nec
443 2837 760 2906 temporalia
807 2851 902 2906 pro
941 2835 1018 2888 eis
1047 2835 1194 2886 mala
1231 2831 1432 2900 perpeti
1467 2845 1526 2883 se
1559 2828 1798 2896 judicent

225 2934 404 3002 dignos
427 2933 472 2982 ’.
507 2931 746 2996 Excepto
763 2927 902 2980 enim
932 2923 1068 2992 quod
1097 2921 1473 2988 unusquisque,
1507 2916 1796 2986 quamlibet

227 3023 557 3077 lamlabilitm-
587 3020 770 3072 vivens
790 3058 804 3079 ,
843 3015 982 3070 cedit
1016 3015 1068 3067 in
1097 3011 1410 3082 quibusdam
1441 3009 1636 3062 carnali
1663 3023 1789 3062 cott-

225 3111 582 3182 cnpiscentim,
617 3107 716 3162 etsi
744 3123 846 3160 non
877 3105 944 3158 ad
987 3103 1278 3157 facinorum
1328 3100 1704 3152 immanitatem
1744 3106 1798 3150 et

227 3205 474 3272 gurgitem
498 3200 818 3268 ﬂagitiorum
841 3205 997 3264 atque
1020 3191 1303 3260 impietatis
1323 3189 1792 3248 abominationem,

227 3295 284 3346 ad
309 3295 486 3360 aliqua
513 3303 688 3343 tzuneu
721 3293 932 3354 peccata
958 3285 1039 3338 vel
1069 3297 1182 3336 rara
1214 3281 1296 3334 vel
1326 3288 1470 3332 tanto
1497 3277 1794 3340 crebriora,

225 3393 416 3454 quanto
439 3382 648 3434 minora
682 3397 695 3432 :
723 3377 827 3430 hoc
841 3391 966 3444 ergo
983 3381 1224 3440 excepto,
1253 3371 1371 3439 quis
1401 3369 1612 3422 tandem
1643 3365 1798 3420 facile

231 3477 506 3542 reperitur,
541 3471 628 3537 qui
654 3467 868 3522 eosdem
895 3467 1058 3534 ipsos,
1085 3472 1296 3531 propter
1323 3475 1546 3529 quorum
1578 3459 1798 3510 horren-

229 3566 340 3618 dam
363 3563 694 3632 superbiam,
723 3557 981 3610 luxuriant
1019 3565 1071 3608 et
1101 3552 1398 3613 avaritiam,
1455 3559 1612 3616 atque
1643 3561 1793 3598 exsc-

229 3657 448 3706 crabiles
473 3651 782 3720 iniquitates
800 3655 852 3700 et
874 3645 1184 3712 impietates,
1213 3641 1372 3702 Deus,
1395 3638 1532 3690 sicut
1553 3633 1799 3688 minando

233 3747 484 3814 pra-dixit,
515 3741 747 3796 conterit
775 3747 944 3792 terras
969 3735 1120 3804 (luti.
1145 3748 1290 3798 xxw,
1323 3743 1368 3784 et
1396 3729 1558 3798 alibi),
1605 3728 1682 3780 sic
1709 3727 1802 3778 ha—

233 3843 364 3898 lant.
397 3847 456 3890 ut
479 3833 710 3890 habendi
739 3831 900 3884 sunt?
925 3830 1000 3883 sic
1029 3843 1148 3880 cum
1170 3826 1247 3880 eis
1273 3825 1431 3884 vivat,
1463 3830 1518 3874 ut
1545 3834 1663 3872 cum
1686 3817 1798 3870 tali-

235 3933 322 3984 bus
343 3941 428 3984 est
455 3926 740 3980 vivendum
766 3922 788 3974 ?
819 3921 1135 3987 Plerumque
1162 3915 1303 3969 enim
1335 3913 1402 3966 ab
1423 3911 1498 3963 eis
1525 3906 1796 3968 docendis,

233 4019 602 4080 ειιιιιιοιωιηιίε,
639 4013 923 4084 aliquando
951 4010 1109 4064 etiam
1149 4001 1488 4074 objurgaudis
1531 4009 1584 4052 ct
1629 3995 1799 4050 corri-

237 4115 433 4182 piendis
461 4111 602 4162 male
617 4105 981 4161 dissimulatur
1006 4116 1020 4164 ;
1051 4100 1130 4153 vel
1157 4113 1274 4152 ciunt
1304 4094 1498 4148 laboris
1523 4093 1682 4160 piget,
1717 4089 1804 4142 vel

237 4222 351 4260 cum
373 4219 563 4258 eorum
603 4215 666 4252 os
691 4212 868 4253 coram
899 4194 922 4224 ⁵
949 4190 1366 4248 verecundanmr
1393 4185 1694 4247 oﬂ'endere;
1721 4180 1803 4234 vol

237 4313 348 4350 cum
377 4292 689 4348 inimicitias
716 4289 1028 4350 devitamus,
1071 4298 1137 4338 ne
1163 4278 1452 4348 impediant
1495 4285 1548 4329 et
1582 4282 1806 4328 noceant

240 4390 284 4440 in
317 4387 431 4439 istis
461 4380 843 4450 temporalibus
873 4375 1050 4438 rebus,
1083 4372 1195 4428 sive
1223 4384 1354 4439 quas
1378 4367 1595 4434 adipisci
1634 4357 1806 4418 adlmc

241 4478 434 4548 appetit
464 4482 647 4528 nostra
677 4467 958 4537 cupiditas,
993 4465 1105 4516 sive
1127 4475 1258 4531 quas
1287 4459 1528 4512 amittere
1561 4453 1808 4508 formidat

243 4569 518 4622 inﬁrmitas
551 4579 565 4614 :
597 4563 666 4614 ita
698 4569 772 4622 ut,
816 4554 1060 4626 quamvis
1089 4551 1242 4606 bonis
1275 4549 1380 4602 vita
1417 4545 1675 4600 malorum
1697 4543 1806 4596 dis-

245 4661 448 4728 pliceat,
478 4665 535 4710 et
562 4653 682 4706 ideo
703 4665 822 4702 cum
849 4653 928 4700 eis
949 4660 1052 4698 non
1079 4641 1312 4696 incidant
1345 4639 1394 4690 in
1419 4637 1561 4690 illam
1593 4635 1810 4686 damna-

159 4729 170 4746 ⁸
247 4755 432 4804 lienem
455 4791 470 4812 ,
499 4763 620 4816 qua:
649 4751 769 4812 post
789 4741 926 4794 hanc
949 4739 1107 4791 vitam
1128 4735 1316 4790 talibus
1335 4737 1660 4802 praeparatur
1684 4743 1697 4792 ;
1728 4735 1808 4778 ta-

249 4860 358 4898 tuen
371 4842 492 4910 quia
519 4845 802 4908 propterea
835 4829 1059 4899 peccatis
1086 4843 1267 4882 eorum
1290 4820 1676 4877 damnabilibus
1693 4833 1812 4886 par-

250 4943 383 4998 cunt,
411 4933 540 4986 dum
569 4943 665 4984 eos
691 4927 742 4978 in
773 4925 884 4978 suis
913 4922 1035 4975 licet
1059 4920 1263 4972 levibus
1301 4926 1354 4970 et
1379 4913 1671 4966 venialibus
1703 4923 1816 4962 tue-

255 5035 408 5080 tuunt.
431 5023 554 5092 jure
582 5035 704 5072 cum
735 5016 818 5070 eis
847 5011 1205 5080 temporaliter
1233 5006 1582 5074 ﬂagellentur,
1623 5015 1811 5070 quam-

255 5115 323 5166 vis
347 5115 395 5166 in
417 5123 678 5165 :rternum
707 5103 928 5159 minime
955 5102 1254 5168 puniantur.
1290 5097 1418 5150 lure
1448 5095 1600 5146 istaut
1631 5093 1812 5152 vitam,

255 5204 445 5274 quando
464 5201 728 5256 divinitus
741 5193 1044 5262 afﬂiguntur
1069 5205 1185 5244 cum
1205 5187 1304 5252 eis,
1317 5197 1545 5236 amaram
1561 5181 1813 5246 sentiunt,

249 5297 382 5366 cujus
408 5293 651 5351 amando
677 5287 1014 5344 dulcedinem
1041 5282 1380 5355 peccantibus
1406 5279 1485 5332 eis
1507 5275 1672 5330 amari
1697 5289 1819 5328 esse

240 5389 532 5444 noluerunt.

277 5549 294 5582 ι
316 5547 492 5599 μαι-οε
537 5549 660 5590 uss.
685 5567 704 5592 ,
750 5528 1028 5599 gustatione.
1051 5553 1112 5563 —
1131 5523 1438 5576 Corbeieusis
1472 5517 1566 5568 766
1586 5531 1694 5566 cum
1716 5515 1822 5566 aliis

375 5592 598 5660 iuri—bus.
631 5592 880 5660 vastitate:
945 5657 953 5660 _
975 5597 1032 5660 at.

455 5639 777 5732 ’ἑ
789 5639 1076 5732 reluctante
1091 5659 1238 5697 sensu
1264 5654 1316 5698 et
1335 5642 1531 5696 czeteris
1553 5639 1706 5690 libris.

265 5741 288 5775 τ
301 5710 789 5790 ﬂagitio-edictas
811 5710 1051 5772 ouuttﬁnt,
1071 5721 1256 5760 coram.

1969 421 2023 474 2.
2063 419 2194 474 Nam
2221 417 2266 471 si
2299 427 2574 486 propterea
2603 415 2822 485 quisque
2847 413 3186 483 ottjttrgandis
3219 421 3278 468 et
3301 413 3476 469 corri-

1903 511 2106 582 piendis
2135 510 2272 564 male
2299 509 2576 578 agentibus
2603 509 2791 576 parcit,
2821 507 2940 575 quia
2969 501 3310 574 opportunius
3337 513 3470 559 tent-

1901 617 1999 672 pus
2025 599 2260 670 inquirit,
2295 599 2378 652 vcl
2421 597 2621 652 eisdem
2671 597 2798 665 ipsis
2841 595 3046 658 metuit,
3093 611 3158 648 ne
3185 594 3476 649 deteriores

1899 709 1964 746 ex
1989 693 2089 746 hoc
2117 691 2434 755 efficiantur,
2463 689 2544 742 vel
2574 688 2640 742 ad
2671 688 2860 741 bonam
2885 686 3045 740 vitam
3087 695 3142 740 ct
3181 687 3319 755 piam
3350 701 3442 740 eru

1899 783 2122 836 diendos
2149 781 2436 850 impediant
2481 779 2613 833 alios
2655 779 2914 842 infirmos,
2955 787 3008 832 et
3049 785 3290 845 premant
3317 783 3476 845 atque

1901 881 2141 928 avertant
2165 887 2193 924 a
2235 871 2336 925 fide
2360 888 2375 934 ;
2409 886 2514 924 non
2543 871 2751 923 videtur
2775 883 2894 923 esse
2919 867 3216 935 cupiditatis
3242 866 3472 929 occasio,

1900 965 1990 1020 sed
2017 963 2295 1020 consilium
2322 963 2611 1016 charitatis.
2644 961 2770 1015 Illud
2801 969 2882 1015 est
2921 959 3196 1026 culpabile,
3224 956 3365 1026 quod
3397 958 3472 1021 bi.

1899 1057 1985 1126 qui
2017 1055 2342 1110 dissimiliter
2365 1055 2544 1108 vivunt
2571 1061 2623 1106 et
2649 1067 2679 1105 a
2705 1051 2960 1104 malorum
2987 1049 3136 1102 factis
3155 1049 3468 1106 abhorrent,

1901 1155 2122 1217 parcunt
2173 1155 2346 1199 tamen
2399 1145 2626 1213 peccatis
2663 1142 2871 1206 alienis,
2922 1155 3040 1208 qua:
3082 1137 3339 1192 dedocere
3381 1145 3474 1188 aut

1899 1235 2178 1306 objurgare
2218 1235 2491 1297 deberent,
2531 1232 2656 1286 dum
2684 1245 2864 1286 eorum
2907 1229 3225 1283 oﬂ'ensioues
3265 1235 3468 1284 cavent.

1901 1343 1966 1382 ne
1992 1327 2090 1382 sibi
2133 1334 2363 1380 noceant
2399 1325 2450 1377 itt
2479 1325 2560 1377 his
2583 1323 2760 1386 rebus,
2785 1321 2977 1390 quibus
3012 1320 3147 1373 licite
3175 1319 3292 1370 boui
3315 1327 3472 1385 atque

1900 1418 2207 1470 innocentes
2233 1423 2468 1478 utuntur,
2500 1413 2592 1467 sed
2620 1411 2858 1480 cupidius
2879 1425 3034 1480 quam
3062 1408 3334 1476 Oportebat
3354 1423 3468 1470 eos,

1899 1508 1986 1578 qui
2035 1508 2088 1561 in
2139 1507 2238 1560 hoc
2279 1505 2476 1560 tnundo
2509 1504 2908 1574 peregrinantur
2945 1509 2999 1555 et
3037 1515 3186 1569 spem
3231 1512 3470 1564 superna:

1903 1598 2082 1662 patria:
2113 1611 2221 1665 pra:
2247 1611 2304 1650 se
2329 1603 2537 1665 gerunt.
2573 1593 2684 1646 Non
2712 1593 2881 1646 solum
2912 1591 3102 1659 quippe
3133 1587 3466 1650 inﬁrmiores,

1901 1689 2060 1740 vitam
2091 1687 2346 1740 ducentes
2373 1685 2723 1754 conjugalem,
2774 1683 2910 1734 lilios
2961 1681 3214 1733 habentes
3246 1678 3324 1730 vel
3371 1679 3468 1730 ba-

1901 1780 2025 1834 bere
2050 1787 2366 1848 quaerentes,
2395 1777 2583 1831 domos
2607 1791 2668 1828 ac
2703 1773 2926 1826 familias
2957 1769 3286 1840 possidentes
3315 1769 3470 1836 (quos

1899 1871 2184 1938 Apostolus
2229 1869 2278 1922 in
2326 1867 2580 1921 Ecclesiis
2607 1863 2909 1932 alloquitur,
2950 1861 3147 1914 docens
3169 1867 3224 1912 et
3250 1871 3470 1910 tnouens

1899 1957 2342 2029 quemadmodum
2369 1958 2542 2010 vivere
2571 1955 2796 2009 debeant
2815 1963 2866 2006 et
2893 1965 3086 2004 uxores
3105 1965 3222 2002 cum
3244 1947 3466 2010 maritis,

1899 2059 1954 2104 et
1993 2050 2164 2104 mariti
2193 2064 2312 2102 cum
2341 2047 2610 2106 uxoribus,
2659 2053 2716 2098 et
2753 2044 2842 2096 lilii
2881 2055 3006 2096 cuau
3049 2037 3370 2108 parentibus,
3417 2047 3470 2089 et

1900 2149 2144 2212 parentes
2181 2155 2302 2194 cum
2347 2141 2487 2198 liliis,
2521 2146 2578 2192 ct
2603 2137 2739 2190 servi
2769 2151 2886 2190 cum
2911 2133 3161 2194 dominis,
3191 2139 3246 2186 et
3269 2129 3468 2184 domini

1898 2247 2018 2286 cum
2045 2231 2212 2286 servis
2249 2229 2464 2302 [ϐυιοεε.
2496 2244 2570 2290 ιιι,
2619 2227 2682 2280 18
2713 2223 2838 2296 22])
2863 2265 2880 2290 ,
2933 2223 3092 2278 multa
3134 2219 3464 2288 temporalia,

1901 2323 2061 2376 tnulta
2091 2332 2298 2376 terrena
2339 2319 2561 2374 libenter
2601 2317 2962 2385 adipiscuntur
2983 2323 3038 2368 et
3063 2311 3284 2366 moleste
3308 2309 3464 2364 amit-

1901 2422 2062 2478 tunt,
2113 2422 2324 2480 propter
2385 2425 2503 2478 qua:
2558 2424 2662 2460 non
2729 2406 2924 2458 andem
2989 2401 3256 2456 offendere
3293 2398 3464 2452 homi-

1901 2517 2014 2564 nes,
2059 2516 2282 2569 quorum
2339 2499 2440 2552 sibi
2503 2499 2606 2550 vita
2668 2491 3166 2550 contatniuatissitna
3227 2498 3282 2542 et
3325 2503 3450 2542 con-

1899 2592 2304 2648 sceleratissima
2343 2589 2584 2656 displicet
2621 2604 2635 2640 :
2687 2599 2868 2638 verum
2909 2583 3066 2638 etiam
3103 2580 3154 2632 hi
3181 2619 3196 2640 ,
3245 2577 3332 2648 qui
3372 2591 3464 2630 su-

1902 2685 2162 2755 periorem
2221 2683 2341 2736 vita:
2411 2679 2630 2750 gradum
2681 2684 2908 2740 tenent,
2959 2688 3057 2728 nec
3097 2668 3460 2739 conjugalibns

1901 2777 2122 2832 vinculis
2167 2775 2354 2830 irretiti
2396 2781 2538 2834 sunt,
2577 2781 2630 2825 et
2675 2771 2811 2824 victu
2854 2780 3016 2836 parvo
3054 2778 3116 2818 ac
3161 2768 3466 2830 legumento

1901 2877 2116 2921 tttuntur
2133 2868 2172 2930 ¹,
2189 2867 2499 2936 plerumque
2519 2877 2628 2916 suae
2651 2859 2802 2912 fama:
2817 2873 2878 2912 ac
2893 2854 3048 2912 Saluti
3069 2851 3400 2908 cmisulentcs
3420 2850 3462 2911 ’,

1898 2961 2022 3014 dum
2055 2958 2270 3012 insidias
2297 2965 2453 3024 atque
2495 2955 2720 3024 impetus
2753 2950 3008 3002 malorum
3049 2945 3254 3004 timent,
3279 2940 3347 2994 ab
3371 2953 3464 2994 co-

1899 3067 2014 3104 rum
2047 3046 2458 3117 reprehensione
2482 3057 2600 3096 sese
2623 3041 2906 3094 abstinent.
2941 3035 3005 3090 Et
3025 3032 3262 3102 quamvis
3282 3045 3385 3082 non
3413 3029 3464 3080 iu

1902 3149 2100 3193 tardum
2145 3152 2238 3192 eos
2285 3141 2541 3198 metuant,
2574 3140 2632 3184 ut
2662 3129 2726 3184 ad
2756 3127 2944 3182 similia
2973 3119 3318 3194 perpetranda
3343 3117 3463 3186 qui-

1901 3231 2129 3285 buslibet
2167 3241 2350 3282 eorum
2391 3221 2684 3278 terroribus
2719 3229 2878 3287 atque
2915 3209 3334 3284 improbitatibus
3371 3221 3465 3260 ce-

1899 3321 2052 3383 dant;
2082 3333 2144 3372 ea
2189 3317 2298 3385 ipsa
2343 3323 2540 3375 tamen,
2585 3325 2702 3380 qua:
2735 3323 2856 3362 cum
2893 3305 2972 3358 eis
2997 3319 3100 3356 non
3140 3306 3462 3370 perpetrant,

1901 3411 2084 3464 nolunt
2133 3409 2441 3476 plerumque
2487 3402 2778 3469 corripere,
2822 3411 2942 3450 cum
2991 3393 3214 3446 fortasse
3263 3388 3465 3458 possint

1901 3503 2104 3569 aliquos
2123 3493 2460 3566 corripiendo
2493 3493 2792 3560 corrigere;
2839 3503 2924 3550 ne,
2969 3485 3015 3540 si
3047 3499 3148 3536 non
3179 3479 3462 3550 potuerint,

1902 3609 1994 3646 sua
2045 3592 2186 3646 salus
2223 3605 2286 3643 ac
2313 3587 2450 3640 fama
2497 3586 2550 3638 in
2591 3581 2877 3651 periculum
2915 3577 3238 3642 exitiumque
3279 3585 3464 3639 perve-

1903 3685 2011 3737 niat
2034 3699 2046 3734 :
2077 3695 2174 3734 nec
2191 3695 2254 3733 ca
2279 3675 2720 3734 consideratione,
2767 3687 2866 3740 qua
2893 3683 3038 3720 suam
3071 3665 3258 3718 faniam
3295 3677 3356 3713 ac
3377 3675 3462 3712 sa-

1903 3775 2061 3826 lutem
2091 3770 2273 3824 videat
2301 3783 2420 3822 esse
2446 3762 2795 3819 necessariam
2823 3757 3030 3812 utilitati
3056 3749 3462 3806 erudiendorum

1905 3862 2208 3922 hominum;
2239 3856 2332 3912 sed
2357 3871 2420 3910 ea
2449 3855 2620 3923 potius
2641 3849 2962 3910 inﬁrmitate,
2991 3859 3092 3913 qua
3120 3841 3346 3916 delectat
3365 3837 3468 3890 lin-

1903 3969 2000 4022 gua
2047 3949 2320 4006 blandiens
2359 3955 2411 4001 et
2460 3946 2720 3998 humanus
2743 3939 2855 3994 dies
2888 3935 2929 4006 (ι
2953 3933 3072 3990 Cur.
3105 3948 3174 3996 tv,
3203 3930 3278 4000 5),
3303 3937 3356 3982 et
3383 3943 3470 3980 re-

1905 4042 2215 4098 formidatur
2255 4037 2390 4108 vulgi
2429 4035 2682 4106 judicium
2723 4037 2776 4084 et
2819 4027 2992 4082 carnis
3033 4018 3348 4078 excrucialio
3389 4017 3470 4069 vel

1907 4133 2230 4208 peremptio;
2259 4131 2360 4184 hoc
2387 4137 2488 4190 est,
2523 4133 2735 4194 propter
2759 4119 2998 4190 quaedam
3030 4111 3326 4184 cnpiditalis
3354 4111 3438 4162 vin
3457 4137 3468 4146 ι

1905 4229 2046 4291 cuia,
2074 4239 2180 4278 non
2205 4231 2418 4292 propter
2445 4217 2618 4272 ollicia
2650 4211 2944 4268 charitalis.

1979 4321 2030 4373 3.
2063 4317 2176 4370 Non
2207 4313 2332 4368 mihi
2381 4312 2554 4379 itaque
2581 4306 2788 4360 videtur
2817 4303 2928 4356 hmc
2961 4311 3116 4368 parva
3146 4309 3263 4348 esse
3290 4303 3472 4352 causa,

1909 4426 2072 4482 quare
2095 4423 2212 4462 cum
2236 4406 2388 4460 malis
2413 4403 2740 4472 ﬂagellentur
2765 4405 2818 4450 ct
2841 4393 2985 4452 boni,
3007 4387 3215 4460 quando
3235 4387 3342 4439 Deo
3365 4383 3475 4452 pla-

1909 4470 1995 4556 cet
2023 4497 2256 4569 perditos
2301 4507 2475 4548 mores
2497 4470 2674 4546 "etiam
2703 4483 3066 4554 temporalium
3097 4489 3370 4548 pinnarum
3399 4470 3476 4524 at-

1911 4561 2144 4646 ﬂictione
2184 4585 2388 4655 punire.
2437 4580 2786 4650 Flagellantur
2825 4573 2967 4628 enim
2997 4567 3174 4632 simul,
3217 4579 3320 4618 non
3356 4561 3477 4630 quia

1913 4680 2068 4738 simul
2095 4687 2256 4748 agunt
2285 4676 2476 4730 malam
2503 4675 2681 4730 vitam,
2713 4667 2803 4722 sed
2824 4665 2941 4734 quia
2963 4660 3115 4716 simul
3141 4661 3320 4712 amant
3343 4663 3474 4707 lem-

1915 4773 2145 4844 poralem
2173 4773 2366 4831 vitam;
2395 4781 2498 4820 non
2527 4762 2736 4833 quidem
2768 4755 3058 4825 :cqualiter,
3091 4749 3182 4802 sed
3213 4757 3386 4802 tamen
3410 4742 3482 4795 si-

1915 4863 2022 4916 mul
2054 4879 2068 4915 :
2095 4875 2250 4929 quam
2275 4855 2756 4912 bonicnntemncre
2773 4847 3048 4907 deberent,
3069 4849 3120 4894 ut
3149 4837 3224 4892 illi
3249 4831 3481 4900 correpti

1916 4964 2074 5021 atque
2110 4948 2332 5004 correcti
2380 4946 2828 5012 consequerentur
2878 4943 3165 4991 attentam;
3215 4923 3281 4979 ad
3321 4935 3480 4990 quam

1919 5037 2343 5108 consequendam
2371 5035 2412 5089 si
2460 5031 2661 5085 nollent
2687 5040 2806 5082 esse
2847 5023 2992 5082 socii,
3027 5017 3288 5072 ferrentur
3316 5020 3370 5065 et
3397 5009 3482 5064 di-

1919 5135 2205 5202 ligeretttur
2226 5126 2420 5182 inimici
2453 5141 2466 5177 ε
2489 5123 2629 5192 quia,
2659 5119 2828 5172 donec
2853 5115 3050 5172 vivunt,
3077 5119 3285 5174 semper
3312 5102 3486 5155 inccr-

1923 5235 2030 5278 tum
2061 5227 2143 5275 est
2182 5227 2358 5272 utrum
2386 5214 2703 5266 voluntatem
2733 5207 2837 5260 sint
2889 5203 2938 5254 in
2987 5195 3171 5250 melius
3213 5189 3484 5246 mutaturi.

1921 5295 2032 5382 Qua
2059 5313 2114 5366 in
2141 5325 2198 5364 re
2223 5323 2324 5362 non
2347 5305 2530 5374 utique
2557 5315 2756 5370 parem,
2784 5294 2876 5350 sed
2899 5293 3050 5360 longe
3075 5285 3370 5356 graviorem
3393 5280 3491 5332 Ita--

1987 5450 2004 5480 ι
2040 5441 2398 5494 vetustissimus
2419 5436 2572 5486 codex
2589 5427 2906 5494 Corbciensis,
2930 5436 2986 5472 ac
3005 5416 3489 5494 trgimrrttotttttntur:

1987 5512 2008 5542 ²
2043 5479 2609 5556 ’ὲὶιὶῐὲἱιῖὼὶὶὲἕ,⁷
2626 5479 2765 5556 abest
2796 5489 2858 5556 ab
2883 5479 2978 5532 Am.
3103 5479 3496 5556 aoJEESZ.l:?5?§f

2265 5531 3146 5622 tur,I

1926 5595 2075 5622 IIIilTDU
2097 5595 2245 5616 acuau
2265 5595 2393 5610 υνιυι
2408 5595 2418 5607 ι
2462 5595 2512 5605 ιιι.
2533 5595 2656 5618 τινα...
2677 5595 2720 5614 Ιη-
2738 5595 2748 5598 ν,
2768 5595 2805 5597 ην
2984 5595 2994 5606 Ι
3452 5595 3462 5604 υ

1926 5639 2067 5694 atque
2105 5627 2306 5694 impetus
2339 5595 2574 5694 titulorum
2590 5615 2796 5694 Διςιιιιεξηι,
2829 5608 3068 5658 referatur
3090 5601 3148 5650 ad
3171 5595 3504 5662 procedentia

1931 5672 2264 5750 iiii},
2283 5683 2486 5738 scilicet,
2501 5691 2560 5726 ac
2583 5672 2742 5726 soluti.
