4038 6474
576 333 648 392 23
1626 345 1715 402 DE
1751 346 2066 406 CIVITATE
2105 356 2231 417 Dm,
2272 354 2326 411 S.
2371 357 2729 419 AUGUSTINI
3751 392 3819 451 2.]

575 448 701 505 bent
716 463 950 517 causam,
976 452 1171 523 quibus
1197 468 1294 523 per
1324 453 1633 526 prophetam
1656 457 1869 527 dicitur,
1893 459 1992 515 Ille
2020 478 2135 531 qm-

572 542 686 594 dem
704 541 757 594 in
783 558 874 596 suo
905 553 1107 613 peccato
1128 545 1385 611 morietur,
1411 548 1704 619 sanguinem
1739 560 1903 605 autem
1938 553 2048 622 ejus
2079 554 2144 609 de

572 644 724 683 manu
752 632 1078 701 speculatoris
1102 634 1351 700 requiram
1389 633 1597 707 (Ezech.
1628 654 1813 702 xxslu,
1833 640 1909 711 6).
1934 641 2014 696 Ad
2041 642 2142 698 hoc

571 718 712 773 enim
738 722 1094 790 speculatores
1118 724 1217 793 (a),
1259 723 1360 780 hoc
1392 735 1472 782 est
1499 728 1806 797 populorum
1838 733 2138 802 prtepositi,

565 809 841 865 constituti
869 821 997 865 sunt
1039 812 1091 868 in
1136 813 1409 882 Ecclesiis,
1439 827 1497 871 ut
1556 832 1661 873 non
1706 833 1921 888 parcant
1955 824 2140 893 objur-

570 898 746 969 ganda
772 908 1002 969 peccata.
1030 901 1137 958 Nec
1166 903 1284 959 ideo
1313 913 1489 961 tamen
1514 906 1582 960 ab
1603 906 1965 977 hujuscemodi
1985 913 2139 984 culpa

570 990 779 1060 penitus
800 991 1006 1049 alienus
1041 1002 1145 1061 est,
1170 997 1282 1066 qui,
1313 997 1434 1052 licet
1467 1001 1779 1070 prtepositns
1813 1018 1918 1057 non
1956 1005 2046 1070 sit,
2084 1007 2138 1063 in

566 1080 650 1136 eis
676 1091 853 1137 tamen
881 1083 1068 1152 quibus
1094 1086 1214 1140 vitae
1242 1085 1398 1157 hujus
1439 1089 1754 1146 necessitate
1784 1094 2137 1165 conjungitur,

569 1172 734 1229 multa
764 1175 1025 1231 mouenda
1049 1177 1134 1232 vel
1161 1178 1426 1249 arguendo
1456 1180 1621 1247 novit,
1647 1192 1700 1238 et
1726 1184 1962 1255 negligit,
1987 1186 2139 1244 devi-

552 1273 684 1320 tans
723 1278 907 1321 eorum
948 1267 1268 1324 offensiones
1292 1311 1308 1337 ,
1354 1279 1570 1340 propter
1596 1272 1682 1327 illa
1725 1275 1914 1344 quibus
1956 1275 2007 1331 in
2038 1278 2138 1354 hac

563 1355 668 1409 vita
698 1371 802 1410 non
833 1356 1080 1412 indebitis
1119 1358 1302 1425 utitur,
1350 1359 1442 1415 sed
1488 1360 1605 1430 plus
1631 1379 1787 1433 quam
1827 1363 2011 1421 debuit
2035 1368 2134 1423 dc-

563 1444 807 1499 lectatur.
854 1445 1054 1502 Deinde
1100 1446 1299 1504 habent
1334 1449 1491 1505 aliam
1534 1466 1746 1507 causam
1793 1453 1937 1519 boui,
1967 1471 2134 1526 quare

563 1534 933 1602 temporalibus
960 1535 1266 1615 afﬂigantur,
1286 1538 1439 1594 malis
1456 1555 1483 1617 ;_
1518 1541 1726 1610 qualem
1766 1543 1947 1599 habuit
1982 1546 2083 1602 Job
2114 1567 2130 1604 :

562 1630 618 1676 ut
641 1623 740 1678 sibi
765 1624 875 1694 ipse
900 1624 1160 1681 humanus
1187 1628 1394 1683 animus
1416 1629 1488 1683 sit
1517 1630 1767 1699 probatus
1785 1641 1839 1687 et
1866 1635 2129 1705 cognitus,

561 1724 752 1784 quanta
778 1714 970 1773 virtute
1002 1716 1211 1786 pietatis
1237 1719 1401 1788 gratis
1430 1718 1597 1774 Deum
1624 1721 1912 1793 diligat(b).

563 1821 784 1881 CAPUT
811 1825 877 1881 Χ.
897 1855 969 1867 -
990 1826 1140 1894 Quod
1166 1827 1354 1882 sanctis
1386 1829 1439 1882 in
1462 1830 1727 1886 amissione
1744 1849 1909 1888 rerum
1933 1844 2126 1908 tempo-

1069 1915 1255 1971 ralium
1273 1917 1404 1972 nihil
1425 1928 1612 1988 pereat.

628 2027 681 2082 1.
722 2026 921 2095 Quibus
959 2036 1104 2084 recte
1143 2028 1489 2085 consideratis
1514 2040 1672 2102 atque
1697 2036 2007 2105 perspectis,
2040 2047 2125 2093 at-

558 2116 717 2173 tende
737 2129 910 2172 utrum
938 2118 1133 2189 aliquid
1170 2119 1295 2173 mali
1341 2120 1591 2176 acciderit
1628 2121 1870 2181 fidelibus
1911 2136 1966 2181 et
1998 2128 2117 2197 piis,

551 2209 693 2279 quod
725 2210 801 2264 eis
830 2226 932 2265 non
963 2211 1014 2265 in
1046 2211 1238 2266 bonum
1264 2220 1557 2268 verteretur
1587 2231 1601 2269 :
1633 2216 1733 2270 nisi
1762 2215 1901 2273 forte
1926 2229 2119 2287 putan-

550 2300 676 2353 dum
704 2307 786 2355 est
812 2301 1151 2370 apostolicam
1184 2302 1323 2356 illam
1346 2316 1534 2359 vacare
1560 2305 1898 2373 sententiam,
1917 2308 2003 2363 ubi
2023 2309 2118 2374 ait,

551 2390 750 2445 Scimus
777 2391 892 2459 quia
931 2390 1246 2460 diligentibus
1272 2389 1434 2446 Deum
1462 2393 1631 2448 omnia
1659 2407 1991 2466 cooperantur
2018 2399 2036 2431 ¹
2065 2399 2120 2453 in

551 2482 731 2536 bonum
758 2481 934 2551 (Rom.
962 2497 1078 2547 vm,
1108 2481 1223 2550 28).

619 2571 819 2646 [(ἶλρυτ
838 2570 930 2644 X.]
958 2573 1261 2629 Amiserunt
1289 2575 1465 2629 omnia
1490 2591 1608 2644 qum
1645 2575 1927 2634 habebant.
1954 2579 2118 2635 Num-

547 2665 672 2734 quid
718 2664 906 2720 fidem?
948 2663 1199 2733 numquid
1239 2665 1525 2736 pietatem?
1564 2668 1817 2738 numquid
1854 2670 2117 2729 interioris

549 2754 778 2809 hominis
814 2754 972 2821 bona,
1000 2754 1087 2826 qui
1116 2762 1199 2810 est
1242 2762 1365 2809 ante
1404 2755 1568 2811 Deum
1597 2755 1745 2812 dives
1765 2759 1810 2830 (l
1847 2758 1991 2815 Petr.
2032 2777 2111 2830 Ill,

545 2848 581 2903 4
604 2846 661 2917 )‘t
688 2846 779 2901 lla:
807 2853 928 2900 sunt
952 2860 1078 2914 opes
1120 2845 1560 2910 Christianorum,
1606 2847 1798 2918 quibus
1834 2852 2115 2920 Opulentus

542 2940 746 2994 dicebat
781 2934 1109 3008 ‘Apostslus:
1140 2934 1230 2992 Est
1254 2944 1417 2991 autem
1452 2947 1669 3007 quastus
1706 2955 1918 3010 magnus
1957 2942 2115 3011 pietas

546 3045 661 3083 cum
695 3027 1006 3100 sufﬁcientia.
1036 3025 1185 3081 Nihil
1206 3027 1338 3080 enim
1354 3027 1614 3082 intulimus
1631 3029 1682 3082 in
1698 3030 1830 3083 hunc
1850 3031 2111 3101 mundum,

544 3118 635 3172 sed
667 3135 755 3171 nec
791 3122 990 3190 auferre
1028 3116 1220 3187 aliquid
1252 3133 1515 3187 possumus
1538 3133 1557 3171 :
1590 3119 1822 3175 habentes
1845 3132 2010 3177 autem
2038 3125 2113 3179 vi-

542 3221 675 3265 ctum
697 3221 741 3264 et
770 3220 1120 3279 tegumentum,
1153 3210 1231 3264 his
1270 3209 1485 3264 contenti
1517 3209 1691 3264 simus.
1735 3210 1873 3266 Nam
1904 3215 1991 3284 qui
2025 3230 2115 3269 vo-

542 3302 651 3356 lunt
677 3301 849 3354 divites
869 3300 1000 3368 ﬁeri,
1026 3298 1252 3353 incidunt
1274 3298 1327 3353 in
1349 3299 1669 3354 tentationent
1704 3309 1751 3354 et
1774 3301 2027 3372 laqueum,
2064 3313 2113 3358 et

543 3391 789 3446 desideria
813 3389 968 3444 multa
991 3389 1146 3455 stulta
1189 3399 1235 3443 et
1269 3389 1444 3454 noxia,
1481 3405 1593 3459 qua:
1626 3402 1855 3462 mergunt
1888 3392 2112 3450 homines

544 3484 596 3536 in
624 3483 875 3536 interitum
914 3491 960 3535 et
1010 3481 1354 3549 perditionem.
1402 3480 1572 3535 Radix
1608 3490 1679 3536 est
1720 3483 1852 3537 enim
1890 3486 2112 3539 omnium

542 3578 788 3633 malorum
820 3578 1029 3632 avaritia
1050 3576 1118 3647 (c)
1150 3592 1164 3631 :
1203 3593 1355 3648 quam
1387 3578 1591 3647 quidam
1622 3587 1925 3650 appetentes.
1955 3594 1987 3630 a
2011 3578 2114 3647 ﬁde

543 3679 935 3742 permanerent,
963 3678 1009 3724 et
1029 3669 1343 3724 inseruerunt
1366 3685 1420 3724 se
1442 3669 1696 3725 doloribus
1722 3669 1947 3741 multis(|
1978 3669 2109 3724 Tim.

542 3776 617 3829 vt,
645 3759 817 3830 6—10).

614 3851 671 3907 2.
698 3851 899 3918 Quibus
934 3866 1061 3922 ergo
1102 3860 1326 3908 terrenae
1359 3851 1553 3931 divitia:
1577 3853 1628 3907 in
1657 3855 1679 3885 ¹
1709 3851 1794 3908 illa
1821 3853 2113 3909 vastatione

547 3942 836 4013 perierunt,
865 3942 907 3996 si
931 3956 1023 3997 eas
1048 3942 1124 3997 sic
1145 3941 1429 4008 habebant,
1451 3941 1892 4011 quemadmodum
1918 3943 1984 3996 ab
2011 3944 2112 3997 isto

544 4031 671 4087 foris
694 4045 945 4101 paupere,
978 4030 1119 4085 intus
1143 4030 1305 4085 divite
1325 4031 1629 4093 audierant;
1659 4028 1709 4083 id
1729 4039 1830 4094 est,
1854 4030 1896 4084 si
1914 4030 2112 4085 mundo

546 4124 847 4189 utebantur,
876 4132 1119 4192 tanquam
1156 4137 1258 4176 non
1274 4130 1481 4177 utentes
1512 4120 1554 4182 (l
1587 4118 1703 4176 Cor.
1733 4136 1822 4187 vn,
1854 4121 1982 4190 3i):
2015 4136 2112 4191 po-

545 4223 758 4269 tuerunt
786 4212 985 4278 dicere,
1010 4211 1148 4282 quod
1182 4211 1273 4266 ille
1303 4212 1531 4281 graviter
1557 4219 1783 4291 tentatus
1813 4220 1868 4267 et
1896 4212 2114 4269 minime

534 4294 862 4376 superatus:
894 4304 1076 4360 Nudus
1113 4305 1241 4359 exivi
1285 4304 1348 4357 de
1385 4312 1527 4358 utero
1559 4304 1733 4358 matris
1770 4319 1910 4370 mete,
1948 4306 2113 4359 nudus

544 4403 764 4448 revertar
781 4394 833 4447 in
858 4403 1063 4448 terram.
1106 4391 1356 4448 Dominus
1397 4393 1552 4460 dedit,
1595 4391 1840 4447 Dominus
1876 4395 2115 4460 abstulit;

545 4482 674 4536 sicut
695 4480 910 4535 Domino
936 4480 1142 4552 placuit,
1174 4482 1246 4536 ita
1273 4484 1459 4555 factum
1483 4492 1553 4537 est
1580 4497 1600 4536 :
1624 4484 1688 4537 sit
1708 4499 1884 4536 nomen
1910 4483 2116 4539 Domini

545 4569 854 4625 benedictum
879 4569 999 4644 (Job
1025 4587 1065 4637 ι,
1091 4571 1183 4643 21)
1206 4589 1221 4626 :
1248 4581 1305 4627 ut
1325 4573 1497 4627 bonus
1523 4587 1707 4627 servus
1726 4588 1941 4644 magnas
1958 4573 2116 4631 facul-

547 4670 684 4718 tates
711 4659 932 4717 haberet
971 4663 1137 4734 ipsam
1168 4663 1250 4717 sui
1291 4662 1496 4718 Domini
1526 4662 1868 4730 voluntatem,
1899 4666 1983 4720 cui
2018 4682 2113 4736 pe-

544 4750 828 4823 disseqnus
868 4760 1046 4806 mente
1089 4750 1386 4818 ditesceret,
1436 4765 1534 4806 nec
1570 4753 1997 4810 constristaretur
2034 4758 2115 4812 eis

544 4841 712 4898 rebus
737 4839 916 4895 vivens
942 4840 1157 4894 relictus
1180 4839 1224 4906 ³,
1245 4855 1375 4911 quas
1395 4840 1502 4895 cito
1530 4839 1700 4896 fuerat
1725 4843 1957 4899 moriens
1983 4844 2113 4900 relic

610 4952 627 5022 ξ
662 4951 1027 5022 ξῑριιξειὲεείωιμξ
1040 4948 1507 5022 cohaerenter-
1528 4958 1823 5018 σοορεναιιιν.

605 5012 628 5079 ξ
661 5012 794 5079 Vind.
820 5019 917 5060 Am.
940 5019 993 5060 et
1012 5019 1121 5079 μιν.
1142 5011 1383 5079 omittunt,
1405 5011 1475 5079 in.

608 5073 630 5104 ³
662 5072 736 5121 Sic
756 5079 873 5138 Itss._
891 5080 945 5122 Αι
967 5072 1112 5138 editi,
1122 5070 1303 5138 relictis
1328 5084 1346 5121 :
1370 5070 1528 5138 minus
1554 5074 1749 5138 integra
1763 5074 1845 5125 121a
1865 5075 2111 5138 antithesi,

543 5143 654 5206 quae
681 5132 1157 5206 Augustinoplacuit,
1193 5132 1858 5206 borumlerhommaivens
1889 5132 2113 5206 relictus,“

543 5192 615 5250 et,
639 5192 846 5243 moriens
866 5192 1203 5243 relicturus.—
1215 5193 1463 5242 (:odd.766
1480 5204 1532 5244 et
1552 5192 1667 5246 ωδε
1695 5196 1873 5255 ferunt,
1897 5192 2110 5257 relictus,

544 5252 660 5318 dum
693 5253 832 5302 codd.
877 5254 1122 5305 inferioris
1141 5261 1269 5304 note
1310 5267 1393 5304 nn.
1432 5255 1555 5306 eos:
1585 5264 1637 5307 et
1661 5257 1782 5309 $133
1811 5258 2011 5318 habent,
2033 5272 2110 5310 re-

543 5312 687 5443 ὰεῗιδ
706 5318 1029 5443 sarculatqu
1046 5372 1280 5443 vocabqu
1304 5381 1477 5443 exacte
1500 5378 1779 5443 translatum
1803 5385 1881 5430 est
1900 5392 2111 5443 graecum

702 5435 812 5499 pos,
834 5436 962 5499 quod
985 5435 1202 5498 pluribus
1226 5435 1397 5499 prohat
1417 5443 1464 5484 ι..
1490 5438 1651 5488 vives.

606 5496 681 5559 (ὁ)
703 5496 748 5547 S.
771 5496 1131 5561 chrysostbmus
1153 5499 1201 5547 in
1224 5496 1396 5562 Bomil.
1432 5498 1454 5546 1
1502 5499 1560 5547 ad
1602 5498 1829 5562 populum
1858 5501 2109 5551 Antioche-

541 5570 662 5609 nuos
686 5565 794 5609 ouo
812 5571 982 5609 causas
1003 5563 1257 5609 enumerat
1280 5561 1422 5609 varize
1453 5568 1506 5609 et
1535 5561 1817 5611 omnimde
1838 5570 2110 5612 sanctorum

542 5618 805 5687 gilictionis
827 5621 874 5668 in
901 5619 990 5669 hoc
1011 5620 1206 5678 mundo,
1228 5630 1349 5680 Quas
1361 5619 1604 5683 sigillatim
1629 5634 1691 5671 ex
1725 5623 1976 5687 scripturis
1996 5636 2109 5675 oon-

543 5678 719 5733 tirmat.
742 5687 989 5735 Coenus.
1248 5678 1262 5680 ’
1352 5741 1362 5752 ,
1406 5678 1431 5683 ⁷
1763 5742 1775 5754 ο

606 5742 677 5807 (c)
700 5742 828 5806 Apud
851 5742 1043 5795 Paulum
1057 5777 1071 5803 ,
1094 5742 1409 5808 philargurta.
1435 5742 1648 5809 Vulgata,
1663 5743 1916 5809 catastas.

2250 475 2447 522 cturus.
2476 470 2551 525 llli
2591 485 2768 532 autem
2798 478 3129 552 inﬁrmiores,
3159 487 3247 558 qni
3277 490 3502 550 terrenis
3530 491 3613 552 bis
3638 497 3814 569 bonis,

2247 562 2486 627 quamvis
2528 579 2588 618 ea
2637 583 2741 623 non
2788 585 3156 642 pneponerent
3200 580 3431 652 Christo,
3486 562 3813 659 aliquantula

2248 657 2421 705 tamen
2450 655 2734 722 cupiditate
2757 660 3124 732 cohazrebant;
3150 681 3401 738 quantum
3438 675 3554 733 haec
3574 655 3817 740 amando

2248 745 2601 843 peccaverint,
2629 748 2899 817 perdendo
2922 768 3221 815 senserunt.
3243 762 3469 821 Tantum
3495 771 3690 843 quippe
3711 775 3816 830 do-

2246 829 2454 929 luerunt
2481 874 2496 898 ,
2549 848 2801 907 quantum
2843 859 2903 900 se
2942 845 3212 906 doloribus
3254 829 3639 929 inseruerunt;
3678 829 3819 922 sicut

2243 919 2552 1021 Apostolum
2599 926 2797 1021 dixisse
2843 947 3003 1004 supra
3047 946 3478 1001 commemoravi.
3521 919 3817 1021 Oportebat

2242 1009 2383 1066 enim
2413 1022 2471 1068 ut
2493 1016 2573 1071 eis
2596 1017 2880 1079 adderetur
2920 1026 3080 1082 etiam
3120 1009 3606 1101 experimentorum

2243 1099 2405 1194 plina,
2433 1117 2463 1157 a
2495 1106 2686 1175 quibus
2725 1108 2898 1167 fuerat
2942 1122 3048 1170 tam
3089 1099 3462 1194 diu-neglecta
3500 1099 3813 1193 verborum.

2239 1188 2369 1289 Nam
2397 1208 2514 1289 cum
2539 1196 2671 1254 dixit
2696 1199 3001 1271 Apostolus,
3033 1205 3132 1273 Qui
3163 1188 3332 1268 volunt
3361 1215 3536 1273 divites
3561 1220 3693 1289 ﬁeri,

2239 1281 2409 1335 sidunt
2436 1284 2490 1338 in
2518 1289 2858 1359 tentationem,
2901 1305 2956 1350 et
2994 1306 3217 1366 ctetera;
3252 1301 3490 1370 profecto
3521 1281 3574 1363 in
3614 1281 3816 1369 divitiis

2237 1371 2572 1442 cupiditatem
2603 1380 2962 1450 reprehendit,
2989 1401 3094 1443 non
3138 1388 3477 1449 facultatem:
3502 1399 3595 1468 qui
3622 1400 3640 1432 ¹
3669 1415 3812 1470 ιιι-αι’

2236 1461 2377 1530 cepit
2394 1463 2543 1556 alibi,
2576 1467 2780 1535 dicens,
2807 1470 3033 1546 I’rtzcipe
3057 1476 3287 1535 divitibus
3308 1483 3461 1553 hujus
3486 1461 3686 1556 mundi,
3704 1506 3811 1547 non

2234 1553 2443 1623 superbe
2471 1572 2664 1628 sapere,
2694 1577 2851 1633 neque
2884 1580 3088 1636 sperare
3130 1570 3183 1624 in
3214 1571 3402 1629 incerto
3429 1553 3713 1648 divitiarum
3742 1585 3764 1616 ’
3784 1599 3809 1648 ς

2232 1642 2323 1694 sed
2346 1647 2398 1696 in
2418 1642 2526 1701 Deo
2554 1648 2680 1716 vivo,
2706 1653 2793 1719 qui
2808 1665 3016 1722 praestat
3037 1658 3179 1714 nobis
3204 1663 3375 1717 omnia
3396 1646 3709 1725 abundanter
3733 1642 3807 1731 ad

2232 1734 2499 1829 fruendum
2526 1737 2688 1802 ;bene
2705 1742 2913 1813 faciant,
2934 1746 3107 1803 divites
3138 1751 3236 1805 sint
3273 1753 3326 1807 in
3363 1757 3594 1825 operibus
3635 1761 3803 1829 bonis,

2230 1820 2381 1889 facile
2415 1825 2652 1895 tribuant,
2682 1835 3060 1904 communicent,
3105 1820 3436 1898 thesaurisent
3475 1847 3569 1902 sibi
3602 1820 3800 1921 funda;

2227 1922 2447 1966 utentum
2473 1915 2654 1972 bonum
2677 1920 2729 1974 in
2754 1923 3000 1991 futurum,
3031 1938 3089 1983 ut
3116 1933 3495 2000 apprehendant
3517 1915 3684 1994 veram
3717 1943 3800 1996 vi-

2228 2010 2330 2055 tam
2352 2002 2397 2073 (l
2430 2003 2559 2061 Tim.
2586 2024 2657 2076 vr,
2681 2012 2888 2085 17-19}.
2918 2016 3044 2074 Hzec
3069 2020 3157 2090 qui
3184 2022 3252 2078 de
3277 2025 3388 2081 suis
3419 2026 3682 2087 faciebant
3708 2032 3798 2088 di-

2226 2094 2387 2161 vitiis,
2419 2100 2623 2169 magnis
2661 2112 2785 2158 sunt
2828 2105 2987 2163 lucris
3030 2110 3161 2165 levia
3201 2113 3393 2171 damna
3419 2118 3576 2174 solati
3606 2137 3621 2187 ;
3649 2124 3800 2191 plus-

2224 2198 2327 2252 que
2367 2184 2525 2241 laetati
2551 2204 2617 2243 ex
2644 2189 2746 2258 his,
2779 2209 2898 2262 qua:
2930 2197 3084 2256 facile
3112 2201 3388 2260 tribuendo
3428 2209 3587 2263 tutius
3607 2184 3797 2266 serva-

2222 2284 2432 2342 verunt,
2462 2291 2619 2348 quam
2639 2283 2931 2340 contristati
2951 2302 3016 2342 es
3043 2288 3146 2357 bis,
3173 2306 3292 2361 qua:
3314 2292 3496 2351 timide
3515 2299 3795 2358 retinendo

2221 2363 2427 2421 facilius
2449 2370 2759 2427 amiserunt.
2807 2375 2919 2430 Hoc
2956 2380 3097 2434 enim
3143 2383 3314 2452 potuit
3342 2384 3394 2440 in
3425 2394 3564 2443 terra
3593 2391 3790 2460 perire,

2219 2457 2357 2547 quod
2384 2458 2550 2529 piguit
2574 2461 2696 2519 inde
2717 2466 3020 2523 transferre.
3050 2469 3180 2526 Nam
3207 2474 3296 2544 qui
3326 2457 3641 2547 receperunt
3659 2457 3795 2536 con;

2218 2546 2391 2602 silium
2419 2548 2623 2608 Domini
2648 2556 2750 2620 sui,
2789 2556 3032 2627 dicentis,
3066 2561 3238 2618 Nolite
3271 2546 3483 2622 condere
3508 2570 3643 2624 vobis
3674 2572 3790 2627 the-

2216 2653 2393 2693 sauros
2416 2639 2471 2695 in
2503 2651 2654 2708 terra,
2685 2646 2771 2700 ubi
2797 2647 2931 2702 tinea
2958 2661 3006 2703 et
3031 2652 3204 2723 rubigo
3232 2661 3579 2721 exterminant,
3621 2670 3670 2713 et
3700 2660 3791 2715 ubi

2217 2729 2354 2798 fures
2393 2731 2637 2799 effodiunt
2673 2745 2721 2790 et
2750 2740 3018 2808 furantur;
3042 2743 3129 2796 sed
3155 2744 3486 2802 thesaurisate
3513 2748 3646 2804 vobis
3669 2752 3785 2806 the-

2215 2836 2392 2875 sauros
2414 2821 2467 2875 in
2501 2821 2644 2890 celo,
2674 2841 2773 2894 quo
2801 2831 2888 2896 fur
2924 2845 3024 2883 non
3050 2833 3260 2898 accedit,
3299 2850 3457 2904 neque
3498 2836 3630 2891 tinea
3664 2854 3786 2893 cor-

2215 2912 2444 2982 rumpit:
2469 2914 2552 2969 ubi
2576 2917 2707 2970 enim
2726 2927 2799 2972 est
2826 2919 3087 2976 thesaurus
3112 2933 3249 2991 tuus,
3275 2926 3342 2979 ibi
3361 2928 3453 2980 erit
3469 2938 3514 2981 et
3535 2945 3622 2984 cor
3639 2939 3785 2985 tuum

2215 3001 2424 3070 (Matth.
2454 3020 2525 3070 vt,
2558 3006 2748 3075 19.21;
2782 3010 3130 3067 tribulationis
3158 3024 3395 3085 tempore
3429 3019 3786 3087 probaverunt

2213 3106 2370 3162 quam
2418 3106 2562 3153 recte
2602 3102 2893 3169 sapuerint,
2925 3120 3028 3159 non
3081 3109 3468 3164 contemnendo
3505 3113 3787 3168 veracissi-

2214 3203 2356 3243 mnm
2384 3200 2760 3260 praeceptorem
2790 3206 2843 3249 et
2869 3197 3098 3251 thesauri
3128 3201 3208 3253 sui
3255 3200 3615 3258 fidelissimum
3642 3204 3785 3260 invi-

2211 3280 2611 3353 ctissimumque
2653 3285 2947 3341 custodem.
2991 3287 3120 3343 Nam
3164 3290 3211 3344 si
3254 3292 3404 3346 multi
3448 3304 3568 3348 sunt
3591 3297 3779 3365 gavisi,

2214 3367 2282 3423 ibi
2318 3383 2378 3425 se
2424 3370 2668 3428 habuisse
2695 3373 2903 3431 divitias
2932 3390 3074 3441 suas,
3104 3394 3210 3448 qno
3254 3382 3473 3452 contigit
3515 3393 3571 3436 ut
3611 3384 3784 3440 hostis

2214 3475 2318 3515 non
2369 3462 2679 3531 accederet;
2720 3475 2918 3535 quanto
2959 3470 3156 3524 certius
3192 3480 3247 3526 et
3283 3473 3520 3528 securius
3547 3476 3783 3545 gaudere

2215 3559 2496 3618 potuerunt
2519 3555 2607 3624 qui
2634 3556 2836 3611 monitu
2868 3558 2959 3612 Dei
2989 3559 3070 3613 sui
3115 3561 3240 3617 illuc
3271 3562 3642 3633 migraverant,
3671 3581 3781 3636 quo

2212 3643 2465 3700 accedere
2489 3644 2510 3677 ³
2530 3648 2745 3702 omnino
2766 3663 2868 3703 non
2896 3651 3109 3720 posset?
3130 3652 3281 3709 Unde
3305 3654 3552 3711 Paulinus
3574 3667 3779 3727 noster,

2210 3734 2455 3791 Noleusis
2482 3739 2781 3809 episc0pus,
2811 3756 2874 3797 ex
2905 3744 3300 3811 opulentissimo
3324 3747 3484 3803 divite
3510 3742 3782 3807 voluntate

2214 3826 2579 3896 pauperrimus
2594 3839 2646 3883 et
2673 3831 3034 3900 copiosissime
3055 3844 3286 3901 sanctus,
3305 3838 3514 3906 quando
3534 3847 3589 3894 et
3608 3840 3776 3909 ipsam

2212 3914 2396 3970 Nolam
2427 3916 2640 3972 Barbari
2669 3929 3002 3977 vastaverunt
3027 3923 3124 3993 (a),
3155 3939 3275 3979 cum
3304 3927 3372 3980 ab
3390 3927 3469 3982 eis
3486 3938 3777 4000 teneretur,

2212 4004 2290 4056 sic
2318 4004 2368 4058 in
2397 4004 2559 4060 corde
2584 4022 2703 4074 suo,
2732 4018 2791 4063 ut
2809 4009 2877 4063 ab
2895 4026 2960 4065 eo
2996 4021 3179 4082 postea
3199 4018 3567 4086 cognovimus,
3593 4034 3779 4088 preca-

2214 4095 2367 4150 batur
2395 4114 2408 4151 :
2434 4095 2667 4161 Domine,
2698 4116 2799 4153 non
2817 4105 3071 4156 excrucier
3092 4115 3297 4175 propter
3319 4122 3500 4161 aurum
3522 4117 3569 4163 et
3592 4126 3781 4181 argen-

2215 4196 2351 4250 tum;
2380 4188 2463 4245 ubi
2486 4190 2615 4244 enim
2640 4191 2739 4245 sint
2763 4194 2931 4246 omnia
2958 4210 3087 4259 mea,
3116 4207 3170 4249 tu
3203 4199 3319 4252 scis.
3347 4196 3419 4253 lbi
3441 4201 3581 4254 enim
3610 4200 3779 4258 habe~

2213 4277 2305 4331 bat
2328 4278 2500 4337 omnia
2525 4295 2637 4343 sua,
2670 4281 2755 4336 ubi
2780 4297 2901 4337 cum
2942 4284 3172 4341 condere
3202 4298 3255 4343 et
3297 4287 3654 4345 thesaurizarc
3690 4292 3779 4348 ille

2214 4380 2596 4425 monstraverat
2617 4369 2658 4437 ⁸,
2682 4372 2768 4441 qui
2796 4383 2850 4428 et
2872 4374 2984 4430 haec
3006 4378 3139 4431 mala
3171 4380 3365 4435 mundo
3395 4391 3608 4437 ventura
3638 4400 3779 4453 pne-

2213 4459 2435 4513 dixerat.
2466 4461 2542 4514 Ac
2569 4477 2662 4531 per
2690 4463 2789 4518 hoc
2813 4466 2899 4534 qui
2929 4467 3150 4522 Domino
3178 4484 3274 4523 suo
3300 4473 3531 4527 monenti
3557 4474 3779 4531 obedie-

2214 4561 2352 4613 rant,
2382 4551 2467 4606 ubi
2490 4561 2544 4608 et
2562 4555 2827 4625 quomodo
2854 4557 3206 4614 thesaurizare
3223 4560 3496 4628 deberent,
3520 4579 3618 4620 uec
3638 4565 3780 4636 ipsas

2215 4650 2454 4697 terrenas
2480 4642 2690 4699 divitias
2731 4644 2974 4700 Barbaris
3016 4648 3401 4706 incursantibus
3441 4656 3730 4710 amiserunt
3762 4675 3777 4712 :

2214 4746 2347 4799 quos
2396 4740 2571 4786 autem
2616 4747 2720 4786 non
2764 4733 3007 4789 obedisse
3054 4736 3334 4804 pmnituit,
3383 4741 3509 4811 quid
3545 4743 3613 4798 de
3656 4745 3779 4799 tali-

2214 4821 2312 4875 bus
2353 4822 2509 4877 rebus
2548 4823 2841 4879 faciendum
2880 4836 3020 4881 esset
3038 4817 3059 4888 .’
3097 4828 3141 4881 si
3183 4845 3286 4883 non
3322 4834 3654 4901 praecedente
3695 4851 3782 4891 sa-

2216 4913 2430 4982 pientia,
2458 4922 2600 4968 certe
2624 4927 2978 4986 con~equeute
3006 4919 3326 4989 experientia
3357 4922 3670 4981 didicerunt.

2278 5135 2294 5165 ί
2332 5134 2466 5184 Vind.
2505 5143 2600 5185 Am.
2634 5141 2728 5207 ιιξιιη
2756 5147 2913 5207 qutun.
2953 5136 3033 5207 fio
3063 5137 3210 5207 etiam
3238 5136 3422 5207 habent
3452 5141 3771 5207 manuscript;

2215 5202 2421 5256 excepto
2440 5209 2538 5265 uno
2560 5205 2612 5248 et
2626 5196 2797 5259 altero,
2820 5198 2869 5246 in
2884 5197 3060 5261 quibus
3073 5197 3272 5261 legitur,
3294 5200 3356 5250 de
3373 5213 3546 5264 qua.—
3558 5196 3778 5265 M33766,

2213 5268 2379 5383 mi
2417 5263 2561 5369 tenditis
2588 5319 2803 5380 additur,
2849 5331 3076 5378 suarum:
3116 5320 3244 5383 quod
3282 5323 3423 5373 abest
3452 5335 3481 5372 a
3517 5326 3781 5376 manuscri-

2211 5379 2463 5500 Ριίξ’1³111ιῇ
2486 5439 2667 5490 accedi.
2692 5449 2747 5491 At
2764 5448 2888 5499 Mss,
2921 5440 3168 5491 accedere.

2274 5499 2297 5532 δ
2318 5508 2433 5567 1.93.
2452 5499 2515 5551 et
2534 5501 2724 5567 culices
2746 5504 2912 5567 nostri,
2935 5510 3145 5565 excepto
3162 5503 3273 5563 766,
3302 5504 3493 5567 legunt,
3515 5512 3780 5557 monuerat.

2212 5567 2296 5625 Is.
2318 5562 2411 5625 766
2428 5571 2478 5625 et
2501 5563 2723 5625 plerique
2747 5564 2882 5623 editi,
2901 5562 3265 5625 monstraverat.
3340 5562 3398 5614 ti.

2275 5622 2349 5688 (ᾳ)
2368 5622 2516 5688 Gothi
2529 5622 2753 5672 nimirum
2773 5622 2876 5674 sub
2897 5624 3083 5688 Alarico,
3095 5632 3200 5684 post
3221 5625 3457 5688 direptam
3491 5626 3673 5688 Urbem,
3692 5639 3779 5687 per

2214 5686 2445 5754 Lat_ium,\
2457 5685 2630 5743 olsoos,
2644 5688 2959 5754 Campaniam,
2980 5694 3033 5735 et
3045 5686 3320 5754 aliasttaliae
3331 5685 3602 5748 provincias
3617 5685 3778 5754 otiosi,

2216 5744 2375 5797 bolum
2408 5746 2557 5811 ipsum
2585 5744 2845 5813 Canusina:
2867 5750 3112 5801 civitatem
3132 5744 3400 5802 diruerant.
