4038 6476
232 343 298 400 ις
1379 389 1387 398 .
1600 354 1801 410 LIBER
1841 357 2111 415 PRIMUS.
3407 391 3476 448 2.;

295 456 346 509 3.
377 455 445 508 At
468 457 609 510 enim
631 461 852 526 quidam
887 461 1009 516 boni
1035 461 1192 516 etiam
1220 462 1500 518 Christiani
1527 468 1804 521 tormentis

231 548 512 606 excruciati
553 558 695 611 sunt,
727 558 789 602 ut
824 550 962 604 bona
991 566 1083 606 sua
1115 551 1352 609 hostibus
1392 557 1696 624 proderent.
1726 556 1803 611 Illi

231 651 350 690 vero
374 652 472 690 nec
499 637 749 706 prodere,
774 655 874 693 nec
901 641 1121 710 perdere
1148 651 1430 713 potuerunt
1452 645 1668 711 bonum,
1699 663 1806 717 quo

228 738 278 780 et
306 727 399 797 ipsi
451 726 576 781 boni
605 740 778 782 erant.
811 731 867 784 Si
915 741 1088 787 autem
1127 735 1380 804 torqueri,
1434 753 1589 805 quam
1639 755 1807 792 mant-

231 832 376 871 mona
408 817 704 887 iniquitatis
728 821 958 890 prodere
987 824 1310 887 maluerunt,
1355 825 1478 880 boni
1504 842 1607 882 non
1633 837 1802 882 erant.

227 908 560 961 Admoneudi
585 919 765 963 autem
804 912 1028 977 fuerant,
1065 914 1152 982 qui
1185 923 1326 968 tanta
1357 916 1688 984 patiebantur
1711 935 1804 988 pro

227 1012 369 1061 sum,
400 1009 604 1069 quanta
630 1010 813 1056 essent
841 1003 1145 1058 sustinenda
1183 1020 1280 1074 pro
1317 1005 1526 1062 Christo
1555 1027 1568 1063 :
1601 1019 1654 1062 ut
1681 1025 1802 1064 eum

231 1091 396 1156 potius
440 1091 666 1161 diligere
709 1093 996 1160 discerent,
1031 1095 1119 1163 qui
1170 1112 1264 1164 pro
1309 1111 1368 1150 se
1397 1113 1580 1166 passos
1607 1111 1803 1154 :eterna

229 1178 474 1233 felicitate
500 1181 728 1244 ditaret;
758 1198 863 1235 non
892 1197 1077 1236 aurum
1121 1193 1175 1237 et
1217 1193 1512 1254 argentum,
1567 1202 1663 1254 pro
1699 1204 1804 1256 quo

231 1269 324 1335 pati
370 1269 736 1324 miserrimum
766 1269 883 1336 fuit,
932 1288 1024 1326 seu
1072 1274 1376 1329 mentiendo
1425 1276 1800 1340 occultaretur,

228 1375 312 1413 seu
340 1377 530 1414 verum
573 1361 802 1416 dicendo
850 1363 1182 1434 proderetur.
1223 1363 1460 1434 Namque
1503 1367 1640 1421 inter
1691 1377 1804 1422 tor-

228 1458 396 1503 menta
426 1465 590 1504 nemo
614 1449 886 1508 Christum
910 1451 1211 1508 conﬁtendo
1239 1455 1417 1508 amisit
1448 1470 1464 1509 :
1509 1471 1665 1510 nemo
1703 1473 1801 1510 au-

228 1553 356 1602 rum,
388 1539 493 1592 nisi
541 1540 807 1608 negando,
839 1543 1086 1596 servavit.
1117 1542 1373 1609 Quocirca
1416 1547 1620 1600 utiliora
1651 1558 1803 1602 erant

227 1624 450 1681 fortasse
480 1636 770 1690 tormenta,
800 1645 918 1698 qua:
958 1628 1152 1682 bonum
1186 1631 1579 1700 incorruptibile
1615 1649 1802 1688 aman-

226 1717 340 1769 dum
377 1717 668 1782 docebant,
709 1734 866 1786 quam
916 1718 1003 1772 illa
1047 1719 1202 1784 bona,
1247 1737 1364 1788 qua:
1390 1724 1504 1776 sine
1545 1725 1650 1778 ullo
1689 1726 1800 1779 utili

227 1805 387 1859 fructu
443 1805 692 1859 dominos
739 1807 822 1860 sui
864 1823 1043 1862 amore
1083 1811 1415 1878 torquebant.
1454 1812 1556 1865 Sed
1584 1814 1798 1882 quidam

225 1896 376 1948 etiam
407 1909 520 1947 non
568 1894 825 1950 habentes
863 1897 1003 1965 quod
1046 1900 1350 1966 proderent,
1378 1902 1502 1955 dum
1543 1920 1645 1957 nun
1687 1922 1802 1959 cre-

225 1985 436 2050 duntur,
465 1987 590 2040 torti
618 1995 762 2040 sunt.
794 1987 861 2040 Et
897 1988 948 2040 hi
985 1988 1116 2043 forte
1157 1989 1350 2045 habere
1378 1995 1678 2062 cupiebant,
1704 2011 1802 2050 nec

223 2088 395 2131 sancta
424 2078 698 2132 voluntate
725 2093 985 2147 pauperes
1013 2089 1163 2133 erant
1191 2098 1203 2134 :
1227 2082 1415 2150 quibus
1434 2083 1802 2140 demonstran-

223 2168 338 2220 dum
368 2167 489 2230 fuit,
519 2183 624 2220 non
657 2167 948 2234 facultates,
979 2170 1068 2223 sed
1103 2171 1244 2238 ipsas
1274 2173 1585 2241 cupiditates
1609 2177 1800 2231 talibus

224 2272 332 2312 esse
379 2258 575 2327 dignas
613 2258 958 2314 cruciatibus.
999 2260 1053 2314 Si
1095 2276 1221 2314 vero
1265 2264 1496 2317 melioris
1530 2266 1650 2318 vita:
1681 2283 1802 2334 pro-

226 2348 388 2414 posito
419 2347 754 2401 reconditum
777 2363 960 2402 aurum
983 2361 1364 2420 argentumque
1389 2368 1491 2406 non
1517 2355 1797 2422 habebant,

224 2436 396 2489 nescio
436 2437 652 2505 quidem
687 2447 863 2490 utrum
907 2439 1150 2508 cuiquam
1200 2441 1383 2496 talium
1436 2444 1707 2509 acciderit,
1744 2456 1801 2500 ut

224 2529 338 2580 dum
399 2527 599 2582 habere
654 2529 928 2591 creditur,
973 2539 1308 2600 torqueretur
1356 2551 1370 2586 :
1429 2544 1795 2591 verumtamen

223 2618 420 2671 etiamsi
452 2617 663 2682 accidit,
697 2619 936 2688 profecto
969 2621 1054 2688 qui
1079 2621 1217 2676 inter
1244 2623 1332 2676 illa
1363 2633 1623 2679 tormenta
1666 2642 1797 2696 pau-

225 2719 474 2776 pertatem
518 2720 756 2762 sanctam
798 2713 1164 2776 conﬁtebatur,
1210 2712 1477 2769 Christum
1508 2718 1797 2771 confiteba-

227 2807 318 2849 tur.
349 2799 687 2867 Quapropter
711 2801 810 2854 etsi
853 2816 957 2854 non
1006 2805 1198 2857 meruit
1237 2803 1305 2858 ab
1346 2805 1586 2861 hostibus
1627 2809 1794 2874 credi,

227 2904 321 2940 non
351 2891 524 2956 potuit
565 2897 740 2944 tamen
787 2902 984 2944 sanctae
1026 2894 1349 2962 paupertatis
1386 2895 1659 2951 confessor
1681 2898 1798 2953 sine

226 2979 420 3032 cmicsti
452 2979 701 3033 mercede
729 2982 986 3048 torqueri.
1326 3002 1334 3009 -

286 3071 338 3123 4.
373 3067 516 3141 [XL]
546 3069 758 3137 Multos,
803 3072 1062 3140 inquiunt,
1090 3072 1248 3127 etiam
1273 3073 1603 3130 Christianos
1629 3075 1796 3133 fames

226 3159 462 3212 diuturna
505 3161 756 3213 vastavit.
810 3160 920 3214 lloc
980 3178 1189 3231 quoque
1224 3164 1274 3216 in
1315 3180 1440 3218 usus
1493 3180 1616 3220 suos
1673 3168 1793 3222 boni

229 3249 404 3304 ﬁdeles
433 3250 518 3316 pie
548 3247 821 3303 tolerando
847 3260 1138 3304 verterunt.
1166 3252 1308 3317 Quos
1341 3253 1480 3305 enim
1510 3255 1674 3308 fames
1703 3273 1797 3310 ne-

227 3341 377 3405 cavit,
406 3340 564 3393 malis
609 3340 729 3393 vita:
765 3338 942 3407 hujus,
977 3342 1113 3395 sicut
1152 3345 1389 3410 corporis
1415 3345 1650 3409 morbus,
1692 3347 1795 3400 eri-

227 3433 328 3498 puit
353 3447 367 3481 :
394 3444 533 3500 quos
557 3439 733 3484 autem
759 3447 862 3483 non
887 3432 1116 3497 necavit,
1150 3431 1328 3486 docuit
1365 3434 1573 3504 parcius
1596 3435 1792 3503 vivere,

225 3522 392 3576 docuit
423 3522 731 3592 productius
749 3523 1008 3592 jejuuat‘e.

225 3611 442 3669 CAPUT
465 3613 557 3668 XI.
585 3643 657 3654 —
681 3612 761 3667 De
785 3614 886 3682 ﬁne
903 3613 1188 3682 temporalis
1214 3615 1328 3669 vitm
1346 3655 1361 3681 ,
1388 3615 1488 3668 sive
1512 3615 1753 3688 longioris
1773 3657 1790 3682 ,

813 3702 914 3754 sive
935 3703 1190 3755 brevioris.

288 3791 392 3844 Sed
439 3791 585 3845 enim
638 3789 787 3843 nmlti
832 3791 988 3844 etiam
1017 3790 1295 3845 Christiani
1341 3792 1598 3848 interfecti
1627 3804 1788 3860 sunt,

225 3881 369 3933 multi
400 3881 690 3934 multarum
721 3880 969 3934 mortium
1015 3879 1150 3936 fteda
1178 3881 1430 3936 varietate
1469 3885 1788 3953 consumpti.

226 3972 328 4026 lloc
355 3973 401 4028 si
432 3988 577 4042 aegre
607 3971 886 4026 ferendum
914 3979 1028 4039 est,
1056 3973 1300 4027 omnibus
1338 3975 1426 4044 qui
1469 3975 1520 4028 iu
1545 3975 1680 4029 hanc
1709 3975 1788 4030 vi-

229 4071 330 4116 tam
363 4063 634 4131 procreati
666 4071 823 4124 sunt,
849 4062 1026 4131 utique
1073 4077 1355 4118 commune
1382 4073 1481 4118 est.
1509 4064 1618 4118 l‘loc
1643 4066 1755 4119 scio
1773 4106 1787 4133 ,

223 4155 486 4206 neminem
521 4153 681 4207 fuisse
711 4163 974 4205 ntortuum
994 4193 1010 4218 ,
1052 4155 1141 4223 qui
1172 4169 1274 4208 non
1303 4153 1476 4210 fuerat
1508 4156 1790 4225 aliquando

222 4246 531 4298 moriturus.
566 4244 713 4298 Finis
747 4254 919 4298 autem
949 4244 1066 4298 vita:
1113 4255 1217 4299 tam
1248 4246 1456 4316 longam
1477 4263 1632 4317 quam
1669 4247 1788 4305 bre-

223 4350 336 4390 rem
362 4337 529 4390 vitam
561 4335 662 4389 hoc
689 4335 826 4390 idem
853 4335 993 4390 facit.
1027 4335 1208 4406 Neque
1227 4341 1367 4392 enim
1397 4339 1536 4392 aliud
1562 4340 1748 4394 melius
1769 4379 1786 4406 ,

223 4437 273 4482 et
299 4427 441 4482 aliud
471 4426 746 4490 deterius;
775 4436 865 4479 aut
902 4427 1039 4480 aliud
1074 4427 1277 4496 majus,
1298 4436 1355 4482 et
1390 4428 1532 4483 aliud
1578 4429 1788 4486 brevius

221 4530 332 4584 est,
362 4518 507 4588 quod
551 4517 660 4586 jam
689 4518 885 4588 pariter
912 4534 1013 4571 non
1043 4527 1144 4572 est.
1171 4518 1306 4584 Quid
1331 4529 1506 4574 autem
1535 4519 1785 4588 interest,

224 4625 321 4678 quo
347 4611 541 4664 mortis
560 4625 754 4678 genere
785 4609 888 4662 vita
927 4610 1022 4662 ista
1069 4610 1282 4664 ﬁniatur
1303 4651 1319 4675 ,
1341 4611 1553 4680 quando
1592 4612 1678 4666 ille
1702 4613 1787 4668 cui

225 4699 398 4754 ﬁnitur
421 4739 436 4764 ,
469 4700 662 4754 iterum
703 4699 837 4752 mori
874 4714 976 4774 non
1002 4700 1246 4765 cogitur?
1287 4701 1419 4754 Cum
1463 4709 1636 4758 autem
1665 4703 1786 4756 uni-

224 4791 407 4860 cuique
435 4791 744 4843 mortalium
769 4789 868 4844 sub
893 4789 1213 4858 quotidianis
1241 4790 1362 4844 vitae
1393 4791 1550 4860 hujus
1575 4792 1787 4848 casibus

228 4880 638 4935 innumerabiles
695 4887 894 4933 mortes
929 4879 1319 4947 quodammodo
1369 4883 1784 4948 committentur,

229 4971 462 5038 quamdiu
496 4972 756 5026 incertum
773 4979 854 5025 est
877 5011 892 5033 ,
922 4985 1162 5039 quaenam
1201 4986 1379 5026 earmn
1425 4983 1643 5027 ventura
1685 4975 1786 5039 sit;

233 5074 394 5128 quaero
422 5071 602 5114 utrum
634 5059 802 5113 satius
840 5060 942 5122 sit,
975 5075 1129 5118 uuam
1163 5062 1360 5128 perpeti
1387 5062 1662 5116 moriendo
1682 5105 1696 5126 ,
1718 5078 1784 5118 an

230 5161 400 5204 :mnes
435 5151 626 5204 timere
657 5147 905 5202 vivendo.
955 5147 1061 5201 Nec
1107 5147 1290 5217 ignoro
1315 5166 1470 5218 quam
1517 5153 1736 5205 inertius
1766 5154 1782 5184 ¹

227 5243 432 5312 eligatur
449 5244 538 5298 diu
569 5243 756 5296 vivere
779 5241 879 5294 sub
905 5241 1091 5296 timore
1114 5250 1190 5294 tot
1215 5241 1460 5294 mortium
1483 5283 1496 5302 ,
1520 5259 1674 5311 quam
1703 5258 1786 5297 se—

227 5333 313 5385 mel
341 5332 622 5387 moriendo
658 5329 860 5385 nullam
886 5329 1134 5398 deinceps
1179 5329 1480 5384 formidare.
1509 5332 1611 5385 Sed
1642 5333 1785 5387 aliud

222 5432 289 5474 est
327 5425 457 5492 quod
497 5422 690 5479 Carnis
733 5433 923 5474 sensus
971 5419 1248 5474 inﬁrmiter
1295 5421 1512 5489 pavidus
1557 5420 1778 5492 refugit,

210 5513 331 5568 aliud
357 5516 500 5587 quod
531 5509 750 5570 mentis
791 5508 925 5561 ratio
953 5508 1230 5578 diligenter
1266 5510 1539 5563 enucleata
1561 5511 1779 5564 convin-

200 5607 260 5660 cit
326 5608 458 5664 Mala
513 5616 682 5660 mors
719 5595 952 5667 putanda
996 5614 1101 5651 non
1143 5606 1258 5666 est,
1303 5613 1460 5670 quam
1499 5599 1633 5654 bona
1677 5599 1782 5655 vita

233 5745 248 5780 t
278 5741 511 5801 αυξωηὶ
542 5743 604 5788 et
628 5740 838 5786 καλιαί»
855 5733 980 5792 Μδε.,
1000 5733 1153 5781 ciuus.

1915 476 2281 542 prmeesserit:
2315 493 2485 551 neque
2512 484 2652 540 enim
2697 485 2822 544 facit
2849 491 3040 548 malam
3082 506 3304 556 mortem
3326 543 3341 569 ,
3373 505 3472 560 nisi

1913 564 2050 651 quod
2077 571 2316 635 sequitur
2341 582 2585 631 mortem.
2635 576 2747 631 Non
2781 580 2955 651 itaque
3002 586 3224 643 multum
3273 564 3468 647 curan-

1906 650 2032 704 dum
2073 663 2155 708 est
2195 656 2307 721 eis,
2362 661 2450 728 qui
2507 668 2804 722 necessario
2858 650 3096 728 morituri
3147 687 3302 744 sunt,
3345 681 3474 750 quid

1911 743 2116 797 accidat
2156 755 2212 799 ut
2239 751 2568 818 moriantur;
2599 756 2690 810 sed
2720 760 2996 816 moriendo
3023 780 3128 834 quo
3159 767 3236 822 ire
3270 743 3471 840 cogan-

1910 842 2016 886 tur.
2043 833 2172 890 Cum
2205 837 2362 907 igitur
2392 842 2674 899 Christiani
2703 851 2945 906 noverint
2985 833 3140 924 longe
3191 833 3470 916 meliorem

1906 924 2072 982 fuisse
2095 928 2326 998 religiosi
2357 937 2602 1002 pauperis
2628 949 2849 994 mortem
2879 942 3014 997 inter
3042 945 3351 1016 ﬁngentium
3375 965 3470 1005 ca-

1907 1031 2031 1069 num
2060 1018 2263 1087 linguas
2282 1060 2297 1085 ,
2325 1036 2484 1090 quam
2515 1025 2658 1094 impii
2685 1027 2860 1083 divitis
2887 1031 2938 1085 in
2967 1047 3194 1104 purpura
3234 1050 3288 1092 et
3312 1040 3474 1110 bysso

1907 1106 2056 1177 (Luc.
2078 1125 2200 1202 su,
2227 1111 2434 1202 l9—3I);
2461 1114 2720 1172 horrenda
2743 1121 2828 1176 illa
2850 1139 3042 1192 genera
3067 1129 3318 1186 mortium
3343 1106 3472 1202 quid

1905 1198 2131 1254 mortuis
2154 1200 2431 1259 obfuerunt
2451 1246 2468 1273 ,
2489 1207 2577 1276 qui
2601 1207 2734 1264 bene
2755 1211 3024 1268 vixerunt.

1905 1328 2130 1387 CAPUT
2155 1333 2270 1389 XII.
2291 1366 2364 1376 —
2385 1337 2461 1393 De
2481 1342 2742 1409 sepultura
2781 1345 3114 1404 humanorum
3151 1368 3422 1423 corporum
3451 1401 3468 1427 ,

1974 1440 2088 1494 quae
2107 1425 2408 1486 Christianis
2442 1434 2639 1490 etiamsi
2679 1440 2830 1508 fuerit
2858 1452 3037 1512 negata
3055 1484 3072 1510 ,
3103 1446 3176 1499 nil
3201 1448 3397 1503 adimit.

1978 1558 2028 1611 l.
2058 1560 2125 1613 At
2152 1561 2294 1614 enim
2325 1563 2378 1618 in
2417 1574 2558 1621 tanta
2589 1577 2764 1640 strage
2789 1572 3102 1630 cadaverum
3129 1593 3230 1632 nec
3256 1580 3472 1648 sepeliri

1906 1658 2212 1714 potuerunt.
2234 1651 2414 1723 Neque
2438 1656 2574 1710 ismd
2602 1661 2684 1728 pia
2720 1661 2851 1716 ﬁdes
2880 1663 3098 1718 nimium
3133 1668 3465 1736 reformidat,

1907 1745 2090 1791 tenens
2128 1743 2432 1808 pmsdictum
2459 1787 2474 1810 ,
2513 1763 2610 1801 nec
2663 1749 3002 1808 absumentes
3047 1755 3238 1811 bestias
3287 1775 3468 1814 resur—

1905 1831 2124 1883 rectoris
2167 1836 2498 1915 corporibus
2522 1838 2825 1904 ohfuturas,
2866 1858 3088 1911 quorum
3131 1846 3352 1915 capillus
3381 1863 3470 1903 ca-

1906 1923 2025 1989 pitis
2057 1939 2158 1976 non
2191 1927 2381 1993 peribit
2411 1923 2520 1999 (ﬁt.
2570 1947 2694 1997 XXI,
2728 1934 2840 2004 18).
2889 1935 3042 1990 Nullo
3066 1939 3223 1992 modo
3265 1939 3470 1996 diceret

1908 2013 2109 2068 Veritas
2133 2057 2147 2080 ,
2201 2016 2376 2072 Nolite
2416 2021 2588 2076 timere
2627 2040 2710 2077 eos
2733 2027 2819 2094 qui
2843 2043 3022 2095 corpus
3051 2032 3312 2094 occidunt,
3355 2033 3470 2086 ani-

1902 2121 2034 2157 mam
2063 2117 2228 2160 autem
2276 2126 2374 2162 non
2405 2124 2613 2178 possunt
2641 2117 2864 2171 occidere
2895 2118 3104 2188 (Matth.
3136 2137 3167 2174 χ
3193 2163 3207 2182 .
3233 2122 3325 2192 28)
3351 2139 3366 2187 ;
3418 2124 3464 2178 si

1902 2197 2185 2265 quidquam
2215 2200 2426 2255 obesset
2452 2204 2641 2258 futur;e
2666 2207 2786 2260 vita:
2807 2249 2822 2271 ,
2872 2211 3127 2280 quidquid
3164 2213 3359 2268 inimici
3397 2213 3466 2270 de

1902 2291 2213 2357 corporibus
2263 2295 2557 2348 occisorum
2607 2295 2780 2354 facere
2832 2302 3138 2357 voluissent.
3168 2304 3274 2359 Nisi
3313 2303 3467 2360 ‘furte

1900 2381 2159 2449 quispiam
2213 2383 2289 2436 sic
2334 2384 2594 2440 absurdus
2637 2397 2751 2451 est,
2794 2399 2851 2443 ut
2886 2393 3168 2446 contendat
3197 2411 3322 2460 eos,
3371 2397 3460 2465 qui

1900 2484 2093 2539 corpus
2120 2473 2361 2526 occidunt
2382 2515 2397 2539 ,
2418 2491 2520 2528 non
2545 2477 2740 2530 debere
2769 2480 2935 2534 timeri
2965 2492 3086 2536 ante
3109 2493 3363 2549 mortem,
3391 2501 3460 2542 ne

1901 2576 2095 2629 corpus
2121 2564 2395 2630 occidant,
2429 2576 2482 2620 et
2513 2569 2682 2622 timeri
2712 2571 2904 2626 debere
2933 2583 3050 2642 post
3092 2585 3314 2631 mortem
3340 2619 3353 2640 ,
3396 2595 3464 2634 ne

1899 2665 2092 2717 corpus
2119 2655 2348 2707 occisum
2380 2656 2590 2724 sepeliri
2623 2675 2724 2713 non
2756 2661 2949 2716 sinant.
2982 2663 3189 2719 Falsum
3231 2677 3312 2720 est
3337 2683 3464 2738 ergo

1899 2743 2038 2807 quod
2067 2744 2138 2796 ait
2161 2743 2406 2799 Christus
2434 2789 2447 2808 ,
2482 2748 2580 2812 Qui
2595 2766 2778 2818 corpus
2807 2753 3076 2818 occidunt,
3101 2765 3146 2807 et
3175 2766 3342 2824 postea
3363 2773 3464 2811 non

1898 2831 2079 2884 habent
2121 2834 2242 2901 quid
2288 2835 2477 2902 faciant
2526 2837 2676 2903 (Luc.
2715 2856 2783 2892 xu
2807 2881 2820 2898 .
2847 2843 2934 2909 4);
2965 2844 3006 2895 si
3058 2844 3250 2898 habent
3283 2855 3460 2912 tanta,

1897 2937 2014 2986 qua:
2040 2921 2106 2975 de
2128 2923 2473 2979 cadaveribus
2500 2925 2712 2981 faciant.
2758 2931 2907 2984 Absit
2935 2942 2988 2984 ut
3019 2933 3200 2986 falsum
3231 2936 3296 2987 sit
3321 2936 3462 3003 quod

1900 3013 2106 3068 Veritas
2127 3013 2280 3069 dixit.
2311 3016 2516 3070 Dictum
2541 3027 2620 3072 est
2649 3020 2788 3072 enim
2812 3022 3004 3089 aliquid
3028 3039 3119 3076 eos
3151 3023 3320 3077 facere
3341 3041 3460 3080 cum

1897 3106 2184 3172 occidunt,
2232 3109 2351 3177 quia
2394 3109 2444 3162 in
2490 3125 2714 3178 corpore
2758 3128 2946 3167 sensus
2997 3125 3077 3168 est
3127 3115 3457 3180 occidendo;

1899 3207 2078 3266 postea
2107 3213 2236 3251 vero
2283 3199 2413 3252 nihil
2446 3201 2639 3254 habere
2681 3203 2820 3270 quod
2851 3203 3077 3266 faciant,
3124 3206 3243 3274 quia
3287 3209 3462 3262 nullus

1896 3305 2082 3343 Sensus
2127 3299 2205 3344 est
2254 3292 2304 3344 in
2334 3307 2559 3360 corpore
2588 3294 2784 3347 occiso.
2820 3295 2976 3349 Multa
3021 3297 3195 3366 itaque
3237 3313 3458 3367 corpora

1896 3377 2316 3434 Christianorum
2370 3391 2505 3435 terra
2555 3398 2657 3436 non
2702 3383 2867 3437 texit:
2897 3385 2988 3438 sed
3035 3387 3233 3439 nullum
3274 3404 3457 3442 eorum

1895 3473 2169 3541 quisquam
2198 3487 2226 3524 a
2254 3473 2391 3526 coelo
2419 3482 2472 3527 et
2503 3483 2640 3527 terra
2668 3475 2928 3543 separavit
2954 3517 2969 3540 ,
2997 3493 3151 3544 quam
3183 3487 3344 3531 totam
3369 3479 3463 3532 itu-

1899 3564 2003 3631 plet
2029 3564 2305 3632 prrcsentia
2334 3565 2452 3628 sui,
2493 3565 2581 3633 qui
2630 3567 2774 3618 novit
2819 3566 2957 3620 unde
2998 3568 3274 3621 resuscitet
3316 3569 3457 3638 quod

1894 3655 2118 3709 creavit.
2147 3655 2349 3709 Dicitur
2376 3656 2586 3723 quidem
2611 3657 2661 3709 in
2687 3657 2893 3709 Psalmo
2914 3699 2928 3719 ,
2954 3656 3236 3710 Posuerunt
3263 3669 3456 3711 morta-

1895 3744 1964 3796 lia
2011 3760 2261 3797 servorum
2312 3756 2510 3797 tuorum
2565 3762 2699 3798 (νει-(ιε
2744 3745 3026 3798 volatilibus
3073 3747 3184 3799 coeli
3211 3787 3225 3810 ,
3282 3763 3456 3800 carnes

1894 3845 2179 3888 sanctorum
2208 3844 2404 3888 tuorum
2431 3836 2596 3890 bestiis
2637 3849 2781 3889 terra:
2804 3852 2822 3890 :
2847 3836 3127 3902 e/I'uderunt
3161 3839 3456 3907 sanguinem

1892 3944 2061 3980 eorum
2083 3969 2098 3990 ,
2132 3929 2258 3981 sicut
2283 3945 2464 3996 aquam
2488 3930 2538 3983 in
2558 3931 2770 3982 circuitu
2805 3927 3122 3996 Jerusalem,
3146 3943 3191 3984 et
3220 3949 3318 3985 non
3345 3927 3453 3987 erat

1891 4018 1977 4086 qui
2001 4017 2231 4077 sepeliret
2253 4017 2420 4091 (Psal.
2453 4035 2646 4073 Lxxvm
2667 4061 2680 4083 ,
2714 4019 2748 4072 2
2773 4064 2786 4082 ,
2821 4021 2875 4090 5)
2906 4040 2918 4073 :
2947 4022 3036 4074 sed
3062 4024 3223 4088 magis
3252 4023 3314 4074 ad
3361 4038 3458 4076 ex-

1891 4108 2243 4179 aggerandam
2295 4109 2660 4163 crudelitatem
2706 4125 2887 4164 eorum
2917 4112 3002 4179 qui
3057 4113 3150 4165 ista
3182 4112 3451 4180 fecerunt,

1892 4216 1996 4252 non
2041 4200 2104 4252 ad
2132 4215 2314 4253 eorum
2361 4200 2714 4256 infelicitatem
2763 4201 2850 4270 qui
2907 4202 2999 4255 ista
3034 4203 3263 4271 perpessi
3311 4214 3453 4263 sunt.

1891 4290 2142 4356 Quamvis
2184 4289 2324 4342 enim
2364 4289 2477 4342 lucc
2515 4290 2568 4343 in
2599 4299 2883 4357 conspectu
2915 4291 3185 4344 hominum
3227 4293 3356 4345 dura
3402 4303 3456 4346 et

1890 4381 2002 4433 dira
2029 4379 2334 4443 videantur;
2366 4380 2454 4433 sed
2473 4381 2689 4448 pretiosa
2712 4382 2763 4432 in
2797 4391 3060 4446 conspectu
3085 4380 3289 4434 Domini
3324 4398 3456 4436 mors

1891 4481 2182 4524 sanctorum
2205 4473 2314 4542 ejus
2335 4470 2504 4540 (Psul.
2537 4486 2638 4525 cxv
2661 4513 2677 4535 ,
2714 4472 2820 4538 lii).
2849 4472 3074 4528 Proinde
3111 4474 3287 4527 omnia
3319 4474 3414 4528 ista
3433 4513 3451 4540 ,

1893 4565 1940 4617 id
1968 4572 2076 4627 est,
2107 4563 2308 4616 curatio
2358 4561 2558 4618 funeris
2582 4605 2597 4628 ,
2625 4563 2857 4616 conditio
2900 4566 3211 4631 sepulturas,
3263 4582 3451 4635 pompa

1890 4653 2255 4721 exsequiarum
2286 4653 2301 4683 ⁸
2327 4691 2342 4717 ,
2370 4653 2534 4722 magis
2578 4663 2698 4707 sunt
2737 4654 2972 4706 vivorum
3027 4655 3210 4709 solatia
3238 4697 3252 4720 ,
3293 4673 3452 4725 quam

1890 4743 2122 4796 subsidia
2151 4751 2496 4796 mortuorum.
2519 4743 2573 4797 Si
2603 4743 2798 4811 aliquid
2841 4745 3054 4812 prodest
3085 4747 3245 4812 impio
3269 4748 3450 4815 sepul-

1891 4842 2004 4886 tura
2038 4833 2296 4904 pretiusa,
2326 4832 2498 4886 oberit
2539 4834 2624 4901 pio
2675 4835 2788 4887 vilis
2830 4846 2920 4886 aut
2965 4836 3124 4888 nulla.
3165 4836 3452 4891 Praeclarus

1889 4925 2166 4991 exsequias
2207 4925 2257 4977 in
2285 4933 2572 4994 conspectu
2604 4923 2873 4979 hominum
2904 4927 3138 4980 exhibuit
3165 4938 3452 4996 purpurato

1891 5019 1962 5071 dli
2007 5017 2154 5071 diviti
2205 5018 2356 5071 turba
2384 5018 2698 5071 famulorum
2731 5036 2742 5071 :
2771 5018 2861 5071 sed
2907 5020 3072 5072 nmlto
3114 5020 3364 5073 clariores
3395 5021 3446 5074 in

1889 5119 2176 5177 conspectu
2226 5108 2431 5163 Domini
2459 5109 2704 5163 ulceroso
2751 5108 2822 5160 illi
2851 5109 3066 5178 pauperi
3098 5108 3446 5166 ministerium

1892 5200 2114 5268 praelmit
2137 5199 2457 5267 Angelorum
2478 5238 2493 5262 ,
2515 5199 2601 5268 qui
2632 5213 2752 5251 eum
2778 5213 2882 5250 non
2905 5197 3204 5251 extulerunt
3225 5197 3276 5251 in
3306 5214 3448 5257 mar-

1891 5303 2133 5342 tunrcum
2185 5289 2442 5342 tuumlum
2468 5327 2484 5354 ,
2515 5288 2608 5343 sed
2633 5288 2684 5341 in
2710 5287 2935 5341 Abraha:
2977 5287 3234 5356 gremium
3265 5298 3445 5343 sustu-

1889 5377 2082 5433 lerunt.

1957 5465 2011 5520 2.
2028 5465 2220 5519 Rident
2238 5464 2352 5519 hzec
2380 5465 2475 5530 illi,
2497 5474 2679 5520 contra
2700 5479 2831 5533 quos
2850 5462 3234 5520 defendendam
3261 5479 3446 5526 susce-

1887 5557 2062 5628 pimus
2087 5556 2352 5610 civitatem
2382 5555 2494 5611 Dei.
2529 5554 2896 5610 Verumtamen
2937 5557 3222 5626 sepultura:
3261 5569 3444 5616 curant

1951 5731 1968 5764 ⁸
2003 5728 2106 5782 sola
2125 5730 2270 5780 editio
2290 5706 2419 5789 tov.,
2443 5741 2630 5793 pompa:
2665 5729 3016 5793 exsequiarum.
