4038 6474
527 362 599 417 97
812 311 815 314 Ι
1546 350 1635 406 DE
1662 348 1978 406 CIVITATE
2014 346 2150 415 DEI,
2189 346 2246 402 S.
2287 345 2646 404 Al'GUSTlNl

529 474 688 531 etiam
712 484 895 527 eorum
922 465 1216 539 philosOpbi
1237 471 1672 532 contempserunt
1713 463 1790 533 (ιι)
1817 480 1831 516 :
1858 471 1915 516 et
1955 475 2099 529 saepe

531 564 764 621 universi
793 560 1087 624 exercitus,
1116 559 1241 613 dum
1266 571 1362 626 pro
1392 564 1605 610 terrena
1635 556 1803 625 patria
1830 568 2103 619 moreren-

530 667 620 712 tur
639 697 656 723 ,
691 654 778 709 ubi
804 662 984 723 postea
1023 650 1264 719 iacerent
1285 688 1301 712 ,
1327 646 1412 701 vel
1430 646 1621 716 quibus
1656 644 1840 699 bestiis
1862 658 1981 697 esca
2011 642 2104 697 ﬁe-

531 755 689 812 rent,
732 761 836 800 non
865 746 1120 797 curarunt
1147 756 1160 792 :
1188 737 1442 808 licuitque
1460 736 1528 791 de
1552 735 1656 790 hac
1682 749 1741 790 re
1764 734 1935 804 poetis
1954 733 2102 802 plau-

530 837 755 894 sibiliter
777 834 956 891 dicere
980 849 995 886 :
1236 897 1253 903 _

619 946 749 997 Caelo
775 945 975 1008 tegitur,
998 955 1084 1006 qut
1107 953 1203 991 non
1224 939 1378 989 habet
1397 948 1567 987 urnam
1591 934 1684 999 (ὁ).

530 1051 740 1119 Quanto
786 1049 964 1103 minus
1012 1043 1210 1101 debent
1251 1043 1320 1099 de
1359 1039 1673 1111 corporibus
1721 1035 1996 1106 insepultis
2021 1034 2101 1088 in-

532 1142 731 1196 sultare
754 1136 1069 1193 Christianis
1092 1176 1107 1199 ,
1150 1134 1339 1204 quibus
1360 1142 1413 1186 et
1433 1131 1599 1200 ipsius
1635 1128 1811 1184 carnis
1845 1135 1900 1182 et
1927 1140 2098 1180 mem-

531 1232 747 1286 brorum
778 1228 1015 1283 omnium
1042 1224 1350 1280 reformatio
1373 1238 1477 1276 non
1506 1222 1677 1275 solum
1705 1235 1770 1274 ex
1792 1228 1930 1272 terra
1952 1259 1967 1282 ,
1998 1231 2096 1271 ve-

535 1339 653 1377 rum
676 1321 833 1375 etiam
863 1335 927 1374 ex
971 1317 1198 1371 aliorum
1237 1315 1622 1369 elementorum
1651 1308 2007 1365 secretissimo
2029 1307 2103 1360 si-

522 1424 642 1477 Ίιιι,
669 1425 774 1480 quo
810 1409 1008 1477 dilapsa
1039 1406 1293 1460 cadavera
1334 1408 1702 1463 recesserunt,
1751 1399 1804 1452 in
1848 1396 2117 1465 temporis

534 1508 730 1571 puncto
757 1497 1023 1553 reddenda
1049 1504 1103 1549 et
1139 1491 1542 1562 redintegranda
1583 1485 2098 1559 promittitur(l(.‘or.

537 1607 637 1654 xv,
668 1589 793 1659 52)?

569 1698 793 1755 CAPUT
818 1694 955 1751 XIII.
981 1724 1052 1736 ——
1080 1693 1208 1761 Qua:
1256 1691 1320 1746 sit
1361 1689 1493 1744 ratio
1520 1696 1807 1744 sanctorum
1851 1702 2067 1757 corpora

1170 1783 1463 1855 sepeliendi.

605 1903 714 1958 Nec
756 1902 875 1956 ideo
924 1910 1099 1956 tamen
1147 1895 1530 1954 contemnenda
1568 1904 1622 1949 et
1650 1891 1942 1962 abiicienda
1980 1901 2105 1944 sunt

536 2008 759 2064 corpora
783 1992 1151 2047 defunctorum
1173 2030 1188 2055 ,
1219 1988 1553 2056 maximeque
1573 1985 1838 2054 justorum
1863 1990 2021 2050 atque
2044 1981 2104 2032 ﬁ-

536 2086 731 2138 delium
753 2124 769 2148 ,
801 2083 991 2153 quibus
1040 2093 1286 2150 tanquam
1310 2077 1522 2146 organis
1562 2086 1614 2130 et
1642 2075 1785 2130 vasis
1813 2073 1878 2128 ad
1924 2072 2102 2126 omnia

537 2174 675 2230 bona
704 2189 861 2242 opera
903 2182 1119 2228 sanctus
1160 2184 1285 2223 usus
1327 2177 1409 2224 est
1435 2166 1683 2236 Spiritus.
1713 2166 1729 2196 ¹
1765 2163 1818 2219 Si
1844 2163 1984 2218 enim
2015 2176 2104 2231 pa-

538 2272 687 2319 terna
717 2264 877 2318 vestis
904 2271 957 2316 et
989 2261 1217 2314 annulus
1237 2301 1252 2324 ,
1277 2274 1340 2312 ac
1367 2258 1409 2311 si
1432 2256 1556 2327 quid
1586 2254 1882 2325 hnjnsmodi
1907 2295 1923 2319 ,
1958 2261 2104 2306 tanto

537 2354 747 2407 charius
776 2361 853 2407 cst
880 2352 1101 2421 posteris
1125 2390 1140 2412 ,
1166 2357 1364 2419 quanto
1400 2362 1524 2417 erga
1548 2355 1795 2416 parentes
1824 2345 1991 2411 major
2028 2342 2105 2397 af-

538 2442 739 2507 fectus;
770 2444 912 2497 nullo
942 2442 1100 2495 modo
1124 2441 1234 2510 ipsa
1260 2437 1558 2508 Spernenda
1576 2444 1698 2491 sunt
1714 2451 1962 2503 corpora,
1985 2452 2105 2504 qua:

540 2534 722 2602 utique
770 2533 938 2585 multo
990 2529 1301 2584 familiarius
1346 2538 1505 2597 atque
1531 2526 1896 2595 conjuncdus,
1946 2540 2103 2593 quam

538 2625 787 2694 qua-libet
831 2623 1169 2685 indumenta,
1196 2630 1486 2689 gestamus.
1544 2617 1668 2672 llarc
1713 2616 1854 2671 enim
1904 2632 2008 2669 non
2037 2614 2104 2668 ad

539 2723 907 2769 ornamentum
932 2712 1012 2767 vel
1056 2709 1372 2780 adjutorium
1398 2707 1582 2782 ,qnod
1609 2706 1889 2761 adhibetur
1908 2707 2107 2761 extrin-

537 2818 724 2869 secus,
752 2801 843 2859 sed
864 2801 938 2855 ad
966 2803 1131 2869 ipsam
1156 2809 1394 2854 naturam
1432 2797 1658 2852 hominis
1690 2796 1970 2864 pertinent.
1999 2795 2110 2852 Un-

540 2895 610 2949 de
635 2902 688 2947 et
734 2896 1071 2961 antiquorum
1109 2891 1372 2959 justorum
1402 2888 1584 2942 funera
1629 2885 1865 2941 ofﬁciosa
1913 2886 2109 2955 pietate

541 2995 726 3040 curata
756 2994 901 3050 sunt,
929 2992 983 3038 et
1007 2980 1589 3057 exsequiaxcelebratm,
1614 2988 1668 3033 et
1690 2979 1958 3046 sepultura
1982 2992 2105 3046 pro-

542 3077 655 3131 visa
682 3074 835 3145 (Gen.
866 3090 1002 3139 xxv,
1043 3073 1097 3137 9;
1129 3087 1299 3136 xxxv,
1326 3061 1428 3132 29;
1456 3086 1506 3130 ι..
1531 3069 1691 3133 2-13,
1724 3065 1845 3139 etc.)
1871 3086 1884 3121 :
1906 3068 2109 3136 ipsique

537 3164 667 3221 dum
691 3164 961 3228 viverent,
1007 3161 1073 3216 de
1098 3158 1416 3229 sepeliendis
1441 3200 1455 3223 ,
1484 3157 1568 3210 vel
1591 3156 1750 3210 etiam
1788 3154 2108 3210 transferen-

537 3256 624 3311 dis
659 3254 770 3308 suis
817 3252 1130 3323 corporibus
1177 3249 1300 3304 ﬁliis
1347 3248 1731 3302 mandaverunt
1782 3244 1890 3316 (Id.
1937 3260 2106 3309 xcvn,

539 3347 610 3403 29
629 3388 644 3414 ,
673 3347 770 3411 30;
798 3361 859 3412 ι,
876 3345 947 3400 24
975 3345 1032 3411 );
1056 3352 1110 3399 et
1143 3341 1337 3397 Tobias
1361 3339 1667 3410 sepeliendo
1685 3351 1922 3392 mortuos
1944 3338 2108 3391 Demn

540 3437 922 3510 promeruisse,
951 3443 1085 3490 teste
1109 3432 1317 3502 angelo,
1342 3430 1746 3485 commendatur
1776 3427 1925 3500 (Tob.
1956 3443 2026 3490 ιι,
2050 3427 2106 3490 9;

541 3544 618 3584 xu
642 3568 659 3595 ,
686 3525 800 3599 12).
830 3526 947 3596 Ipse
973 3538 1183 3594 quoque
1210 3521 1463 3575 Dominus
1489 3520 1576 3574 die
1598 3518 1754 3573 tertio
1784 3525 2108 3570 resurrectu-

542 3633 638 3676 rus
655 3659 672 3683 ,
693 3617 954 3688 religiosa:
978 3613 1215 3669 mulieris
1236 3613 1430 3667 bonum
1454 3625 1588 3678 opus
1612 3606 1860 3677 pnedicat
1875 3647 1891 3671 ,
1921 3605 2111 3675 pra'di-

543 3707 878 3779 candumque
892 3703 1232 3761 commendat
1254 3745 1269 3769 ,
1293 3701 1431 3772 quod
1467 3706 1792 3770 unguentum
1822 3698 2109 3767 pretiosum

547 3812 709 3870 super
731 3798 968 3854 membra
986 3796 1100 3866 ejus
1117 3795 1393 3858 effuderit,
1413 3802 1572 3862 atque
1599 3790 1700 3845 hoc
1723 3789 1788 3843 ad
1816 3804 1935 3843 eum
1957 3803 2112 3856 sepe-

549 3889 786 3950 liendum
816 3886 1230 3957 fecerit(Matth.
1264 3883 1636 3951 xxvn,10-13)
1662 3920 1674 3933 .
1699 3879 2112 3933 Etlaudabiliter

546 3983 1034 4033 commemorantur
1079 3975 1130 4027 in
1180 3972 1464 4040 Evangelia
1509 3968 1596 4039 qui
1645 3983 1839 4037 corpus
1878 3967 1993 4036 ejus
2043 3967 2111 4021 de

545 4083 707 4126 cruce
722 4075 995 4135 acceptum
1018 4064 1296 4133 diligenter
1311 4071 1467 4130 atque
1490 4058 1781 4113 honoriﬁce
1804 4057 2109 4127 tegendum,

545 4157 1017 4229 sepeliendumque
1057 4159 1307 4208 curarunt
1327 4150 1345 4220 (
1367 4148 1521 4201 Joan.
1549 4162 1636 4201 xix
1659 4188 1674 4212 ,
1703 4145 2111 4215 38-42).Vcrnm

548 4252 666 4312 ista:
689 4248 1027 4304 auctoritates
1053 4260 1157 4300 non
1187 4243 1288 4297 hoc
1311 4241 1600 4296 admonent
1620 4242 1639 4271 ¹
1665 4279 1682 4305 ,
1712 4239 1851 4309 quod
1880 4238 2000 4292 insit
2030 4237 2110 4291 ul-

554 4341 639 4401 lus
686 4339 1032 4396 cadaveribus
1059 4351 1288 4397 sensus;
1331 4333 1424 4389 sed
1455 4333 1519 4387 ad
1557 4332 1646 4387 Dei
1688 4330 2070 4402 providentiam
2093 4371 2110 4396 ,

546 4432 632 4487 cui
657 4433 864 4501 placent
891 4430 1047 4483 etiam
1085 4427 1206 4481 talia
1234 4425 1445 4495 pietatis
1470 4422 1641 4476 ofﬁcia
1663 4461 1678 4485 ,
1720 4435 1942 4490 corpora
1974 4434 2111 4488 quo-

550 4537 656 4593 que
701 4529 1027 4574 mortuorum
1057 4517 1325 4588 pertinere
1353 4514 1650 4583 signiﬁcant
1669 4551 1683 4577 ,
1712 4519 1926 4580 propter
1960 4508 2113 4562 fidem

551 4611 959 4670 resurrectionis
1004 4607 1360 4664 astruendam.
1419 4605 1516 4661 Ubi
1561 4613 1616 4658 et
1661 4601 1787 4656 illud
1834 4600 2116 4654 salubriter

548 4705 802 4770 discitur,
830 4710 1023 4773 quanta
1075 4699 1244 4770 possit
1268 4711 1386 4752 esse
1431 4692 1789 4750 remuneratio
1829 4706 1924 4760 pro
1973 4689 2117 4744 elec-

550 4795 816 4867 mosynis,
838 4809 970 4862 quas
994 4790 1290 4846 viventibus
1318 4797 1372 4844 et
1395 4786 1749 4841 sentientibus
1773 4783 2113 4847 exhibemus,

547 4889 590 4941 si
618 4901 792 4956 nerine
822 4883 923 4938 hoc
969 4882 1106 4950 apud
1140 4881 1303 4935 Deum
1358 4878 1533 4946 perit,
1573 4874 1713 4945 quod
1740 4873 1996 4928 exanimis
2027 4871 2114 4925 ho-

550 4980 752 5034 minum
775 4974 1026 5032 membris
1042 4970 1201 5027 ofﬁcii
1221 4968 1613 5040 diligentiaeque
1632 4964 1964 5036 persolvitur.
1981 4960 2117 5018 Sunt

854 5120 885 5157 e
908 5113 961 5156 et
989 5102 1203 5155 melioris
1224 5108 1351 5156 notae
1380 5108 1509 5159 Mss...
1541 5104 1702 5150 sancte
1719 5110 1834 5147 usus
1867 5100 1937 5145 est
1970 5092 2117 5158 spiri-

610 5113 629 5143 ι
662 5110 710 5143 ΙὶΙ
715 5110 782 5143 nivi

662 5110 885 5171 Plerique
908 5113 961 5156 et
989 5110 1203 5155 melioris
1224 5110 1351 5156 notae
1374 5110 1509 5174 ptas...
1541 5110 1702 5150 sancte
1719 5110 1834 5147 usus
1867 5110 1937 5145 est
1970 5110 2115 5158 spin-

684 5173 729 5221 id
762 5177 858 5228 est,
896 5169 1002 5230 ipse
1034 5170 1274 5230 justorum
1312 5176 1497 5213 animus
1529 5169 1694 5210 sancto
1736 5170 1987 5220 corporum
2026 5168 2115 5205 usu

546 5180 623 5223 tus
643 5184 660 5220 :
684 5173 729 5221 id
762 5177 858 5228 est,
1034 5173 1274 5230 justorutn
1312 5173 1497 5213 animus
1529 5173 1694 5210 sancto
1736 5173 1987 5220 corporum
2026 5173 2115 5205 usu

547 5230 1090 5351 opyseligggseqiiji‘dam
1114 5288 1219 5351 libri
1244 5286 1408 5351 probae
1430 5290 1574 5340 notae,
1598 5293 1691 5351 non
1720 5278 1785 5328 ad
1804 5276 1909 5350 .Iwc
1948 5277 2117 5351 adura-

547 5338 865 5409 melius:
885 5338 994 5412 736,
1033 5338 1139 5400 non
1162 5338 1259 5398 hoc'
1281 5338 1897 5405 αάηιοηεηιίρτωιοιοιιιὶδδιι
1930 5338 2117 5400 vocula,

548 5415 993 5591 “(inﬁmogcnes
1003 5473 1217 5543 (unicus,
1231 5462 1837 5536 Anaxagoras,_'rheodorus
1844 5468 2116 5531 erenaaus,

551 5546 607 5590 et
625 5552 651 5587 a
692 5539 703 5550 ‘
750 5536 864 5586 Vide
893 5541 1141 5590 Senecam,
1160 5532 1242 5581 lib.
1267 5532 1332 5581 de
1352 5526 1713 5591 'l‘raixpnlhtate
1735 5536 1897 5591 animi,
1915 5532 2018 5591 cap.
2042 5518 2116 5591 ῌ,

551 5526 729 5591 οίθίίί.
750 5526 866 5586 ι·ωέ
893 5526 1141 5606 Senecam,
1160 5526 1242 5581 lib.
1254 5532 1332 5602 ,αθ
1352 5526 1713 5606 't‘fatnttillitate
1735 5526 1897 5577 animi,
2042 5526 2117 5578 14,

548 5613 601 5651 ct
632 5602 774 5662 Epist.
810 5596 901 5653 92;
941 5602 1221 5644 Ciceronem
1253 5605 1303 5641 ιιι
1332 5601 1485 5652 pruna
1516 5582 1693 5635 ruscul.
1727 5588 1902 5642 Quaest.
1943 5580 1974 5630 h
2017 5617 2029 5629 .
2057 5580 2116 5639 1,

546 5660 1007 5785 ωῗῖιΐῗιῗεέιῗίῗιὲἶιῖιι
1028 5715 1114 5764 lib.
1130 5716 1179 5772 7,
1206 5727 1253 5785 γ.
1277 5712 1387 5785 sit),
1488 5702 1935 5785 omisisiliarsaliea
1958 5713 2117 5766 pugna

547 5771 774 5852 tot-ineas,
797 5771 1087 5849 quos'cmsar
1107 5775 1322 5829 wmburi
1344 5779 1426 5823 aut
1447 5771 1633 5823 bttntari
1656 5771 1826 5819 vetuit.

3707 343 3779 403 εδ

2209 460 2420 528 quinem
2447 467 2501 514 et
2528 459 2628 512 alia
2653 500 2669 526 ,
2700 475 2818 528 quae
2843 459 3009 514 sancti
3035 457 3354 513 Patriarcha:
3371 454 3439 513 de
3459 459 3773 528 corporibus

2207 549 2318 603 suis
2345 549 2426 603 vel
2466 549 2759 604 condendis
2797 550 2879 603 vel
2922 548 3302 603 transferendis
3332 548 3641 618 prophetico
3659 548 3771 616 spi-

2206 640 2310 693 ritu
2337 640 2472 694 dicta
2497 641 2708 709 intelligi
2733 640 3041 699 voluerunt:
3062 656 3164 695 non
3190 649 3365 694 autem
3395 639 3478 694 hic
3499 640 3646 695 locus
3665 649 3773 701 est,

2206 740 2265 784 ut
2288 746 2348 784 ea
2377 740 2791 802 pertractemus,
2813 746 2932 786 cum
2961 730 3225 786 sufﬁciant
3246 732 3344 787 ista
3371 747 3488 802 qua:
3513 731 3770 785 diximus.

2206 819 2310 876 Sed
2333 822 2376 875 si
2407 837 2468 876 ea
2493 837 2613 892 qua:
2640 822 3002 876 sustentandis
3027 822 3325 878 viventibus
3373 829 3498 877 sunt
3522 836 3771 877 necessao

2205 909 2283 963 ria
2305 952 2320 974 ,
2351 911 2488 966 sicut
2512 912 2684 966 victus
2718 921 2773 966 et
2795 912 3049 976 amictus,
3080 915 3321 982 quamvis
3361 928 3478 968 cum
3514 915 3660 984 gravi
3694 912 3778 967 af-

2205 998 2436 1055 ﬁictione
2459 1000 2634 1056 desint
2652 1043 2668 1068 ,
2698 1016 2803 1056 non
2826 1002 3069 1072 frangunt
3108 1003 3160 1056 in
3184 1002 3334 1056 bonis
3364 1002 3660 1071 perferendi
3687 1011 3773 1055 to-

2207 1091 2513 1160 lerandique
2546 1094 2795 1147 virtutem
2816 1133 2832 1159 ,
2889 1109 2986 1148 nec
3014 1094 3282 1148 cradicant
3309 1110 3372 1147 ex
3399 1094 3576 1147 animo
3603 1093 3777 1162 picta--

2208 1188 2313 1234 tem
2334 1222 2349 1246 ,
2391 1183 2485 1238 sed
2535 1184 2875 1239 exercitatam
2908 1183 3106 1237 faciunt
3135 1183 3494 1238 fecundiorem
3528 1200 3542 1236 :
3572 1192 3777 1253 quanto
3848 1228 3853 1235 .

2204 1273 2400 1341 magis,
2439 1288 2558 1329 cum
2586 1274 2777 1329 desunt
2800 1290 2860 1329 ea
2888 1290 3006 1344 qua:
3048 1275 3297 1329 curandis
3337 1274 3609 1329 funeribus
3644 1290 3772 1328 con-

2204 1362 2498 1433 dendisqne
2540 1366 2852 1436 corporibus
2879 1366 3246 1420 defunctorum
3275 1365 3517 1421 adhiberi
3563 1366 3769 1431 solent,

2207 1470 2310 1507 non
2342 1454 2577 1508 efﬁciunt
2604 1456 2828 1509 miseros
2859 1456 2909 1509 in
2935 1455 3158 1510 occultis
3180 1455 3384 1524 piorum
3421 1456 3635 1511 sedibus
3660 1455 3771 1524 jam

2204 1546 2453 1613 quietos?
2495 1547 2572 1599 Ac
2595 1562 2687 1615 per
2716 1546 2818 1600 hoc
2840 1586 2854 1610 ,
2886 1546 3095 1614 quando
3133 1548 3232 1600 ista
3253 1547 3601 1602 mdaveribns
3619 1546 3774 1601 Chri-

2205 1634 2493 1688 stianorum
2519 1636 2569 1689 in
2592 1637 2677 1689 illa
2698 1651 2898 1706 magna:
2912 1638 3076 1700 urbis,
3101 1637 3184 1690 vel
3202 1638 3360 1692 etiam
3383 1637 3603 1692 aliorum
3621 1638 3773 1707 oppi-

2205 1725 2393 1780 dorum
2414 1729 2707 1782 vastatione
2730 1728 3040 1793 defueruut;
3072 1744 3168 1784 nec
3196 1729 3436 1783 vivorum
3466 1731 3619 1799 culpa
3654 1739 3770 1792 est.

2204 1818 2293 1886 qui
2325 1834 2429 1872 non
2460 1829 2745 1886 potuerunt
2771 1821 2867 1874 ista
2898 1822 3137 1892 pnebere
3160 1862 3174 1885 ,
3221 1837 3318 1877 nec
3348 1837 3503 1893 pmna
3531 1832 3772 1877 mortuo—

2206 1924 2323 1962 rum
2348 1950 2363 1975 ,
2394 1910 2482 1980 qui
2507 1926 2609 1965 non
2640 1921 2856 1981 poswnt
2881 1912 2978 1966 ista
3008 1913 3227 1967 sentire.

2204 2042 2430 2099 CAPUT
2484 2043 2773 2099 XlV.—De
2798 2046 3079 2115 captivitate
3103 2055 3418 2112 sanctorum,
3444 2047 3619 2116 quibus
3646 2063 3778 2100 mm—

2555 2150 2703 2202 qaam
2731 2134 2898 2188 divina
2927 2135 3109 2189 solatia
3129 2135 3418 2206 defuerunt.

2276 2261 2382 2319 Sed
2415 2263 2587 2329 multi,
2618 2263 2861 2333 inquiunt
2884 2305 2898 2328 ,
2924 2264 3207 2318 Christiani
3234 2265 3393 2319 etiam
3414 2265 3606 2336 captivi
3631 2265 3777 2321 ducti

2207 2362 2351 2407 sunt.
2382 2352 2493 2407 lloc
2518 2368 2645 2408 sane
2670 2355 3023 2408 miserrimum
3050 2364 3152 2421 est,
3176 2356 3220 2409 si
3249 2356 3426 2426 aliquo
3449 2356 3566 2411 duci
3591 2367 3779 2426 potue-

2207 2453 2352 2511 runt,
2368 2443 2454 2498 ubi
2476 2445 2637 2499 Deum
2663 2460 2814 2499 suum
2835 2462 2936 2499 non
2952 2447 3285 2502 invenerunt.
3307 2447 3437 2504 Sunt
3465 2449 3516 2503 in
3539 2448 3777 2519 Scriptu-

2210 2534 2281 2588 ris
2323 2535 2522 2589 sanctis
2544 2536 2698 2603 hujus
2724 2536 2882 2590 etiam
2904 2537 3071 2592 cladis
3104 2554 3289 2608 magna
3312 2540 3517 2593 solatia.
3542 2540 3780 2595 Fuerunt

2208 2625 2261 2680 in
2289 2627 2592 2697 captivitate
2622 2637 2730 2684 tres
2757 2628 2921 2698 pueri,
2953 2629 3048 2683 fuit
3076 2629 3280 2695 Daniel,
3313 2629 3523 2685 fuerunt
3540 2632 3625 2684 alii
3657 2648 3781 2701 pro-

2210 2720 2421 2789 phette:
2475 2735 2573 2776 nec
2622 2721 2759 2775 Deus
2805 2720 2972 2775 defuit
3015 2721 3335 2775 consolator.
3384 2721 3474 2777 Sic
3516 2738 3643 2793 ergo
3671 2739 3776 2777 non

2208 2808 2442 2864 deseruit
2473 2810 2657 2865 ﬁdeles
2706 2825 2833 2865 suos
2871 2811 2970 2865 sub
3014 2811 3372 2866 dominatione
3417 2813 3588 2882 gentis
3612 2854 3628 2879 ,
3654 2813 3781 2869 licet

2211 2898 2468 2966 barbam,
2502 2908 2677 2956 tamen
2710 2899 2951 2955 humanae
2976 2940 2991 2967 ,
3024 2901 3112 2971 qui
3138 2900 3450 2971 pmpbetam
3480 2918 3582 2955 non
3615 2902 3777 2958 dese-

2209 2992 2313 3045 ruit
2342 3006 2442 3046 nec
2466 2992 2518 3046 in
2547 2993 2836 3047 visceribus
2862 2993 3050 3048 bellua:
3109 2993 3127 3064 (
3159 2993 3308 3047 Iona:
3341 3010 3375 3046 ιι
3403 2992 3443 3064 ).
3492 2992 3612 3048 Haec
3640 3011 3778 3063 quo-

2210 3097 2313 3151 que
2337 3081 2435 3148 illi,
2465 3097 2585 3137 cum
2611 3083 2801 3153 quibus
2829 3084 3034 3153 agimus
3062 3126 3076 3150 ,
3112 3084 3319 3140 malunt
3344 3086 3562 3140 irridere
3582 3126 3598 3150 ,
3620 3101 3781 3156 quam

2210 3173 2428 3227 credere
2456 3190 2470 3225 :
2507 3173 2594 3243 qui
2645 3184 2817 3227 tamen
2865 3174 2914 3228 in
2943 3174 3051 3228 suis
3072 3175 3261 3229 litteris
3285 3174 3507 3230 credunt
3532 3177 3782 3232 Arionem

2209 3262 2635 3333 Methymnaeum,
2667 3263 3049 3320 nobilissimum
3092 3264 3415 3319 citharistam
3440 3306 3455 3331 ,
3483 3281 3601 3319 cum
3639 3276 3785 3320 esset

2211 3352 2451 3421 deiectus
2477 3368 2508 3408 e
2537 3352 2682 3418 navi,
2716 3363 2993 3422 exceptum
3020 3352 3252 3423 delphini
3272 3353 3432 3409 dorso
3457 3395 3472 3420 ,
3497 3365 3550 3409 et
3577 3355 3641 3408 ad
3669 3363 3781 3410 tero

2211 3458 2298 3497 ras
2313 3458 2432 3498 esse
2455 3452 2761 3513 pervectum
2786 3444 2883 3515 (α).
2915 3444 3110 3500 Verum
3137 3445 3263 3501 illud
3288 3452 3524 3500 nostrum
3552 3447 3617 3502 de
3645 3445 3780 3500 Jona

2215 3534 2468 3604 propheta
2496 3535 2859 3590 incredibilius
2886 3543 2986 3589 est.
3019 3535 3181 3590 Plane
3226 3536 3588 3590 incredibilius
3609 3578 3624 3602 ,
3653 3538 3779 3607 quia

2212 3625 2503 3679 mirabilius
2527 3641 2542 3690 ;
2571 3635 2625 3680 ct
2657 3625 2972 3692 mirabilius,
3003 3625 3124 3695 quia
3150 3627 3433 3696 potentius.

2212 3737 2435 3793 CAPUT
2481 3737 2749 3792 XVI—De
2773 3737 2963 3809 Regulo
2987 3779 3002 3803 ,
3026 3738 3078 3790 in
3102 3754 3200 3807 quo
3227 3737 3544 3806 captivitatis,
3581 3736 3641 3791 ob
3667 3740 3783 3792 reti.

2280 3832 2481 3902 gionem
2508 3831 2655 3883 etiam
2695 3838 2872 3899 sponte
2912 3829 3217 3894 tolerandae,
3261 3839 3422 3882 exstat
3462 3827 3784 3898 exemplum:

2282 3924 2417 3993 quod
2429 3932 2595 3977 tamen
2622 3922 2699 3976 illi
2735 3921 2854 3975 deos
2876 3922 3057 3975 colenti
3082 3921 3316 3989 prodesse
3337 3937 3436 3975 non
3458 3923 3637 3992 potuit.

2284 4057 2337 4111 1.
2371 4054 2576 4109 Habent
2605 4063 2774 4108 tamen
2804 4053 2889 4107 isti
2913 4051 3298 4122 decaptivitatc
3327 4052 3594 4122 religionis
3620 4067 3782 4107 causa

2214 4149 2373 4204 etiam
2406 4156 2596 4217 sponte
2622 4144 2892 4199 toleranda
2922 4153 2977 4199 et
3005 4145 3055 4197 in
3084 4146 3195 4198 suis
3237 4144 3505 4214 przrclaris
3528 4143 3657 4198 viris
3681 4160 3785 4198 no-

2216 4242 2529 4297 bilissimum
2582 4238 2900 4307 exemplum.
2975 4236 3181 4292 Marcus
3236 4236 3451 4291 Attilius
3502 4236 3782 4306 Regulus,

2217 4334 2509 4403 imperator
2542 4329 2719 4398 populi
2770 4328 2992 4385 Romani
3019 4368 3034 4395 ,
3085 4328 3323 4397 captivus
3344 4326 3481 4396 apud
3511 4328 3786 4397 Carthagio

2216 4434 2410 4478 nenses
2441 4420 2535 4474 fuit
2561 4418 2656 4493 (ὁ).
2684 4418 2782 4485 Qui
2807 4434 2927 4473 cum
2954 4418 3053 4472 sibi
3083 4417 3296 4471 mallent
3328 4431 3358 4469 a
3379 4416 3633 4471 Romanis
3656 4431 3786 4471 suos

2217 4513 2392 4578 reddi,
2422 4526 2579 4581 quam
2609 4524 2791 4565 eorum
2810 4518 2992 4563 tenere
3015 4508 3269 4577 captivos,
3292 4506 3356 4560 ad
3381 4506 3480 4560 hoc
3499 4506 3789 4576 impetrau—

2216 4604 2341 4661 dnm
2391 4605 2552 4661 etiam
2602 4602 2758 4656 istum
2814 4599 3079 4672 prmeipue
3126 4597 3384 4667 Regulum
3436 4614 3558 4653 cum
3601 4598 3789 4670 legatis

2216 4700 2327 4754 suis
2355 4699 2579 4753 Romam
2609 4695 2868 4749 miserunt
2892 4733 2908 4758 ,
2934 4691 3372 4762 priusjuratione
3416 4693 3785 4759 constrictum,

2218 4789 2261 4844 si
2286 4788 2427 4858 quod
2453 4786 2699 4841 volebant
2725 4783 2943 4839 minime
2969 4783 3261 4855 peregisset
3290 4823 3305 4847 ,
3348 4783 3643 4837 rediturum
3665 4799 3787 4839 esse

2217 4880 2610 4949 Carthaginem.
2640 4876 2877 4932 Perrexit
2903 4875 3010 4938 ille,
3040 4884 3198 4943 atque
3228 4875 3280 4927 in
3308 4884 3494 4928 senatu
3521 4880 3788 4929 contraria

2218 4971 2522 5044 persuasit,
2550 4968 2800 5039 quoniam
2844 4980 2950 5021 non
2997 4964 3349 5020 arbitrabatur
3372 4963 3500 5019 utile
3528 4980 3647 5020 esse
3672 4963 3805 5021 ΒΟ·-

2281 5203 2353 5313 (tl?
2394 5199 2577 5251 Arionis
2589 5208 2649 5245 ex
2671 5190 2951 5252 Methymna,
2975 5186 3110 5260 tesbl
3133 5184 3302 5235 insulae
3324 5186 3513 5260 oppido,
3539 5187 3792 5264 eitharmdt

2281 5280 2328 5313 iu
2349 5278 2428 5313 am
2449 5259 2638 5313 scripsit
2671 5251 2937 5313 Herodotus
2960 5248 3079 5313 Itbth
3100 5255 3332 5313 Musarum
3352 5260 3517 5309 pnmo,
3550 5260 3689 5313 capp=
3708 5249 3790 5309 2ο,

2218 5248 2440 5317 {atillam
2449 5259 2638 5319 scripsit
2658 5248 2938 5319 νιιοινοίξοιιιξ
2960 5248 3079 5319 libro
3100 5249 3517 5319 Musarumprimo,
3536 5260 3689 5319 capp:
3708 5249 3790 5309 25,

2218 5308 2434 5380 iii'nifc
2448 5308 2639 5371 (avidius
2653 5314 2874 5372 quastis,
2894 5309 3017 5359 libro
3027 5308 3072 5370 Ξ,
3085 5322 3215 5359 vers.
3231 5309 3294 5360 80
3302 5308 3359 5359 et
3368 5321 3508 5373 seqq.
3524 5316 3574 5356 Α.
3590 5308 3789 5371 cclbus,

2219 5391 2304 5442 ilb-
2331 5387 2408 5444 ίθδ
2431 5396 2537 5445 caP-
2566 5380 2639 5429 ιθ·
2990 5438 3048 5447 φ.
3077 5444 3093 5447 ,
3116 5439 3145 5447 -.

2284 5430 2669 5513 (ώὶξδὲὼιιιεηο
2696 5430 3361 5513 λιαέίἮιΞιΞθὲὶὲἓξιάίὲξέ
3384 5433 3792 5513 ’δίὲἒξέἓηὲἕὲτρί

2222 5491 2688 5575 ιιεξιίιὶἶιῗειυινὶιιιιί,
2722 5498 2803 5562 qui
2830 5491 2980 5559 primo
3017 5493 3191 5567 [fumeo
3227 5491 3361 5541 bello
3401 5491 3569 5541 consul
3598 5506 3710 5541 cum
3740 5500 3791 5543 ι..

2222 5572 2394 5607 mnun
2418 5565 2620 5607 vnlsnma
2642 5567 2852 5607 creatus.
2878 5562 3149 5605 exet-eitum
3172 5566 3221 5601 in
3258 5553 3455 5602 Africam
3478 5559 3793 5604 Romanorum

2221 5565 2394 5623 Manlio
2418 5565 2620 5616 volsone
2642 5567 2852 5617 creatus,
2878 5565 3149 5605 exercitum
3172 5566 3221 5601 in
3258 5565 3455 5602 amcam
3479 5565 3789 5604 uomatmmm

2222 5635 2405 5690 ντίωιιδ
2417 5627 2623 5690 mles“-
2637 5631 2689 5674 οι
2700 5624 2762 5690 ιιι)
2780 5619 3175 5690 Mlaaserius
3185 5613 3789 5690 βξιφθῖοεῖεξνυηιβιφςιξμιι

2243 5650 2405 5683 trimus
2418 5650 2623 5690 trajecit.
2637 5650 2689 5674 υι.
2700 5650 2761 5671 au
2781 5650 3060 5669 υυσιιυυοω
3080 5650 3174 5688 ..νυ
3186 5650 3307 5686 ματη..
3319 5650 3414 5663 ων.
3428 5650 3513 5663 ...η
3528 5650 3579 5661 ι..
3590 5650 3789 5687 “una.”

2222 5650 2309 5745 lib.
2327 5694 2377 5752 ϐ,
2398 5704 2504 5752 cap.
2527 5688 2583 5752 4-;
2611 5686 2861 5752 Appianus,
2883 5679 2947 5728 de
3136 5684 3337 5738 Fumus,
3352 5688 3456 5739 cap.
3494 5675 3545 5738 4,
3571 5673 3793 5740 Polybius

2226 5737 2309 5812 iii"):
2336 5737 2513 5817 7,81).
2530 5737 2609 5810 29,
2640 5737 2692 5799 ei
2713 5745 2792 5795 alii
2815 5737 3057 5806 permulti.
