4038 6502
188 386 250 444 29
1613 380 1812 439 LIBER
1853 379 2119 438 PRIMUS.
3433 401 3506 457 κο

197 514 364 557 mante
386 499 745 572 reipublicae
765 511 974 558 mutare
994 499 1250 570 captivos.
1271 496 1380 553 Nec
1406 503 1524 567 post
1545 496 1680 549 hanc
1700 509 1822 564 per-
1928 511 2045 551 mus
2069 494 2368 553 hominibus
2381 500 2781 569 quigloriantur
2795 503 2952 559 talem
2971 519 3030 560 se
3047 505 3292 564 habuisse
3307 510 3500 578 civem,

205 592 515 648 suasionem
539 607 574 646 a
598 594 728 649 suis
747 595 818 649 ad
841 594 1020 649 hostes
1047 591 1220 646 redire
1245 587 1551 658 compulsus
1578 596 1658 642 est
1680 602 1696 652 ;
1725 584 1817 640 sed

217 684 351 757 quod
371 683 674 754 iuraverat
695 686 738 751 ⁸,
768 686 820 740 id
848 693 1033 754 sponte
1059 681 1362 750 complevit.
1392 679 1458 732 At
1487 677 1564 732 illi
1585 691 1705 731 eum
1735 689 1820 730 ex-

228 776 461 847 cogitatis
511 784 692 846 atque
753 774 1036 830 horrendis
1089 771 1408 827 cruciatibus
1465 775 1815 823 necaverunt.

234 867 485 923 Inclusum
516 865 733 935 quippe
753 872 978 934 angusto
1019 864 1160 932 ligno
1182 902 1199 928 ,
1231 860 1319 914 ubi
1348 870 1490 915 stare
1516 866 1816 926 cogeretur,

246 961 497 1028 clavisque
521 958 862 1012 acutissimis
886 955 1115 1025 undique
1137 952 1368 1013 confixo,
1387 960 1444 1004 ut
1469 965 1530 1004 se
1547 949 1597 1002 in
1621 948 1818 1002 nullam

249 1051 351 1118 ejus
376 1049 733 1119 partcmsine
758 1047 933 1115 pinnis
959 1044 1307 1099 atrocissi'mis
1331 1041 1630 1102 inclinaret,
1655 1038 1816 1092 etiam

247 1138 501 1209 vigilando
547 1147 897 1207 peremerunt
923 1138 966 1188 ².
995 1135 1180 1189 Merito
1205 1141 1350 1188 certe
1397 1131 1614 1185 laudant
1658 1130 1821 1183 virtu-

249 1242 344 1284 tem
374 1239 483 1282 tam
513 1243 708 1295 magna
740 1225 1051 1280 infelicitate
1108 1223 1385 1291 majorem.
1437 1221 1503 1274 Et
1548 1234 1644 1288 per
1690 1217 1820 1271 deos

247 1325 330 1378 ille
350 1323 654 1391 iuraverat,
689 1335 918 1388 quorum
949 1317 1092 1371 cultu
1122 1316 1142 1346 ⁸
1171 1313 1440 1387 prohibito
1468 1353 1483 1377 ,
1516 1311 1611 1366 has
1637 1309 1816 1380 generi

247 1415 480 1466 immane
521 1411 704 1465 clades
730 1411 812 1463 isti
854 1409 1139 1477 cpinantur
1187 1404 1369 1472 inlligi.
1403 1401 1500 1469 Qui
1525 1416 1654 1470 ergo
1694 1414 1817 1468 pro-

244 1514 424 1574 pterea
467 1503 806 1566 colebantur,
837 1512 891 1553 ut
918 1501 1070 1555 istam
1091 1499 1250 1551 vitam
1283 1511 1587 1565 prosperam
1631 1493 1819 1549 redde-

245 1609 377 1664 rent,
407 1598 455 1653 si
487 1612 672 1651 verum
695 1595 895 1665 jnranti
919 1593 1015 1647 has
1046 1591 1260 1660 irrogari
1301 1603 1483 1657 poenas
1512 1603 1607 1641 seu
1638 1585 1820 1638 volne-

243 1699 363 1743 rnut
389 1730 406 1754 ,
439 1703 537 1742 seu
589 1687 945 1755 permiserunt
977 1725 992 1747 ,
1044 1683 1168 1752 quid
1203 1682 1414 1751 periuro
1459 1681 1672 1748 gravius
1699 1677 1816 1731 irati

244 1782 416 1833 facere
438 1777 768 1848 potuerunt?
791 1776 894 1830 Sed
917 1791 1012 1830 cur
1036 1791 1140 1828 non
1163 1773 1614 1828 ratiocinationem
1645 1785 1815 1823 meam

243 1871 414 1941 potius
444 1869 514 1923 ad
566 1878 850 1936 utrumque
877 1865 1229 1920 concludam?
1278 1864 1410 1917 Deos
1438 1871 1584 1916 certe
1626 1861 1701 1913 sic
1731 1859 1818 1912 ille

241 1962 401 2015 coluit
431 2001 446 2023 ,
496 1967 558 2013 ut
606 1967 823 2028 prepter
843 1955 1190 2027 jurisjurandi
1215 1954 1368 2008 iidem
1397 1967 1495 2006 nec
1520 1959 1819 2006 remaneret

243 2053 290 2104 in
312 2051 485 2120 patria
506 2089 522 2113 ,
557 2065 658 2103 nec
685 2048 807 2102 inde
833 2047 1072 2116 quolibet
1094 2045 1173 2100 ire
1201 2086 1217 2112 ,
1262 2044 1355 2099 sed
1377 2044 1442 2098 ad
1472 2058 1599 2097 suos
1623 2042 1817 2096 acerri-

242 2155 353 2194 mos
380 2141 633 2194 inintiCns
663 2139 839 2192 redire
879 2137 1094 2190 tnittime
1153 2134 1438 2189 dubitaret.
1489 2133 1599 2187 Hoc
1625 2134 1667 2187 si
1691 2132 1812 2187 huic

240 2233 356 2284 vita:
384 2231 522 2285 utile
546 2230 901 2294 existimabat,
925 2228 1074 2296 cujus
1105 2235 1208 2280 tam
1256 2224 1575 2280 horrendum
1616 2224 1814 2278 exitum

243 2324 430 2377 meruit
461 2362 479 2387 ,
534 2321 718 2388 procul
744 2319 906 2373 dubio
935 2317 1230 2372 fallebatur.
1279 2315 1387 2371 Suo
1415 2317 1607 2385 quippe
1633 2314 1816 2368 docuit

241 2414 506 2481 exemplo,
539 2411 668 2465 nihil
707 2411 837 2465 deos
861 2409 924 2462 ad
957 2409 1106 2463 istam
1135 2407 1478 2476 temporalem
1511 2407 1814 2460 felicitatem

241 2507 345 2560 suis
375 2504 638 2574 prodesse
663 2501 956 2556 cultoribus
1004 2518 1018 2554 :
1063 2499 1484 2570 quandoquidem
1517 2498 1604 2552 ille
1626 2512 1812 2552 eorum

244 2599 450 2652 deditus
478 2596 670 2662 cultui,
699 2605 753 2648 ct
782 2597 952 2647 victus
972 2602 1025 2646 et
1050 2593 1287 2660 captivus
1311 2591 1586 2655 abductus,
1613 2599 1665 2644 et
1690 2589 1812 2658 quia

241 2689 401 2742 noluit
423 2688 584 2741 aliter
611 2701 767 2756 quam
790 2699 886 2753 per
909 2699 1002 2738 eos
1023 2683 1293 2751 jnraverat
1317 2679 1489 2735 facere
1512 2721 1530 2746 ,
1583 2693 1722 2733 novo
1750 2693 1814 2734 ac

243 2779 378 2846 prius
417 2776 664 2831 inaudito
691 2776 1016 2842 nimiumque
1046 2772 1284 2826 horribili
1327 2771 1566 2840 supplicii
1613 2784 1811 2840 genere

240 2873 498 2925 cruciatus
528 2869 826 2923 exstinctus
853 2875 952 2920 est.
972 2866 1026 2920 Si
1055 2874 1230 2918 autem
1256 2863 1478 2919 deorum
1500 2863 1671 2917 cultus
1691 2873 1812 2932 post

241 2963 367 3016 hanc
388 2963 552 3015 vitam
604 2961 752 3013 velut
801 2956 1097 3012 mercedem
1143 2955 1316 3010 reddit
1359 2955 1682 3020 felicitatem,
1713 2973 1810 3011 cur

239 3054 627 3107 calumniantur
674 3049 1001 3118 temporibus
1046 3046 1350 3102 christianis
1376 3087 1391 3110 ,
1423 3046 1544 3100 ideo
1571 3045 1810 3102 dicentes

239 3143 356 3200 Urbi
374 3141 641 3197 accidisse
658 3141 797 3194 illam
817 3139 1184 3202 calamitatem,
1203 3138 1323 3207 quia
1336 3137 1466 3191 deos
1489 3151 1614 3192 suos
1633 3137 1810 3193 colere

240 3235 451 3295 destitit.
475 3249 602 3286 cum
624 3231 857 3301 potuerit
879 3231 1036 3284 etiam
1067 3228 1181 3282 illos
1205 3227 1603 3297 diligentissime
1626 3228 1807 3282 colens

239 3336 336 3380 tam
366 3325 554 3380 infelix
598 3324 712 3378 heri
739 3362 756 3388 ,
792 3338 950 3392 quam
995 3321 1080 3376 ille
1107 3321 1361 3390 'Regulus
1386 3320 1517 3375 fuit?
1539 3320 1647 3375 Nisi
1674 3322 1807 3376 forte

237 3429 412 3473 contra
442 3417 794 3473 clarissimam
820 3415 1093 3469 veritatem
1125 3406 1264 3467 tanta
1290 3413 1562 3482 quisquam
1589 3412 1806 3468 demen-

239 3512 302 3563 tia
347 3511 502 3564 mirte
556 3507 812 3561 caecitatis
855 3505 1131 3569 obnititur,
1165 3514 1222 3558 nt
1249 3503 1568 3558 contendere
1615 3505 1806 3560 audeat

237 3602 534 3655 universam
563 3598 829 3652 civitatem
851 3596 978 3650 deos
1002 3595 1260 3650 colentem
1278 3593 1538 3649 infelicem
1560 3609 1677 3650 esse
1699 3611 1804 3650 non

238 3708 424 3762 posse,
471 3706 637 3745 unum
664 3705 793 3744 vero
834 3688 1097 3741 hominem
1141 3701 1329 3756 posse;
1373 3686 1513 3757 quod
1562 3686 1806 3743 videlicet

238 3786 461 3853 potentia
516 3783 740 3837 deorum
789 3795 1006 3835 suorum
1063 3780 1257 3834 multos
1291 3779 1467 3848 potius
1504 3779 1574 3833 sit
1615 3779 1802 3834 idonea

234 3889 550 3929 conservare
569 3914 586 3940 ,
626 3887 782 3942 quam
833 3868 1106 3940 singulos;
1136 3884 1256 3924 cum
1287 3868 1564 3924 multitudo
1595 3879 1804 3924 constet

232 3980 292 4018 ex
309 3963 556 4033 singulis.

291 4057 344 4110 2.
374 4058 431 4110 Si
459 4064 642 4109 autem
667 4053 849 4108 dicunt
875 4051 946 4106 M.
976 4051 1231 4121 Regulum
1263 4051 1421 4106 etiam
1449 4051 1500 4106 in
1530 4052 1615 4106 illa
1636 4052 1804 4122 capti-

232 4147 390 4201 vitate
411 4146 626 4215 illisque
651 4142 972 4198 cruciatibus
997 4143 1252 4211 corporis,
1269 4142 1430 4196 animi
1461 4145 1653 4198 virtute
1678 4143 1803 4198 bea-

229 4247 332 4290 tum
382 4251 508 4290 esse
570 4235 843 4303 potuisse;
894 4234 1058 4289 virtus
1109 4235 1283 4304 potius
1323 4250 1449 4290 vera
1497 4245 1798 4305 quaeratur,

227 4343 324 4394 qua
348 4327 508 4382 beata
537 4327 707 4395 possit
733 4341 852 4381 esse
885 4334 938 4380 et
978 4327 1182 4380 civitas.
1213 4325 1393 4394 Neque
1417 4329 1557 4381 enim
1586 4327 1799 4381 aliunde

226 4419 374 4474 beata
405 4419 600 4472 civitas
622 4459 638 4484 ,
695 4418 908 4472 aliunde
945 4417 1136 4472 homo:
1167 4433 1287 4472 cum
1315 4418 1455 4472 aliud
1478 4419 1670 4473 civitas
1692 4433 1796 4473 non

226 4509 310 4575 sit,
335 4524 500 4578 quam
531 4523 757 4562 concors
778 4507 798 4538 ⁸⁵
820 4508 1090 4561 hominum
1121 4506 1419 4562 multitudo.
1442 4509 1794 4576 Quamobrem

225 4599 458 4653 nondum
484 4598 699 4652 interim
722 4598 932 4668 disputo
955 4638 970 4658 .
997 4598 1164 4668 qualis
1192 4598 1242 4651 in
1270 4597 1471 4668 Regulo
1492 4599 1655 4654 virtus
1685 4602 1797 4656 fne-

225 4692 320 4745 rit:
351 4690 553 4747 sufficit
581 4706 742 4756 nunc,
769 4690 908 4760 quod
935 4692 1036 4745 isto
1063 4692 1392 4746 nobilissimo
1419 4693 1666 4761 exemplo
1699 4707 1794 4748 co-

223 4792 413 4850 guntur
437 4782 632 4848 fateri,
662 4797 764 4836 non
793 4791 1006 4852 propter
1033 4767 1274 4851 corpdris
1315 4783 1468 4847 bona,
1500 4785 1581 4842 vel
1609 4799 1788 4839 earnm

224 4887 396 4927 rerum
441 4888 564 4942 qute
605 4873 934 4927 extrinsecus
975 4872 1173 4926 homini
1225 4873 1468 4927 accidunt
1493 4913 1508 4932 .
1540 4875 1790 4930 colendos

223 4961 378 5026 deos;
406 4961 836 5031 quandoquidem
870 4961 959 5015 ille
986 4976 1166 5016 carere
1194 4961 1277 5015 his
1303 4963 1548 5017 omnibus
1577 4965 1787 5031 maluit,

223 5066 372 5121 quam
392 5052 528 5107 deos
549 5067 647 5122 per
663 5067 796 5123 quos
817 5052 1016 5122 juravit
1039 5051 1327 5111 otlcndere.
1347 5053 1451 5109 Sed
1472 5055 1596 5125 quid
1623 5054 1786 5112 facia-

277 5206 294 5236 ι
328 5204 463 5254 Vind.
481 5213 587 5253 Am.
612 5211 690 5253 Er.
715 5212 768 5259 et
796 5207 946 5256 nostri
967 5217 1137 5256 omnes
1155 5212 1280 5267 Mss,
1318 5205 1403 5257 sed
1441 5207 1554 5268 quia
1586 5208 1785 5270 jureve-

323 5329 446 5402 ιλιιιὲ
465 5324 1151 5402 πψρριὲίοέξφηὶνσιειωῖείο
1169 5335 1474 5402 peresam
1494 5341 1512 5379 ε
1532 5330 1621 5379 sed
1636 5330 1782 5402 mate-

217 5394 305 5462 ἤιξε
698 5387 959 5462 (geel-quis,
971 5387 1198 5462 pretioue
1238 5390 1288 5438 in
1306 5391 1745 5462 Pisonemtamalil
1767 5408 1780 5443 :

222 5465 242 5492 ι
263 5447 450 5500 tiaram
474 5449 693 5501 Attilium
715 5447 951 5509 Regulum
967 5448 1366 5512 Carthaginenses
1385 5447 1589 5500 resectis
1618 5447 1783 5514 palpe-

223 5511 348 5560 sbris
377 5511 619 5573 illigatum
655 5515 707 5560 in
745 5509 962 5573 machina
998 5511 1239 5573 vigilando
1275 5518 1603 5573 peremerunt.
1625 5530 1648 5559 »
1686 5522 1783 5564 non

223 5511 348 5560 tbﬁs
377 5511 619 5575 illigatum
655 5515 707 5560 in
745 5511 962 5558 machina
998 5511 1239 5619 vigilando
1275 5518 1597 5573 peremerunt.

217 5573 506 5643 Ilgltoaliter
531 5573 760 5643 Valerius
783 5571 1028 5628 Maximus,
1069 5573 1136 5620 ib.
1157 5573 1208 5631 9,
1227 5585 1332 5643 cap.
1352 5572 1399 5630 2,
1422 5574 1597 5643 extli.

260 5635 280 5665 ³
309 5637 432 5706 Vind.
461 5645 564 5685 Am.
593 5642 1040 5706 et_lov.,quorum
1072 5633 1321 5706 praealtis
1340 5633 1591 5698 prohibito.
1615 5635 1777 5699 Abest,

666 5702 878 5753 erisque
901 5702 1247 5759 manusa'ftptis.

210 5697 586 5761 malitias

618 5760 759 5815 Ecca,
784 5765 995 5809 consors.

255 5757 274 5794 ⁸
300 5761 510 5816 Manum

1927 588 2136 654 qualem
2163 591 2349 642 timent
2368 590 2564 646 habere
2586 592 2879 648 civitatem?
2907 597 3060 662 Quod
3083 598 3128 652 si
3158 614 3265 654 non
3294 601 3504 670 timent,

1934 678 2038 733 tale
2057 693 2184 748 ergo
2211 680 2430 749 aliquid,
2457 683 2614 752 quale
2639 685 2830 741 accidit
2848 687 3051 758 Regulo
3074 730 3090 754 ,
3113 691 3272 747 etiam
3302 694 3503 750 civitati

1931 779 2034 824 tam
2059 771 2341 840 diligenter
2361 813 2378 840 ,
2400 789 2558 844 quam
2587 776 2680 831 ille
2703 816 2718 840 ,
2755 777 2885 834 deos
2911 780 3108 836 colenti
3139 783 3379 840 accidere
3402 800 3504 856 po-

1929 862 2093 918 tuisse
2119 862 2396 932 fateantur,
2418 875 2472 922 et
2495 866 2798 924 cbristianis
2815 873 3138 942 temporibus
3168 891 3273 931 non
3301 877 3506 932 calum-

1930 953 2158 1008 nientur.
2190 954 2384 1010 Verum
2412 958 2538 1036 quia
2561 957 2631 1015 de
2658 960 2761 1015 illis
2787 959 3102 1020 Christianis
3127 974 3244 1022 orta
3269 969 3496 1038 quaestio

1927 1052 2027 1108 est,
2069 1045 2158 1114 qui
2177 1045 2337 1101 etiam
2356 1049 2548 1117 captivi
2589 1049 2732 1107 ducti
2756 1054 2949 1118 sunt‘;
2982 1053 3083 1111 hoc
3112 1057 3416 1115 intueantur
3445 1071 3502 1117 et

1927 1143 2173 1204 taceant,
2199 1139 2288 1207 qni
2313 1139 2676 1196 saluberrima:
2718 1143 2958 1212 religioni
3007 1145 3128 1202 hinc
3169 1149 3502 1218 impudenter

1927 1233 2085 1294 atque
2120 1227 2482 1298 imprudenter
2513 1231 2740 1288 illudunt
2766 1252 2778 1288 :
2807 1235 2926 1302 quia
2956 1236 3000 1291 si
3031 1237 3132 1292 diis
3159 1255 3342 1295 eorum
3375 1257 3502 1311 pro-

1928 1316 2024 1372 bro
2045 1333 2146 1372 non
2176 1321 2291 1381 fuit,
2316 1323 2454 1390 quod
2481 1325 2863 1381 attentissimus
2885 1328 3057 1383 cultor
3095 1331 3303 1386 illorum
3326 1373 3342 1396 ,
3369 1333 3496 1389 dum

1927 1407 2006 1461 eis
2029 1407 2373 1478 jurisjurandi
2403 1413 2560 1468 fidem
2607 1425 2880 1483 servaret,
2934 1420 3100 1487 patria
3131 1423 3331 1488 caruit,
3376 1440 3497 1480 cum

1927 1497 2082 1552 aliam
2112 1514 2216 1554 non
2245 1500 2504 1569 haberet,
2529 1506 2872 1576 captivosque
2896 1509 3034 1578 apud
3055 1509 3236 1567 hostes
3260 1527 3355 1581 per
3379 1513 3498 1568 lon-

1925 1603 2044 1656 gam
2066 1600 2290 1646 mortem
2311 1594 2607 1662 supplicio’
2625 1612 2779 1651 novae
2805 1599 3130 1654 crudelitatis
3160 1604 3368 1658 occisus
3393 1615 3495 1659 est:

1928 1679 2092 1733 multo
2114 1681 2288 1735 minus
2314 1698 2506 1740 nomen
2537 1684 2922 1742 criminandum
2959 1699 3042 1745 est
3069 1690 3415 1747 christianum
3442 1693 3498 1750 in

1925 1771 2229 1840 captivitate
2253 1784 2578 1832 sacratorum
2601 1793 2840 1846 suorum,
2864 1785 2953 1851 qni
2975 1797 3258 1852 supernam
3275 1787 3496 1854 patriam

1925 1862 2100 1917 veraci
2137 1863 2241 1919 fide
2287 1876 2630 1935 expectantes
2659 1912 2674 1936 ,
2715 1871 2872 1925 etiam
2914 1873 2967 1927 in
2992 1876 3102 1929 suis
3129 1875 3344 1931 sedibus
3369 1891 3494 1947 per-

1925 1956 2136 2024 egrinos
2165 1971 2224 2011 se
2251 1971 2372 2014 esse
2391 1961 2708 2031 noverunt(l
2736 1961 2879 2018 Patr.
2909 1979 2966 2030 ιι,
2991 1965 3104 2034 ll).

1923 2067 2147 2123 CAPUT
2183 2069 2479 2124 XVl.——An
2506 2073 2693 2142 stupris
2711 2114 2726 2136 ,
2747 2090 2858 2142 qua:
2881 2075 3030 2128 etiam
3054 2087 3338 2132 sanctarum
3367 2083 3498 2151 forte

1993 2159 2240 2228 virginum
2287 2168 2356 2212 est
2399 2177 2549 2229 passa
2591 2165 2852 2231 captivitas
2875 2203 2890 2228 ,
2920 2167 3254 2222 cOntamt'nart'
3277 2171 3495 2239 potuerit

1992 2248 2148 2301 virtus
2173 2249 2330 2301 animi
2357 2251 2464 2303 sine
2501 2252 2766 2306 voluntatis
2790 2270 3018 2311 assensu.
3193 2251 3196 2254 ’

1991 2358 2234 2428 Magnum
2256 2374 2384 2416 sane
2406 2361 2606 2417 crimen
2623 2378 2681 2418 se
2703 2373 2885 2434 putant
2902 2367 3133 2437 objicere
3158 2369 3490 2440 Christianis,

1921 2461 2039 2500 cum
2056 2464 2240 2502 eorum
2271 2461 2649 2520 exaggerantes
2673 2457 3038 2524 captivitatem
3062 2498 3078 2524 ,
3103 2459 3302 2516 addunt
3329 2463 3488 2517 etiam

1917 2549 2098 2610 stupra
2143 2544 2424 2598 commissa
2453 2585 2469 2610 ,
2511 2560 2614 2600 non
2644 2547 2813 2600 solum
2864 2549 2914 2602 in
2943 2549 3116 2605 aliena
3148 2554 3481 2609 matrimonia

1923 2629 2256 2701 virginesque
2283 2643 2566 2702 nupturas,
2609 2635 2702 2691 sed
2734 2638 2893 2692 etiam
2924 2639 2976 2693 in
3006 2641 3258 2710 quasdam
3285 2645 3487 2699 sancti-

1919 2721 2193 2775 m0nialcs.
2239 2723 2333 2776 llic
2389 2738 2516 2778 vero
2571 2740 2678 2779 non
2729 2726 2898 2793 fides,
2941 2744 3046 2784 non
3107 2731 3272 2800 pietas
3301 2773 3317 2797 ,
3374 2749 3482 2788 non

1919 2811 2029 2878 ipsa
2060 2813 2226 2866 virtus
2261 2828 2378 2882 quae
2419 2819 2634 2870 castitas
2680 2815 2875 2872 dicitur
2904 2858 2919 2881 ,
2966 2819 3061 2874 sed
3102 2829 3279 2878 nostra
3311 2825 3487 2893 potius

1915 2899 2202 2970 disputatio
2228 2901 2365 2956 inter
2407 2903 2662 2972 pudorem
2691 2916 2846 2976 atque
2873 2911 3131 2965 rationem
3172 2913 3486 2981 quibusdam

1914 2998 2214 3044 coarctatur
2231 2993 2484 3061 angustiis
2503 2993 2600 3064 (a).
2623 2995 2732 3051 Nec
2760 3005 2960 3054 tantum
2986 3015 3231 3058 curamus
3257 3001 3341 3058 hic
3365 3003 3489 3061 alie-

1915 3083 1996 3136 nis
2040 3084 2437 3152 responsionem
2489 3087 2712 3143 reddere
2739 3128 2755 3152 ,
2811 3101 3064 3157 quantum
3111 3093 3238 3162 ipsis
3288 3095 3486 3151 nostris

1912 3173 2349 3229 consolationem.
2377 3174 2458 3230 Sit
2480 3176 2636 3244 igitur
2657 3178 2707 3231 in
2739 3179 2924 3246 primis
2949 3183 3175 3249 positum
3202 3191 3360 3252 atque
3387 3183 3482 3239 lir-

1913 3274 2146 3330 matum,
2181 3266 2428 3322 virtutem
2451 3283 2550 3337 qua
2579 3278 2724 3324 recte
2767 3272 2960 3326 vivitur
2981 3313 2998 3338 ,
3038 3274 3106 3328 ab
3149 3275 3311 3330 animi
3348 3276 3479 3333 sedo

1913 3354 2163 3409 membris
2184 3357 2422 3422 corporis
2449 3357 2710 3428 imperare
2737 3401 2754 3424 ,
2789 3370 3134 3432 sanctumque
3157 3378 3349 3436 corpus
3379 3383 3480 3426 usu

1912 3443 2022 3498 ﬁeri
2045 3453 2242 3500 sanctae
2267 3447 2550 3502 voluntatis
2571 3465 2586 3501 :
2609 3464 2712 3518 qua
2739 3449 3053 3507 inconcussa
3073 3468 3138 3509 ac
3156 3455 3329 3511 stabili
3354 3473 3479 3526 per-

1910 3545 2159 3592 manente
2183 3577 2199 3602 ,
2239 3537 2493 3610 quidquid
2526 3540 2662 3596 alius
2703 3541 2770 3597 de
2811 3557 3035 3613 corpore
3067 3546 3148 3600 vel
3175 3546 3227 3602 in
3257 3563 3489 3618 corpore

1909 3623 2115 3690 fecerit,
2143 3626 2282 3695 quod
2307 3628 2422 3682 sine
2440 3640 2655 3697 peccato
2677 3631 2892 3700 proprio
2915 3648 3020 3686 non
3054 3635 3223 3690 valeat
3251 3637 3435 3692 evitari
3456 3679 3481 3704 ι

1910 3717 2318 3786 prmterculpam
2334 3733 2452 3774 esse
2466 3719 2733 3789 patientis.
2757 3721 2858 3775 Sed
2883 3722 3002 3791 quia
3025 3739 3130 3778 non
3150 3725 3320 3782 solum
3337 3728 3483 3796 quad-

1907 3807 1974 3862 ad
2000 3807 2258 3873 dolorem,
2293 3824 2472 3864 verum
2498 3811 2658 3866 ctiam
2682 3813 2822 3882 quod
2851 3813 2915 3868 ad
2939 3814 3208 3870 libidinem
3223 3817 3474 3886 pertinet,

1909 3900 1960 3954 in
2003 3915 2226 3969 corpore
2265 3901 2438 3956 alieno
2482 3905 2772 3972 perpetrari
2813 3915 3018 3974 potest;
3069 3908 3324 3980 quidquid
3374 3911 3479 3971 talo

1906 3988 2098 4045 factum
2138 3990 2296 4046 fuerit
2325 4031 2341 4056 ,
2371 4001 2426 4048 et
2451 3993 2495 4047 si
2520 4003 2778 4050 retentam
2822 3999 3252 4054 constantissimo
3296 4001 3482 4059 animo

1913 4081 2216 4150 pudicitiam
2262 4099 2368 4138 non
2404 4085 2640 4151 excutit,
2669 4086 2922 4154 pudorem
2953 4097 3128 4143 tamen
3155 4089 3376 4156 incutit;
3406 4106 3483 4149 no

1904 4173 2150 4229 credatur
2179 4173 2372 4229 factum
2417 4189 2536 4229 cum
2569 4176 2760 4229 mentis
2803 4177 2962 4231 etiam
3001 4177 3303 4246 voluntate,
3331 4181 3478 4251 quod

1905 4265 2017 4320 fieri
2049 4264 2271 4321 fortasse
2301 4266 2416 4320 sine
2448 4267 2624 4322 carnis
2652 4267 2826 4336 aliqua
2854 4269 3120 4338 voluptate
3146 4286 3252 4326 non
3281 4273 3474 4342 potuit.

1901 4375 2124 4432 CAPUT
2160 4375 2478 4430 XVll.—Dc
2501 4386 2660 4430 morte
2683 4377 2967 4432 voluntaria
3004 4380 3065 4435 ob
3104 4392 3286 4436 metum
3314 4399 3478 4454 ρωηω

2483 4469 2584 4522 sive
2607 4469 2885 4524 dedecoris.

1973 4562 2049 4615 Ac
2071 4574 2164 4630 per
2187 4559 2289 4615 hoc
2307 4568 2362 4615 et
2384 4575 2502 4629 qua:
2530 4576 2590 4616 se
2617 4560 2946 4629 occiderunt,
2971 4577 3038 4618 ne
3062 4563 3346 4634 quidquam
3373 4566 3470 4620 hu-

1893 4651 2124 4722 jusmodi
2156 4661 2462 4720 paterentur
2483 4693 2499 4715 ,
2535 4653 2654 4720 quis
2687 4651 2945 4708 humanus
2991 4654 3210 4710 affectus
3233 4657 3312 4712 eis
3337 4659 3471 4717 nolit

1898 4745 2096 4815 ignosci
2113 4745 2136 4798 ’ἔ
2156 4753 2208 4799 et
2233 4760 2350 4811 qua:
2370 4758 2435 4798 se
2463 4744 2708 4800 occidere
2737 4745 3040 4813 noluerunt,
3055 4762 3123 4802 ne
3143 4761 3240 4802 suo
3263 4747 3470 4803 facino.

1897 4851 1955 4890 re
1982 4835 2208 4890 alienum
2237 4834 2488 4903 flagitium
2512 4835 2836 4899 devitarent,
2867 4838 3105 4907 quisquis
3125 4839 3203 4894 eis
3232 4839 3334 4894 hoc
3358 4840 3468 4894 cri-

1895 4925 2020 4984 mini
2051 4924 2289 4988 dederit,
2319 4926 2431 4994 ipse
2452 4925 2674 4980 crimine
2703 4927 3018 4996 insipientia:
3047 4943 3150 4982 non
3199 4930 3399 4984 carebit
3419 4929 3461 4986 ³.

1897 5015 2106 5088 [XVIIL]
2133 5015 2266 5070 Nam
2316 5015 2498 5085 utique
2541 5015 2585 5070 si
2634 5030 2740 5070 non
2785 5017 2909 5072 licet
2937 5018 3134 5087 privata
3161 5020 3466 5086 potestate‘

1957 5149 1973 5180 ι
2011 5146 2177 5198 Plures
2211 5153 2340 5206 Mss,
2373 5145 2456 5210 qui
2491 5145 2635 5197 etiam
2677 5147 2900 5212 captivatt'
2932 5154 3056 5199 sunt.
3100 5175 3160 5186 —
3200 5149 3273 5199 Sic
3307 5159 3470 5210 nostri

1890 5215 2136 5333 ,ξ’ωῗλ
2161 5267 2302 5330 longa
2327 5273 2488 5333 morte
2520 5275 2567 5320 et
2596 5267 2862 5333 supplicio;
2887 5269 3286 5321 dissentientibus
3313 5272 3462 5328 editis

1889 5329 2069 5405 ³¹ίὶεέξι
2105 5329 2505 5405 φθηιίὲξτΐένίίὲε,
2536 5329 2732 5405 _
2768 5397 2802 5405 _.
2835 5329 2886 5405 _}
2907 5391 2994 5405 ,
3031 5404 3036 5405 ν
3197 5394 3209 5405 .

1953 5392 1989 5466 ξ,
2005 5391 2235 5466 Plerique
2251 5397 2373 5448 Mss.,
2407 5391 2508 5466 ipse
2522 5391 2702 5466 ενὶριειξ
2717 5403 2734 5442 :
2751 5397 2808 5462 et
2827 5403 2889 5462 ex
2906 5391 2964 5440 iis
2985 5394 3210 5465 perpauci
3229 5393 3352 5466 loco,
3377 5408 3461 5446 ca.

1889 5451 2034 5525 ζεύξι,
2058 5450 2267 5523 habent,
2291 5450 2491 5536 cavelzitl.
2513 5477 2579 5536 ἶ
2595 5453 2898 5536 οονὺρὶδηεὶε
2919 5450 3130 5516 quoque,
3153 5455 3253 5518 ipse
3277 5450 3459 5507 crimen

1887 5511 2168 5575 insipientia
2189 5524 2280 5561 non
2301 5511 2479 5580 cavebit
2506 5524 2524 5560 :
2548 5513 2692 5582 bene.
2758 5519 2815 5560 Μ.
2936 5511 2952 5514 “
3026 5511 3047 5585 ,⁷
3106 5511 3126 5585 ξ
3171 5511 3181 5518 ’
3265 5579 3275 5590 ¹
3352 5579 3378 5592 η

1947 5575 1969 5607 δ
2001 5581 2129 5642 t.ov_.,
2167 5572 2212 5623 si
2241 5571 2465 5642 nautica
2487 5579 2674 5636 privata
2705 5579 2933 5636 potestate
2968 5573 3134 5626 alicui.
3159 5576 3280 5628 Editi
3301 5577 3380 5627 aln
3405 5586 3460 5629 et

1885 5644 1988 5685 Mss.
2013 5637 2252 5694 omittunt,
2276 5633 2437 5682 alicui.

1881 5697 2020 5812 11Ἰὶθα)
2043 5703 2164 5766 nam.
2175 5695 2326 5757 pudor
2347 5693 2570 5766 prqhibel.
2593 5693 2741 5746 etiam
2769 5698 2984 5760 corporis
3017 5696 3323 5754 violationem
3359 5712 3454 5754 non

1977 5769 2055 5808 am
2074 5757 2187 5812 dici,
2209 5755 2334 5808 ratlo
2353 5755 2400 5804 id
2418 5754 2576 5812 iubet.

1977 5754 2055 5808 am
2074 5754 2189 5817 dici,
2209 5755 2334 5808 ratlo
2349 5754 2400 5804 id
2418 5754 2576 5816 jubet.
