4038 6478
2191 259 2246 267 ...η

531 379 593 436 δι
1583 357 1672 414 DE
1709 351 2028 414 CIVITATE
2065 351 2199 418 DEI,
2239 352 2295 408 S.
2337 352 2701 411 AUGUSTINI
3724 359 3798 417 52

534 490 802 545 lminiuem
843 483 1090 542 occidere
1129 479 1214 537 vel
1264 481 1548 533 nocentem
1575 504 1607 542 ,-
1638 471 1791 543 cuius
1833 465 2111 526 occidendi

537 579 804 636 licentiam
853 577 939 632 lex
983 574 1126 630 nulla
1166 567 1442 627 concedit:
1472 565 1714 638 profecto
1750 562 1910 619 etiam
1940 560 2028 631 qui
2054 574 2116 614 se

536 673 707 740 ipsum
725 668 936 735 occidit,
953 662 1218 720 homicida
1230 670 1335 728 est;
1360 669 1415 717 et
1439 667 1585 714 tanto
1603 657 1662 712 fit
1683 654 1979 719 nocentior,
1994 667 2114 707 cum

535 779 594 816 se
619 760 908 825 occiderit,
937 765 1131 828 quanto
1156 752 1488 810 innocentior
1511 752 1568 806 in
1592 764 1656 805 ea
1674 762 1833 804 causa
1854 746 1984 809 fuit,
2012 759 2115 814 qua

540 869 600 909 se
631 849 976 907 occidendum
1007 847 1224 918 putavit.
1272 845 1404 900 Nam
1441 843 1488 898 si
1511 841 1663 898 Judre
1687 840 1882 894 factum
1921 837 2115 891 merito

537 945 866 998 detestamur
883 981 900 1008 ,
927 953 1157 1008 eumque
1179 937 1377 993 veritas
1399 933 1602 1004 iudicat
1630 973 1646 998 ,
1692 945 1813 985 cum
1839 944 1896 984 se
1921 928 2112 998 laqueo

536 1033 849 1102 suspendit,
890 1031 1162 1086 sceleratae
1191 1029 1334 1084 illius
1373 1025 1674 1082 traditionis
1699 1023 1914 1097 auxisse
1939 1019 2113 1092 p0tius

536 1141 696 1193 quam
719 1126 961 1195 expiasse
1001 1123 1343 1179 commissum
1373 1136 1388 1186 ;
1419 1119 1670 1190 quoniam
1695 1117 1787 1172 Dei
1810 1113 2113 1171 misericor-

537 1218 678 1271 diam
705 1215 1036 1287 desperando
1064 1213 1404 1270 exitiabiliter
1427 1210 1693 1282 paenitens
1711 1249 1726 1274 ,
1773 1206 1975 1267 nullum
2013 1203 2114 1259 sibi

542 1308 770 1362 salubris
799 1306 1126 1376 poenitentia:
1149 1305 1324 1359 locum
1359 1300 1802 1374 reliquit(Mauh.
1822 1313 1992 1361 xxvn,
2020 1297 2113 1365 5):

536 1405 734 1466 quanto
762 1395 930 1466 magis
971 1411 1002 1450 a
1038 1409 1130 1450 sua
1157 1408 1288 1450 nece
1315 1407 1376 1448 se
1418 1391 1687 1447 abstinere
1715 1389 1872 1444 debet
1895 1387 1986 1458 qui
2022 1386 2115 1440 tali

539 1487 799 1558 supplicio
826 1486 971 1558 quod
997 1487 1049 1542 in
1075 1502 1133 1542 se
1159 1487 1342 1555 puniat
1372 1526 1389 1552 ,
1435 1499 1541 1540 non
1571 1483 1762 1538 habet?
1786 1480 1948 1536 Judas
1973 1479 2117 1535 enim

539 1596 660 1632 eum
697 1593 756 1634 se
783 1577 1007 1643 occidit,
1057 1578 1376 1634 sceleratum
1402 1575 1672 1630 hominem
1698 1572 1928 1628 occidit:
1955 1579 2008 1627 et
2033 1580 2114 1624 ta-

539 1686 660 1723 men
690 1685 795 1724 non
825 1670 995 1724 solum
1016 1668 1234 1735 Christi,
1266 1683 1450 1723 verum
1481 1667 1638 1721 etiam
1656 1679 1767 1719 suze
1791 1663 1977 1718 mortis
1992 1677 2116 1716 reus

543 1761 712 1815 finivit
764 1761 900 1816 hanc
927 1761 1124 1826 vitam;
1157 1760 1278 1830 quia
1303 1759 1429 1814 licet
1462 1766 1680 1827 propter
1707 1769 1862 1810 suum
1893 1753 2067 1808 scelus
2096 1793 2113 1818 ,

538 1851 646 1906 alio
662 1867 759 1906 suo
783 1852 984 1907 scelere
1003 1851 1209 1906 occisus
1229 1858 1329 1906 est.
1355 1846 1592 1922 [XVIIL]
1612 1847 1719 1901 Cur
1738 1853 1912 1898 autem
1933 1842 2114 1910 homo,

540 1941 630 2008 qui
658 1941 781 1995 mali
810 1941 941 1995 nihil
965 1940 1090 1995 fecit
1113 1982 1129 2006 ,
1170 1940 1268 1996 sibi
1318 1939 1457 1994 male
1478 1937 1653 2003 faciat,
1681 1944 1736 1991 et
1753 1950 1813 1990 se
1839 1935 2009 2004 ipsum
2039 1932 2122 1986 in-

543 2033 850 2092 terficiendo
868 2033 1138 2088 hominem
1154 2031 1434 2087 interficiat
1457 2030 1790 2084 innocentem
1824 2067 1840 2093 ,
1872 2041 1940 2081 ne
1958 2025 2118 2078 alium

544 2125 773 2193 patiatur
803 2133 1116 2186 nocentem;
1148 2132 1306 2194 atque
1345 2122 1397 2176 in
1443 2136 1502 2176 se
1548 2127 1822 2190 perpetret
1845 2124 2117 2187 peccatum

542 2215 837 2283 proprium,
867 2229 933 2269 ne
955 2215 1004 2268 in
1023 2229 1088 2270 eo
1114 2221 1452 2284 perpetretur
1476 2209 1747 2265 alienum?

540 2368 768 2423 CAPUT
807 2367 993 2422 XVIII.
1044 2399 1114 2408 —
1155 2366 1232 2422 De
1270 2367 1435 2421 aliena
1474 2366 1817 2419 violentiarnm
1868 2363 2110 2430 libidine,

633 2476 782 2528 quam
809 2460 859 2512 in
886 2475 1125 2530 Oppresso
1147 2475 1356 2528 corpore
1380 2474 1517 2510 mens
1543 2456 1697 2509 invita
1723 2456 2014 2526 perpetitur.

619 2605 669 2658 1.
709 2606 778 2658 At
808 2604 973 2670 enim,
1000 2620 1068 2659 ne
1087 2604 1169 2659 vel
1197 2603 1366 2658 aliena
1391 2603 1592 2673 polluat
1617 2602 1810 2668 libido,
1842 2603 2116 2658 metuitur.

547 2695 660 2748 Non
692 2696 928 2764 polluet,
959 2697 1002 2749 si
1031 2696 1200 2750 aliena
1222 2696 1360 2750 erit:
1390 2696 1434 2749 si
1463 2705 1636 2750 autem
1667 2695 1899 2765 polluet,
1945 2696 2118 2750 aliena

547 2801 652 2838 non
679 2785 798 2840 erit.
831 2785 937 2841 Sed
963 2801 1084 2839 eum
1112 2785 1360 2856 pudicitia
1389 2786 1554 2839 virtus
1590 2786 1660 2840 sit
1697 2786 1896 2851 animi,
1942 2786 2114 2840 comi-

549 2886 763 2946 temque
812 2878 1002 2933 habeat
1053 2877 1449 2944 fortitudinem,
1492 2895 1592 2947 qua
1641 2880 1816 2948 potius
1869 2879 2120 2948 quaelibet

547 2970 681 3022 mala
709 2970 954 3036 tolerare,
976 2985 1131 3039 quam
1154 2972 1294 3025 malo
1318 2971 1621 3035 consentire
1639 2971 1912 3038 decernit;
1945 2973 2120 3028 nullus

544 3072 719 3115 autem
759 3062 1127 3132 magnanimus
1165 3072 1218 3118 et
1247 3063 1469 3133 pudicus
1499 3064 1550 3118 in
1591 3073 1850 3134 potestate
1894 3065 2115 3132 habeat,

544 3155 668 3223 quid
691 3155 757 3208 de
779 3169 872 3208 sua
893 3170 1055 3210 carne
1077 3155 1186 3221 fiat,
1207 3155 1299 3210 sed
1323 3163 1524 3210 tantum
1547 3157 1668 3226 quid
1695 3168 1892 3212 annuat
1916 3167 2115 3226 mente,

548 3243 633 3297 vel
662 3254 850 3298 renuat
891 3263 904 3298 :
945 3245 1064 3314 quis
1098 3246 1282 3301 eadem
1331 3261 1458 3301 sana
1509 3249 1726 3302 mente‘
1758 3249 2017 3316 putaverit
2060 3263 2119 3304 se

546 3335 768 3403 perdere
787 3336 1113 3405 pudicitiam,
1144 3339 1186 3390 si
1209 3338 1342 3392 forte
1364 3339 1414 3392 in
1435 3339 1764 3408 apprehensa
1785 3349 1839 3394 et
1861 3355 2117 3410 oppressa

542 3442 704 3482 carne
731 3444 822 3481 sua
863 3441 1172 3485 exerceatur
1196 3441 1251 3485 et
1279 3433 1553 3502 expleatur
1579 3433 1743 3489 libido
1776 3451 1878 3489 non
1907 3437 2036 3491 sua?
2061 3437 2115 3491 Si

543 3519 688 3572 enim
718 3519 818 3574 hoc
839 3519 996 3574 modo
1021 3521 1270 3588 pudicitia
1296 3523 1452 3592 perit,
1482 3523 1717 3593 profecto
1737 3525 1985 3594 pudicitia
2013 3527 2120 3581 vir-

546 3619 630 3662 tus
671 3611 832 3664 animi
879 3627 982 3665 non
1011 3613 1139 3675 erit;
1174 3628 1272 3669 nec
1301 3615 1584 3684 pertinebit
1612 3614 1676 3669 ad
1708 3631 1769 3669 ea
1798 3615 1934 3671 bona
1955 3658 1971 3682 ,
2003 3618 2120 3688 qui-

545 3701 642 3753 bus
671 3701 806 3753 bene
832 3702 1045 3766 vivitur,
1080 3704 1172 3758 sed
1204 3705 1254 3758 in
1278 3706 1430 3760 bonis
1453 3705 1692 3774 corporis
1720 3709 2115 3773 numerabitur;

544 3790 867 3857 qualiasunt,
896 3793 1056 3855 vires,
1082 3795 1436 3861 pulchritudo,
1462 3812 1588 3850 sana
1618 3797 1962 3868 integraque'
1979 3801 2121 3856 vale-

546 3879 673 3930 tudo
699 3919 712 3942 ,
755 3894 816 3931 ac
842 3882 885 3934 si
916 3881 1040 3948 quid
1065 3881 1362 3948 lmiusmodi
1392 3895 1472 3939 est
1498 3903 1510 3939 :
1542 3902 1659 3956 qua:
1703 3887 1861 3954 bona,
1890 3889 2046 3943 etiam
2074 3891 2120 3945 si

546 3970 870 4034 minuantur,
920 3971 1112 4025 bonam
1135 3972 1436 4044 iustamque
1457 3976 1618 4030 vitam
1647 3979 1864 4032 omnino
1890 3995 1995 4033 non
2017 3981 2119 4033 mi-

551 4069 735 4112 nuunt.
769 4060 922 4128 Quod
955 4061 1000 4115 si
1033 4063 1138 4116 tale
1167 4063 1360 4133 aliquid
1387 4075 1468 4120 est
1496 4067 1742 4135 pudicitia
1763 4111 1778 4136 ,
1809 4071 1992 4140 utquid
2026 4087 2121 4140 pro

549 4147 632 4200 illa
661 4164 758 4209 ,ne
793 4152 1084 4212 amittatur,
1115 4153 1271 4206 etiam
1302 4170 1421 4208 cum
1446 4158 1676 4225 periculo
1702 4161 1939 4227 corporis
1967 4161 2118 4216 labo-

547 4239 730 4291 ratur?
779 4239 833 4294 Si
862 4250 1034 4295 autem
1066 4243 1228 4296 animi
1257 4244 1453 4298 bonum
1499 4257 1614 4310 est,
1660 4249 1820 4303 etiam
1862 4265 2120 4319 oppresso

546 4345 769 4398 corpore
815 4348 917 4386 non
961 4334 1240 4388 amittitur.
1269 4336 1405 4402 Quin
1433 4338 1590 4392 etiam
1618 4350 1815 4394 sanctm
1844 4342 2121 4396 continen-

547 4421 634 4472 lin!
665 4420 855 4475 bonum
889 4438 1006 4476 cum
1047 4425 1393 4482 immunditite
1419 4430 1711 4485 carnalium
1741 4435 2121 4502 concupiscen-

545 4511 737 4565 tiarnm
785 4530 887 4567 non
911 4515 1090 4580 cedit,
1131 4525 1187 4571 et
1217 4518 1385 4587 ipsum
1415 4535 1609 4590 corpus
1636 4523 1995 4578 sauctiticatur
2022 4541 2036 4578 :
2066 4534 2120 4579 et

549 4600 670 4654 ideo
695 4618 812 4655 cum
851 4606 930 4658 eis
973 4622 1076 4659 non
1105 4608 1296 4664 cedere
1323 4610 1632 4667 inconcussa
1674 4615 1965 4670 intentione
1994 4631 2117 4683 ρει-ο

544 4692 718 4758 sistit,
753 4711 848 4750 nec
875 4697 943 4752 de
973 4697 1086 4767 ipso
1111 4716 1331 4769 corpore
1357 4704 1490 4770 perit
1531 4706 1781 4761 sanctitas
1804 4708 1845 4771 ³,
1891 4708 2011 4777 quia
2055 4723 2120 4764 eo

545 4794 732 4838 sancte
757 4787 936 4841 utendi
967 4802 1268 4857 perseverat
1287 4794 1550 4859 voluntas,
1570 4805 1625 4850 et
1644 4805 1896 4866 quantum
1924 4800 1974 4853 in
2005 4800 2119 4869 ipso

541 4885 624 4933 est
645 4917 661 4942 ,
691 4878 848 4932 etiam
883 4879 1120 4936 facultas.

615 4989 670 5042 2.
713 4989 896 5060 Neque
933 4993 1073 5046 enim
1101 5009 1164 5048 eo
1187 5008 1380 5066 corpus
1407 5010 1648 5054 sanctum
1679 5009 1792 5068 est,
1838 5003 1975 5073 quod
2005 5005 2119 5075 eius

545 5081 783 5137 membra
810 5092 936 5138 sunt
963 5083 1184 5155 integra,
1214 5098 1305 5142 aut
1331 5105 1417 5158 eo,
1447 5093 1587 5161 quod
1610 5094 1758 5150 nullo
1781 5107 2117 5153 contrectan-

542 5178 630 5222 tur
658 5179 896 5239 attactu;
925 5189 1044 5228 cum
1085 5177 1290 5244 possint
1316 5179 1539 5237 diversis
1578 5185 1737 5238 etiam
1767 5186 1976 5241 casibus
2001 5189 2118 5242 vul-

545 5271 729 5313 aerata
758 5263 862 5315 vim
896 5265 1129 5333 perpeti,
1159 5278 1212 5322 et
1233 5270 1422 5326 medici
1454 5273 1739 5344 aliquando
1767 5277 1922 5331 Saluti
1949 5279 2122 5347 opitu-

541 5348 714 5405 lantes
733 5350 852 5406 haec
877 5353 948 5408 ibi
969 5355 1181 5427 faciant,
1214 5376 1332 5432 quae
1357 5363 1539 5419 horret
1559 5377 1828 5436 aspectus.
1851 5368 2116 5424 Obstetrix

539 5524 733 5633 mc'msic
757 5527 892 5579 Vind.
913 5536 1014 5578 Am.
1051 5538 1104 5581 et
1124 5539 1230 5583 Mss.
1256 5541 1310 5585 Al
1331 5541 1406 5583 Er.
1431 5543 1484 5586 et
1505 5543 1632 5598 Lov.,
1651 5538 1759 5600 quis
1788 5541 1980 5590 tandem
2002 5555 2121 5592 sana

604 5648 1164 5728 :Ji‘htgesmanuscripti,
1183 5659 1426 5728 omittunt,
1452 5657 1759 5728 integraqne;
1778 5669 1828 5711 et
1844 5664 1964 5724 loco,
1983 5679 2117 5727 sana,

537 5708 731 5772 quidam
754 5710 944 5772 ferunt,
982 5708 1178 5768 εαηίιαέ.
1218 5722 1366 5770 —-Sic
1398 5708 1901 5772 etiatltaltlst'76ii.nit.

600 5771 624 5807 ⁸
656 5778 718 5824 ua
745 5773 878 5824 \‘md.
907 5771 958 5828 ct
979 5787 1086 5831 Mss.
1111 5789 1166 5831 At
1190 5790 1285 5832 Ant.
1313 5788 1387 5834 Er.
1410 5792 1460 5834 et
1484 5792 1611 5846 L0v.,
1638 5771 1989 5848 peruenientes.

2223 464 2440 535 virginis
2459 467 2732 536 cuiusdam
2761 467 3116 539 integritatem
3145 485 3304 525 manu
3331 471 3472 526 velut
3489 470 3794 540 explorans,

2221 556 2334 612 sive
2363 559 2726 614 malevolentia
2749 603 2764 626 ,
2792 562 2905 616 sive
2931 562 3140 617 inscitia
3160 605 3174 627 ,
3211 565 3324 619 sive
3352 578 3478 618 casu
3496 605 3512 629 ,
3547 563 3671 618 dum
3712 564 3798 618 in-

2221 650 2409 720 spicit,
2455 651 2682 722 perdidit
2710 640 2879 708 :non
2917 655 3108 725 Opinor
3137 671 3458 726 quemquam
3487 666 3591 709 tam
3632 656 3796 711 stulte

2220 756 2446 811 sapere,
2491 753 2549 798 ut
2593 743 2714 800 huic
2741 747 2965 816 periisse
3005 747 3203 815 aliquid
3243 748 3512 802 existimet
3537 747 3696 802 etiam
3725 747 3794 801 de

2221 833 2388 902 ipsius
2435 835 2675 904 corporis
2718 837 3032 902 sanctitate,
3089 837 3335 906 quamvis
3376 837 3600 893 membri
3651 838 3796 892 illius

2220 925 2520 994 integritate
2571 926 2681 995 iam
2735 927 2958 997 perdita.
3013 928 3272 996 Quocirca
3317 930 3592 999 proposito
3631 929 3796 984 animi

2219 1026 2594 1085 permanente,
2618 1033 2736 1086 per
2762 1018 2904 1087 quod
2933 1019 3092 1073 etiam
3117 1034 3310 1089 corpus
3339 1020 3660 1075 sanetiticari
3691 1036 3798 1075 me-

2218 1110 2352 1174 ruit,
2404 1125 2504 1164 nec
2556 1110 2653 1179 ipsi
2701 1111 2910 1180 corpori
2956 1111 3128 1166 aufert
3169 1114 3503 1168 sanctitatem
3550 1113 3797 1168 violentia

2221 1197 2456 1253 libidinis
2478 1199 2690 1267 alienae,
2717 1217 2874 1271 quam
2897 1212 3076 1257 servat
3102 1198 3505 1273 perseverantia
3521 1206 3801 1260 continen-

2220 1295 2307 1343 tia:
2335 1305 2464 1344 suze.
2491 1293 2571 1346 An
2602 1308 2729 1346 vero
2756 1293 2800 1347 si
2836 1295 3012 1364 aliqua
3060 1295 3254 1349 femina
3290 1305 3471 1351 mente
3506 1306 3754 1365 corrupta
3781 1339 3799 1363 ,

2219 1381 2517 1452 violataque
2561 1386 2833 1452 pr0posito
2877 1385 3019 1455 quod
3068 1386 3178 1441 Deo
3209 1395 3464 1452 voverat,
3507 1395 3692 1458 pergat
3715 1389 3802 1442 vi-

2220 1471 2397 1524 tianda
2438 1473 2504 1526 ad
2545 1473 2884 1543 deceptorem
2924 1491 3116 1541 suum;
3145 1476 3320 1531 adhuc
3343 1491 3460 1532 eam
3491 1486 3800 1549 pergentem

2219 1572 2462 1618 sanetam
2501 1565 2585 1620 vel
2615 1581 2840 1635 corpore
2866 1567 3129 1634 dicimus,
3175 1583 3238 1624 ea
3280 1569 3556 1624 sanctitate
3600 1569 3799 1635 animi,

2221 1669 2316 1723 per
2357 1670 2512 1724 quam
2555 1673 2750 1726 corpus
2791 1659 3238 1725 sanetilicabatur,
3283 1660 3475 1714 amissa
3513 1668 3672 1729 atque
3709 1661 3804 1715 de-

2221 1746 2456 1800 structa?
2475 1747 2630 1802 Absit
2655 1748 2743 1802 hic
2770 1763 2955 1803 error:
2979 1759 3032 1804 et
3061 1749 3186 1804 hinc
3201 1750 3375 1819 potius
3397 1748 3800 1814 admoneamur,

2221 1836 2291 1890 ita
2319 1851 2422 1891 non
2468 1839 2638 1893 amitti
2664 1841 2904 1910 corporis
2947 1841 3277 1897 sanctitatem
3302 1883 3318 1909 ,
3363 1853 3613 1899 manente
3637 1837 3800 1898 animi

2221 1931 2530 1999 Sanctitate,
2561 1933 2722 1987 etiam
2773 1949 3001 2004 corpore
3044 1950 3342 2004 oppresso,
3380 1937 3518 1991 sicut
3543 1937 3804 1992 amittitur

2219 2023 2462 2092 corporis
2511 2026 2766 2080 sanctitas
2833 2027 3027 2079 violata
3074 2027 3236 2082 animi
3286 2029 3601 2091 sanctitate,
3641 2029 3802 2082 etiam

2220 2127 2449 2184 corpore
2476 2115 2697 2170 intacto.
2741 2117 3098 2184 Quamobrem
3127 2135 3232 2172 non
3257 2119 3415 2174 habet
3437 2121 3452 2151 ¹
3479 2120 3619 2188 quod
3660 2121 3713 2174 in
3741 2135 3804 2174 se

2222 2214 2396 2261 morte
2441 2217 2735 2277 spontanea
2781 2210 2965 2279 puniat
3014 2210 3206 2264 femina
3228 2252 3244 2277 ,
3276 2212 3392 2265 sine
3420 2211 3523 2264 ulla
3550 2225 3644 2264 sua
3669 2227 3801 2266 con-

2222 2297 2472 2350 sensione
2513 2297 2773 2352 violenter
2826 2314 3118 2368 oppressa,
3171 2309 3226 2354 et
3273 2300 3446 2354 alieno
3497 2315 3803 2369 compressa

2223 2395 2482 2455 peccato:
2512 2395 2710 2456 quanto
2741 2389 2917 2443 minus
2945 2398 3067 2444 ante
3095 2405 3254 2459 quam
3297 2390 3397 2446 hoc
3428 2391 3548 2454 fiat;
3588 2407 3660 2450 ne
3702 2391 3804 2445 ad-

2223 2479 2462 2531 mittatur
2493 2478 2836 2534 homicidium
2867 2491 3071 2536 eertum
3093 2522 3108 2545 ,
3148 2497 3267 2536 cum
3298 2482 3468 2552 ipsum
3513 2483 3802 2554 flagitium,

2222 2569 2464 2636 quamvis
2494 2569 2762 2637 alienum,
2794 2571 2968 2625 adhuc
2993 2573 3188 2642 pendet
3221 2574 3520 2628 incertum?

2222 2699 2447 2758 CAPUT
2485 2701 2628 2756 XIX.
2658 2733 2728 2742 —
2751 2702 2830 2757 De
2856 2703 3092 2758 Lucretia
3117 2746 3133 2770 ,
3178 2722 3293 2775 quw
3317 2723 3370 2760 se
3396 2707 3456 2760 ob
3486 2707 3683 2762 illatum
3707 2708 3804 2762 sibi

2766 2803 2998 2862 stuprum
3029 2797 3255 2865 percutit.

2293 2926 2345 2980 I.
2388 2927 2470 2981 An
2506 2926 2644 2983 forte
2679 2927 2802 2983 huic
2842 2931 3134 3000 perspicua:
3163 2933 3392 2998 rationi,
3432 2949 3536 3004 qua
3575 2934 3803 2990 dicimus

2220 3032 2442 3088 corpore
2457 3033 2732 3089 oppresso,
2761 3038 3090 3092 nequaquam
3124 3026 3394 3093 ιιι-θροδίιο
3415 3027 3670 3080 castitatis
3692 3027 3799 3080 ulla

2222 3108 2274 3162 iu
2305 3109 2500 3164 malum
2523 3111 2873 3166 consensione
2898 3122 3099 3167 nudato
3118 3155 3132 3177 ,
3162 3115 3300 3168 illius
3324 3126 3524 3170 tantum
3551 3132 3670 3172 esse
3697 3119 3800 3170 lla.

2220 3201 2404 3270 gitium
2450 3203 2540 3272 qui
2585 3204 2891 3272 opprimens
2932 3206 3310 3274 concubuerit,
3357 3224 3460 3262 non
3503 3208 3643 3262 illius
3681 3225 3804 3278 quae

2220 3306 2472 3361 oppressa
2514 3295 2886 3350 concumbenti
2935 3296 3076 3349 nulla
3119 3297 3392 3352 voluntate
3433 3302 3802 3366 consenserit,

2220 3383 2586 3439 contradicere
2627 3383 2899 3440 audebant
2949 3385 3041 3452 hi,
3089 3399 3270 3443 contra
3312 3406 3446 3459 quos
3483 3390 3802 3447 feminarum

2227 3473 2634 3530 christianarum
2663 3477 2717 3531 in
2747 3479 3050 3547 captivitate
3074 3496 3446 3550 oppressarum
3467 3499 3570 3537 non
3598 3493 3801 3539 tantum

2221 3576 2462 3630 mentes,
2504 3582 2688 3620 verum
2737 3568 2897 3623 etiam
2937 3585 3160 3641 corpora
3209 3581 3391 3626 sancta
3429 3573 3805 3629 defendimus?

2224 3654 2414 3730 [XIXJ
2444 3657 2742 3712 Lucretiam
2773 3669 2937 3724 certe,
2964 3670 3260 3716 matronam
3288 3662 3517 3717 nobilem
3539 3671 3806 3718 veterem-

2220 3764 2326 3818 que
2364 3750 2654 3804 Romanam
2680 3791 2694 3815 ,
2741 3751 3007 3820 pudicitia:
3039 3754 3244 3823 magnis
3270 3753 3498 3808 efferunt
3537 3755 3802 3810 laudibus.

2223 3840 2390 3908 Hujus
2411 3855 2636 3909 corpore
2661 3857 2782 3896 cum
2809 3843 3067 3898 violenter
3090 3860 3348 3914 oppresso
3373 3846 3640 3915 Tarquinii
3664 3851 3807 3918 reg's

2225 3931 2362 3985 filius
2388 3931 2669 3987 libidinose
2695 3935 2895 4002 potitus
2916 3944 3080 4002 esset,
3106 3937 3194 3991 illa
3225 3938 3399 3992 scelus
3427 3938 3806 4006 improbissimi

2215 4021 2427 4089 juvenis
2456 4024 2647 4078 marito
2670 4024 2932 4080 Collatino
2951 4029 2972 4058 '
3015 4036 3071 4082 et
3115 4029 3412 4100 propinquo
3450 4031 3646 4095 Bruto,
3674 4031 3808 4084 viris

2223 4113 2532 4169 clarissimis
2559 4124 2612 4169 et
2648 4113 2986 4186 fortissimis,
3040 4121 3318 4190 indicavit,
3363 4136 3562 4193 eosque
3589 4125 3654 4177 ad
3683 4124 3808 4178 vin-

2227 4202 2422 4258 dictam
2452 4207 2772 4262 constrinxit
2798 4225 2811 4261 :
2836 4209 3025 4266 deinde
3056 4211 3183 4268 foedi
3206 4214 3259 4268 in
3287 4230 3348 4270 se
3369 4216 3638 4269 commissi
3661 4232 3806 4285 :rgra

2221 4304 2380 4364 atque
2409 4295 2690 4366 impatiens
2719 4313 2778 4354 se
2809 4303 3036 4370 peremit
3061 4304 3162 4374 (α).
3189 4305 3324 4371 Quid
3351 4307 3620 4361 dicemus?
3653 4308 3808 4361 adul-

2223 4395 2332 4439 tera
2360 4385 2493 4450 lnec,
2518 4403 2584 4441 an
2606 4400 2750 4444 casta
2773 4391 3060 4461 indicanda
3088 4397 3210 4450 est?
3235 4397 3362 4464 Quis
3387 4398 3438 4452 in
3464 4398 3560 4454 hac
3589 4410 3806 4454 contru-

2221 4477 2392 4532 vcrsia
2414 4478 2762 4536 laborandum
2793 4487 3096 4552 putaverit?
3122 4487 3346 4557 Egregie
3371 4490 3583 4558 quidam
3605 4507 3665 4546 ex
3700 4492 3808 4548 huc

2224 4572 2588 4639 veraciterque
2617 4573 2956 4641 declamans,
3003 4577 3116 4632 ait:
3167 4596 3185 4629 ι
3213 4578 3446 4634 Mirabile
3473 4582 3650 4648 dictu;
3695 4585 3807 4638 duo

2222 4655 2466 4725 fuerunt,
2510 4671 2565 4717 et
2609 4664 2925 4720 adulterium
2969 4682 3109 4722 unus
3164 4668 3394 4725 admisit.
3445 4691 3464 4724 ›
3513 4673 3807 4742 Splendide

2225 4761 2384 4822 atque
2407 4755 2703 4810 verissime.
2747 4747 2961 4812 luthens
2989 4761 3130 4814 enim
3175 4761 3226 4815 in
3253 4761 3477 4817 duorum
3518 4780 3804 4833 corporum

2222 4845 2600 4899 commixtione
2623 4848 2778 4900 unius
2809 4848 3290 4917 inquinatissimam
3317 4855 3656 4923 cupiditatem
3677 4897 3692 4923 ,
3723 4860 3807 4911 al-

2225 4937 2387 4989 terius
2415 4936 2771 4991 castissimam
2801 4940 3158 5006 voluntatem;
3204 4953 3261 4997 et
3289 4960 3393 4998 non
3422 4947 3546 5014 quid
3575 4949 3803 5018 conjun—

2222 5027 2398 5080 ctione
2442 5029 2805 5083 membrorum
2830 5070 2845 5094 ,
2895 5031 2989 5085 sed
3026 5033 3150 5101 quid
3179 5035 3472 5089 animormu
3499 5039 3809 5096 diversitate

2222 5127 2488 5186 ageretur,
2535 5120 2848 5188 attendens,
2886 5140 2904 5172 ι
2937 5123 3082 5188 Duo,
3116 5142 3133 5174 ι
3168 5124 3371 5195 inquit,
3408 5147 3424 5177 ε
3455 5127 3698 5198 fuerunt,
3749 5143 3808 5187 ct

2222 5208 2538 5264 adulterium
2567 5227 2704 5265 unus
2730 5211 2961 5266 admisit.
2995 5231 3014 5264 ι

2293 5299 2347 5354 2.
2388 5301 2492 5355 Sed
2524 5303 2649 5370 quid
2693 5312 2776 5356 est
2823 5305 2921 5357 hoc
2942 5345 2956 5364 ,
2988 5306 3128 5373 quod
3161 5307 3214 5360 in
3242 5323 3358 5362 cam
3389 5311 3603 5374 gravius
3631 5311 3802 5366 vindi-

2224 5404 2394 5460 catur,
2423 5409 2540 5464 qua:
2565 5393 2884 5448 adulterium
2928 5411 3032 5450 non
3063 5397 3314 5452 admisit?
3342 5399 3472 5453 Nam
3518 5401 3605 5456 ille
3635 5405 3807 5470 patria

2287 5550 2304 5617 ξ
2339 5555 2468 5606 tov.,
2492 5547 2803 5617 (nmmobrcnt
2823 5549 3045 5613 quianon
3062 5551 3221 5601 habet.
3249 5555 3410 5613 Abest,
3435 5554 3564 5617 quin,
3581 5556 3643 5604 ab
3663 5557 3810 5608 editis

2223 5607 2328 5659 aliis
2351 5617 2402 5658 et
2424 5623 2451 5657 a
2485 5612 2831 5673 manuscriptis.

2285 5674 2305 5701 ³
2342 5678 2557 5738 \eteres_
2579 5671 2682 5738 libri
2723 5671 2955 5732 nonnulli,
2987 5673 3246 5724 (aututino.
3276 5677 3402 5738 Apud
3427 5678 3603 5730 Livium
3640 5685 3808 5730 tamen

2223 5739 2432 5787 vorat-nr,
2459 5731 2731 5782 (ullatinus.

2293 5793 2365 5856 (u)
2388 5801 2549 5846 narrat
2572 5796 2742 5857 Livius,
2767 5793 2848 5844 bl).
2879 5797 2922 5859 1,
2939 5809 3080 5860 capp.
3107 5799 3185 5860 57,
3210 5799 3287 5848 58.
