4038 6492
189 354 256 410 33

197 482 309 522 cum
345 477 509 536 patre
542 473 752 539 pulsus
781 481 860 526 est
909 473 1020 545 (a);
1065 471 1180 528 hate
1208 485 1418 528 summo
1461 478 1544 525 est
1586 480 1810 526 mactata

203 559 482 629 supplicio.
527 561 593 615 Si
632 579 745 616 non
774 573 862 618 est
904 565 988 618 illa
1017 563 1369 632 impudicitia,
1398 577 1499 631 qua
1532 561 1690 614 invita
1723 576 1814 628 op~

212 651 480 716 primitur;
535 667 651 705 non
699 663 788 708 est
839 653 1217 722 ha-cjustitia,
1257 667 1360 724 qua
1402 662 1547 706 casta
1581 651 1813 720 punitur.

216 740 315 794 Vos
338 742 596 812 appello,
647 744 798 813 leges
837 745 1154 814 jndicesque
1194 743 1439 798 Romani.
1470 742 1670 813 Nempe
1700 751 1820 812 post

222 842 512 902 perpetrata
545 833 790 889 facinora
825 852 926 889 nec
953 851 1270 906 quemquam
1301 835 1582 889 scelestum
1612 834 1817 889 indem-

228 936 398 979 natum
451 927 683 996 impune
711 928 960 982 voluistis
988 927 1179 982 occidi.
1211 926 1265 982 Si
1310 942 1438 997 ergo
1483 926 1550 980 ad
1582 934 1814 980 vestrum

223 1017 471 1085 judicium
526 1018 814 1087 quisquam
865 1018 1094 1072 deferret
1141 1017 1240 1072 hoc
1277 1019 1516 1091 crimen,
1559 1016 1818 1085 vobisque

228 1107 564 1176 probaretur,
613 1124 723 1169 non
773 1109 950 1162 solum
995 1108 1384 1172 indemnatum,
1431 1123 1612 1162 verum
1657 1108 1814 1161 etiam

231 1210 423 1253 castam
469 1210 527 1253 et
573 1200 918 1254 innocentem
966 1198 1292 1253 interfectam
1335 1213 1454 1252 esse
1504 1199 1811 1263 mulierem;

226 1303 394 1343 nonne
423 1304 553 1343 eum
587 1290 676 1358 qui
706 1288 757 1343 id
779 1288 1030 1354 fecisset,
1061 1289 1343 1343 severitate
1363 1303 1592 1357 congrua
1622 1287 1817 1355 plecte-

225 1380 385 1434 retis?
416 1379 538 1434 Hoc
566 1378 697 1434 fecit
725 1380 812 1433 illa
843 1379 1122 1445 Lucretia;
1157 1379 1244 1433 illa
1267 1420 1282 1444 ,
1312 1379 1396 1433 illa
1427 1379 1505 1433 sic
1534 1379 1815 1450 przedicata

224 1469 466 1525 Lucretia
494 1472 863 1533 innocentem,
902 1481 1122 1534 castam,
1153 1469 1258 1522 vim
1290 1483 1594 1539 perpessam
1620 1468 1816 1522 Lucre-

227 1561 345 1615 tiam
385 1560 616 1629 insuper
644 1559 981 1614 interemit’.
1029 1557 1270 1613 Proferte
1293 1559 1631 1613 sententiam.
1664 1557 1812 1626 Quod

225 1651 264 1706 si
292 1660 584 1721 propterea
608 1666 712 1704 non
741 1650 985 1720 potestis,
1009 1650 1129 1719 quia
1153 1664 1259 1703 non
1286 1657 1423 1702 astat
1441 1663 1598 1716 quam
1628 1649 1814 1718 punire

227 1742 476 1810 possitis;
507 1756 609 1795 cur
641 1739 1052 1795 interfectricem
1083 1737 1380 1793 innocentis
1406 1747 1459 1793 et
1484 1747 1644 1793 casta:
1670 1747 1813 1793 tanta

229 1833 610 1902 pmdicatione
642 1833 908 1887 laudatis?
935 1832 1103 1900 Quam
1129 1840 1275 1886 certe
1311 1831 1448 1901 apud
1475 1832 1812 1901 infernosju-

227 1923 396 1989 dices,
442 1923 610 1977 etiam
640 1923 803 1988 tales,
848 1923 1032 1992 quales
1070 1930 1345 1991 poetarum
1369 1931 1664 1977 vestrorum
1692 1937 1812 1976 car-

229 2014 458 2066 minibus
485 2013 836 2076 cantitantur,
866 2012 1011 2066 nulla
1037 2011 1241 2067 ratione
1269 2009 1552 2067 defenditis
1571 2051 1587 2079 ,
1617 2013 1815 2067 consti-

230 2115 387 2157 tutam
414 2105 628 2159 scilicet
655 2105 795 2158 inter
821 2104 974 2169 illos,

978 2216 1060 2276 qui
1077 2215 1165 2263 sibi
1190 2213 1343 2263 letum

315 2280 543 2344 Insontes
571 2287 817 2344 peperere
847 2275 1012 2334 manu,
1042 2275 1297 2338 lucemque
1318 2275 1494 2338 perosi,

313 2342 578 2395 Projecere
599 2342 800 2384 animas.

228 2437 314 2490 Cui
343 2438 408 2490 ad
434 2453 669 2507 superna
703 2439 882 2494 redire
906 2439 1137 2508 cupienti

311 2555 421 2620 Fata
445 2551 662 2620 obstant,
686 2551 908 2612 tristique
928 2548 1064 2611 palus
1085 2545 1310 2598 innabilis
1327 2550 1452 2598 unda
1474 2551 1493 2580 ¹

575 2670 763 2722 τελεία.
790 2671 870 2720 lib.
891 2673 940 2731 6,
963 2685 1087 2722 vers.
1112 2672 1362 2730 tat-439.)

231 2797 300 2848 An
332 2795 469 2850 forte
499 2796 624 2850 ideo
652 2797 720 2850 ibi
765 2813 871 2851 non
901 2807 1014 2861 est,
1059 2799 1181 2868 quia
1213 2813 1320 2853 non
1366 2798 1665 2864 insontem,
1709 2799 1804 2853 sed

229 2888 357 2941 male
396 2888 498 2941 sibi
542 2889 812 2942 consciam
843 2904 904 2944 se
928 2891 1190 2960 peremit?
1230 2891 1366 2958 Quid
1396 2892 1440 2946 si
1468 2892 1610 2947 enim
1640 2892 1804 2962 (quod

230 2977 330 3044 ipsa
387 2977 760 3033 tantummodo
816 2994 980 3071 nosse
1026 2980 1292 3051 poterat),
1339 2983 1579 3052 quamvis
1623 2985 1805 3052 juveni

227 3067 484 3120 violenter
507 3068 756 3134 irruenti,
780 3070 939 3123 etiam
955 3067 1057 3126 sua
1080 3071 1294 3126 libidine
1314 3071 1488 3126 illecta
1514 3075 1803 3137 consensit,

226 3155 372 3224 idque
413 3157 471 3210 in
499 3173 562 3212 se
589 3159 814 3228 puniens
841 3160 912 3213 ita
941 3159 1142 3228 doluit,
1177 3169 1233 3215 ut
1258 3171 1432 3217 morte
1463 3171 1669 3231 putaret
1709 3180 1805 3218 cx-

223 3247 468 3314 piandum
485 3248 510 3300 ?
535 3249 844 3320 Quanquam
875 3266 974 3306 nec
1021 3252 1311 3322 sicquidem
1356 3255 1601 3310 occidere
1627 3271 1686 3311 se
1710 3256 1807 3311 de-

222 3338 358 3406 buit,
411 3341 458 3395 si
509 3343 838 3399 fructuosam
885 3355 1065 3415 posset
1107 3347 1244 3415 apud
1285 3347 1415 3404 deos
1443 3349 1604 3404 falsos
1647 3368 1804 3422 agere

222 3432 614 3498 penitentiam.
637 3433 1016 3490 Verumtamen
1047 3436 1090 3490 si
1117 3435 1252 3492 forte
1279 3439 1347 3491 ita
1378 3447 1478 3500 est,
1508 3439 1804 3510 falsumque

218 3534 294 3578 est
323 3525 455 3580 illud
484 3567 501 3590 ,
534 3527 677 3596 quod
703 3526 809 3581 duo
839 3527 1088 3596 fuerunt,
1117 3539 1172 3583 et
1199 3529 1516 3586 adulterium
1545 3548 1678 3587 unus
1705 3534 1803 3588 ad-

220 3616 378 3678 misit,
407 3615 504 3670 sed
531 3618 708 3687 potius
728 3617 888 3672 ambo
910 3618 1224 3674 adulterium
1245 3621 1645 3688 commiserunt,
1667 3639 1803 3678 unus

220 3706 497 3761 manifesta
535 3708 834 3773 iuvasione,
862 3709 1026 3764 altera
1053 3709 1247 3766 latente
1275 3713 1624 3768 consensione
1649 3731 1662 3768 :
1697 3731 1801 3768 non

219 3810 270 3847 se
297 3797 493 3850 occidit
539 3797 802 3851 insontem
822 3839 836 3861 ,
883 3809 936 3852 et
969 3799 1086 3854 ideo
1129 3809 1302 3870 potest
1341 3816 1370 3854 a
1402 3802 1648 3857 litteratis
1678 3805 1796 3872 ejus

219 3884 590 3940 defensoribus
632 3887 737 3941 dici
769 3903 874 3942 non
915 3903 1033 3945 esse
1061 3891 1198 3959 apud
1240 3891 1437 3946 inferos
1478 3893 1614 3948 inter
1630 3895 1798 3962 illos,

226 3997 246 4030 α
277 3982 362 4050 qui
412 3981 520 4036 sibi
559 3981 721 4036 letum
771 3983 1010 4038 insontes
1053 4000 1312 4056 peperere
1339 4001 1516 4040 manu.
1550 4007 1568 4039 ι
1597 3986 1702 4043 Sed
1730 3989 1802 4043 ita

218 4069 323 4125 lucc
361 4088 529 4126 causa
557 4088 620 4127 ex
649 4083 875 4143 utroque
905 4075 1066 4129 latere
1095 4084 1414 4141 coarctatur,
1468 4087 1528 4132 ut
1574 4079 1618 4132 si
1647 4088 1798 4134 esteo

221 4173 407 4217 nuatur
435 4162 783 4218 homicidium
805 4204 821 4230 ,
852 4164 1167 4221 adulterium
1198 4168 1578 4234 conlirmctur;
1607 4170 1650 4224 si
1679 4186 1803 4240 pur-

220 4263 363 4320 gatur
389 4253 737 4320 adulterium,
758 4255 1096 4309 homicidium
1120 4257 1450 4313 cumuletur:
1471 4275 1569 4314 nec
1584 4262 1801 4317 omnino

219 4344 482 4398 invenitur
508 4345 708 4410 exitus,
739 4344 825 4399 ubi
853 4346 1064 4411 dicitur,
1097 4347 1152 4404 Si
1181 4349 1476 4406 adulterata
1500 4361 1537 4416 ³,
1567 4367 1662 4408 cur
1687 4353 1800 4410 lau-

221 4437 376 4492 data?
407 4440 455 4493 si
479 4441 692 4509 pudica,
724 4457 822 4497 cur
851 4443 1062 4497 occisa?

283 4530 334 4582 5.
377 4529 552 4585 Nobis
598 4540 796 4610 tanten_
823 4533 873 4586 iu
920 4533 1019 4589 hoc
1061 4544 1164 4590 tam
1202 4536 1365 4591 nobili
1403 4537 1609 4594 femina:
1639 4540 1797 4610 hujus

219 4621 463 4687 exemplo
487 4619 557 4674 ad
589 4621 721 4675 istos
747 4605 1055 4678 refutandus
1074 4666 1089 4691 ,
1129 4625 1216 4695 qui
1263 4625 1563 4683 christianis
1591 4605 1798 4686 feminis

221 4709 267 4761 in
305 4713 618 4780 captivitate
657 4715 978 4784 compressis
1006 4718 1159 4771 alieni
1191 4718 1258 4772 ab
1295 4719 1440 4773 omni
1478 4721 1798 4791 cogitatione

217 4803 512 4858 sanctitatis
551 4803 836 4871 insultant,
879 4807 1072 4864 sufficit
1117 4810 1259 4880 quod
1305 4811 1356 4864 in
1383 4813 1654 4881 prteclaris
1679 4815 1796 4883 ejus

222 4889 465 4947 laudibus
508 4894 706 4949 dictum
745 4905 866 4951 est:
903 4916 921 4949 ι
955 4899 1066 4952 Duo
1094 4899 1341 4965 fuerunt,
1385 4912 1438 4956 et
1479 4904 1794 4962 adulterium

221 4996 354 5035 unus
412 4983 650 5038 admisit.
679 5005 698 5037 ι
750 4985 894 5041 Talis
941 4990 1082 5044 enim
1123 4989 1191 5043 ah
1233 4992 1312 5045 eis
1359 4992 1603 5050 Lucretia
1629 4997 1796 5067 magis

218 5071 414 5125 credita
447 5081 565 5135 cst,
613 5090 732 5144 qua:
759 5091 820 5130 se
846 5077 990 5130 nullo
1014 5079 1313 5134 adulterino
1351 5084 1580 5151 potuerit
1608 5101 1794 5141 macu-

275 5226 292 5255 ι
329 5225 755 5298 Salaminiorum,
774 5232 869 5281 vim
888 5243 1162 5295 perpessam
1184 5239 1450 5284 Lucrcttam
1482 5237 1698 5290 Lucretia
1719 5240 1794 5292 in-

213 5297 353 5346 super
373 5294 630 5340 niterent.

277 5350 497 5418 {scripti
520 5348 629 5418 libri
651 5363 826 5418 omnes
845 5366 1017 5418 prope,
1042 5364 1132 5405 Fas
1153 5355 1304 5407 obstat
1331 5370 1349 5407 :
1374 5366 1426 5408 ct
1458 5359 1580 5418 loco,
1609 5361 1794 5415 innabi-

214 5407 288 5484 lis,
309 5407 508 5484 habent,
528 5411 818 5484 iamnobilis.
835 5407 1027 5484 Quidam
1042 5418 1206 5476 etiam,
1223 5407 1489 5484 tristisque,
1512 5407 1790 5484 bibfir'iiii-

213 5483 304 5548 gae
330 5481 444 5548 :‘et,
466 5474 640 5548 undas,
661 5477 944 5548 proauitae.
969 5483 1062 5548 Nec
1097 5474 1353 5548 pauciores
1369 5474 1431 5532 ibi
1455 5474 1789 5548 discrepaniiae

213 5541 421 5610 reputa}
441 5544 555 5610 sunt
576 5537 1211 5610 injirgilianis‘veteribus
1248 5541 1399 5610 libris.
1418 5573 1480 5582 —
1494 5551 1600 5610 Mss.
1616 5537 1785 5610 'nostri

210 5597 596 5671 t‘gtjxtnesﬂbaneut2
618 5597 846 5671 [astris-9,
883 5601 1000 5661 fata,
1026 5608 1071 5671 et
1091 5599 1378 5671 iamnobilis,
1408 5619 1512 5669 pro,
1544 5606 1783 5660 innabilis.

206 5656 288 5722 ut.
308 5657 398 5722 766
416 5661 549 5712 solus
570 5656 687 5718 fert,
700 5656 891 5719 'tiistis,’
912 5656 1014 5722 pro,
1038 5661 1177 5712 tristi.
1240 5673 1293 5714 lit.

268 5719 291 5784 ξ
312 5719 447 5784 Mitt,
469 5724 720 5774 adultera.
739 5729 806 5784 fat
827 5719 954 5781 Mssi,
973 5722 1259 5775 adulterata.

255 5777 326 5844 (α)
350 5789 413 5835 De
434 5777 539 5840 'hoc
561 5784 714 5848 infra,
739 5783 824 5833 lib.
847 5784 894 5846 5,
919 5777 1022 5848 cap.
1045 5785 1122 5837 ‘23.

1605 355 1808 412 LIBER
1849 355 2120 413 I'RIMUS.
3429 379 3503 437 ιι

1931 474 2038 528 lare
2064 491 2349 534 consensu.
2379 479 2529 546 Quod
2556 499 2682 555 ergo
2711 497 2769 540 se
2797 485 2984 557 ipSam,
3015 489 3262 560 quoniam
3288 491 3496 552 adulte-

1926 582 2040 619 rum
2071 569 2083 596 '
2117 572 2350 636 pertulit,
2381 573 2540 626 etiam
2570 592 2674 630 non
2697 577 2988 634 adulterata
3015 582 3241 650 occidit,
3273 601 3376 641 non
3416 597 3500 643 est

1925 657 2190 724 pudicitiae
2236 662 2507 730 Charitas,
2559 666 2651 720 sed
2697 670 2914 738 pudoris
2963 672 3262 731 infirmitas.
3309 678 3501 734 Puduit

1922 748 2063 802 enim
2087 767 2203 807 eam
2229 754 2565 822 turpitudinis
2585 758 2772 814 aliena:
2797 761 2846 814 in
2873 777 2933 818 se
2951 765 3272 832 commisstc,
3292 767 3500 824 etiamsi

1923 855 2026 893 non
2055 856 2271 908 secum;
2303 853 2357 897 et
2397 845 2631 901 llontana
2677 851 2866 905 mulier
2887 852 3056 908 laudis
3091 856 3243 910 avida
3275 857 3496 912 nimium

1921 930 2087 984 verita
2119 942 2218 996 est,
2249 950 2314 987 ne
2341 945 2634 1003 putaretur,
2654 941 2793 1008 quod
2816 941 3074 999 violenter
3097 955 3177 1000 est
3200 961 3353 1015 passa
3374 963 3496 1002 cum

1920 1022 2142 1090 viveret,
2167 1026 2395 1082 libenter
2425 1044 2575 1097 passa
2604 1032 2647 1085 si
2676 1033 2894 1090 viveret.
2919 1035 3073 1092 Unde
3100 1037 3166 1092 ad
3193 1041 3374 1094 oculos
3401 1041 3501 1096 ho-

1921 1117 2124 1173 miuum
2153 1120 2347 1175 mentis
2374 1137 2485 1175 sum
2515 1132 2704 1179 testem
2732 1127 2873 1181 illam
2901 1143 3110 1198 paruam
3141 1132 3495 1190 adhibendam

1919 1209 2140 1275 putarit,
2164 1211 2354 1279 quibus
2376 1215 2754 1270 conscientiam
2781 1218 3148 1278 demonstrare
3173 1239 3276 1278 non
3305 1227 3491 1294 potuit.

1921 1297 2133 1386 Sociam
2167 1303 2364 1372 quippe
2390 1303 2510 1359 facti
2541 1322 2600 1361 se
2625 1309 2768 1364 credi
2797 1311 3039 1378 erubuit,
3082 1315 3159 1379 si,
3201 1317 3341 1386 quod
3364 1309 3499 1375 alios

1919 1385 1971 1440 in
2003 1403 2066 1441 ca
2093 1387 2290 1445 fecerat
2317 1395 2564 1462 turpiter,
2592 1395 2758 1452 ferret
2805 1400 2916 1470 ipsa
2945 1403 3224 1472 patienter.
3255 1406 3366 1462 Non
3395 1409 3495 1466 hoc

1920 1476 2158 1534 fecerunt
2204 1482 2416 1537 feminae
2455 1486 2791 1556 christianzc,
2839 1508 2956 1562 qure
2986 1510 3156 1565 passa:
3189 1497 3380 1554 similia
3419 1502 3499 1556 vi-

1918 1578 2065 1622 vunt.
2094 1570 2297 1627 Tamen
2320 1590 2419 1630 nec
2450 1576 2500 1630 in
2525 1592 2584 1632 se
2607 1580 2727 1634 ulta:
2751 1591 2875 1636 sunt
2901 1585 3101 1640 crimen
3132 1588 3364 1643 alienum
3383 1632 3397 1654 ,
3429 1607 3497 1645 ne

1917 1661 2142 1717 aliorum
2173 1665 2466 1722 sceleribus
2495 1669 2752 1726 adderent
2776 1690 2868 1727 sua
2887 1714 2903 1740 ,
2932 1677 3006 1742 si,
3037 1680 3286 1746 quoniam
3317 1680 3497 1737 hostes

1919 1751 1970 1805 iu
1996 1754 2072 1806 eis
2103 1758 2528 1826 concupiscendo
2564 1771 2742 1833 stupra
2771 1768 3150 1824 connniserant
3171 1813 3185 1834 ,
3217 1773 3320 1827 illa-
3356 1775 3406 1828 in
3436 1790 3497 1831 se

1918 1844 2048 1913 ipsis
2087 1845 2371 1902 homicidia
2419 1851 2785 1908 erubescendo
2822 1859 3236 1916 committerent.
3293 1863 3500 1920 llabent

1916 1936 2110 2005 quippe
2133 1938 2273 1992 intus
2289 1940 2514 2008 gloriam
2537 1945 2813 2012 castitatis,
2839 1950 3199 2006 testimonium
3221 1957 3498 2012 conscien-

1916 2025 2004 2080 tirc
2033 2043 2048 2081 :
2080 2026 2276 2082 habent
2299 2039 2476 2084 autem
2507 2048 2687 2087 coram
2719 2038 2886 2091 oculis
2918 2039 3008 2093 Dei
3039 2042 3158 2106 sui,
3188 2059 3286 2098 nec
3312 2047 3494 2114 requi-

1915 2124 2039 2171 runt
2080 2119 2338 2188 amplius,
2367 2121 2487 2186 ubi,
2519 2123 2642 2192 quid
2678 2136 2821 2180 recte
2851 2127 3077 2194 faciant,
3122 2149 3224 2187 non
3267 2139 3497 2207 amplius

1915 2203 2139 2271 habent;
2176 2224 2242 2262 ne
2271 2210 2487 2264 devient
2523 2213 2591 2266 ab
2619 2217 2934 2274 auctoritate
2960 2220 3090 2290 legis
3115 2223 3306 2280 divinae
3325 2267 3340 2292 ,
3359 2203 3492 2286 tcum

1916 2298 2055 2354 male
2079 2299 2317 2356 devitant
2341 2303 2690 2362 offensionem
2718 2312 3038 2380 suspicionis
3066 2315 3331 2374 humanae.

1913 2409 2140 2466 CAPUT
2168 2413 2286 2468 XX.
2318 2446 2387 2455 —
2415 2415 2629 2473 Nullam
2658 2439 2763 2476 esse
2786 2426 3133 2481 auctoritatem
3157 2471 3172 2494 ,
3204 2447 3318 2500 qua:
3343 2433 3490 2491 Chri-

1983 2506 2158 2558 stianis
2177 2507 2226 2560 iu
2247 2510 2463 2577 qualibet
2482 2527 2634 2566 causa
2645 2514 2733 2582 jus
2753 2514 3048 2572 voluntaria:
3066 2522 3198 2575 necis
3214 2523 3417 2579 tribuat.

1984 2615 2166 2688 Neque
2193 2621 2333 2674 enim
2384 2621 2575 2678 frustra
2624 2626 2676 2680 in
2724 2630 2922 2685 sanctis
2969 2637 3238 2693 canonicis
3267 2642 3287 2671 ²
3319 2640 3491 2698 Libris

1915 2723 2172 2778 nusquam
2201 2711 2350 2765 nobis
2375 2713 2626 2769 divinitus
2657 2731 2976 2788 perceptum
3005 2729 3388 2794 permissumve
3406 2750 3492 2789 re-

1915 2799 2072 2866 periri
2098 2810 2288 2867 potest,
2313 2811 2368 2856 ut
2388 2805 2467 2858 vel
2499 2805 2661 2874 ipsius
2680 2809 3035 2878 adipiscrndm
3055 2815 3488 2890 immortalitatis,

1913 2888 1996 2942 vel
2020 2890 2174 2944 ullius
2197 2893 2409 2947 carendi
2437 2897 2723 2951 cavendivc
2748 2903 2870 2956 ntali
2897 2920 3076 2972 causa,
3101 2888 3490 2983 nobismetipsis

1912 2994 2095 3033 necent
2127 2980 2434 3038 inferamus.
2464 2985 2594 3040 Nam
2625 2998 2678 3042 et
2709 2991 3000 3059 prohibitos
3029 3014 3126 3053 nos
3153 3015 3271 3056 esse
3298 2980 3485 3059 intelli-

1909 3069 2136 3140 gendtnn
2166 3083 2247 3127 est
2271 3115 2284 3136 ,
2315 3075 2400 3129 ubi
2452 3076 2558 3131 Lex
2600 3079 2675 3134 ait
2697 3121 2710 3142 ,
2759 3081 2878 3138 Non
2923 3087 3117 3142 occides
3143 3107 3162 3144 :
3195 3097 3488 3160 prmsertim

1909 3164 2028 3232 quia
2061 3181 2164 3217 non
2192 3166 2432 3234 addidit,
2465 3165 2760 3238 proximum
2803 3184 2946 3230 tuum
2978 3196 2992 3233 :
3021 3181 3158 3235 sicut
3187 3183 3374 3240 falsum
3405 3198 3486 3242 te-

1907 3255 2212 3310 stimonium
2238 3274 2358 3312 cum
2386 3269 2607 3321 vetaret.
2640 3262 2884 3329 Falsum,
2917 3268 3115 3334 inquit,
3147 3275 3484 3332 testimonium

1909 3363 2008 3400 non
2030 3348 2162 3403 dices
2186 3349 2424 3406 adversus
2449 3355 2730 3421 proximum
2753 3366 2893 3411 tuum
2920 3359 3111 3425 (Exod.
3142 3380 3235 3430 xx,
3260 3368 3345 3432 15.,
3371 3370 3482 3437 16).

1906 3437 2014 3493 Nec
2037 3439 2154 3494 ideo
2177 3450 2351 3495 tamen
2378 3443 2420 3496 si
2443 3442 2699 3498 adversus
2721 3461 2779 3501 se
2806 3448 2975 3518 ipsum
2994 3453 3270 3523 quisquam
3293 3456 3482 3516 falsum

1909 3530 2266 3584 testimonium
2288 3531 2501 3596 dixerit,
2524 3535 2592 3587 ab
2621 3535 2721 3590 hoc
2747 3538 2969 3594 crimine
2993 3556 3051 3597 se
3073 3547 3333 3614 putaverit
3355 3550 3484 3607 alie-

1907 3641 2054 3680 num.
2083 3627 2342 3694 Quoniam
2372 3630 2608 3698 regulam
2633 3631 2881 3702 diligendi
2911 3637 3205 3704 proximum
3232 3658 3262 3696 a
3287 3655 3482 3701 semet-

1907 3717 2022 3785 ipso
2063 3717 2288 3789 dilector
2316 3719 2553 3789 accepit;
2597 3722 3022 3792 quandoquidem
3059 3730 3314 3798 scriptum
3357 3743 3482 3801 est,

1906 3804 2096 3876 Diliges
2121 3809 2405 3875 proximum
2426 3818 2566 3862 tuum
2593 3820 2829 3878 tanquam
2856 3823 2903 3868 te
2926 3815 3089 3884 ipsum
3114 3819 3323 3890 (Matth.
3349 3840 3478 3890 nn,

1905 3896 2029 3964 59).
2061 3897 2228 3951 Porro
2255 3900 2298 3952 si
2332 3901 2445 3953 falsi
2477 3902 2762 3957 testimonii
2794 3921 2896 3960 non
2927 3909 3102 3964 minus
3130 3928 3252 3967 rens
3278 3925 3360 3969 est
3388 3919 3478 3986 qui

1904 3984 1970 4041 de
1991 4001 2049 4040 se
2074 3988 2188 4056 ipso
2212 3987 2397 4044 falsum
2422 3989 2632 4059 fatetur,
2659 4009 2815 4062 quam
2837 3996 2882 4050 si
2903 3997 3156 4055 adversus
3181 3984 3478 4072 proximum

1905 4075 2008 4131 hoc
2038 4077 2270 4144 faceret;
2301 4094 2422 4134 cum
2465 4082 2517 4135 in
2546 4097 2612 4137 eo
2641 4095 2907 4156 praecepto
2927 4129 2944 4150 ,
2973 4105 3078 4158 quo
3107 4091 3295 4148 falsum
3329 4100 3478 4152 testi-

1903 4168 2138 4221 monium
2162 4169 2492 4237 prohibetur,
2515 4172 2773 4229 adversus
2798 4178 3092 4245 proximum
3117 4183 3478 4254 prohibeatur,

1904 4258 2174 4327 possitque
2209 4273 2313 4313 non
2354 4269 2500 4315 recte
2544 4263 2960 4334 intelligentibus
3000 4269 3167 4326 videri
3207 4289 3312 4330 non
3358 4292 3480 4333 esse

1903 4348 2225 4418 prohibitum
2253 4358 2310 4404 ut
2333 4349 2588 4406 adversus
2610 4368 2671 4408 se
2699 4353 2870 4422 ipsum
2897 4358 3119 4430 quisque
3147 4361 3304 4418 falsus
3328 4369 3477 4424 testis

1901 4439 2113 4493 assistat
2145 4455 2159 4492 :
2186 4450 2384 4510 quanto
2411 4443 2578 4510 magis
2608 4443 3005 4516 intelligendum
3045 4462 3146 4520 est,
3179 4470 3282 4510 non
3315 4458 3477 4513 licere

1903 4529 2100 4584 homini
2117 4545 2175 4585 se
2193 4531 2360 4601 ipsum
2378 4532 2765 4600 occidere,cutn
2789 4537 2838 4590 in
2857 4542 3085 4610 eo,quod
3102 4546 3353 4616 scriptum
3371 4561 3473 4610 est,

1905 4618 2027 4674 Non
2069 4622 2260 4677 occides
2284 4663 2300 4688 ,
2334 4623 2499 4678 nihilo
2527 4623 2718 4680 deinde
2744 4627 2922 4682 addito
2943 4670 2960 4696 ,
3003 4633 3174 4689 nullus
3193 4675 3206 4698 ,
3236 4653 3336 4692 nec
3363 4639 3478 4708 ipse

1901 4712 2082 4775 utique
2119 4714 2201 4767 cui
2243 4714 2581 4784 praccipitur,
2616 4718 2940 4789 intelligatur
2983 4728 3279 4795 exceptus?
3325 4729 3477 4792 Unde

1900 4802 2112 4872 quidam
2137 4802 2234 4857 hoc
2256 4814 2576 4873 prteceptutn
2603 4807 2762 4863 etiam
2790 4809 2841 4863 in
2873 4810 3067 4868 bestias
3086 4831 3147 4870 ac
3175 4833 3364 4886 pecora
3387 4837 3478 4873 co-

1901 4901 2094 4947 nantur
2117 4894 2435 4961 extendere,
2471 4905 2527 4951 ut
2571 4911 2638 4952 ex
2677 4898 2780 4954 hoc
2821 4901 3020 4958 nullum
3067 4906 3224 4961 etiam
3266 4909 3472 4965 illorum

1901 4985 2059 5040 liceat
2083 4986 2324 5042 occidere
2353 4985 2447 5059 (α).
2479 4989 2585 5044 Cur
2610 5005 2713 5045 non
2740 5007 2867 5062 ergo
2890 5004 2944 5049 et
2971 4995 3161 5051 herbas
3184 5040 3198 5062 ,
3227 5009 3281 5054 et
3316 5003 3472 5071 quid-

1899 5079 2022 5149 quid
2041 5079 2200 5136 humo
2222 5081 2471 5137 radicitus
2491 5084 2647 5138 alitur
2661 5100 2723 5139 ac
2746 5086 2952 5157 ligitur?
2973 5105 3091 5143 nam
3113 5101 3164 5145 et
3185 5090 3286 5147 hoc
3304 5108 3473 5164 genus

1899 5187 2074 5225 rerum
2101 5214 2115 5236 ,
2143 5174 2382 5242 quamvis
2428 5190 2531 5228 non
2562 5176 2787 5244 sentiat,
2819 5178 3010 5233 dicitur
3032 5181 3247 5248 vivere;
3286 5199 3348 5240 ac
3375 5201 3474 5256 per

1900 5261 1999 5314 hoc
2021 5270 2192 5329 potest
2211 5271 2266 5316 et
2291 5262 2422 5316 mori
2444 5279 2459 5327 ;
2485 5264 2702 5330 proinde
2722 5267 2901 5329 etiam,
2925 5283 3046 5322 cum
3069 5270 3147 5324 vis
3167 5273 3468 5342 adhibetur,

1897 5351 2085 5406 occidi.
2105 5351 2256 5407 Unde
2273 5352 2637 5422 ctApostolus,
2653 5370 2770 5409 cum
2787 5354 2854 5410 de
2871 5355 3229 5426 hujuscemodi
3247 5365 3470 5420 semini-

1960 5486 1977 5516 ¹
2012 5485 2082 5534 sic
2103 5491 2210 5534 Mss.
2237 5491 2291 5533 At
2315 5485 2450 5540 editi.
2473 5485 2782 5537 adulterium.

1957 5548 1982 5620 ξ
2011 5547 2147 5620 editi,
2183 5544 2530 5611 ctuwnit‘isque.
2571 5549 2818 5610 rarticula,
2847 5564 2954 5614 que,
2995 5565 3091 5602 non
3124 5556 3270 5604 estin
3294 5570 3464 5609 mauu-

2138 5670 2441 5729 Marcionitaa,
2467 5677 2595 5720 teste
2633 5672 2918 5734 Epiphanio,
2953 5676 3131 5726 tltercsi
3168 5677 3260 5737 42;
3296 5686 3347 5728 et
3367 5687 3463 5730 Ma-

1893 5731 1970 5781 uic
1988 5732 2092 5782 tati.
2115 5737 2244 5782 teste
2268 5732 2644 5782 augustiuodib.
2669 5734 2700 5782 6
2722 5743 2886 5782 contra
2903 5743 3151 5782 Faustum.
3175 5752 3313 5782 cant)-
3338 5741 3387 5782 tt-
3405 5742 3439 5782 8

1893 5731 2092 5792 uiclitci,
2115 5737 2244 5782 teste
2268 5732 2644 5795 augustiuoﬂib.
2669 5731 2700 5783 Β
2718 5731 2886 5786 contra
2903 5731 3151 5862 Fau(sctum,
3175 5731 3313 5862 capp.
3338 5741 3388 5801 ϐ,
3405 5742 3439 5794 8

2024 5806 2032 5814 ‘
2279 5847 2282 5849 λ
2633 5808 2638 5812 ‘
3039 5812 3252 5855 OQUJtUS.
