4038 6474
570 359 640 417 35
1636 343 1723 399 DE
1758 340 2077 399 CIVITATE
2113 340 2248 408 DEI,
2276 341 2335 398 S.
2373 341 2738 402 AUGUSTINI
3753 348 3828 405 30

567 475 666 531 bus
690 472 1013 543 loqueretur,
1041 465 1140 532 Tu,
1169 462 1356 535 inquit,
1385 459 1521 534 quod
1544 460 1779 523 seminus,
1801 473 1901 513 non
1918 457 2140 526 uiuiﬁca-

570 576 686 629 tur,
717 563 814 618 nisi
857 561 1099 616 moriatur
1124 558 1140 589 ¹
1174 555 1234 629 (ι
1272 553 1388 610 Cor.
1432 567 1508 606 xv
1531 591 1546 618 ,
1578 549 1704 619 36).
1736 550 1802 604 Et
1842 548 1896 602 in
1933 547 2144 601 Psalmo

570 656 825 725 scriptum
865 661 964 716 est,
995 648 1191 704 Occidit
1225 645 1346 700 uites
1374 658 1544 697 eorum
1565 682 1578 706 ,
1608 641 1662 694 in
1687 638 1933 710 grandine
1963 634 2140 707 (Psal.

573 761 750 804 uxvn
772 785 789 811 ,
819 746 937 812 47).
968 741 1103 799 Num
1131 739 1287 809 igitur
1311 736 1380 790 ob
1405 734 1507 789 hoc
1525 773 1540 797 ,
1569 746 1692 786 cum
1719 729 1992 792 audimus,
2024 726 2146 781 Non

573 835 786 900 occides,
805 832 1086 903 virgultum
1098 829 1294 884 vellere
1318 825 1464 880 nefas
1484 822 1743 885 ducimus,
1767 826 1822 874 et
1841 816 2149 873 Manichteo-

573 943 692 982 rum
759 924 925 979 errori
986 918 1320 975 insanissime
1373 909 1799 984 acquiescimus?
1853 908 1947 963 llis
1993 907 2149 976 igitur

574 1015 938 1074 deliramentis
965 1011 1184 1068 remotis
1207 1050 1222 1077 ,
1253 1022 1374 1062 cum
1401 1005 1624 1075 legimus
1647 1043 1662 1066 ,
1697 999 1820 1054 Non
1845 998 2038 1053 occides
2062 1038 2076 1062 ,
2104 997 2149 1052 si

575 1116 857 1182 propterea
879 1121 983 1162 non
1003 1103 1289 1172 accipimus
1316 1099 1415 1153 hoc
1438 1098 1635 1153 dictum
1662 1109 1782 1149 esse
1801 1093 1868 1148 de
1891 1091 2149 1156 frutectis,

577 1181 701 1271 quia
729 1199 904 1253 nullus
930 1205 1011 1252 est
1036 1195 1113 1248 eis
1149 1205 1371 1256 sensus;
1415 1203 1514 1244 nec
1543 1187 1608 1242 de
1636 1185 1994 1240 animantibus
2021 1181 2154 1236 irra-

580 1290 861 1347 tionalibus
886 1291 907 1321 ³
928 1329 943 1354 ,
972 1285 1269 1340 volatilibus
1295 1324 1309 1348 ,
1342 1280 1652 1336 natatilibus
1676 1321 1690 1344 ,
1725 1275 2115 1332 ambulatilibus
2135 1313 2152 1340 ,

579 1381 856 1451 reptilibus
877 1420 894 1445 ,
921 1377 1042 1448 quia
1069 1375 1213 1430 nulla
1241 1373 1393 1427 nobis
1430 1371 1641 1425 ratione
1665 1367 1934 1423 sociantur
1957 1407 1973 1432 ,
1996 1378 2154 1435 quam

581 1486 688 1526 non
727 1470 806 1525 eis
853 1467 1032 1522 datum
1083 1473 1165 1519 est
1213 1461 1488 1517 nobiscum
1532 1459 1730 1512 habere
1768 1467 2152 1518 communem;

583 1561 725 1617 unde
751 1557 1043 1629 justissima
1072 1553 1405 1609 ordinatione
1432 1548 1698 1605 Creatoris
1723 1554 1778 1602 et
1803 1545 1910 1600 vita
1936 1552 1990 1598 et
2015 1557 2157 1598 mors

585 1667 768 1708 eorum
798 1649 994 1705 nostris
1020 1647 1205 1702 usibus
1243 1643 1482 1699 subditur
1514 1657 1528 1695 :
1561 1647 1726 1695 restat
1761 1647 1820 1692 ut
1843 1635 1910 1692 de
1944 1634 2159 1689 homine

587 1741 964 1810 intelligamus,
991 1736 1131 1807 quod
1157 1735 1354 1790 dictum
1377 1740 1482 1795 est,
1517 1729 1631 1783 Non
1651 1727 1842 1782 occides
1867 1741 1886 1780 :
1911 1737 2007 1779 nec
2029 1723 2160 1778 alte-

586 1845 706 1886 rum
733 1843 882 1898 ergo,
909 1840 1008 1880 nec
1034 1833 1085 1880 te
1109 1824 1152 1876 ³.
1182 1821 1366 1892 Neque
1389 1820 1531 1877 enim
1555 1817 1645 1889 qui
1671 1830 1730 1872 se
1754 1813 1986 1879 occidit,
2015 1810 2158 1868 aliud

587 1934 746 1991 quam
775 1917 1044 1972 hominem
1069 1912 1283 1969 occidit.

588 2073 811 2132 CAPUT
841 2071 984 2128 XXI.
1015 2099 1086 2110 —
1113 2067 1192 2122 De
1215 2061 1635 2136 interiectionibus
1660 2060 1937 2123 hominum,
1965 2071 2077 2128 qua:
2098 2056 2160 2110 ab

964 2159 1220 2214 homicidii
1244 2156 1450 2210 crimine
1474 2152 1806 2222 excipiuntur.

659 2277 924 2346 Quasdam
952 2289 1080 2330 vero
1109 2270 1447 2338 exceptiones
1483 2265 1668 2321 eadem
1697 2263 1806 2332 ipsa
1837 2260 2012 2316 divina
2043 2259 2166 2314 iecit

590 2368 877 2425 auctoritas
900 2407 915 2432 ,
945 2376 1005 2420 ut
1036 2379 1142 2419 non
1169 2363 1322 2417 liceat
1353 2359 1375 2390 ‘
1413 2357 1682 2412 hominem
1713 2352 1900 2407 occidi.
1946 2350 2052 2429 Sed
2082 2349 2164 2403 his

591 2458 850 2529 exceptis,
881 2471 1017 2526 quos
1041 2455 1179 2508 Deus
1203 2449 1371 2505 occidi
1395 2448 1562 2519 jubet,
1591 2447 1703 2499 sive
1731 2443 1852 2497 data
1881 2443 2017 2510 lege,
2048 2439 2162 2494 sive

593 2551 660 2606 ad
687 2563 966 2620 personam
995 2560 1090 2616 pro
1119 2553 1355 2611 tempore
1375 2551 1622 2606 expressa
1639 2534 1877 2605 jussione
1901 2549 1914 2585 :
1934 2547 2038 2586 non
2064 2545 2166 2585 au-

602 2650 708 2694 tem
735 2640 848 2708 ipse
875 2634 1086 2697 occidit,
1115 2632 1205 2702 qui
1232 2626 1578 2683 ministerium
1606 2624 1761 2678 debet
1781 2620 2005 2691 jubenti,
2030 2620 2166 2673 sicut

593 2726 968 2782 adminiculum
991 2721 1190 2791 gladius
1213 2717 1376 2773 utenti
1399 2717 1419 2748 ³
1444 2733 1456 2768 :
1485 2723 1538 2770 et
1557 2714 1674 2768 ideo
1691 2725 2020 2781 nequaquam
2039 2722 2166 2762 con-

594 2827 674 2872 tra
699 2816 803 2870 hoc
828 2821 1146 2884 praeceptum
1172 2809 1428 2870 fecerunt,
1451 2820 1557 2875 quo
1576 2804 1770 2858 dictum
1793 2809 1894 2865 est,
1929 2797 2047 2852 Non
2077 2813 2164 2852 oc-

599 2906 758 2972 cidcs,
785 2905 872 2974 qui
901 2904 1008 2958 Deo
1037 2911 1251 2956 auctore
1279 2898 1415 2953 bella
1444 2902 1740 2966 gesserunt,
1771 2901 1858 2946 aut
1885 2904 2162 2960 personam

595 3005 840 3068 gerentes
867 2995 1091 3065 publicai
1116 2988 1392 3062 potestatis
1418 2986 1702 3042 secundum
1731 2983 1843 3052 ejus
1872 2983 2035 3052 leges,
2065 2980 2167 3036 hoc

596 3097 682 3144 est
704 3086 1012 3157 iustissimae
1056 3079 1276 3137 rationis
1323 3077 1638 3146 imperium,
1672 3075 1958 3128 sceleratos
1996 3079 2166 3124 morte

593 3178 896 3248 punieruut.
929 3175 996 3228 Et
1023 3170 1287 3228 Abraham
1333 3181 1436 3221 non
1468 3166 1636 3219 solum
1680 3179 1783 3216 non
1816 3170 1896 3215 est
1925 3159 2164 3228 culpatus

591 3266 918 3323 crudelitatis
938 3263 1178 3324 crimine,
1203 3272 1385 3313 verum
1407 3256 1564 3310 etiam
1594 3253 1831 3306 laudatus
1852 3260 1930 3305 est
1950 3250 2165 3304 nomine

589 3357 821 3429 pietatis,
845 3354 984 3425 quod
1007 3352 1169 3406 voluit
1197 3349 1380 3412 tilium,
1413 3359 1741 3415 nequaquam
1769 3343 2044 3408 scelerate,
2071 3341 2164 3396 sed

589 3449 900 3504 obedienter
923 3443 1164 3499 occidere
1191 3439 1350 3512 (Gen.
1379 3453 1489 3492 χχιι
1506 3434 1545 3508 ).
1579 3436 1646 3490 Et
1673 3435 1859 3488 merito
1890 3435 2160 3502 (ιιιωιοίιυν,

590 3548 766 3593 utrum
793 3550 889 3606 pro
920 3534 1072 3603 jussu
1112 3531 1202 3584 Dei
1244 3530 1314 3582 sit
1359 3525 1656 3581 habendum
1680 3565 1694 3590 ,
1723 3523 1861 3594 quod
1885 3522 2073 3591 Iephte
2098 3522 2162 3576 ti-

588 3631 734 3694 liam,
755 3643 871 3699 qum
895 3625 1025 3695 patri
1048 3620 1298 3685 occurrit,
1322 3618 1675 3682 occiditgcum
1693 3631 1750 3670 se
1771 3615 2160 3669 immolaturum

525 3743 530 3746 ·
589 3721 701 3775 Deo
730 3720 781 3772 id
808 3717 1074 3779 vovisset,
1107 3711 1245 3782 quod
1277 3711 1324 3764 ei
1369 3707 1609 3763 redeunti
1654 3706 1721 3761 de
1765 3705 1944 3774 pra'lio
1972 3703 2161 3758 victori

587 3811 831 3881 primitus
856 3806 1174 3860 occurrisset
1199 3801 1409 3873 (Judic.
1454 3799 1566 3869 ιι).
1606 3797 1714 3852 Nec
1758 3798 1978 3850 Samson
2010 3795 2163 3847 aliter

591 3911 894 3964 excusatur,
922 3897 1058 3966 quod
1088 3911 1148 3950 se
1177 3897 1349 3964 ipsum
1379 3907 1497 3946 cum
1541 3889 1777 3942 hostibus
1801 3888 1948 3941 ruina
1974 3886 2161 3939 domus

591 3990 892 4063 oppressit,
921 3987 1018 4042 nisi
1046 3985 1165 4055 quia
1193 3983 1408 4052 spiritus
1435 3982 1658 4034 latenter
1682 3977 1781 4030 hoc
1801 3977 2047 4044 jusserat,
2071 3975 2159 4042 qui

589 4098 686 4153 per
716 4081 862 4135 illum
892 4077 1141 4133 miracula
1175 4074 1396 4128 faciebat
1435 4070 1557 4141 (Id.
1593 4085 1697 4134 xvi,
1729 4068 1849 4139 '50).
1882 4067 1973 4120 llis
2004 4068 2160 4136 igitur

587 4173 844 4242 exceptis,
872 4185 1008 4241 quos
1034 4170 1113 4222 vel
1147 4168 1229 4222 lex
1252 4166 1391 4236 justa
1429 4162 1764 4232 generaliter,
1794 4160 1875 4214 vel
1906 4160 2017 4228 ipse
2042 4159 2158 4214 fons

588 4266 799 4335 justitiae
832 4263 968 4316 Deus
997 4258 1296 4329 specialiter
1322 4254 1490 4310 occidi
1513 4253 1701 4321 jubet;
1731 4250 1966 4320 quisquis
1992 4248 2160 4302 Immi-

587 4371 708 4410 nem
738 4353 820 4408 vel
847 4367 904 4406 se
927 4353 1129 4420 ipsum,
1159 4348 1241 4402 vel
1267 4345 1555 4417 quemlibet
1579 4342 1860 4408 occiderit,
1890 4339 2156 4395 homicidii

586 4445 806 4499 crimine
836 4441 1136 4496 inncctitur.

585 4555 808 4612 CAPUT
835 4553 1081 4610 XXII.—
1102 4549 1249 4615 Quod
1271 4565 1525 4617 nunquam
1549 4547 1700 4615 possit
1725 4561 1857 4598 mors
1877 4543 2155 4598 voluntaria

883 4644 949 4696 ad
985 4639 1378 4712 magnitudinem
1404 4638 1557 4690 animi
1588 4637 1849 4705 pertinere.

655 4758 707 4812 l.
747 4755 814 4812 Et
837 4755 1152 4824 quicumque
1180 4749 1284 4804 hoc
1328 4749 1381 4803 in
1425 4764 1482 4804 se
1527 4748 1652 4817 ipsis
1680 4751 2148 4816 perpetraverunt,

585 4845 746 4901 animi
777 4842 1133 4912 magnitudine
1180 4840 1401 4892 fortasse
1446 4836 1668 4891 mirandi
1693 4877 1707 4898 .
1740 4850 1842 4889 non
1881 4833 2151 4902 sapientia‘

583 4936 806 4989 sanitate
836 4929 1080 4986 laudandi
1125 4937 1267 4983 sunt.
1309 4929 1616 4994 Quanquam
1659 4924 1703 4978 si
1747 4923 2000 4978 rationem
2029 4921 2120 4975 dili

581 5025 788 5095 gentius
817 5023 1097 5085 consulas,
1131 5035 1197 5073 ne
1241 5017 1353 5088 ipsa
1393 5015 1604 5086 quidem
1647 5013 1806 5068 animi
1845 5011 2151 5082 magnitudo

644 5195 660 5225 ί
696 5193 832 5252 Editi,
857 5192 950 5243 nisi
972 5190 1105 5257 prius
1134 5189 1385 5257 nmiatur.
1411 5189 1576 5249 Abest,
1599 5187 1749 5250 prius,
1766 5199 1792 5236 a
1812 5187 2151 5249 manuscriptis

581 5262 632 5306 et
653 5266 681 5303 τι
702 5266 860 5316 graeco
882 5252 1022 5316 textu
1045 5252 1189 5316 Pauli.

641 5319 661 5348 ³
693 5313 821 5373 ῐιδεη
839 5313 1208 5364 irrationalibus.

641 5378 662 5408 ³
692 5379 765 5425 sic
779 5383 885 5424 Mss.
909 5382 962 5424 At
983 5383 1110 5435 ιρις,
1128 5389 1220 5424 ηοη
1241 5373 1462 5428 alterum,
1487 5383 1600 5434 ergo
1620 5375 1785 5435 necte.

640 5443 662 5468 ι
696 5445 824 5494 l.ov.,
848 5444 897 5485 ut
921 5435 1056 5486 liceat
1077 5430 1106 5497 ;’
1126 5437 1298 5485 omissa
1321 5430 1803 5497 negante'particula,
1825 5443 1935 5497 qua:
1955 5430 2149 5497 inestin

581 5500 772 5552 exteris
796 5491 947 5556 libris,
977 5504 1028 5546 et
1061 5491 1255 5556 prorsus
1291 5491 1571 5544 necéssaria'
1594 5493 1780 5556 videtur
1802 5491 1862 5539 ad
1901 5491 2148 5556 Augustini

583 5550 896 5622 pmpositum,
920 5550 1003 5621 qui
1033 5550 1127 5622 illis
1150 5558 1519 5622 exceptionibus
1540 5556 1637 5622 ipsa
1666 5554 1751 5622 I_)ei
1774 5550 2058 5622 auctoritate
2079 5550 2149 5599 fa-

577 5614 852 5673 ctis'legem
870 5614 961 5670 non
985 5620 1228 5670 occidendi
1246 5614 1478 5667 [irritatam
1496 5614 1642 5664 fuisse
1662 5614 1820 5663 docet.

637 5687 657 5716 ⁵
691 5673 826 5740 mliti,
864 5679 1056 5740 gladius
1075 5686 1144 5731 est
1172 5678 1341 5739 utenti.
1390 5685 1446 5728 Al.
1474 5676 1779 5740 manuscripti
1815 5687 1910 5726 non
1948 5673 2146 5735 habent,

637 5694 657 5716 υ
691 5694 826 5756 miti,
864 5694 1056 5794 qtaaius
1075 5694 1144 5731 est
1172 5694 1341 5739 mean.
1390 5694 1446 5728 Al.
1474 5694 1640 5726 manus

578 5752 683 5809 est;
714 5757 850 5808 cujus
890 5756 976 5794 oco
998 5743 1129 5794 bene
1149 5741 1448 5802 subauditur,
1472 5737 1641 5800 debet,

2247 465 2390 512 recte
2414 459 2718 514 nominatur
2740 499 2756 526 ,
2785 457 2877 514 ubi
2915 458 3138 530 quisque
3182 473 3290 514 non
3333 457 3559 516 valendo
3587 457 3834 517 tolerare

2249 549 2334 604 vel
2347 565 2567 620 quaeque
2581 566 2766 622 aspera
2778 551 2863 608 vel
2883 552 3054 607 aliena
3073 562 3308 622 peccata,
3323 567 3380 608 se
3401 552 3516 622 ipse
3535 553 3827 610 intereme-

2252 642 2340 695 rit.
2388 641 2549 714 Magis
2591 644 2730 698 enim
2775 659 2926 700 mens
2971 644 3177 699 infirma
3214 643 3667 714 deprehenditur,
3699 658 3826 715 qua

2252 733 2392 789 ferre
2418 749 2524 790 non
2557 743 2733 806 potest
2757 737 2839 791 vel
2875 735 3062 792 duram
3093 738 3173 792 sui
3199 737 3438 807 corporis
3471 737 3777 793 servitutem
3803 778 3823 805 ,

2252 827 2335 880 vel
2361 827 2572 882 stultam
2600 828 2739 898 vulgi
2782 828 3082 899 opinionem
3106 848 3121 894 ;
3165 830 3438 901 majorque
3467 831 3676 886 animus
3700 845 3825 886 me-

2254 917 2357 971 rito
2379 917 2634 973 dicendus
2658 928 2757 982 est,
2779 920 2867 989 qui
2889 920 3048 975 vitam
3075 936 3426 975 :erumnosam
3454 921 3621 992 magis
3647 931 3831 990 potest

2257 1005 2413 1072 ferre,
2441 1023 2596 1078 quam
2625 1007 2839 1078 fugere;
2866 1020 2920 1065 et
2944 1009 3230 1064 humanum
3252 1011 3532 1079 judicium,
3562 1012 3828 1066 maxime—

2256 1112 2360 1166 que
2380 1099 2616 1169 vulgare,
2639 1100 2778 1170 quod
2805 1101 3116 1170 plerumque
3138 1102 3361 1172 caligine
3381 1104 3581 1158 erroris
3604 1102 3833 1157 involvi-

2258 1195 2342 1242 tur
2366 1229 2380 1253 ,
2411 1202 2522 1256 prae
2559 1191 2893 1244 conscientiae
2934 1191 3051 1246 luce
3093 1206 3156 1246 ac
3197 1193 3422 1261 puritate
3463 1201 3829 1247 contemnere.

2258 1279 2610 1346 Quamobrem
2632 1282 2676 1336 si
2703 1298 2892 1353 magno
2917 1284 3094 1339 animo
3123 1285 3233 1340 fieri
3265 1286 3552 1355 putandum
3577 1297 3678 1352 est,
3703 1301 3828 1342 cum

2259 1369 2360 1424 sibi
2392 1371 2548 1426 homo
2583 1372 2773 1441 ingerit
2811 1384 3038 1430 mortem
3057 1417 3072 1441 ,
3097 1375 3187 1429 ille
3212 1377 3387 1444 potius
3410 1375 3782 1432 Cleombrotus
3810 1375 3833 1408 ί

2260 1459 2316 1514 in
2359 1459 2458 1514 hac
2495 1461 2657 1515 animi
2702 1464 3060 1534 magnitudine
3106 1464 3407 1534 reperitur;
3449 1480 3607 1535 quem
3653 1465 3836 1520 ferunt

2264 1551 2402 1606 lecto
2432 1552 2665 1607 Platonis
2693 1553 2848 1621 libro,
2875 1554 2963 1608 ubi
2989 1554 3057 1609 de
3085 1555 3478 1611 immortalitate
3501 1556 3692 1611 anima:
3716 1555 3836 1613 dis-

2263 1641 2484 1710 putavit,
2513 1656 2572 1696 se
2598 1642 2918 1713 principitem
2943 1643 3154 1699 dedisse
3193 1644 3260 1699 de
3295 1661 3468 1711 muro,
3491 1654 3646 1716 atque
3671 1647 3742 1700 ita
3762 1660 3835 1701 ex

2264 1730 2364 1786 hac
2388 1732 2492 1786 vita
2522 1732 2777 1803 migrasse
2801 1733 2868 1787 ad
2897 1741 3037 1798 eam,
3069 1749 3222 1803 quam
3248 1735 3472 1790 credidit
3495 1750 3614 1791 esse
3643 1737 3837 1790 melio-

2263 1835 2398 1876 rem.
2427 1820 2568 1876 Nihil
2594 1823 2734 1877 enim
2777 1824 2993 1894 urgebat
3029 1834 3121 1879 aut
3159 1827 3505 1892 calamitatis,
3535 1828 3836 1882 autcrimi-

2265 1913 2348 1967 nis
2365 1955 2380 1978 ,
2409 1927 2500 1967 seu
2524 1929 2706 1969 verum
2731 1955 2745 1980 ,
2771 1929 2864 1970 seu
2901 1915 3089 1970 falsum
3109 1957 3124 1982 ,
3157 1916 3298 1986 quod
3325 1931 3427 1970 non
3449 1917 3672 1971 valendo
3693 1917 3838 1972 ferre

2267 2017 2326 2058 se
2354 2001 2613 2068 auferret;
2659 2004 2752 2060 sed
2782 2005 2848 2060 ad
2875 2007 3250 2075 capessendam
3282 2017 3504 2062 mortem
3531 2049 3546 2071 .
3579 2016 3736 2078 atque
3762 2007 3835 2063 ad

2267 2093 2423 2166 hujus
2449 2097 2570 2151 vita:
2595 2098 2775 2151 suavia
2799 2098 3004 2153 vincula
3029 2097 3321 2168 rumpenda
3347 2098 3456 2152 sola
3481 2099 3648 2154 adfuit
3670 2099 3837 2154 animi

2267 2188 2590 2258 magnitudo.
2634 2189 2786 2257 Quod
2827 2198 3000 2244 tamen
3041 2206 3230 2261 magne
3270 2192 3442 2261 potius
3487 2191 3678 2246 factum
3713 2207 3840 2249 esse

2267 2294 2424 2348 quam
2450 2280 2604 2343 bene,
2638 2282 2784 2334 testis
2811 2281 2860 2335 ei
2889 2282 3058 2351 potuit
3082 2296 3202 2358 esse
3229 2283 3374 2336 Plato
3405 2283 3538 2352 ipse,
3566 2299 3723 2354 quem
3753 2283 3837 2340 Ie-

2267 2379 2417 2439 gerat
2445 2387 2458 2424 :
2490 2372 2578 2440 qui
2610 2371 2846 2441 profecto
2889 2372 2938 2427 id
2969 2373 3234 2443 praecipue
3273 2374 3709 2445 potissimumque
3752 2374 3838 2430 fe-

2268 2463 2446 2524 cisset,
2475 2462 2554 2516 vel
2583 2462 2740 2515 etiam
2771 2462 3136 2530 pnecepisset;
3167 2463 3265 2516 nisi
3293 2478 3353 2518 ea
3379 2475 3577 2526 mente.
3603 2480 3704 2534 qua
3736 2468 3842 2519 im-

2271 2553 2639 2606 mortalitatem
2684 2554 2876 2607 anima:
2919 2553 3084 2619 vidit,
3118 2569 3445 2624 nequaquam
3491 2553 3792 2610 faciendum
3817 2595 3838 2621 ,

2269 2642 2393 2712 quin
2422 2643 2579 2696 etiam
2617 2643 2999 2712 prohibendum
3028 2659 3146 2698 esse
3173 2641 3479 2714 judicasset.

2337 2735 2392 2788 2.
2435 2733 2692 2807 [XXIIL]
2731 2737 2801 2790 At
2839 2736 2980 2790 enim
3019 2736 3170 2790 multi
3212 2750 3270 2790 se
3308 2736 3720 2801 interemerunt,
3747 2751 3820 2792 ne

2272 2825 2324 2881 in
2369 2842 2554 2881 manus
2604 2827 2832 2882 hostium
2879 2827 3238 2898 pervenirent.
3286 2827 3400 2881 Non
3447 2827 3604 2881 modo
3643 2829 3841 2898 quwri-

2270 2933 2388 2971 mus
2416 2928 2587 2971 utrum
2623 2918 2693 2972 sit
2736 2917 2925 2972 factmu
2952 2959 2965 2982 ,
2995 2917 3087 2972 sed
3131 2927 3303 2970 utrum
3332 2916 3487 2972 fuerit
3512 2917 3838 2974 faciendum.

2269 3008 2406 3064 Sana
2435 3009 2627 3080 quippe
2667 3009 2802 3063 ratio
2845 3009 3002 3063 etiam
3031 3009 3288 3077 exemplis
3316 3009 3682 3078 anteponenda
3710 3017 3794 3064 est
3817 3049 3835 3074 ,

2269 3102 2352 3154 cui
2379 3101 2589 3170 quidem
2611 3111 2664 3154 et
2683 3101 2922 3170 exempla
2949 3100 3294 3166 concordant,
3319 3101 3412 3157 sed
3437 3103 3524 3156 illa
3546 3117 3661 3172 qua:
3688 3110 3839 3156 tanto

2268 3191 2504 3261 digniora
2525 3201 2648 3245 sunt
2668 3192 2979 3257 imitatione,
2997 3201 3195 3261 quanto
3215 3192 3589 3246 excellentiora
3617 3193 3832 3262 pietate.

2268 3283 2380 3338 Non
2412 3283 2647 3337 fecerunt
2683 3283 3000 3338 Patriarchte
3021 3325 3035 3349 ,
3065 3299 3168 3336 non
3200 3282 3476 3352 Propheta:
3495 3324 3510 3347 ,
3540 3299 3644 3338 non
3685 3286 3832 3353 Apo-

2267 3376 2387 3430 stoli
2417 3393 2430 3428 :
2459 3377 2578 3444 quia
2609 3385 2663 3429 et
2691 3375 2803 3443 ipse
2833 3375 3088 3428 Dominus
3115 3373 3379 3438 Christus,
3407 3374 3618 3443 quando
3643 3388 3754 3439 eos,
3785 3375 3834 3428 si

2267 3467 2686 3537 persecutionem
2707 3474 3028 3535 paterentur,
3049 3464 3229 3534 fugere
3249 3463 3520 3518 admonuit
3539 3463 3606 3519 de
3622 3464 3835 3520 civitate

2267 3558 2319 3611 in
2345 3557 2610 3612 civitatem
2641 3556 2857 3628 (Matth.
2890 3573 2944 3620 ι,
2975 3555 3103 3625 2'5),
3137 3557 3306 3626 potuit
3330 3556 3616 3611 admonere
3643 3564 3702 3609 ut
3729 3556 3832 3611 sibi

2267 3666 2453 3705 manus
2483 3649 2771 3714 inferrent,
2802 3665 2868 3704 ne
2895 3649 2947 3703 in
2977 3665 3164 3703 manus
3192 3649 3615 3718 persequentium
3646 3664 3836 3718 perve-

2267 3743 2460 3796 nirent.
2489 3742 2653 3796 Porro
2677 3740 2721 3795 si
2748 3741 2849 3795 hoc
2875 3741 2961 3794 ille
2985 3756 3089 3794 non
3113 3741 3288 3808 jussit,
3317 3749 3407 3792 aut
3434 3741 3653 3806 monuit,
3683 3751 3737 3794 ut
3764 3756 3833 3796 eo

2265 3835 2424 3888 modo
2452 3833 2532 3887 sui
2569 3849 2634 3887 ex
2657 3832 2757 3886 hac
2785 3834 2888 3886 vita
2917 3833 3242 3902 migrarent,
3265 3833 3455 3902 quibus
3483 3833 3834 3902 migrantibus

2265 3925 2566 3978 mansiones
2607 3931 2832 3977 aeternas
2872 3936 2930 3977 se
2979 3931 3392 3991 praeparaturum
3439 3937 3558 3978 esse
3587 3923 3835 3992 promisit

2265 4015 2457 4085 (Joan.
2489 4029 2610 4079 Juv,
2638 4015 2673 4066 2
2694 4011 2750 4085 );
2796 4013 3040 4083 quaelibet
3084 4013 3320 4082 exempla
3350 4023 3616 4083 opponant
3643 4021 3834 4083 gentes

2263 4123 2380 4176 qua:
2405 4107 2648 4176 ignorant
2674 4106 2835 4159 Deum
2858 4146 2872 4169 ,
2907 4105 3238 4158 manifestmn
3280 4115 3364 4159 est
3403 4107 3502 4160 hoc
3529 4122 3633 4161 non
3664 4107 3832 4162 licere

2262 4196 2556 4250 colentibus
2581 4211 2742 4248 unum
2766 4210 2947 4248 verum
2976 4195 3160 4248 Deum.

2260 4285 2483 4341 CAPUT
2513 4285 2699 4340 XXIII.
2725 4315 2796 4324 —
2823 4285 2982 4351 Quale
3005 4284 3284 4354 exeruplum
3304 4287 3366 4340 sit
3389 4286 3623 4354 Catonis,
3645 4287 3730 4357 qui
3751 4304 3829 4353 se,

2482 4377 2741 4431 victon'am
2767 4375 2980 4432 Cwsaris
3009 4394 3108 4432 non
3137 4383 3320 4448 ferens,
3348 4381 3613 4434 interemit.

2327 4470 2430 4526 Sed
2460 4478 2636 4525 tamen
2662 4470 2820 4524 etiam
2856 4470 2928 4524 illi
2960 4479 3152 4539 praeter
3174 4470 3492 4534 Lucretiam,
3521 4471 3586 4525 de
3608 4485 3710 4542 qua
3737 4487 3834 4525 su-

2256 4577 2350 4633 pra
2371 4563 2500 4617 satis
2524 4561 2664 4633 quod
2685 4561 2959 4617 videbatur
2975 4561 3221 4628 diximus,
3248 4579 3353 4616 non
3376 4562 3529 4618 facile
3554 4563 3834 4632 reperiunt

2257 4653 2322 4708 de
2341 4653 2490 4722 cujus
2515 4653 2827 4707 auctoritate
2853 4652 3217 4721 praescribant,
3247 4653 3344 4706 nisi
3373 4654 3518 4708 illum
3545 4656 3829 4722 Catonem,

2255 4743 2344 4816 qui
2373 4759 2431 4798 se
2459 4743 2622 4799 Utica:
2649 4743 2842 4797 occidit
2870 4743 2943 4813 (a)
2975 4761 2987 4796 :
3017 4759 3123 4796 non
3150 4744 3268 4813 quia
3296 4745 3441 4798 solus
3475 4745 3524 4798 id
3558 4745 3700 4812 fecit,
3731 4748 3829 4802 sed

2256 4834 2380 4904 quia
2409 4833 2493 4887 vir
2520 4833 2705 4886 doctus
2745 4841 2797 4887 et
2842 4832 3038 4902 probus
3083 4833 3374 4889 habebatur
3418 4837 3513 4904 (b),
3545 4847 3604 4890 ut
3633 4837 3833 4891 merito

2256 4935 2470 4996 putetur
2488 4935 2633 4980 recte
2657 4925 2814 4979 etiam
2843 4925 2953 4980 fieri
2980 4927 3214 4995 potuisse
3238 4927 3317 4980 vel
3340 4942 3497 4997 posse
3517 4929 3655 4998 quod
3680 4928 3827 4984 fecit.

2318 5062 2335 5093 ι
2371 5058 2504 5121 Vind,
2533 5066 2629 5121 Amr.
2657 5064 2710 5107 et
2743 5071 3102 5121 omnespmpe
3132 5067 3237 5108 Mss.
3258 5096 3273 5118 ,
3315 5059 3464 5109 Τήιοι)
3493 5071 3613 5113 atus.
3657 5065 3830 5117 cicero

2254 5135 2383 5178 eum,
2413 5118 2743 5168 .nnbraciotam
2765 5118 3117 5179 (‘Ieomb‘otting
3137 5130 3286 5169 vocat.

2315 5184 2387 5249 (a)
2411 5182 2514 5231 Fuit
2536 5179 2620 5249 ille
2642 5187 2752 5249 Cato
2775 5182 2925 5229 minor
2943 5185 3127 5249 Catonis
3147 5184 3341 5249 majoris
3358 5195 3618 5249 pronepos,
3642 5186 3810 5240 Uticen

2251 5243 2511 5310 sis’dictus,
2535 5245 2647 5310 quia
2669 5243 2829 5310 Uticae.
2843 5255 2962 5310 quae
2977 5243 3142 5310 civitas
3160 5243 3235 5310 est
3250 5246 3307 5310 in,
3323 5243 3491 5310 Ali-ica,
3509 5243 3674 5310 seipse
3696 5253 3824 5300 occi-

2251 5307 2338 5354 dit.
2365 5313 2430 5353 De
2455 5318 2515 5352 eo
2539 5306 2693 5352 Livius
2725 5303 2808 5351 lib.
2835 5303 2953 5364 1M;
2977 5305 3158 5366 Cicero,
3182 5305 3268 5356 lib.
3290 5308 3314 5356 1
3338 5309 3490 5369 OiIic.,
3514 5303 3618 5372 cap.
3651 5311 3732 5372 3i,
3770 5321 3827 5363 et

2251 5373 2390 5413 'msc.
2419 5364 2501 5413 lib.
2528 5367 2572 5413 1.
2591 5379 2633 5413 c.
2656 5364 2734 5412 δυ.

2251 5373 2390 5415 'msc.
2419 5366 2501 5414 lib.
2528 5367 2572 5422 1,
2591 5379 2633 5413 c.
2656 5366 2734 5412 50.

2314 5426 2386 5488 (b)
2409 5428 2596 5474 Catonis
2617 5426 2870 5488 utriusque
2897 5433 2946 5474 et
2975 5427 3246 5478 innocentia
3273 5436 3321 5477 et
3344 5431 3575 5479 sacientia
3602 5434 3749 5481 etiam
3772 5435 3825 5485 in

2251 5488 2558 5551 proverbium
2581 5487 2820 5551 abierunt.
2851 5489 2980 5551 Unde
3005 5499 3083 5538 est
3103 5490 3221 5539 illud
3251 5491 3374 5551 apud
3398 5493 3694 5545 .Iuvenalezu.
3733 5492 3802 5543 lib

2255 5547 2299 5604 ἰ,
2335 5557 2424 5618 sat.
2449 5549 2494 5605 ‘2,
2521 5560 2646 5618 vers.
2674 5547 2762 5597 40:
2798 5550 3032 5618 «:l‘cr-tius
3053 5565 3082 5599 e
3107 5551 3229 5618 (ξᾳιιρ
3261 5547 3434 5601 cecidit
3471 5559 3597 5618 Cato.
3623 5556 3828 5618 {Hujus

2254 5612 2542 5676 probitatem
2578 5609 2796 5676 impense
2834 5609 3026 5676 laudant
3058 5611 3269 5676 Velleius
3302 5613 3606 5676 Paterculus,
3648 5609 3822 5676 lih.'2,

2251 5668 2359 5733 cap.
2385 5671 2472 5728 i3;
2490 5668 2688 5733 Seneca,
2728 5668 2812 5718 lib.
2837 5672 2899 5719 de
2921 5672 3282 5733 :l‘ranquillitate
3306 5675 3472 5733 animi.
3491 5668 3703 5729 ω’ίεὶ·
3728 5668 3825 5730 εδιί

2255 5729 2430 5788 ιιιὲιὶιιε
2452 5733 2500 5782 in
2518 5731 2724 5784 Catilin..
2746 5743 2849 5795 cap.
2875 5729 2957 5791 54,
2980 5739 3034 5784 et
3051 5729 3160 5788 alii»
