4038 6488
261 355 327 412 37

267 470 340 526 De
377 469 542 539 cujus
596 472 754 526 facto
800 475 930 544 quid
977 475 1303 544 potissimum
1347 475 1559 538 dicam,
1601 477 1699 529 nisi
1740 479 1879 545 quod

275 562 426 616 amici
453 562 581 630 ejus
611 566 790 617 etiam
822 567 962 619 docti
993 567 1204 636 quidam
1235 569 1352 630 viri,
1381 568 1468 638 qui
1500 568 1598 623 hoc
1623 569 1732 622 fieri
1760 585 1882 638 prti-

282 653 487 707 dcntius
537 652 984 720 dissuadebam,
1040 657 1396 712 imbecillioris
1451 645 1621 728 quam.
1652 658 1885 722 fortioris

288 744 438 798 animi
482 744 709 797 facinus
751 761 876 800 esse
902 757 1255 813 censuerunt,
1297 763 1402 817 quo
1430 748 1886 814 demonstraretur

293 852 387 888 non
411 836 677 888 honestas
702 839 876 906 turpia
905 852 1226 906 praecavens,
1251 838 1345 900 sed
1365 839 1642 902 infirmitas
1663 849 1882 905 adversa

297 941 392 978 uon
431 925 716 979 sustinens
738 928 762 976 ?
793 928 902 982 lloc
939 936 994 981 et
1040 929 1154 1005 ipSe
1196 937 1328 990 Cato
1371 938 1421 990 in
1450 955 1544 992 suo
1571 939 1882 996 charissimo

297 1017 398 1070 lilio
420 1015 703 1070 indicavit.
735 1016 872 1075 Nam
901 1018 944 1078 si
978 1034 1128 1093 turpe
1153 1037 1266 1079 erat
1295 1026 1394 1080 sub
1418 1028 1634 1081 victoria
1660 1031 1881 1085 (L'csaris

294 1108 490 1176 vivere,
512 1123 617 1168 cur
643 1125 833 1169 auctor
855 1115 1008 1185 hujus
1037 1117 1371 1186 turpitudinis
1399 1129 1547 1187 pater
1576 1121 1591 1151 ¹
1625 1119 1732 1174 filio
1759 1119 1875 1186 fuit,

293 1217 446 1273 quem
472 1204 543 1259 de
563 1204 800 1260 Cresaris
820 1207 1140 1276 benignitate
1164 1208 1336 1259 otnuia
1365 1223 1577 1276 Spcrare
1596 1211 1836 1278 praecepit
1855 1213 1880 1249 ν

294 1311 387 1349 cur
411 1312 519 1348 non
561 1307 618 1351 et
664 1299 810 1352 illum
852 1313 1031 1352 secum
1061 1299 1231 1368 coegit
1273 1299 1336 1352 ad
1369 1302 1631 1354 mortem?
1669 1301 1798 1354 Nam
1832 1303 1874 1355 si

293 1401 411 1438 eum
441 1386 612 1440 lilium
639 1429 654 1454 ,
696 1389 784 1457 qui
813 1397 999 1444 contra
1031 1389 1306 1457 imperium
1353 1389 1403 1442 in
1449 1391 1652 1444 hostem
1684 1406 1878 1460 pugna-

295 1488 482 1538 verat.
530 1479 692 1533 etiam
737 1480 990 1534 victorem
1042 1480 1372 1534 laudabiliter
1401 1480 1696 1551 Torquatus
1733 1483 1872 1536 occi-

289 1571 363 1623 dit
397 1568 514 1641 (a);
561 1586 659 1626 Cur
683 1571 852 1625 victus
882 1573 1020 1625 victo
1047 1573 1152 1625 filio
1179 1572 1410 1642 pepercit
1435 1572 1566 1625 Cato
1589 1615 1602 1635 ,
1635 1574 1720 1642 qui
1769 1589 1872 1628 nou

288 1662 530 1729 pepercit
560 1661 705 1715 sibi?
743 1677 810 1714 au
842 1662 1048 1732 turpius
1084 1672 1197 1715 erat
1225 1672 1406 1716 contra
1451 1663 1726 1731 imperium
1756 1678 1873 1719 esse

287 1750 546 1804 victorem
573 1792 588 1810 ,
619 1766 774 1820 quam
805 1761 988 1806 contra
1017 1753 1174 1807 decus
1205 1752 1345 1807 ferre
1387 1753 1675 1808 victorem?
1718 1754 1872 1809 Nullo

287 1841 444 1894 modo
493 1841 656 1909 igitur
693 1839 824 1895 Cato
871 1851 1023 1912 turpe
1061 1857 1180 1896 esse
1221 1842 1508 1910 judicavit,
1547 1845 1646 1896 sub
1674 1848 1871 1898 victore

282 1931 498 1986 Cursore
537 1932 750 1994 vivere;
781 1932 1014 2001 alioquin
1056 1932 1121 1986 ab
1161 1932 1258 1986 hac
1298 1932 1622 2003 turpitudine
1653 1946 1870 2002 paterno

282 2023 424 2077 ferro
451 2025 472 2055 ’
503 2024 669 2078 lilium
695 2024 964 2079 liberaret.
988 2024 1120 2092 Quid
1144 2035 1224 2078 est
1246 2040 1391 2095 ergo,
1417 2027 1515 2079 nisi
1541 2025 1681 2095 quod
1706 2027 1864 2080 lilittm

278 2124 538 2181 quantum
563 2115 780 2179 amavit,
802 2115 885 2168 cui
917 2119 1055 2184 parci
1077 2131 1104 2168 a
1131 2115 1340 2170 Cresare
1366 2125 1418 2169 et
1440 2116 1666 2186 speravit
1693 2124 1744 2170 et
1770 2132 1866 2170 vo-

279 2203 406 2269 luit;
441 2215 648 2258 lantum
677 2206 857 2275 gloria:
888 2206 1051 2274 ipsius
1093 2207 1319 2261 Czcsaris
1339 2250 1353 2272 ,
1383 2224 1446 2261 ne
1473 2207 1540 2262 ab
1585 2209 1675 2261 illo
1703 2209 1862 2263 etiam

277 2297 374 2351 sibi
419 2308 766 2366 parceretur,
800 2311 857 2353 ut
898 2302 1011 2368 ipse
1039 2300 1214 2354 Carsar
1241 2301 1437 2356 dixisse
1479 2303 1681 2364 fertur,
1725 2304 1862 2358 invi-

279 2391 353 2442 dit
382 2390 494 2459 (b);
527 2399 641 2455 aut,
672 2399 727 2443 ut
752 2390 952 2459 aliquid
980 2405 1074 2443 nos
1096 2390 1272 2444 mitius
1297 2390 1554 2455 dicamus,
1577 2393 1826 2447 erubuit?

279 2500 502 2555 CAPUT
526 2499 808 2554 XXIV.—
829 2501 976 2566 Quod
997 2502 1045 2553 in
1066 2518 1124 2554 cu
1145 2503 1340 2564 virtute,
1363 2519 1458 2570 qua
1477 2501 1699 2573 Regulus
1719 2503 1862 2558 Crito-

312 2611 373 2647 ne
399 2594 726 2664 prttstantior
753 2594 872 2664 fuit,
902 2594 1056 2646 multo
1084 2595 1241 2664 magis
1261 2595 1506 2647 emineant
1528 2595 1819 2650 Christiani.

341 2703 546 2757 Nolunt
575 2711 750 2758 autem
780 2703 887 2766 isti,
917 2713 1099 2756 contra
1129 2719 1260 2772 quos
1287 2705 1510 2771 agimus,
1541 2714 1596 2759 ut
1619 2717 1854 2761 sanctum

277 2794 443 2846 virum
487 2792 633 2856 Job,
681 2793 769 2860 qui
813 2802 920 2846 tam
968 2792 1226 2845 horrenda
1270 2793 1406 2846 mala
1454 2794 1505 2846 iu
1556 2811 1648 2847 sua
1696 2811 1855 2851 carne

277 2886 477 2954 perpeti
505 2885 713 2949 maluit,
742 2901 898 2954 quant
926 2884 1064 2938 illata
1089 2884 1188 2938 sibi
1216 2896 1385 2939 morte
1407 2886 1649 2940 omnibus
1669 2901 1852 2942 carere

273 2981 594 3034 cruciatibus
612 3021 628 3043 ,
660 2980 739 3034 vel
767 2979 900 3032 alios
927 2988 1136 3032 sanctos
1160 2994 1222 3031 ex
1253 2978 1446 3031 nostris
1473 2979 1682 3034 Litteris
1706 2995 1852 3035 sum-

273 3087 353 3124 ma
391 3070 714 3124 auctoritate
751 3068 1098 3132 eclsissimis,
1135 3067 1339 3137 fideque
1376 3068 1734 3137 dignissimis,
1761 3072 1849 3140 qui

271 3163 628 3230 captivitatem
664 3160 1184 3228 dominationemque
1220 3160 1447 3213 hostium
1480 3159 1618 3216 ferre
1641 3202 1655 3225 ,
1690 3180 1848 3232 quam

270 3253 363 3306 sibi
393 3267 589 3307 necem
625 3250 824 3306 inferre
863 3250 1196 3313 maluerunt,
1226 3248 1414 3305 Catoni
1457 3251 1795 3320 prieferamus
1831 3270 1845 3307 :

268 3343 356 3396 sed
379 3358 448 3397 ex
477 3343 671 3397 litteris
691 3358 900 3409 eorum,
924 3341 1094 3397 eidem
1121 3343 1191 3396 illi
1217 3342 1391 3398 Marco
1412 3345 1594 3398 Catoni
1617 3345 1845 3400 Marcum

270 3434 528 3504 Regulum
563 3433 926 3503 praeferamus.
958 3433 1088 3488 Cato
1116 3436 1255 3488 cnim
1289 3451 1552 3504 nunquam
1583 3437 1844 3490 Cmsarem

266 3527 482 3590 vicerat,
515 3525 602 3581 cui
622 3526 792 3581 victus
815 3526 1130 3596 dedignatus
1153 3535 1235 3580 est
1263 3525 1480 3595 subjici,
1511 3536 1566 3581 et
1592 3543 1658 3582 ne
1683 3528 1846 3597 subji-

265 3629 496 3683 ceretur,
522 3633 552 3671 a
576 3632 635 3671 se
655 3618 768 3686 ipso
787 3617 948 3686 elegit
967 3617 1132 3670 occidi
1159 3635 1173 3671 :
1199 3617 1429 3686 Regulus
1451 3626 1626 3670 autem
1650 3617 1844 3674 Poenos

263 3711 364 3777 jam
395 3710 620 3768 vicerat,
652 3708 978 3777 imperioque
1003 3709 1243 3762 Romano
1266 3708 1535 3763 Romanus
1556 3709 1842 3777 imperator

263 3815 366 3854 non
387 3815 457 3853 ex
483 3799 694 3852 civibus
717 3799 1022 3864 dolendam,
1049 3799 1139 3854 sed
1168 3816 1232 3853 ex
1261 3799 1496 3854 hostibus
1523 3801 1838 3856 laudandam

262 3893 537 3946 victoriam
579 3902 942 3959 reportaverat
967 3907 982 3955 ;
1011 3890 1079 3944 ab
1107 3891 1185 3945 eis
1223 3900 1392 3945 tamen
1425 3900 1600 3960 postea
1631 3893 1798 3947 victus
1819 3934 1835 3958 ,

263 3983 450 4036 maluit
474 3996 572 4036 eos
598 3982 734 4037 ferre
760 3981 1059 4042 serviendo,
1083 3996 1237 4049 quam
1264 3983 1342 4034 eis
1367 3997 1423 4035 se
1446 3981 1652 4036 auferre
1679 3985 1838 4038 mori-

261 4077 420 4131 endo.
450 4075 684 4130 Proinde
708 4077 942 4129 servavit
962 4084 1015 4129 et
1039 4075 1136 4127 sub
1155 4073 1643 4144 Carthaginensium
1667 4075 1837 4130 donti-

258 4168 473 4221 natione
504 4167 830 4235 patientiam,
857 4174 914 4221 et
940 4166 988 4220 in
1015 4165 1374 4220 Romanorum
1399 4166 1681 4222 dilectione
1709 4184 1837 4223 con-

258 4260 533 4320 stantiam,
558 4273 657 4312 nec
675 4258 871 4312 victum
893 4257 1139 4312 auferens
1155 4273 1346 4327 corpus
1365 4259 1433 4314 ab
1455 4259 1714 4322 hostibus,
1736 4276 1833 4315 nec

257 4349 510 4402 invictum
538 4349 772 4402 animum
798 4362 828 4402 a
852 4348 1074 4403 civibus.
1104 4349 1209 4404 Nec
1233 4349 1373 4418 quod
1395 4365 1453 4404 se
1473 4350 1715 4405 occidere
1737 4368 1833 4406 no-

255 4441 368 4504 luit,
399 4441 528 4493 vitm
554 4439 708 4508 hujus
735 4455 918 4495 amore
941 4439 1080 4495 fecit.
1107 4440 1217 4494 Hoc
1239 4440 1505 4510 probavit,
1531 4457 1650 4494 cum
1673 4457 1830 4496 causa

257 4531 504 4599 promissi
552 4531 790 4599 jurisque
829 4529 1039 4598 juraudi
1083 4531 1147 4584 ad
1187 4529 1401 4584 eosdem
1445 4532 1660 4596 hostes,
1699 4547 1832 4600 quos

253 4622 466 4688 gravius
513 4621 566 4674 in
605 4629 788 4674 senatu
830 4619 1004 4674 verbis
1042 4635 1197 4688 quam
1230 4619 1279 4672 iu
1319 4619 1455 4674 bello
1478 4621 1641 4673 armis
1667 4622 1831 4674 oﬂ‘eu-

256 4711 442 4773 derat,
475 4709 594 4763 sine
631 4709 732 4762 ulla
770 4708 1097 4763 dubitatione
1127 4710 1396 4763 remeavit.
1429 4709 1628 4762 Tantus
1657 4707 1830 4780 itaque

261 4802 375 4852 vitae
403 4797 566 4866 hujus
588 4807 940 4864 contemptor,
968 4812 1086 4851 cum
1111 4799 1449 4853 saevientibus
1472 4798 1712 4856 hostibus
1735 4818 1830 4870 per

254 4887 518 4956 quaslibet
557 4901 742 4957 pcenas
780 4902 896 4939 eam
929 4887 1080 4942 finire
1103 4929 1118 4954 ,
1148 4903 1305 4957 quam
1335 4903 1394 4941 se
1423 4887 1536 4957 ipse
1565 4891 1828 4960 perimere

254 4980 478 5045 maluit;
515 4993 760 5047 magnum
788 4978 960 5032 scelus
988 4993 1108 5033 esse
1131 5017 1146 5040 ,
1177 4979 1220 5032 si
1247 4995 1304 5033 se
1332 4977 1491 5033 homo
1518 4981 1787 5034 interimat
1808 5021 1824 5045 ,

253 5070 440 5140 procul
465 5069 627 5124 dubio
645 5069 919 5137 judicavit.
949 5068 1090 5123 inter
1113 5085 1298 5124 omnes
1319 5084 1443 5125 suos
1465 5070 1754 5126 laudabiles
1773 5081 1827 5127 et

313 5226 330 5257 ι
367 5231 486 5287 vox,
515 5223 835 5287 patenabest
855 5235 882 5271 a
904 5223 1249 5287 manuscriptis.

309 5289 332 5319 ³
365 5283 555 5347 Aliquot
579 5283 708 5342 libri,
731 5291 928 5345 paterno
948 5285 1128 5347 furore.

311 5347 383 5407 (α)
414 5343 570 5395 Manlii
615 5343 840 5407 Torquati
871 5343 1098 5404 «insulis,
1135 5347 1217 5408 qui
1259 5343 1476 5393 Manlium
1512 5345 1674 5404 lilium,
1698 5346 1825 5408 quod

250 5417 414 5476 contra
439 5408 652 5476 edictum
669 5416 999 5476 pugnaverat1
1012 5409 1201 5476 tamets_i
1228 5420 1478 5476 prospere,
1503 5410 1680 5476 securi
1690 5408 1823 5456 feriri

249 5473 403 5530 jussit,
422 5469 648 5518 meminit
667 5467 841 5531 Livius,
863 5467 945 5531 lib.
970 5469 1019 5526 8,
1043 5482 1148 5530 cap.
1170 5470 1198 5516 7
1220 5467 1239 5528 ;’
1259 5475 1309 5515 Δ.
1334 5467 1534 5528 Gellius,
1555 5467 1637 5517 lib.
1652 5469 1701 5527 9,
1717 5482 1822 5531 cap.

256 5528 341 5588 l3;
366 5528 587 5580 Valerius
612 5537 752 5588 titan,
775 5528 859 5576 lib.
883 5529 928 5586 2,
947 5543 1049 5589 cap.
1066 5528 1115 5577 7;

311 5587 377 5660 (li)
407 5587 864 5660 Intellecta-morte
899 5587 1086 5660 catonis
1122 5589 1304 5660 dixisse
1343 5589 1515 5660 fertur,
1545 5597 1610 5660 _o.
1646 5587 1822 5660 ςᾳςὸῃ,

249 5647 444 5716 Milibus
458 5651 542 5716 soi
558 5650 644 5716 tat
664 5647 1010 5716 thanntou,_tcai
1031 5663 1118 5711 gar
1136 5652 1260 5700 emoi
1280 5665 1337 5700 su
1353 5652 1429 5716 tris
1448 5647 1615 5716 samo

597 5710 880 5780 Plutarchus
913 5710 1176 5780 inpatone,
1206 5725 1312 5775 cap.
1350 5713 1428 5762 72.
1469 5713 1724 5775 Appianus,
1758 5711 1822 5762 de

241 5773 374 5831 Deliis
392 5775 634 5832 civilibus
658 5773 748 5823 lib.
769 5773 814 5828 2,
841 5786 944 5836 cap.
969 5773 1049 5823 99.

1679 364 1851 420 LIBRI

1959 366 2196 424 «unus.
3495 396 3563 450 επ

1996 481 2250 545 virtutum
2278 494 2291 524 ¹
2319 495 2606 565 insignibus
2628 500 2854 557 illustres
2875 503 3016 558 viros
3038 522 3142 562 non
3167 509 3438 578 proferunt
3458 515 3561 567 llo-

1990 595 2133 635 mam
2161 585 2462 650 meliorem;
2491 606 2646 658 quem
2670 608 2838 661 neque
2861 595 3080 651 feueitas
3100 605 3413 668 cormperit,
3438 620 3558 658 nam

1995 671 2044 723 iu
2068 681 2210 726 tanta
2234 675 2446 729 victoria
2475 681 2664 734 mansit
2691 685 3056 752 pauperrimus
3079 688 3192 757 (a);
3221 706 3317 746 nec
3341 691 3560 747 infelici-

1994 771 2073 816 tas
2112 765 2354 832 fregerit,
2389 783 2509 823 nam
2547 771 2610 823 ad
2643 779 2782 826 tanta
2809 775 2965 829 exitia
3004 780 3214 833 revertit
3247 780 3556 851 intrepidus.

1992 851 2154 907 Porro
2175 857 2216 908 si
2241 854 2510 912 fortissimi
2533 871 2585 914 et
2609 863 2992 929 praeclarissimi
3015 869 3111 922 viri
3134 878 3354 926 terrena:
3375 874 3558 941 patria:

1988 941 2316 1008 defensores,
2339 947 2663 1020 deorumque
2686 953 2805 1007 licet
2828 954 3103 1024 falsorum,
3127 975 3231 1014 non
3257 970 3433 1018 tamen
3461 963 3557 1016 fal-

1987 1033 2128 1088 laces
2165 1039 2398 1092 cultores
2419 1081 2435 1104 ,
2467 1042 2558 1094 sed
2590 1045 2910 1100 veracissimi
2949 1049 3106 1103 etiam
3131 1050 3397 1120 juratores
3417 1093 3432 1118 ,
3463 1055 3556 1124 qui

1988 1125 2166 1180 hostes
2207 1129 2370 1184 victos
2401 1148 2546 1187 more
2578 1150 2640 1188 ac
2663 1136 2782 1204 jure
2813 1139 2936 1192 belli
2965 1139 3120 1195 ferire
3150 1152 3470 1212 potuerunt,
3501 1148 3553 1202 lii

1983 1215 2050 1267 ab
2093 1217 2330 1272 hostibus
2365 1222 2488 1276 victi
2525 1239 2582 1280 se
2625 1226 2766 1295 ipsos
2805 1227 2961 1284 ferire
3002 1231 3319 1298 noluerunt;
3349 1245 3402 1289 et
3429 1252 3551 1292 cum

1985 1317 2207 1360 mortem
2231 1310 2446 1366 minime
2471 1312 2837 1382 formidarent,
2863 1319 3088 1376 victores
3111 1333 3284 1378 tamen
3307 1328 3552 1384 dominos

1983 1395 2142 1458 ferre,
2171 1416 2327 1467 quam
2356 1418 2472 1456 eam
2502 1405 2600 1460 sibi
2631 1407 2823 1463 inferre
2852 1412 3146 1467 maluerunt
3175 1433 3187 1467 :
3215 1427 3412 1485 quanto
3439 1434 3550 1482 ma-

1978 1491 2058 1558 gis
2079 1490 2360 1547 Christiani
2384 1511 2563 1550 verum
2591 1499 2752 1553 Deum
2774 1504 3006 1558 colentes
3027 1515 3080 1559 et
3101 1521 3343 1576 superna:
3366 1511 3550 1579 patriae

1979 1588 2325 1651 suspirantes,
2355 1588 2421 1640 ab
2451 1586 2549 1642 hoc
2579 1589 2810 1647 facinore
2838 1597 3200 1664 temperabunt
3225 1641 3239 1662 ,
3271 1601 3314 1652 si
3344 1615 3438 1655 eos
3463 1601 3548 1656 di-

1980 1673 2094 1726 vina
2118 1674 2392 1744 dispositio
2414 1679 2495 1732 vel
2521 1681 2816 1746 probandos
2837 1686 2918 1739 vel
2941 1688 3300 1743 emendandos
3321 1692 3384 1745 ad
3409 1702 3545 1747 tem-

1979 1778 2075 1829 pus
2106 1763 2340 1818 hostibus
2365 1768 2752 1839 subjugaverit;
2776 1790 2907 1842 quos
2934 1777 2985 1829 in
3011 1778 3095 1831 illa
3119 1778 3414 1836 humilitate
3439 1799 3544 1839 non

1975 1852 2204 1920 deserit,
2231 1858 2317 1926 qui
2348 1871 2562 1928 pr0pter
2589 1877 2680 1916 cos
2708 1873 2812 1917 tam
2841 1865 3110 1922 humiliter
3140 1870 3302 1935 venit,
3332 1872 3544 1927 Altissi-

1973 1960 2128 2010 mus;
2163 1952 2453 2015 praésertim
2491 1969 2624 2022 quos
2655 1955 2848 2009 nullius
2886 1959 3128 2012 militaris
3157 1964 3432 2029 potestatis
3458 1963 3542 2018 vel

1973 2039 2090 2092 talis
2129 2041 2332 2094 militiae
2357 2043 2476 2110 jura
2507 2047 2913 2115 constringunt,
2945 2049 3114 2119 ipsum
3148 2053 3350 2106 hostem
3384 2054 3542 2110 ferire

1969 2141 2271 2199 superatum
2299 2137 2318 2164 ²
2340 2134 2363 2187 ?
2385 2134 2596 2210 [XXV.]
2629 2138 2756 2203 Quis
2782 2156 2905 2207 ergo
2932 2150 3036 2195 tam
3067 2145 3230 2196 malus
3262 2161 3412 2199 error
3439 2147 3539 2200 ob-

1969 2223 2138 2291 repit,
2169 2233 2224 2276 ut
2251 2224 2408 2279 homo
2435 2242 2492 2280 se
2517 2227 2742 2292 occidat,
2778 2230 2858 2284 vel
2885 2233 3003 2301 quia
3035 2233 3086 2286 in
3114 2250 3234 2287 eum
3267 2237 3536 2304 peccavit,

1966 2315 2048 2367 vel
2093 2331 2156 2368 ne
2195 2317 2245 2370 in
2277 2333 2396 2371 eum
2429 2329 2608 2388 peccet
2639 2321 2915 2386 inimicus;
2946 2339 3062 2376 cum
3090 2326 3170 2380 vel
3202 2337 3533 2394 peccatorem

1963 2406 2046 2459 vel
2072 2419 2408 2474 peccaturum
2434 2410 2602 2478 ipsum
2625 2411 2865 2465 occidere
2891 2430 2990 2466 uou
3013 2415 3202 2468 amicat
3226 2417 3536 2472 inimicum?

1996 2513 2221 2571 CAPUT
2261 2516 2425 2572 XXV.
2447 2549 2516 2558 ——
2540 2519 2686 2586 Quod
2717 2533 2970 2590 peccatum
2997 2541 3095 2578 non
3125 2543 3213 2596 per
3239 2537 3497 2597 peccatum

2519 2613 2690 2665 debeat
2706 2614 2919 2668 declinat
2931 2623 2967 2667 t.

2031 2697 2256 2752 Ateuim
2287 2699 2575 2755 timendum
2606 2713 2686 2757 est
2713 2714 2765 2758 et
2789 2705 3102 2772 cavendum,
3125 2708 3406 2763 uelihidini
3431 2710 3529 2766 ho-

1957 2789 2065 2842 stili
2099 2791 2366 2845 suhditum
2399 2807 2590 2861 corpus
2621 2795 3076 2850 illecebrosissima
3116 2800 3380 2868 voluptate
3405 2803 3524 2856 aui-

1959 2897 2101 2935 tuunt
2131 2883 2325 2937 alliciat
2353 2886 2652 2940 consentire
2678 2897 2914 2954 peccato.
2951 2888 3176 2942 Proinde
3199 2931 3214 2956 ,
3243 2891 3484 2960 inquiunt
3507 2935 3524 2960 ,

1958 2988 2060 3025 nou
2079 2973 2187 3042 jam
2212 2976 2691 3042 prepteralieuum,
2715 2977 2804 3030 sed
2828 2988 3041 3046 propter
3057 2995 3207 3032 suum
3229 2991 3523 3049 peccatum,

1955 3073 2235 3132 antequam
2268 3065 2366 3118 hoc
2395 3067 2614 3135 quisque
2642 3069 2968 3133 committat,
2993 3085 3049 3123 se
3076 3070 3231 3124 debet
3259 3072 3522 3126 Ol'Clllt'l‘C.

1953 3155 2108 3210 Nullo
2137 3157 2296 3210 modo
2323 3159 2534 3227 quidem
2566 3157 2664 3212 hoc
2694 3159 2846 3212 faciet
2874 3161 3082 3213 animus
3106 3202 3120 3223 ,
3149 3173 3202 3214 ut
3230 3165 3525 3218 Consentiat

1953 3247 2154 3302 libidini
2182 3249 2358 3303 carnis
2383 3267 2491 3304 suae
2516 3251 2684 3306 aliena
2711 3250 2925 3306 libidine
2945 3254 3219 3308 concitata:
3238 3255 3279 3318 ³,
3303 3257 3388 3326 qui
3415 3257 3525 3310 Deo

1953 3341 2126 3410 potius
2150 3341 2368 3410 ejusque
2388 3341 2676 3411 sapientiai,
2703 3357 2858 3411 quam
2883 3344 3120 3412 Corporis
3141 3347 3521 3413 concupiscen-

1950 3433 2036 3486 tia:
2065 3431 2333 3500 subjectus
2359 3440 2462 3486 est.
2497 3431 2868 3486 Verumtamen
2898 3434 2939 3488 si
2976 3433 3288 3489 detestabile
3318 3435 3523 3493 facinus

1947 3533 2003 3576 et
2025 3522 2324 3578 damnabile
2346 3523 2520 3578 scelus
2543 3533 2645 3590 est,
2671 3523 2828 3578 etiam
2845 3521 2910 3578 ’se
2939 3523 3106 3592 ipsum
3134 3526 3399 3581 hominem
3426 3544 3519 3584 oc-
3596 3575 3603 3584 .

1946 3612 2141 3677 cidere,
2168 3613 2303 3666 sicut
2330 3614 2522 3669 veritas
2547 3614 2821 3668 manifesta
2848 3614 3163 3683 proclamat;
3190 3617 3306 3682 quis
3335 3618 3401 3670 ita
3424 3619 3516 3671 de-

1945 3706 2120 3773 sipiat,
2151 3712 2209 3757 ut
2233 3703 2392 3769 dicat,
2422 3703 2536 3758 Jam
2569 3719 2706 3756 nunc
2733 3718 3012 3771 peccemus
3033 3745 3047 3767 ,
3079 3722 3142 3757 ue
3172 3714 3348 3772 ικιδιητι
3378 3708 3517 3762 forte

1945 3809 2261 3865 peccemus;
2304 3795 2410 3862 jam
2456 3809 2593 3847 nunc
2631 3794 3366 3862 perpetremus'homicidium
3394 3838 3408 3860 ,
3444 3813 3515 3853 no

1941 3888 2076 3940 forte
2113 3897 2292 3953 poetea
2322 3884 2614 3939 incidamus
2643 3884 2694 3937 in
2725 3883 3078 3938 adulterium?
3108 3885 3290 3940 Nonne
3317 3891 3358 3941 si
3391 3899 3510 3942 tau-

1943 3988 2051 4034 tum
2078 3977 2380 4031 dominatur
2409 3976 2655 4046 iniquitas
2674 4017 2688 4038 ,
2716 3986 2771 4028 ut
2799 3992 2900 4029 non
2930 3977 3222 4030 innocentia
3245 4020 3259 4040 ,
3290 3979 3380 4034 sed
3413 3996 3509 4049 po-

1943 4072 2044 4125 tius
2075 4080 2285 4140 peccata
2315 4069 2576 4138 eligantur
2598 4107 2613 4129 ,
2646 4068 2808 4120 satius
2834 4076 2914 4121 cst
2947 4067 3203 4121 llit'el‘ltllll
3233 4069 3298 4123 de
3329 4070 3506 4124 futuro

1939 4161 2254 4215 adulterium
2277 4200 2291 4221 ,
2324 4175 2480 4226 quant
2513 4167 2712 4210 certum
2752 4157 2816 4209 de
2849 4159 3089 4224 pra'seuti
3121 4158 3456 4214 homicidium
3481 4163 3509 4216 ἓ

1941 4268 2115 4306 nonne
2139 4251 2303 4304 satius
2324 4260 2405 4304 est
2427 4250 2676 4318 flagitium
2699 4249 3048 4314 committere,
3075 4250 3213 4317 quod
3239 4254 3502 4318 pmnitcn-

1936 4341 2005 4395 do
2031 4350 2243 4394 sanetur
2263 4382 2276 4404 ,
2302 4355 2456 4410 quam
2489 4339 2589 4392 tale
2616 4338 2814 4391 facinus
2841 4337 2925 4391 ubi
2958 4339 3102 4392 locus
3132 4341 3357 4395 salubris
3385 4358 3504 4410 pm-

1937 4432 2170 4485 nileutiae
2213 4446 2317 4484 uou
2356 4427 2709 4496 relinquitur?
2749 4426 2872 4480 lla'c
2901 4426 3006 4480 divi
3041 4441 3253 4496 propter
3289 4446 3380 4483 eos
3419 4447 3490 4485 ve

1934 4535 2061 4586 eas,
2103 4534 2222 4589 qum
2266 4534 2368 4571 non
2407 4517 2560 4569 alieni
2587 4555 2602 4580 ,
2634 4515 2727 4569 sed
2769 4515 2966 4585 proprii
2999 4519 3194 4584 peccati
3235 4518 3505 4576 devitandi

1934 4626 2089 4665 causa
2115 4652 2129 4672 ,
2171 4625 2238 4663 ne
2276 4608 2375 4662 sub
2413 4607 2627 4660 alterius
2671 4605 2890 4660 libidine
2927 4606 3083 4660 etiam
3114 4609 3354 4662 excitata:
3391 4623 3503 4665 sum

1935 4700 2069 4754 forte
2093 4697 2454 4758 consentiant,
2489 4697 2593 4748 vim
2623 4695 2759 4760 sibi,
2787 4711 2888 4764 qua
2916 4696 3238 4760 moriantur,
3268 4698 3502 4754 inferen-

1932 4791 2052 4842 dam
2083 4795 2282 4857 putant.
2313 4785 2576 4841 Caeterum
2605 4785 2741 4839 absit
2769 4800 2797 4837 a
2830 4793 3007 4840 mente
3030 4786 3316 4840 christiana
3335 4828 3351 4851 ,
3382 4804 3503 4857 quze

1935 4880 2044 4934 Deo
2073 4894 2168 4932 suo
2198 4876 2312 4930 fidit
2331 4876 2373 4940 ⁸,
2398 4875 2449 4929 in
2479 4889 2650 4945 eoque
2674 4890 2767 4943 spe
2796 4875 2962 4943 posita
2991 4876 3107 4945 ejus
3131 4876 3389 4943 adjutorio
3416 4880 3500 4933 ni-

1935 4969 2058 5023 titur
2081 4985 2095 5033 ;
2123 4968 2280 5032 absit,
2309 4967 2542 5036 inquam,
2576 4973 2634 5018 ut
2658 4979 2809 5020 mens
2835 4966 2958 5019 talis
2981 4967 3268 5034 cujuslibet
3287 4967 3502 5024 'carnis

1931 5059 2284 5129 voluptatibus
2311 5059 2376 5113 ad
2406 5072 2722 5114 consensum
2767 5058 3107 5127 turpitudinis
3132 5059 3305 5113 cedat.
3347 5061 3501 5127 Quod

1993 5199 2010 5230 ι
2043 5203 2171 5254 κᾶε..
2193 5195 2392 5246 rirttttis.

1993 5261 2013 5290 ¹
2047 5259 2178 5306 \‘ind.
2202 5267 2302 5306 Am.
2331 5265 2404 5307 Er.
2427 5264 2479 5306 et.
2502 5256 2664 5318 plures
2688 5261 2817 5315 uss,
2840 5255 2969 5317 ferre
3001 5262 3273 5316 superatum
3302 5270 3319 5306 :
3344 5259 3502 5308 minus

2031 5333 2078 5368 Θ.

1928 5321 2233 5443 belli.“un
2254 5388 2382 5448 nisa,
2687 5384 2742 5428 Et
2762 5375 2902 5448 paulo
2917 5383 3031 5448 post
3055 5376 3276 5448 plerique
3298 5379 3497 5448 habent,

1927 5455 2071 5505 quam
2093 5438 2283 5505 corpori
2304 5438 2785 5505 concupiscentiwgue
2822 5438 3066 5499 subjectus
3091 5447 3178 5490 cst.
3199 5438 3260 5477 ὲ·-
3285 5451 3360 5489 ais.
3385 5441 3498 5500 766,

1927 5500 2072 5570 quam
2094 5500 2285 5570 corpori
2302 5500 2869 5570 oohtptutiqueosubjectus
2889 5508 3022 5570 est,“
3043 5509 3096 5550 Μ.

1989 5568 2012 5631 ξ
2044 5565 2145 5631 sola
2172 5559 2319 5631 editio
2341 5571 2466 5620 ιω..
2616 5559 2787 5631 inD_eo
2807 5575 2894 5631 suo
2914 5559 3039 5625 fidit.
3104 5623 3131 5631 __
3207 5620 3234 5631 η

1989 5628 2010 5658 ⁵
2043 5628 2114 5675 sic
2135 5627 2267 5674 Vind.
2296 5635 2392 5674 am.
2420 5632 2471 5674 et
2492 5620 2596 5671 iss.
2632 5630 2688 5672 Al.
2710 5629 2782 5672 Er.
2809 5631 2861 5673 et
2880 5620 3010 5683 me,
3033 5620 3325 5685 quibuslibet.
3348 5650 3404 5659 —
3429 5625 3499 5675 sic

1931 5689 2078 5738 etiam
2100 5694 2182 5735 Its.
2205 5686 2318 5735 766.
2382 5693 2438 5733 Il.

1992 5769 2068 5839 (α)
2087 5768 2199 5818 vide
2218 5769 2308 5817 Liv.
2329 5765 2409 5815 lib.
2431 5764 2488 5815 18
2507 5765 2736 5817 enitome°
2754 5771 2807 5816 et
2818 5764 2972 5816 valor.
2991 5765 3200 5815 κακίω..
3217 5762 3300 5814 lib.
3314 5763 3346 5814 4
3387 5777 3430 5816 c.
3447 5764 3496 5814 4.
