4038 6482
567 328 638 386 se
1293 286 1300 292 ’
1653 326 1741 384 DE
1780 325 2100 386 CIVITATE
2139 325 2273 397 DEI,
2306 327 2364 384 s.
2407 327 2773 386 AUCUSTI‘NI
3771 339 3848 399 ιο

562 450 610 506 si
658 447 749 506 illa
788 445 1281 519 concupiscenti-alis
1310 445 1668 503 inobedientia
1693 489 1710 515 ,
1736 463 1857 519 qua:
1896 443 2069 502 adh‘uc
2094 446 2149 501 in

567 539 825 596 membris
854 538 1184 596 moribundis
1214 537 1430 603 habitat,
1463 547 1654 609 pra-ter
1681 548 1877 592 nostrae
1908 538 2146 591 volunta-

564 633 635 689 tis
663 634 835 702 legem
863 632 1013 704 quasi
1041 633 1158 703 lege
1171 645 1266 686 sua
1302 642 1545 686 movetur
1562 639 1803 707 ;.quanto
1830 630 1997 701 magis
2021 630 2147 683 abs-

565 739 674 795 que
692 723 849 793 culpa
873 731 957 778 est
976 724 1028 777 iu
1050 737 1275 791 corpore
1296 737 1399 777 non
1423 721 1835 789 consentientis,
1858 722 1902 776 si
1945 720 2150 793 absque

564 816 722 886 culpa
751 823 832 871 est
857 815 909 869 iu
939 829 1169 885 corpore
1194 814 1550 870 dormientis?

564 927 792 986 CAPUT
827 926 1020 984 XXVI.
1042 958 1113 969 —
1137 927 1212 983 De
1248 929 1326 982 Itis
1360 942 1471 998 quia
1497 926 1609 996 ﬁeri
1641 942 1740 980 non
1766 926 1950 991 licent,
1974 941 2089 979 cum
2115 942 2149 979 a

636 1020 826 1076 sanctis
869 1024 1007 1091 facta
1032 1028 1340 1086 noscuntur,
1371 1034 1472 1089 qua
1511 1017 1705 1072 ratione
1737 1021 1876 1088 facta
1899 1015 2150 1071 credenda

632 1113 753 1168 sint.

631 1225 737 1283 Sed
777 1224 1053 1295 quzedam,
1099 1223 1374 1294 inquiunt,
1415 1231 1613 1278 sancta:
1656 1221 1865 1278 feminze
1907 1231 2148 1292 tempore

561 1317 949 1387 persecutionis
975 1358 991 1384 ,
1022 1324 1080 1370 ut
1120 1316 1467 1370 insectatores
1503 1330 1616 1370 sum
1642 1315 1910 1386 pudicitiae
1936 1314 2145 1370 devita-

562 1410 706 1472 i'ent,
736 1408 788 1461 iu
820 1418 1091 1477 rapturum
1120 1415 1279 1478 atque
1306 1415 1613 1461 necaturum
1640 1422 1698 1462 se
1723 1406 1938 1462 fluvium
1964 1408 2144 1477 proje-

561 1509 790 1565 cerunt;
821 1514 990 1570 eoque
1018 1498 1178 1554 modo
1206 1498 1467 1555 defunctae
1492 1508 1617 1555 sunt
1641 1540 1655 1565 ,
1685 1514 1974 1569 earumque
2000 1516 2144 1554 mar-

561 1589 698 1663 tyria
740 1592 792 1647 in
831 1590 1087 1647 catholica
1131 1592 1368 1647 Ecclesia
1415 1593 1755 1647 veneratione
1796 1592 2142 1648 celeberrima

561 1682 964 1754 frequentantur
985 1682 1083 1755 (a).
1110 1683 1187 1738 De
1211 1683 1295 1737 his
1317 1682 1446 1738 nihil
1474 1694 1675 1739 temere
1692 1684 1863 1740 audeo
1879 1685 2140 1756 judicare.

563 1775 749 1832 Utrum
779 1776 920 1831 enim
960 1774 1213 1829 Ecclesia:
1242 1772 1506 1845 aliquibus
1543 1774 1646 1829 fide
1674 1775 1847 1847 dignis
1886 1777 2140 1831 testifica-

561 1867 828 1933 tionihus,
872 1876 927 1920 ut
968 1881 1152 1922 earum
1197 1868 1508 1921 memoriam
1538 1868 1616 1923 sic
1659 1868 1919 1937 honoret,
1962 1868 2139 1925 divina

555 1957 881 2031 persuaserit
916 1957 1242 2023 auctoritas,
1287 1958 1470 2013 nescio
1499 1974 1512 2011 :
1541 1969 1595 2012 et
1635 1958 1745 2013 fieri
1781 1968 1959 2029 potest
1984 1968 2042 2013 ut
2069 1961 2139 2014 ita

555 2052 646 2104 sit.
673 2048 811 2117 Quid
840 2049 883 2102 si
910 2048 1052 2104 enim
1085 2047 1185 2103 hoc
1208 2047 1479 2115 fecerunt,
1511 2063 1615 2103 non
1643 2047 1950 2105 humanitus
1975 2048 2138 2105 dece-

557 2150 683 2212 ptaz,
715 2140 810 2196 sed
839 2139 1089 2196 divinitus
1109 2140 1306 2211 jussre;
1341 2156 1439 2196 nec
1464 2148 1726 2204 errantes,
1757 2141 1851 2196 sed
1878 2141 2137 2196 obedien-

557 2233 681 2288 tes?
710 2233 848 2287 sicut
872 2232 941 2288 de
966 2232 1225 2288 Samsoue
1251 2231 1391 2286 aliud
1424 2231 1575 2287 nobis
1602 2231 1679 2286 fas
1702 2247 1808 2286 non
1838 2240 1920 2287 est
1943 2232 2138 2289 crede-

552 2332 615 2380 re
641 2323 737 2396 (ὁ).
769 2323 900 2379 Cum
926 2333 1103 2377 autem
1127 2322 1268 2378 Deus
1287 2322 1459 2392 jubet,
1484 2337 1647 2393 seque
1665 2322 1857 2393 jubere
1877 2323 1995 2379 sine
2015 2323 2137 2381 ullis

552 2416 865 2488 ambagibus
904 2416 1139 2480 intimat;
1178 2415 1297 2484 quis
1316 2414 1669 2469 obedientiam
1709 2414 1762 2468 in
1800 2415 2001 2469 crimen
2041 2431 2136 2468 vo-

551 2510 683 2563 cet?
709 2509 829 2579 quis
868 2506 1180 2575 obsequium
1224 2506 1430 2576 pii-tatis
1462 2505 1721 2561 accuset?
1746 2505 1850 2560 Sed
1879 2520 1984 2559 non
2012 2505 2134 2561 ideo

551 2599 668 2653 sine
695 2600 897 2654 scelere
928 2596 1087 2662 facit,
1120 2597 1358 2667 quisquis
1386 2596 1496 2651 Deo
1524 2596 1801 2651 immolare
1839 2595 2003 2650 filium
2033 2595 2131 2652 de-

549 2689 815 2754 creverit,
848 2691 969 2758 quia
1003 2692 1105 2744 hoc
1130 2688 1395 2743 Abraham
1423 2688 1581 2742 etiam
1614 2687 1948 2743 laudabiliter
1987 2687 2128 2743 fecit.

548 2779 682 2837 Nam
720 2789 775 2836 et
797 2779 951 2835 miles
978 2777 1048 2851 (τ)
1068 2794 1189 2834 cum
1216 2777 1469 2833 obediens
1495 2778 1779 2847 potestati,
1809 2778 1908 2833 sub
1927 2793 2029 2849 qua
2056 2776 2133 2834 le-

546 2874 729 2946 gitime
757 2872 1075 2927 constitutus
1103 2879 1184 2926 est
1206 2871 1222 2903 ¹
1243 2912 1261 2938 ,
1290 2870 1557 2924 hominem
1583 2869 1797 2937 occidit,
1830 2869 1972 2924 nulla
2001 2869 2133 2925 clvi-

547 2966 672 3019 tatis
715 2979 826 3018 sum
868 2962 985 3034 lege
1027 2977 1149 3018 rens
1176 2971 1259 3016 est
1286 2960 1595 3025 homicidii;
1635 2963 1743 3016 imo
1774 2962 1873 3015 nisi
1903 2959 2126 3028 fecerit,

545 3070 671 3111 reus
696 3064 779 3109 est
808 3054 1013 3125 imperii
1044 3054 1239 3108 deserti
1269 3063 1429 3123 atque
1452 3054 1764 3124 contempti.
1793 3052 1945 3120 Quod
1967 3054 2009 3108 si
2031 3069 2126 3109 sua

545 3158 738 3218 sponte
781 3155 938 3217 atque
978 3147 1294 3200 auctoritate
1334 3144 1583 3209 fecisset,
1629 3146 1683 3200 in
1725 3146 1930 3202 crimen
1972 3146 2126 3201 effusi

547 3240 766 3295 humani
808 3240 1079 3311 sanguinis
1117 3239 1409 3295 incidisset.
1456 3240 1634 3310 Itaque
1659 3240 1800 3295 unde
1836 3240 2054 3310 punitur
2078 3242 2125 3296 si

545 3333 730 3388 fecerit
770 3332 1003 3402 injussns
1030 3374 1047 3397 ,
1091 3332 1215 3387 inde
1258 3331 1507 3400 punietur
1546 3332 1646 3386 nisi
1696 3331 1883 3388 fecerit
1917 3332 2120 3403 jussus.

540 3424 693 3493 Quod
722 3425 765 3479 si
796 3424 866 3478 ita
894 3433 975 3479 est
995 3423 1216 3494 jubente
1240 3422 1559 3493 imperatore
1582 3464 1598 3491 ,
1626 3434 1825 3494 quanto
1847 3425 2013 3495 magis
2036 3425 2125 3494 ju-

541 3518 703 3575 beute
721 3516 1008 3573 Creatore?
1029 3516 1126 3585 Qui
1147 3531 1274 3588 ergo
1291 3515 1459 3582 audit,
1478 3530 1584 3571 non
1602 3515 1760 3572 licere
1776 3532 1835 3571 se
1849 3517 2119 3587 occidere,

540 3611 719 3676 faciat,
741 3610 786 3666 si
805 3610 960 3681 jussit
983 3608 1135 3680 cujus
1160 3624 1265 3663 non
1291 3608 1414 3663 licet
1427 3607 1573 3679 jussa
1600 3618 1941 3664 contemnere
1965 3628 1978 3663 :
2004 3618 2121 3665 tan-

540 3704 815 3759 tummodo
844 3703 1055 3778 videat,
1085 3713 1261 3757 utrum
1290 3701 1470 3758 divina
1492 3701 1662 3772 jussio
1688 3704 1833 3757 nullo
1860 3712 2012 3759 nutet
2039 3704 2121 3759 in.

537 3809 704 3854 certo.
737 3797 845 3853 Nos
871 3812 966 3867 per
990 3810 1176 3851 aurem
1209 3795 1589 3852 conscientiam
1619 3795 1963 3850 convenimus
1985 3837 2000 3858 ,
2029 3811 2119 3851 oc-

536 3890 801 3945 cultorum
842 3887 995 3941 nobis
1012 3885 1269 3957 judicium
1306 3900 1411 3940 nou
1447 3900 1786 3955 usurpamus.
1815 3885 1983 3940 Nemo
2017 3887 2119 3941 scit

536 3979 662 4049 quid
694 3986 879 4049 agatur
903 3978 956 4032 in
992 3976 1207 4031 homine
1229 4017 1243 4043 ,
1276 3976 1377 4031 nisi
1406 3975 1624 4046 spiritus
1649 3975 1914 4040 hominis,
1944 3979 2032 4047 qui
2062 3977 2113 4033 in

537 4070 654 4141 ipso
678 4078 761 4125 est
797 4067 840 4141 (l
865 4067 982 4123 Cor.
1015 4082 1073 4131 ιι,
1103 4068 1213 4138 ll).
1242 4066 1355 4122 Hoc
1382 4066 1628 4133 dicimus,
1667 4066 1767 4122 hoc
1796 4068 2112 4134 asserimus,

535 4161 638 4218 hoc
677 4159 848 4216 modis
887 4158 1136 4214 omnibus
1172 4157 1528 4228 approbamus
1553 4199 1570 4225 ,
1596 4158 1863 4213 neminem
1893 4168 2115 4229 sponta-

535 4266 690 4308 neam
736 4260 962 4306 mortem
1006 4248 1106 4303 sibi
1154 4246 1351 4303 inferre
1393 4246 1632 4314 debere,
1680 4247 1828 4304 velut
1865 4248 2115 4318 fugiendo

534 4342 806 4400 molestias
833 4339 1175 4412 temporales,
1203 4354 1271 4395 ne
1296 4337 1490 4393 incidat
1520 4338 1572 4393 in
1597 4349 1877 4410 perpetuas
1901 4358 1915 4395 :
1940 4343 2113 4398 nenti-

594 4545 617 4614 t
647 4541 816 4614 elui-es
846 4547 975 4601 κει,
998 4540 1086 4614 αφ
1106 4553 1202 4614 qua
1223 4536 1403 4614 legibus
1420 4536 1697 4590 constitutus
1718 4544 1804 4591 est.
1824 4565 1885 4576 —
1903 4545 1988 4591 Its.
2013 4541 2109 4592 766

533 4605 645 4663 fert,
669 4602 894 4667 legitime,
921 4617 1025 4666 pro,
1048 4602 1247 4668 legibus.
1270 4602 1273 4603 ⁷
1310 4607 1367 4650 It.

591 4667 664 4730 (ᾳ)
688 4666 1029 4730 ttoc_ma_rtyrii
1051 4675 1240 4730 genere
1262 4661 1601 4730 celebritatem
1633 4660 2033 4730 olim_ob_tin_uere
2057 4666 2107 4715 in

529 4723 756 4787 Ecclesia,
794 4723 999 4776 laudata:
1028 4723 1091 4776 ai)
1120 4724 1397 4787 Ambrosio,
1434 4723 1519 4787 lib.
1553 4724 1587 4772 5
1619 4724 1684 4774 de
1722 4725 2014 4786 \irginibus,
2053 4736 2105 4777 et

528 4792 671 4853 Epist.
696 4784 751 4848 7,
770 4789 831 4853 ad
864 4788 1231 4853 simplicianum,
1254 4784 1447 4853 Pelagia
1471 4786 1677 4853 ejusque
1711 4784 1906 4853 sutores
1928 4796 1980 4853 et
2002 4784 2104 4837 ma-

529 4847 635 4902 ter:
658 4863 752 4901 non
771 4849 879 4899 alia;
894 4847 1109 4908 forsitan,
1125 4856 1179 4897 ut
1200 4847 1425 4911 Barouius
1439 4847 1499 4896 ad
1515 4847 1693 4911 anaium
1712 4847 2103 4911 505suspicatur,

525 4915 588 4963 sb
611 4915 671 4963 iis
690 4912 754 4963 de
776 4912 954 4975 quibus
973 4911 1220 4969 Eusebius,
1246 4910 1329 4959 lib.
1357 4909 1390 4958 8
1412 4911 1529 4959 litist.
1546 4908 1688 4971 ωτι,
1706 4920 1812 4972 cap.
1836 4908 1915 4959 2t;

588 4975 661 5037 (f1)
685 4974 1117 5037 vlde_supra,__cap.
1140 4971 1218 5021 21.
1317 5031 1360 5037 __
1695 5033 1705 5037 _
1833 5034 1841 5037 Α

527 5159 769 5221 μιοιιιιηιο
789 5166 995 5221 οοῳιωο
1013 5156 1317 5221 distinguere
1337 5155 1403 5221 de
1426 5155 1559 5221 bello
1594 5156 1747 5217 justo,
1765 5155 2100 5221 'velcujusio-

525 5218 706 5281 iustitia
728 5218 980 5281 non‘c'erta
1000 5220 1065 5268 sit
1085 5218 1243 5281 militi.
1260 5218 1390 5277 Quod
1412 5220 1543 5281 enim
1562 5218 1935 5281 quaestionarius;
1952 5220 2101 5269 etiam

525 5278 690 5351 milith
702 5278 1043 5351 appellatione
1044 5280 1300 5351 gauderet,
1319 5292 1379 5351 ex
1397 5279 1504 5351 aliis
1520 5278 1768 5351 Augustini
1784 5278 1909 5351 locis
1925 5279 2097 5351 liquet.

525 5347 578 5391 lu
600 5340 886 5399 sermlﬁtll,
910 5356 959 5391 ιι.
986 5340 1081 5392 Ιὸἶ
1112 5361 1137 5403 ιι
1164 5342 1491 5401 Considerate,
1514 5358 1538 5387 ι
1567 5340 1654 5401 ait,
1697 5358 1722 5388 ι
1743 5342 1792 5403 in
1823 5341 1939 5403 ipsis
1968 5340 2099 5393 ordi-

533 5420 557 5450 α
579 5403 729 5467 nibus
763 5409 1054 5467 potestatem
1090 5402 1384 5467 destinatum
1412 5403 1647 5467 διιρριίοξο
1678 5408 1731 5453 οι

532 5481 557 5511 ι
579 5477 676 5514 non
700 5462 853 5538 licere
873 5464 1028 5538 feriri,
1060 5465 1156 5538 nisi
1181 5466 1244 5514 ab
1278 5462 1565 5538 illo__qui'ad
1716 5462 1904 5538 militat.
1936 5462 2100 5538 ltilitat

532 5542 555 5571 ε
576 5528 962 5590 quaestionarius,
985 5527 1047 5600 ab
1072 5525 1154 5575 illo
1195 5523 1463 5590 percutitur
1498 5527 1769 5600 delicatus.
1800 5542 1823 5571 ι
1847 5523 2097 5599 Explican-

523 5585 853 5651 gluutvldetur
875 5586 1072 5651 ex_aho
1093 5588 1200 5639 loco
1223 5596 1270 5637 s.
1293 5597 1582 5651 angustast,
1613 5587 1679 5651 de
1700 5589 1872 5651 Libero
1893 5589 2100 5639 arbitrio

525 5624 1072 5723 ῖιῌίζῖίῗιῖἷιῗῖ
1088 5624 1202 5700 ὲῖιῖ
1224 5624 1583 5723 ἰίἰιιὲεἶῗιῗ-Βὶὶῗιὲ
1613 5624 2100 5723 ἷιῖδξῇἴιῖξξῖεέξὲζέὶιῖ

532 5710 766 5787 sbostem
804 5710 978 5787 ς
1010 5724 1041 5763 s
1067 5711 1322 5787 quando
1343 5713 1386 5763 si
1406 5710 1860 5787 temperaverit,_ab
1888 5710 2097 5786 impera-

528 5775 1045 5841 antepaenultima
1086 5775 1100 5777 “
1142 5782 1199 5826 ιι.

2257 460 2380 501 nem
2410 454 2625 517 propter
2648 447 2817 503 aliena
2847 457 3082 519 peccata,
3109 464 3178 505 ne
3202 451 3303 506 hoc
3328 451 3441 523 ipse
3463 452 3720 525 ‘incipiat
3749 454 3850 509 ha-

2255 535 2384 592 bere
2404 537 2773 607 gravissimum
2795 539 3089 609 proprium,
3113 557 3270 611 quem
3291 557 3398 598 non
3420 544 3688 614 polluebat
3705 544 3846 601 alie-

2257 643 2382 683 num
2410 647 2422 683 :
2444 629 2710 684 neminem
2733 640 2948 702 propter
2964 647 3057 687 sna
3076 642 3301 702 peccata-
3314 636 3602 705 praeterita,
3623 645 3846 706 propter

2254 735 2375 789 qua:
2412 722 2583 791 magis
2619 722 2719 778 hac
2755 724 2858 777 vita
2888 739 3022 794 opus
3048 732 3162 791 est,
3206 734 3265 780 ut
3304 727 3509 796 possint
3536 727 3849 798 paenitendo

2253 813 2430 866 sanari
2462 830 2476 867 :
2508 813 2776 869 neminem
2805 814 2949 869 velut
2973 815 3241 872 desiderio
3268 818 3387 873 vitze
3413 818 3651 875 melioris
3673 860 3690 883 ,
3720 835 3847 889 qua:

2253 912 2375 972 post
2402 913 2625 960 mortem
2664 916 2941 976 speratur;
2971 908 3095 978 quia
3124 924 3248 965 reos
3285 924 3398 965 suae
3435 911 3624 966 mortis
3650 910 3847 967 melior

2254 1004 2377 1064 post
2402 1007 2629 1051 mortem
2659 998 2763 1052 vita
2801 1013 2905 1053 non
2938 1000 3180 1070 suscipit.

2253 1085 2479 1143 CAPUT
2516 1086 2822 1143 XXVIi.—-
2845 1089 2925 1145 An
2967 1100 3173 1161 propter
3216 1091 3601 1153 declinationem
3646 1093 3845 1166 peccati

2607 1193 2743 1233 mors
2768 1191 3047 1250 spontaneo
3086 1181 3370 1252 oppetenda
3395 1182 3480 1236 sit.

2323 1264 2509 1321 Restat
2537 1282 2638 1322 una
2668 1283 2851 1333 causa,
2902 1270 2971 1325 de
3012 1287 3115 1341 qua
3166 1271 3348 1327 dicere
3391 1288 3684 1344 vesperam,
3730 1289 3842 1345 qua

2253 1356 2381 1412 utile
2408 1368 2643 1427 putatur,
2674 1370 2733 1415 ut
2758 1376 2818 1416 se
2845 1362 3072 1432 quisque
3101 1362 3405 1429 interficiat,
3454 1364 3656 1421 scilicet
3683 1380 3753 1420 ne
3781 1366 3841 1421 in

2249 1458 2524 1516 peccatum
2557 1450 2742 1515 irruat,
2770 1452 2851 1507 vel
2880 1452 3185 1509 blandiente
3212 1453 3502 1524 voluptate,
3529 1454 3616 1510 vel
3645 1454 3841 1510 dolore

2249 1539 2521 1594 steviente.
2551 1539 2721 1608 Quam
2747 1556 2962 1596 causam
3001 1542 3046 1596 si
3086 1542 3410 1597 voluerimus
3436 1543 3737 1611 admittere,
3767 1558 3843 1600 eo

2248 1647 2416 1703 usque
2443 1648 2722 1704 progressa
2770 1636 3061 1705 perveniet,
3092 1645 3150 1690 ut
3172 1634 3420 1691 hortandi
3451 1637 3561 1691 sint
3586 1636 3837 1694 homines

2250 1732 2376 1778 tunc
2402 1738 2461 1778 se
2485 1725 2659 1794 potius
2689 1725 3016 1794 interimere,
3044 1742 3164 1782 cum
3199 1726 3412 1782 lavacro
3450 1738 3650 1784 sancta:
3679 1743 3837 1800 rege-

2246 1815 2537 1871 nerationis
2578 1816 2763 1884 abluti,
2806 1818 3175 1874 universorum
3205 1821 3575 1875 remissionem
3601 1835 3836 1893 accepe—

2244 1904 2353 1960 rint
2368 1914 2729 1977 peccatorum.
2747 1909 2896 1966 Tunc
2916 1912 3059 1965 enim
3079 1919 3287 1981 tempus
3308 1921 3392 1967 est
3409 1912 3629 1967 cavendi
3649 1914 3832 1970 omnia

2243 1994 2422 2052 futura
2441 2009 2676 2067 peccata,
2694 2015 2815 2056 cum
2836 2003 3011 2057 omnia
3030 2014 3153 2069 sunt
3168 2002 3341 2059 deleta
3367 2005 3653 2073 przeterita.
3670 2005 3829 2074 Quod

2242 2087 2289 2141 si
2317 2099 2488 2145 morte
2515 2100 2808 2159 spontanea
2838 2102 2984 2148 recte
3029 2093 3108 2156 fit,
3155 2107 3252 2148 cur
3293 2109 3398 2148 non
3448 2103 3573 2150 tunc
3613 2095 3833 2164 potissi-
3862 2156 3875 2161 ﬁ

2242 2193 2391 2234 mum
2419 2179 2509 2234 fit?
2537 2195 2634 2235 cur
2658 2181 2952 2251 baptizatus
2979 2182 3081 2237 sibi
3110 2184 3332 2254 quisque
3353 2183 3555 2253 parcit?
3573 2200 3669 2239 cur
3692 2184 3827 2240 libe-

2239 2279 2415 2325 ratum
2441 2280 2599 2341 caput
2637 2281 2714 2327 tot
2754 2288 2939 2329 rursus
2969 2274 3090 2328 vita:
3133 2274 3289 2343 hujus
3333 2275 3585 2344 periculis
3613 2274 3826 2340 inserit,

2239 2377 2361 2417 cum
2384 2363 2453 2418 sit
2476 2363 2742 2419 facillima:
2770 2365 3048 2435 potestatis
3074 2366 3215 2420 illata
3244 2366 3347 2422 sibi
3378 2381 3508 2421 nece
3532 2367 3708 2422 omnia
3729 2367 3827 2422 dc-

2238 2456 2428 2520 vitare,
2456 2457 2817 2527 scriptumque
2841 2458 2931 2523 sit,
2957 2457 3056 2526 Qui
3082 2468 3219 2512 autat
3249 2460 3549 2529 periculum,
3575 2459 3750 2513 incidit
3766 2460 3823 2514 in
3864 2509 3875 2516 .

2236 2546 2367 2600 illud
2392 2546 2579 2620 (Ereti.
2610 2564 2688 2614 ιιι,
2727 2548 2858 2621 27)?
2903 2549 3009 2605 Cur
3035 2563 3164 2620 ergo
3210 2559 3456 2604 amantur
3484 2558 3563 2605 tot
3588 2560 3642 2605 et
3672 2561 3823 2606 tanta

2239 2639 2587 2707 pericula,vel
2608 2649 2775 2706 certe,
2797 2640 3003 2696 etiamsi
3025 2657 3131 2695 non
3147 2650 3410 2708 amantur,
3434 2640 3818 2711 suscipiuntur.

2235 2742 2356 2783 cum
2386 2738 2565 2785 manet
2615 2731 2664 2785 in
2697 2730 2797 2786 hac
2820 2730 2927 2786 vita
2965 2733 3051 2785 cui
3093 2731 3382 2786 abscedere
3437 2731 3638 2786 licitum
3685 2731 3821 2786 est?

2233 2819 2317 2875 An
2365 2836 2495 2875 vero
2536 2829 2645 2877 tam
2695 2822 2891 2877 insulsa
2935 2823 3253 2893 perversitas
3286 2837 3381 2879 cor
3418 2824 3639 2887 evertit,
3682 2832 3739 2879 et
3784 2839 3819 2880 a

2231 2912 2663 2969 consideratione
2713 2913 2956 2970 veritatis
3013 2914 3241 2979 avertit,
3301 2922 3391 2979 ut,
3444 2915 3489 2968 si
3552 2930 3612 2971 se
3662 2915 3820 2986 quis-

2231 3018 2336 3074 que
2387 3004 2693 3060 interimere
2738 3004 2932 3073 debet,
2974 3020 3043 3060 ne
3086 3005 3240 3060 unius
3285 3005 3601 3075 captivantis
3640 3006 3817 3062 domi-

2230 3107 2360 3151 natu
2387 3107 2602 3151 corruat
2641 3098 2692 3151 in
2724 3107 3023 3167 peccatum,
3058 3096 3335 3152 vivendum
3374 3097 3473 3152 sibi
3514 3098 3816 3167 existimet,

2232 3196 2288 3241 ut
2312 3187 2482 3256 ipsum
2506 3186 2738 3257 perferat
2763 3186 3015 3241 mundum
3041 3202 3139 3258 per
3169 3202 3355 3243 omnes
3376 3187 3537 3243 horas
3565 3189 3817 3248 tentatio-

2231 3277 2387 3332 nibus
2411 3277 2648 3347 plenum,
2676 3286 2727 3331 et
2747 3277 2962 3342 talibus,
2990 3277 3175 3347 quales
3203 3277 3304 3333 sub
3325 3294 3430 3332 uno
3453 3279 3670 3334 domino
3695 3278 3815 3335 for-

2230 3366 2498 3421 midantur
2513 3369 2555 3431 ¹,
2588 3376 2643 3421 et
2682 3366 3157 3421 innumerabilibus
3196 3368 3424 3430 cteteris,
3464 3368 3579 3423 sine
3616 3369 3816 3439 quibus

2227 3454 2344 3511 haec
2369 3456 2473 3510 vita
2504 3470 2608 3510 non
2633 3455 2879 3510 ducitur?
2917 3455 3055 3525 Quid
3098 3456 3260 3527 igitur
3285 3471 3459 3512 causa:
3496 3467 3601 3523 est,
3630 3473 3728 3513 cur
3752 3459 3813 3515 in

2226 3548 2307 3604 eis
2333 3548 2792 3603 exhortationibus
2822 3558 3058 3618 tempora
3078 3563 3477 3616 consumamus,
3503 3550 3693 3621 quibus
3713 3551 3812 3607 ba-

2227 3641 2450 3710 ptizatos
2477 3639 2798 3709 alloquendo
2822 3640 3096 3695 studemus
3119 3640 3433 3708 accendere,
3457 3641 3570 3697 sive
3594 3642 3660 3697 ad
3695 3642 3814 3699 vir-

2223 3730 2452 3801 ginalem
2477 3731 2854 3800 integritatem,
2878 3731 2988 3783 sive
3014 3730 3080 3784 ad
3101 3730 3482 3787 continentiam
3512 3732 3808 3798 vidualem,

2224 3820 2337 3876 sive
2364 3820 2429 3875 ad
2454 3822 2618 3891 ipsam
2649 3820 2747 3874 tori
2785 3820 3080 3891 conjugalis
3118 3820 3304 3887 fidem;
3351 3837 3472 3877 cum
3514 3823 3811 3880 habeamus

2221 3912 2439 3965 meliora
2458 3922 2510 3967 et
2536 3913 2605 3965 ab
2628 3909 2874 3964 omnibus
2895 3910 3146 3980 peccandi
3170 3912 3419 3981 periculis
3435 3922 3637 3968 remota
3653 3928 3809 3968 com-

2223 4002 2432 4071 pendia,
2463 4010 2539 4066 ut,
2566 4001 2989 4071 quibuscumque
3009 4009 3130 4071 post
3153 4002 3524 4058 remissionem
3550 4003 3807 4060 recentis:

2219 4095 2408 4147 simam
2449 4100 2790 4161 peccatonnn
2834 4090 3193 4161 arripiendam
3223 4101 3448 4147 mortem
3478 4093 3685 4163 sibique
3711 4093 3807 4148 in-

2217 4183 2504 4255 gerendam
2532 4184 2856 4255 persuadere
2903 4184 3257 4255 potuerimus,
3296 4199 3392 4241 eos
3415 4185 3483 4240 ad
3514 4186 3803 4244 Dominum

2216 4275 2459 4332 saniores
2483 4274 2827 4346 purioresque
2849 4276 3157 4331 mittamus?
3178 4276 3347 4331 Porro
3369 4276 3416 4332 si
3440 4277 3678 4349 quisquis
3693 4276 3806 4335 hoc

2214 4367 2628 4439 aggrediendum
2654 4376 2710 4424 et
2745 4368 3074 4425 suadendum
3101 4376 3273 4439 putat,
3300 4382 3405 4423 non
3434 4368 3556 4424 dico
3578 4368 3801 4441 desipit,

2212 4460 2306 4516 sed
2334 4459 2559 4515 insanit:
2590 4474 2693 4531 qua
2725 4459 2935 4515 tandem
2963 4458 3137 4514 fronte
3164 4460 3361 4515 homini
3384 4458 3531 4523 dicit,
3551 4458 3803 4516 lnterfiee

2212 4561 2288 4617 te,
2319 4566 2387 4607 ne
2411 4551 2589 4621 parvis
2618 4550 2723 4605 tuis
2752 4550 2984 4620 peccatis
3008 4549 3227 4620 adjicias
3249 4551 3480 4620 gravius,
3502 4548 3631 4605 dum
3658 4550 3801 4606 vivis

2211 4640 2312 4697 sub
2334 4639 2551 4696 domino
2574 4640 2814 4696 barbaris
2842 4639 3080 4695 moribus
3119 4639 3408 4708 impudico,
3437 4640 3528 4711 qui
3555 4655 3660 4694 non
3688 4654 3799 4709 po-

2212 4743 2314 4790 test
2341 4734 2441 4789 nisi
2467 4733 2880 4789 sceleratissime
2924 4733 3124 4800 dicere,
3156 4732 3400 4790 lnterflee
3445 4743 3514 4800 te,
3561 4737 3798 4804 peccatis

2208 4826 2314 4880 tuis
2337 4824 2584 4880 omnibus
2609 4824 2885 4888 absolutis,
2924 4839 2995 4880 ne
3020 4838 3207 4879 rursus
3244 4824 3370 4879 talia
3394 4825 3480 4880 vel
3509 4825 3669 4881 etiam
3697 4840 3800 4896 pe-

2200 4920 2319 4991 jora
2348 4919 2682 4984 committas;
2712 4917 2837 4974 dum
2863 4917 2999 4973 vivis
3020 4918 3072 4973 iu
3104 4916 3303 4973 mundo
3332 4926 3410 4973 tot
3436 4919 3660 4989 impuris
3687 4933 3790 4973 vo-

2206 5011 2496 5084 luptatibus
2521 5010 2859 5078 illecebroso,
2901 5019 2981 5067 tot
3001 5009 3244 5067 nefandis
3267 5009 3670 5067 crudelitatibus
3699 5008 3794 5065 fu-

2204 5104 2369 5170 rioso,
2398 5110 2479 5158 tot
2504 5102 2780 5158 erroribus
2819 5110 2874 5158 et
2911 5101 3203 5157 terroribus
3242 5099 3497 5156 inimico?
3521 5100 3632 5155 Hoc
3658 5102 3791 5171 quia

2203 5195 2357 5251 nefas
2382 5204 2466 5251 est
2489 5192 2689 5257 dicere,
2720 5191 2872 5247 nefas
2898 5200 2981 5247 est
3005 5190 3245 5262 profecto
3271 5204 3333 5247 se
3355 5190 3620 5247 occidere.
3650 5189 3791 5248 Nam

2154 5338 2155 5341 η
2201 5289 2249 5345 si
2293 5287 2397 5343 hoc
2433 5296 2625 5357 sponte
2654 5283 2881 5340 faciendi
2907 5283 3015 5340 ulla
3053 5298 3213 5340 causa
3250 5284 3393 5355 justa
3419 5299 3542 5342 esse
3580 5292 3788 5356 posset,

2202 5378 2388 5452 procul
2425 5378 2589 5434 dubio
2610 5377 2805 5449 justior
2827 5391 2987 5447 quam
3026 5375 3127 5433 ista
3151 5391 3260 5434 non
3291 5385 3452 5434 esset.
3493 5376 3629 5446 Quis
3657 5392 3794 5435 vero

2203 5488 2305 5532 nec
2332 5473 2433 5530 ista
2462 5482 2567 5538 est,
2595 5485 2726 5543 ergo
2754 5469 2901 5527 nulla
2925 5478 3031 5527 est.

2257 5588 2303 5720 ἓ.
2411 5591 2833 5720 τῇἶίῖδοιψῖέεσλίίί
2848 5640 3229 5720 “Reg”???
3247 5640 3339 5720 .‘Eb
3360 5654 3456 5720 '5!"
3473 5639 3792 5720 FWH:

2449 5700 2513 5773 iii
2544 5706 2744 5773 quidam
2762 5719 2873 5773 eum
2895 5700 3042 5756 editis
3075 5703 3211 5755 Vind.
3235 5712 3338 5755 Am.
3375 5709 3449 5773 Fx,
3473 5711 3605 5768 hom,
3634 5700 3794 5769 qualis

2200 5770 2290 5825 sub
2309 5782 2404 5823 uno
2424 5767 2616 5826 domno
2636 5767 2941 5832 formiduttu'.
