4038 6494
189 311 246 370 ιι

191 427 421 486 CAPUT
455 431 624 490 XXV
637 435 736 492 Ill.
759 469 830 478 —-
857 440 970 506 Quo
985 440 1181 512 judicio
1210 441 1306 496 Dei
1333 441 1382 496 in
1411 459 1623 514 corpora
1664 449 1826 502 conti-

367 524 624 578 nentium
651 527 816 584 libido
843 529 1040 586 Itortilir
1067 547 1274 600 peccare
1303 534 1546 602 permissa
1574 537 1658 590 sit.

282 614 330 667 ὶ.
365 611 492 668 Non
547 615 747 700 itaque
805 620 977 686 vobis,
1009 635 1042 676 ο
1087 621 1270 678 fideles
1322 622 1538 692 Christi,
1565 627 1632 680 sit
1675 627 1834 682 ttedio

223 707 322 758 vita
368 713 592 772 vestra,
649 709 702 763 si
751 709 982 766 ludibrio
1029 710 1128 766 fuit
1179 713 1419 770 hostibus
1467 717 1684 772 castitas
1736 735 1832 773 ve-

229 811 348 852 S'ra.
402 797 632 854 Habetis
671 817 923 874 magnam
961 819 1248 875 veramque
1289 807 1740 876 consolationem,
1785 813 1830 866 si

229 891 377 944 ﬁdam
425 892 826 948 conscientiam
877 895 1152 962 retinetis,
1185 912 1290 952 non
1345 910 1439 952 vos
1494 901 1828 958 consensisse

231 982 452 1047 pereatis
493 985 828 1054 eorum,qui
881 985 936 1040 in
975 1000 1070 1042 vos
1111 1001 1335 1056 peccare
1389 990 1637 1058 permissi
1683 999 1824 1046 sunt.

229 1069 530 1145 [XXVIIL]
561 1073 720 1141 Quod
771 1076 818 1130 si
870 1075 1039 1144 forte,
1083 1092 1182 1132 cur
1215 1081 1456 1149 permissi
1491 1081 1596 1136 sint
1633 1084 1826 1152 quarri-

229 1165 322 1227 tis,
375 1163 484 1218 alta
543 1165 762 1235 quidem
824 1177 908 1223 est
957 1169 1282 1239 providentia
1327 1173 1596 1228 Creatoris
1643 1175 1824 1230 mundi

227 1265 380 1322 atque
421 1256 713 1323 hectoris,
742 1267 798 1314 et
837 1259 1198 1316 inscrutabilia
1224 1271 1348 1317 sunt
1371 1263 1568 1332 judicia
1606 1263 1741 1334 ejus,
1772 1275 1826 1320 et

229 1345 634 1416 iuvestigabiles
677 1349 774 1404 vim
813 1351 932 1420 ejus
974 1353 1147 1422 (Rom.
1192 1371 1265 1421 ιι,
1297 1355 1410 1426 33).
1446 1355 1822 1414 Verumtamen

227 1435 556 1508 interrogate
603 1440 834 1496 fideliter
869 1443 1074 1499 animas
1098 1454 1322 1510 vestras,
1351 1462 1420 1502 ne
1459 1445 1596 1503 forte
1623 1447 1693 1504 de
1719 1448 1824 1504 isto

227 1529 547 1598 integritatis
587 1540 641 1585 et
669 1534 1016 1588 continentia:
1041 1535 1123 1589 vel
1151 1537 1415 1604 pudicitite
1443 1537 1585 1592 bono
1611 1554 1706 1594 vos
1741 1541 1822 1594 in-

225 1619 396 1674 tlatius
415 1622 712 1689 extulistis,
735 1631 790 1678 et
812 1625 1058 1680 humanis
1082 1627 1322 1682 laudibus
1349 1627 1622 1684 delectata
1647 1631 1698 1684 in
1717 1631 1820 1686 hoc

225 1709 374 1762 etiam
403 1710 682 1779 aliquibus
713 1714 996 1770 invidistis.
1038 1715 1154 1771 Non
1197 1733 1390 1774 accuso
1431 1719 1572 1790 quod
1612 1723 1814 1791 nescio,

225 1817 318 1856 nec
341 1803 508 1858 audio
529 1805 676 1874 quod
700 1808 850 1864 vobis
875 1809 1196 1882 interrogata
1218 1813 1378 1867 corda
1395 1823 1569 1868 vestra
1591 1829 1816 1885 respon-

223 1897 366 1948 dent.
395 1897 612 1953 Tamen
645 1900 690 1954 si
731 1901 804 1954 ita
843 1917 964 1956 esse
1006 1903 1400 1974 responderint,
1445 1907 1606 1962 nolite
1633 1911 1813 1964 mirari

223 1987 318 2043 huc
343 2005 442 2044 vos
468 1992 744 2060 amisisse,
779 1994 920 2050 unde
957 1994 1264 2052 hominibus
1293 1999 1500 2068 placere
1525 2002 1812 2072 gestiistis;

225 2079 342 2132 iitud
373 2081 532 2136 vobis
557 2085 906 2152 remansisse,
939 2086 1078 2156 quod
1119 2087 1328 2143 ostendi
1359 2089 1660 2146 hominibus
1707 2109 1811 2148 non

225 2183 412 2239 tutost.
437 2173 496 2229 Si
521 2177 870 2244 peccantibus
887 2193 990 2232 non
1014 2181 1377 2248 consensistis,
1395 2182 1588 2238 divinae
1605 2185 1809 2255 gratiae,

225 2278 284 2314 ne
315 2263 690 2332 amitteretur,
717 2267 953 2322 divinum
982 2271 1210 2326 accessit
1245 2271 1533 2340 auxilium;
1567 2273 1811 2332 humana:

225 2353 420 2420 gloriae,
441 2372 512 2411 ne
531 2369 825 2426 amaretur,
846 2359 1136 2416 humanum
1157 2366 1416 2420 successit
1434 2367 1808 2436 approbrium.

227 2445 276 2498 lu
303 2457 530 2517 utroque
555 2452 930 2517 consulamini,
955 2455 1348 2522 pusillanimes;
1373 2457 1516 2511 illinc
1545 2459 1806 2528 probatae,

225 2537 338 2592 hinc
353 2540 664 2610 castigate;
687 2541 1166 2612 illincjustiﬁcatze,
1191 2544 1314 2600 hinc
1334 2548 1649 2604 emendata).
1668 2549 1810 2618 Qua-

227 2647 330 2684 rum
359 2647 492 2686 vero
518 2633 682 2688 corda
711 2635 1036 2706 interrogata
1075 2639 1420 2708 respondent,
1452 2655 1718 2714 nunquam
1749 2659 1807 2700 se

225 2721 284 2776 de
307 2723 450 2778 bono
481 2725 808 2794 virginitatis
831 2727 914 2782 vel
944 2728 1212 2786 viduitatis
1230 2732 1314 2785 vel
1337 2733 1629 2806 conjngalis
1655 2737 1807 2806 pudi-

227 2815 348 2868 citis:
377 2817 734 2885 superbiisse,
767 2818 862 2874 sed
892 2819 1178 2876 humilibus
1217 2825 1600 2882 consentiendo
1627 2825 1799 2898 (Rom.

225 2919 309 2974 xu,
339 2909 428 2978 16)
458 2909 528 2964 de
555 2909 700 2965 dono
727 2911 818 2966 Dei
851 2927 972 2966 cum
999 2921 1230 2969 tremore
1255 2915 1570 2983 exsultasse,
1601 2933 1700 2974 nec
1727 2920 1806 2973 in-

225 2998 406 3053 vidisse
431 3001 684 3069 cuiquam
713 3001 858 3072 paris
884 3002 1257 3058 excellentiam
1290 3008 1589 3062 sanctitatis
1629 3017 1682 3064 et
1711 3023 1802 3063 ca-

223 3089 434 3155 uitatis;
465 3091 566 3145 sed
593 3091 822 3145 humana
845 3091 1000 3148 laude
1027 3094 1344 3164 postposita,
1377 3113 1494 3166 qua:
1517 3107 1662 3154 tanto
1687 3115 1800 3154 ma-

223 3179 292 3248 iur
311 3178 510 3236 deferri
535 3181 695 3247 solet,
725 3191 924 3253 quanto
942 3193 1026 3239 est
1045 3185 1241 3240 bonum
1273 3187 1446 3243 rarius
1472 3189 1612 3260 quod
1637 3192 1800 3262 exigit

223 3268 440 3336 tandem,
469 3281 690 3341 optasse
709 3275 888 3344 potius
909 3281 968 3329 ut
995 3291 1179 3331 earum
1201 3278 1426 3348 amplior
1445 3295 1696 3338 numerus
1716 3299 1801 3338 cs-

221 3369 312 3424 Sci,
341 3377 504 3430 quam
545 3371 604 3415 ut
644 3363 772 3432 ipsa:
811 3365 862 3417 in
905 3365 1165 3433 paucitate
1203 3367 1430 3437 amplius
1467 3371 1796 3428 eminerent:

221 3465 308 3504 nec
349 3454 492 3515 istae,
543 3467 664 3522 qutc
713 3454 842 3508 tales
887 3463 1031 3522 sunt,
1061 3457 1104 3510 si
1131 3473 1313 3512 earum
1355 3474 1564 3530 quoque
1591 3463 1798 3534 aliquas

219 3541 482 3596 barbarica
513 3543 684 3600 libido
709 3546 1048 3614 compressit,
1073 3549 1392 3617 permissum
1421 3550 1522 3606 hoc
1537 3568 1658 3610 esse
1673 3570 1797 3610 cau-

216 3645 420 3696 sentur;
455 3648 558 3688 nec
599 3633 722 3690 ideo
759 3634 982 3691 credant
1009 3637 1174 3692 Deum
1221 3639 1320 3694 ista
1351 3642 1640 3712 negligere,
1673 3645 1794 3714 quia

217 3723 624 3794 permittitqnod
641 3741 800 3780 nemo
817 3726 1032 3796 impune
1055 3731 1358 3786 committit.
1377 3732 1630 3798 Quatdatn
1651 3737 1794 3791 enim

213 3817 360 3870 veluti
385 3817 626 3886 pondera
657 3819 918 3874 malarum
942 3821 1310 3890 cupiditatum,
1335 3833 1388 3879 ct
1409 3841 1506 3894 per
1529 3828 1792 3884 occultum

213 3921 440 3974 presens
468 3907 712 3962 divinum
756 3910 1014 3978 judicium
1059 3914 1383 3981 relaxantur,
1427 3925 1482 3972 et
1510 3919 1796 3976 manifesto

207 3998 382 4052 ultimo
411 3999 426 4028 ¹
458 4009 830 4054 reservantur.
859 4001 1123 4060 Fortassis
1147 4014 1324 4060 autem
1347 4007 1484 4075 istm,
1511 4023 1630 4078 quae
1655 4012 1794 4068 bene

206 4089 298 4142 sibi
329 4099 456 4144 sunt
483 4092 717 4146 conscia:
745 4107 848 4146 non
881 4107 940 4148 se
981 4111 1047 4148 ex
1087 4095 1190 4152 isto
1218 4099 1482 4154 castitatis
1519 4100 1662 4157 bono
1699 4119 1794 4159 cor

205 4179 438 4233 inflatum
483 4181 762 4246 extulisse,
793 4193 846 4238 et
876 4193 1049 4240 tamen
1085 4186 1191 4240 vim
1231 4186 1480 4244 hostilem
1530 4192 1582 4246 in
1627 4208 1791 4250 carne

203 4286 466 4340 perpessae
491 4283 642 4340 sunt,
671 4273 939 4332 habebant
966 4277 1164 4348 aliquid
1203 4279 1416 4336 latentis
1445 4283 1786 4352 infirmitatis,

201 4377 316 4429 qua:
335 4373 524 4431 posset
560 4363 612 4417 in
647 4365 912 4436 superbia:
942 4368 1156 4434 fastum,
1187 4369 1229 4423 si
1273 4369 1410 4446 hanc
1435 4371 1786 4432 humilitatem

203 4454 250 4506 in
279 4456 584 4510 vastatione
619 4455 706 4509 illa
736 4457 1052 4525 evasissent,
1083 4460 1286 4516 extolli.
1327 4462 1476 4518 Sicut
1505 4480 1634 4536 ergo
1671 4470 1788 4538 qui-

199 4543 316 4598 dam
347 4553 526 4600 morte
556 4546 690 4614 rapti
713 4555 858 4612 sunt,
887 4562 954 4602 ne
974 4549 1171 4604 malitia
1199 4558 1434 4608 mutaret
1458 4553 1784 4612 intellectum

197 4648 378 4688 eorum
427 4635 590 4704 (Suo.
617 4651 690 4701 :v,
723 4637 847 4702 tt);
881 4639 952 4692 ita
983 4640 1232 4708 quiddam
1263 4644 1330 4697 ab
1359 4643 1474 4700 istis
1497 4646 1550 4700 vi
1577 4658 1783 4716 raptum

197 4733 294 4786 est,
325 4739 396 4780 nc
421 4727 756 4796 prosperitas
783 4737 1016 4784 mutaret
1043 4730 1354 4786 modestiam
1383 4749 1586 4790 carum.
1609 4737 1782 4794 Utris-

195 4831 295 4884 que
337 4817 522 4888 igitur,
569 4832 688 4886 quze
717 4818 784 4874 de
809 4835 972 4874 carne
1005 4836 1122 4886 sua,
1167 4824 1306 4892 quod
1351 4835 1556 4900 turpem
1587 4830 1784 4884 nullius

195 4917 334 4959 esset
361 4921 621 4976 perpessa
647 4909 668 4939 ³
685 4917 1008 4977 contactum,
1035 4913 1114 4966 vel
1134 4912 1244 4982 jam
1271 4917 1671 4984 superbiebant,
1699 4922 1782 4975 vel

195 4999 496 5066 superbire,
520 4997 566 5053 si
597 5015 698 5056 nec
735 4999 968 5056 hostium
993 5005 1241 5060 violentia
1263 5017 1588 5065 contrectata
1617 5023 1780 5078 esset,

195 5085 415 5142 forsitan
447 5099 724 5159 poterant;
754 5106 860 5146 non
893 5092 1066 5148 ablata
1097 5103 1179 5149 est
1207 5098 1444 5167 castitas,
1484 5100 1578 5155 scd
1612 5101 1784 5158 humi-

195 5177 312 5232 litas
333 5195 588 5250 persuasa
614 5199 628 5236 :
659 5181 864 5236 illarum
897 5186 1090 5238 tumori
1117 5199 1424 5243 succursum
1453 5191 1569 5246 esta
1597 5193 1783 5248 imma-

195 5275 358 5340 nenti,
387 5275 611 5330 istarum
642 5291 924 5332 occursum
956 5289 1036 5334 est
1073 5280 1388 5337 imminenti.

261 5477 278 5507 ι
311 5477 434 5546 _A_pud
457 5485 568 5546 Iov.
609 5479 874 5540 repetitur,
902 5482 1142 5546 quietiam,
1165 5482 1257 5532 hoc
1279 5483 1418 5532 modo
1441 5497 1454 5532 :
1481 5489 1527 5533 et
1561 5485 1785 5546 quadam

196 5537 434 5598 minuto
455 5539 639 5598 ultimo,
665 5537 767 5589 etc.
791 5553 810 5600 ;
849 5537 1096 5592 renitente
1129 5537 1280 5592 Sensu
1305 5551 1358 5592 et
1385 5537 1750 5596 czrteris’libris.

255 5602 276 5629 ³
307 5603 374 5649 sic
395 5604 556 5662 probae
580 5609 716 5652 noue
751 5609 856 5650 MSS.
887 5611 942 5652 At.
972 5603 1106 5663 editi,
1143 5613 1295 5655 essent
1331 5618 1570 5668 pcrpessw
1597 5619 1615 5656 :
1640 5615 1691 5656 et
1713 5609 1782 5657 in-

197 5657 290 5742 ιη’,
307 5657 614 5742 ίςςιζναειαιω
637 5669 816 5742 essent;
960 5738 977 5742 _
1019 5725 1032 5742 ‘
1095 5657 1105 5663 ’
1241 5741 1245 5742 ί
1284 5730 1293 5739 .
1332 5657 1342 5668 ’
1419 5657 1430 5668 ’
1675 5731 1683 5741 -
1726 5732 1753 5742 .-

257 5724 276 5754 ³
305 5726 426 5786 Editi,
450 5733 720 5777 occursum
743 5729 816 5772 est
845 5737 862 5772 :
887 5738 984 5786 quo
1019 5725 1124 5775 loco
1161 5730 1414 5788 pauciores
1449 5731 1776 5792 manuscripti,

195 5795 446 5841 cumnam:
467 5797 555 5842 est.

520 5879 606 5940 Sa
621 5893 774 5936 var.
829 5875 874 5932 Α
889 5891 1105 5934 tiocsr.
1155 5875 1285 5936 Vll.

1645 331 1848 390 LIBER
1889 335 2158 397 PRIMUS.
3454 372 3522 432 39.

2011 453 2064 506 2.
2105 455 2416 528 Quanquam
2447 470 2500 518 et
2523 465 2651 522 illud
2677 482 2782 524 non
2815 471 2880 525 sit
2905 475 3204 546 tacendum,
3238 487 3376 552 quod
3403 492 3522 558 qui-

1939 545 2182 612 busdam,
2211 565 2328 620 qua:
2354 552 2452 608 ista
2481 570 2748 628 perpessa:
2772 573 2917 631 sunt,
2949 569 3117 634 potuit
3147 545 3310 628 videri
3348 545 3515 634 conti'

1939 639 2131 693 nentite
2159 641 2356 697 bonum
2387 645 2440 700 in
2463 647 2618 706 bonis
2645 657 3014 724 corporalibus
3038 663 3419 738 dcptttantllttn,
3459 688 3506 730 et

1938 734 2062 784 tunc
2091 745 2330 802 manere,
2357 735 2402 790 si
2431 739 2626 796 nullius
2653 744 2867 804 libidine
2891 767 3084 822 corpus
3107 734 3510 833 attrectaretur;

1933 909 2064 966 bore
2095 913 2402 986 voluntatis,
2435 929 2496 976 ut
2520 923 2588 978 sit
2616 939 2856 986 sanctum
2885 945 2940 990 et
2965 953 3157 1008 corpus
3183 952 3236 997 et
3259 947 3512 1016 Spiritus;

1933 1016 2030 1056 nec
2071 1005 2177 1060 tale
2206 1005 2402 1064 bonum
2429 1028 2569 1082 esse,
2599 1019 2738 1086 quod
2767 1022 2932 1080 invito
2979 1005 3156 1089 animo
3197 1005 3302 1092 non
3346 1005 3517 1110 posui

1930 1092 2126 1149 auferri
2160 1113 2172 1148 :
2205 1099 2294 1168 qui
2320 1116 2472 1158 error
2488 1107 2564 1162 eis
2589 1109 2814 1168 fortasse
2843 1119 3080 1176 sublatus
3097 1135 3198 1184 est.
3220 1092 3512 1192 Cumrenim

1927 1185 2161 1253 cogitant
2189 1205 2290 1259 qua
2311 1198 2634 1254 conscientia
2667 1203 2772 1259 Deo
2793 1210 3093 1280 servierint,
3123 1227 3176 1273 et
3203 1222 3304 1278 fide
3325 1225 3514 1283 incon-

1927 1289 2082 1332 cussa
2121 1295 2227 1335 non
2263 1283 2450 1376 de_illo
2492 1293 2726 1351 sentiunt
2771 1301 2911 1368 quod
2959 1305 3028 1360 ita
3067 1311 3169 1366 sibi
3213 1319 3510 1376 servientes

1927 1380 2155 1440 eumque
2187 1376 2255 1428 ita
2287 1367 2594 1440 inVocantcs
2623 1385 2876 1448 deserere
2907 1397 3011 1453 ullo
3029 1403 3186 1458 modo
3207 1413 3426 1476 potuerit
3451 1419 3464 1446 ι
3492 1433 3506 1478 ;

1925 1473 2286 1576 quantumqtte
2326 1471 2402 1528 illi
2433 1479 2648 1534 castitas
2677 1483 2905 1556 placeat,
2937 1489 3184 1554 dubitare
3207 1471 3334 1558 'non
3386 1471 3508 1576 pos;

2089 1575 2101 1610 :
2149 1560 2328 1616 vident
2373 1581 2493 1622 esse
2543 1585 2914 1648 consequens,
2973 1601 3302 1661 nequaquam
3357 1560 3505 1658 illum

1925 1645 2086 1705 fuisse
2122 1656 2500 1758 permissurum
2523 1673 2580 1718 ut
2609 1665 2722 1724 hate
2749 1674 3051 1734 acciderent
3079 1687 3278 1742 sanctis
3307 1693 3436 1758 suis,
3459 1697 3506 1750 si

1922 1751 1992 1842 eo
2015 1741 2174 1796 modo
2199 1747 2374 1814 perire
2403 1765 2583 1821 posset
2604 1763 2877 1834 sanctitas,
2904 1783 3062 1838 quam
3093 1781 3316 1836 contulit
3345 1741 3508 1842 eiset

1921 1829 2090 1904 diligit
2119 1837 2169 1891 in
2199 1839 2296 1896 eis.

1919 1941 2158 2054 CtPUin
2403 1990 2474 2000 ——
2495 1961 2632 2028 Quid
2660 1969 2860 2037 [antilia
2887 1975 3073 2034 Christi
3099 1990 3400 2054 respondere
3419 1999 3505 2048 de-

1989 2037 2102 2094 beat
2140 2042 2447 2118 inﬁdelibus,
2481 2069 2596 2108 cum
2637 2065 2940 2131 exprobrant
2969 2074 3105 2140 quod
3137 2093 3246 2132 eam
3273 2098 3306 2136 α
3333 2087 3502 2154 (urere

1991 2133 2207 2190 hostium
2233 2157 2332 2196 non
2364 2143 2646 2205 liberaverit
2671 2154 2920 2214 Christus.

1992 2227 2158 2284 llabet
2189 2232 2368 2302 itaque
2395 2241 2571 2296 omnis
2601 2241 2796 2302 familia
2824 2257 3017 2310 summi
3039 2271 3094 2314 et
3121 2264 3227 2317 veri
3253 2265 3342 2322 Dei
3371 2283 3502 2325 con-

1916 2315 2231 2376 solationem
2259 2338 2432 2392 suam,
2465 2345 2570 2385 non
2601 2333 2860 2406 fallacem,
2895 2359 2992 2400 nec
3015 2347 3065 2402 in
3087 2366 3180 2420 spe
3201 2371 3376 2412 rerum
3397 2378 3498 2416 nu-

1916 2411 2137 2510 tantium
2169 2415 2251 2470 vel
2283 2417 2571 2478 labentium
2599 2431 2970 2500 constitutam;
3023 2411 3288 2514 vitamque
3337 2411 3496 2508 etiam

1914 2498 2081 2607 ipsam
2115 2511 2460 2607 temporalem
2489 2515 2708 2574 minime
2753 2526 3130 2599 pmttilcndam,
3161 2498 3219 2590 iul
3243 2553 3344 2607 qua
3369 2558 3496 2598 crn-

1913 2591 2056 2648 ditur
2081 2595 2148 2650 ad
2199 2609 2480 2671 attentam,
2529 2606 2788 2682 bonisque
2821 2623 3044 2678 terrenis
3089 2591 3333 2698 tanquam
3371 2652 3512 2706 per--

1912 2687 2092 2756 egrina
2121 2691 2306 2798 utitur,
2325 2711 2428 2752 nec
2455 2701 2682 2769 capitur,
2714 2711 2870 2764 malis
2895 2723 3068 2772 autem
3099 2687 3490 2798 aut-probatur,

1909 2787 2002 2834 aut
2029 2784 2364 2842 emendatur.
2413 2789 2492 2848 llli
2520 2809 2645 2852 vero
2678 2800 2766 2868 qui
2821 2807 3114 2872 probationi
3140 2815 3160 2846 ²
3187 2784 3302 2886 ejus
3331 2784 3496 2878 insui:

1910 2878 2044 2976 tant,
2067 2875 2222 2946 eique
2245 2879 2448 2947 dicunt,
2466 2900 2584 2942 cum
2606 2891 2740 2948 forte
2756 2895 2806 2949 in
2826 2897 2998 2970 aliqua
3021 2875 3330 2976 temporalia
3353 2875 3494 2972 mala

1907 2961 2200 3074 devenerit,
2237 2969 2333 3072 tibi
2357 2985 2432 3074 est
2475 2975 2613 3034 Deut
2639 2991 2754 3038 tuus
2795 2961 2968 3058 (Ρδάι.

1905 3063 2049 3124 cant,
2083 3057 2170 3112 ubi
2207 3061 2314 3116 sint
2353 3063 2426 3120 dii
2469 3081 2678 3138 eorum,
2707 3057 2826 3130 cum
2868 3081 2990 3136 talia
3035 3057 3330 3158 patiuntur:
3389 3113 3490 3166 pro

1905 3147 2098 3216 quibus
2127 3151 2386 3210 evitandis
2428 3172 2522 3214 eos
2569 3163 2651 3217 vel
2689 3166 2891 3236 colunt,
2939 3147 3329 3240 vel-colendos,
3365 3147 3490 3246 e'ssc

1905 3241 2232 3298 contendunt
2261 3244 2360 3316 (α).
2391 3247 2524 3304 Nam
2553 3251 2652 3308 ista
2675 3261 2995 3327 respondet:
3022 3267 3158 3325 Deus
3189 3289 3338 3330 meus

1903 3344 2006 3399 que
2030 3345 2268 3400 praesens
2289 3345 2391 3404 est,
2416 3338 2610 3410 ubique
2635 3353 2794 3414 totus,
2825 3365 3086 3423 nusquam
3113 3359 3372 3434 inclusus,
3393 3373 3484 3439 qui

1903 3427 2072 3494 possit
2111 3429 2302 3488 adesse
2341 3443 2602 3503 secretus,
2651 3439 2840 3500 abesse
2869 3461 2976 3502 non
3005 3460 3214 3510 motus:
3245 3458 3334 3514 ille
3359 3427 3484 3518 cum

1901 3530 1990 3572 me
2009 3519 2249 3576 adversis
2277 3524 2436 3580 rebus
2461 3529 2712 3600 exagitat,
2737 3543 2828 3589 ant
2857 3540 3044 3596 merita
3073 3549 3362 3617 examinat,
3394 3565 3486 3610 aut

1901 3617 2116 3676 peccata
2137 3613 2378 3684 castigat,
2413 3623 2822 3693 mercedemque
2847 3629 2974 3683 mihi
3002 3643 3254 3694 arteruam
3285 3613 3380 3710 pro
3405 3657 3484 3700 to—

1900 3697 2081 3753 leratis
2107 3701 2192 3770 pie
2217 3705 2367 3758 malis
2393 3713 2771 3778 temporalibus
2814 3729 2990 3774 servat
3014 3737 3028 3774 :
3051 3739 3146 3779 vos
3183 3697 3358 3785 autem
3388 3739 3480 3805 qui

1899 3790 2047 3854 estis,
2071 3805 2192 3846 cum
2221 3795 2411 3863 quibus
2440 3797 2582 3868 loqui
2613 3801 2828 3872 dignum
2859 3808 2929 3864 sit
2956 3813 3142 3870 saltem
3171 3819 3240 3874 de
3267 3790 3481 3882 diis

1897 3879 2046 3945 stris,
2075 3892 2274 3951 quanto
2299 3885 2474 3942 minus
2495 3889 2562 3944 de
2585 3891 2694 3948 Deo
2717 3909 2858 3961 meo,
2888 3901 2976 3968 qui
3001 3906 3252 3966 terribilis
3281 3925 3364 3968 est
3384 3879 3479 3970 su-

1899 3984 1995 4040 per
2021 3986 2208 4028 omnes
2235 3975 2397 4042 deos;
2427 3981 2675 4049 quoniam
2698 3985 2772 4041 dii
2792 3991 3027 4058 gentium
3054 3996 3338 4072 (Immonia,
3373 4009 3468 4063 Do-

1897 4062 2072 4118 minus
2095 4073 2272 4120 autem
2293 4068 2458 4124 coelos
2486 4070 2613 4127 fecit
2638 4073 2810 4147 (Prol.
2837 4097 2957 4146 xcv,
2981 4085 3034 4152 4,
3061 4088 3160 4156 5)?

1895 4195 2118 4304 CAPUT
2157 4198 2326 4304 XIEX.
2353 4203 2607 4304 —-.Qt‘mm
2649 4209 2898 4277 pudendis
2940 4195 3347 4290 prosperitatibus
3389 4239 3474 4304 of-

1965 4289 2122 4357 ﬂuerc
2169 4291 2319 4345 velint
2355 4294 2440 4362 qui
2478 4295 2542 4349 de
2587 4298 2872 4359 christiani:
2908 4289 3210 4379 temporibus
3256 4289 3474 4392 conque-

1961 4391 2160 4438 ηιηων,

1962 4489 2015 4547 Si
2037 4491 2221 4548 Nasica
2247 4495 2336 4550 ille
2363 4497 2540 4566 Scipio
2567 4513 2744 4558 vester
2767 4509 3032 4575 quondam
3057 4519 3294 4584 pontifex
3321 4525 3468 4584 vive-

1891 4777 2076 4818 versus
2101 4775 2314 4821 senatus
2337 4768 2499 4838 elegit
2525 4770 2620 4841 (b),
2645 4777 2798 4844 cujus
2823 4793 2884 4834 os
2910 4779 3135 4844 fortasse
3171 4806 3276 4846 non
3304 4797 3466 4852 aude-

1953 4940 1972 5006 ξ
2007 4945 2088 5006 ms.
2109 4938 2222 5006 766,
2245 4937 2375 4990 mlle
2397 4943 2537 5006 modo
2557 4945 2772 5006 potuerit.
2841 4957 2894 5000 tt.

1951 5001 1972 5078 ξ
2005 5001 2140 5078 δῃιά.
2157 5009 2264 5078 Iam:
2289 5008 2454 5078 ﬁrmae
2475 5001 3051 5078 pleriqueplannseripti,
3069 5019 3308 5078 probitati.

1950 5061 2023 5141 (α)
2191 5061 2490 5141 reipt'tblictc'
2507 5061 2821 5141 temporibus
2843 5061 2945 5122 ticri
2961 5061 3326 5134 'iiittiuixTé‘éib
3348 5093 3464 5141 satis

1889 5123 2244 5210 constatLAScd
2277 5123 2642 5210 “cun-1
2672 5131 2922 5210 obsidione
2967 5123 3460 5210 l-e'eiﬁie'iL-t'ﬁé'miiiij

1889 5184 2140 5260 pos-{isque
2183 5191 2236 5256 et
2279 5185 2644 5260 ﬁrmes-primat
2669 5184 2980 5260 _aliligeret_‘,'
3005 5184 3460 5260 visuhi'bsivgéiii?

1887 5245 2170 5321 to?,i,l)tts,_ut
2215 5247 2262 5321 if}
2285 5245 2509 5321 (ῖεψὶῳξίθ
2533 5245 2829 5321 ίθωνῖίδίιιῇ),
2858 5245 3067 5321 τὲιίὶιυίέ
3091 5245 3464 5321 ¹ίῦ¹¹¹ἷ¹ἶῖδῦξιέἷ¹ῐ

1889 5303 2430 5385 Eti‘I‘E'E‘i?_‘-"‘:z._“a‘:'3"“_
2442 5303 2758 5385 ξοωειξρῖιιξεί
2775 5313 2864 5384 .“b-
2890 5303 3466 5385 θνὲειῆ-,ὄῖὶἱὲὲῖἱῦῖέἐ

1886 5365 2129 5424 Calltxtus,
2169 5367 2252 5416 lib.
2293 5369 2370 5428 t5,
2409 5383 2513 5432 cap.
2551 5373 2642 5432 55;
2685 5365 3113 5443 Zositnusflibfi‘i,‘

2575 5479 2580 5488 .
2607 5493 2620 5500 _
2674 5493 2704 5500 __
3052 5451 3300 5500 Cocceius.

1953 5485 2030 5564 (bi
2049 5488 2246 5564 Defessa
2272 5489 2398 5564 Italia
2414 5485 2585 5564 Punico
2607 5493 2738 5564 bello
2755 5499 2970 5564 secundo
2991 5485 3144 5564 atque
3150 5485 3464 5564 33131.net"

1889 5555 2080 5608 vexata,
2107 5552 2404 5628 ascitutn‘est
2426 5567 2488 5602 ex
2517 5557 2796 5628 [fessi-imgine
2816 5552 3460 5628 civitatet‘brj'giiai

1889 5623 2022 5684 crum
2047 5612 2394 5684 tnatrisdcum‘,
2412 5613 2539 5684 quod
2566 5615 2800 5684 videlicet_
2813 5621 3048 5684 Sibyllinis
3071 5612 3462 5684 vGF‘siBuZ'iitiZ'tl

1891 5669 2116 5747 texerant
2138 5669 2464 5747 collocandth
2510 5683 2680 5747 Romae,
2706 5687 2758 5728 ut
2787 5669 3462 5747 poste;éipé‘t’iéiéiiu'ii'ili

1889 5733 1936 5778 id
1953 5733 2054 5809 'rite
2081 5733 2437 5809 CICilti-CIIIIIIHI,
2461 5749 2570 5809 cum
2595 5733 2675 5809 vir'
2702 5743 2908 5809 optimus
2939 5733 3100 5809 jussiti
3117 5733 3460 5809 Delphici-615;:

1890 5791 1982 5840 culi
2006 5791 2338 5856 qttmrer'ctttr,
2375 5795 2561 5848 electus
2597 5807 2672 5848 est
2705 5791 2790 5864 Sci}
2811 5805 2854 5852 io
2887 5791 3076 5854 Nasica.—
3099 5791 3458 5870 ei"'&i€é{-dii32

3002 5889 3261 5968 (Deum)
