4038 6514
520 394 606 448 as
1122 342 1127 350 ’
1629 380 1716 439 es
1754 378 2073 440 crvmrs
2112 376 2248 453 DEI,
2289 382 2345 441 s.
2377 380 2747 444 aucus‘nm
3738 380 3806 443 at

534 503 663 558 retis
696 501 954 571 aspicere,
989 498 1099 569 ipse
1123 511 1216 551 vos
1243 494 1309 549 ab
1338 494 1435 549 hac
1459 491 1787 564 impudentia
1813 492 2113 549 cohiberet.

533 594 641 646 t‘.ur
667 593 806 647 enim
830 589 1010 646 afflicti
1038 589 1194 643 rebus
1221 585 1457 641 adversis
1480 585 1547 641 de
1577 586 1905 655 temporibus
1929 583 2116 656 queri-

536 683 662 737 mini
704 681 1029 745 christianis,
1073 676 1175 732 nisi
1203 677 1320 748 quia
1359 685 1588 732 vestram
1616 676 1878 730 luxuriam
1924 675 2119 746 cupitis

536 774 732 828 habere
778 785 1043 837 securam,
1101 778 1155 824 et
1203 768 1571 839 perditissimis
1616 766 1854 823 moribus
1911 777 2117 823 remota

532 866 677 919 omni
720 862 1085 918 molestiarum
1128 852 1413 931 asperitate
1439 857 1721 913 difﬂuere?
1749 857 1934 929 Neque
1970 858 2115 914 enim

534 966 812 1025 propterea
843 952 1035 1022 cupitis
1065 950 1260 1005 habere
1304 965 1485 1019 pacem
1531 958 1584 1005 et
1628 949 1771 1004 omni
1801 965 1996 1020 genere
2021 964 2115 1005 co—

532 1049 733 1117 piarum
764 1045 1059 1112 abundare,
1089 1054 1143 1099 ut
1173 1044 1254 1098 his
1289 1043 1445 1098 bonis
1471 1042 1694 1097 honeste
1732 1042 1978 1108 utamini,
2014 1042 2116 1097 hoc

531 1147 613 1193 est
651 1137 914 1204 modeSIc,
947 1136 1149 1201 sobrie,
1194 1144 1576 1204 temperanter,
1609 1134 1728 1203 pie;
1761 1133 1857 1189 sed
1901 1142 1957 1188 ut
1998 1132 2117 1187 infi-

530 1230 640 1286 nita
668 1231 894 1285 varietas
920 1229 1248 1298 voluptatum
1278 1227 1479 1282 insanis
1499 1226 1843 1283 effusionibus
1873 1210 2116 1297 exquirat

531 1336 636 1392 tur,
665 1323 1018 1393 secundisque
1049 1322 1210 1377 rebus
1240 1336 1302 1376 ea
1333 1320 1468 1375 mala
1498 1320 1737 1384 oriantu;
1764 1319 1819 1374 in
1854 1319 2115 1388 moribus,

518 1431 648 1487 ~qure
691 1414 1033 1469 SLEVICIllIbllS
1063 1413 1241 1483 pejora
1275 1411 1383 1466 sint
1415 1409 1677 1465 hostibus.
1709 1412 1777 1464 At
1821 1410 1910 1464 ille
1937 1408 2117 1480 Scipio

532 1509 764 1578 pontifex
789 1507 1049 1561 maximus
1069 1512 1263 1571 vester,
1292 1502 1381 1557 ille
1396 1501 1597 1573 judicio
1619 1502 1776 1556 totius
1802 1510 2017 1556 senatus
2039 1501 2118 1556 vir

518 1599 779 1670 optimus,
826 1597 981 1652 istam
1014 1595 1163 1650 vobis
1195 1601 1434 1649 metuens
1479 1592 1858 1660 calamitatem,
1904 1591 2119 1647 nolebat

530 1691 774 1745 :rmulam
799 1697 924 1743 tunc
949 1686 1159 1756 imperii
1199 1682 1425 1739 Romani
1453 1683 1829 1753 Carthaginem
1872 1683 2030 1750 dirui,
2062 1691 2118 1738 et

526 1780 835 1838 decernenti
862 1788 921 1835 ut
945 1778 1268 1844 dirueretur,
1290 1774 1685 1831 contradicebat
1709 1774 1896 1829 Catoni
1921 1774 2022 1844 (a),
2052 1774 2121 1829 ti-

522 1889 682 1928 mens
720 1870 945 1927 infirmis
985 1869 1178 1924 animis
1207 1867 1439 1931 hostem,
1472 1866 1850 1930 securitatem;
1899 1872 1953 1919 et
1996 1871 2117 1919 tan-

529 1979 688 2035 quam
717 1962 929 2034 pupillis
958 1961 1166 2016 civibus
1196 1958 1444 2013 idoneum
1476 1966 1725 2022 tutorem,
1756 1954 2116 2011 necessarium

516 2056 722 2113 videns
745 2070 863 2111 esse
894 2063 1176 2109 terrorem.
1203 2051 1311 2107 Nec
1332 2064 1454 2106 eum
1497 2049 1760 2105 sententia
1796 2047 1985 2104 fefellit
2013 2065 2027 2102 :
2060 2063 2118 2104 re

510 2148 642 2219 “ipsa
666 2145 944 2218 probatum
966 2152 1068 2207 est,
1092 2158 1249 2214 quam
1270 2156 1454 2197 verum
1476 2141 1699 2195 diceret.
1724 2139 1905 2195 Deleta
1922 2140 2117 2209 quippe

528 2239 868 2310 Carthagine,
896 2253 1088 2309 magno
1118 2236 1321 2292 scilicet
1346 2244 1550 2291 terrore
1575 2233 1831 2289 Romana:
1859 2232 2114 2303 reipubli-

500 2346 607 2387 -cte
640 2330 865 2400 depulso
906 2338 962 2385 et
1011 2327 1294 2390 exstincto,
1343 2333 1487 2379 tanta
1533 2321 1602 2378 de
1646 2322 1806 2378 rebus
1849 2322 2118 2393 prosperis

528 2431 646 2477 orta
666 2423 800 2475 mala
827 2408 1080 2476 continuo
1106 2418 1390 2473 subsecuta
1414 2424 1562 2481 sunt,
1590 2419 1648 2467 ut
1669 2420 1916 2482 corrupta
1943 2412 2117 2467 disru-

528 2524 723 2583 ptaque
760 2510 1047 2567 concordia
1080 2508 1226 2579 prius
1251 2507 1408 2561 smvis
1442 2504 1789 2574 cruentisque
1829 2502 2111 2558 seditioni-

510 2604 629 2658 ibus
654 2602 761 2674 (b),
779 2601 975 2658 deinde
1004 2614 1129 2654 mox
1157 2598 1413 2653 malarum
1444 2598 1779 2652 eonnexione
1807 2609 2112 2662 causarum,

526 2696 686 2752 hellis
713 2695 872 2750 etiam
901 2693 1145 2749 civilibus
1173 2699 1333 2745 tanta:
1361 2698 1566 2760 strages
1591 2688 1901 2754 ederentur,
1938 2696 2117 2743 tantus

527 2788 745 2860 sanguis
766 2786 1147 2847 eﬁ'underetur,
1174 2791 1319 2838 tanta
1348 2781 1639 2852 cupiditate
1669 2780 2115 2850 proscriptionum

508 2897 591 2937 «1c
616 2882 919 2952 rapinarum
951 2877 1182 2933 ferveret
1222 2875 1544 2941 immanitas,
1583 2884 1641 2928 ut
1670 2873 1893 2927 IlOmani
1926 2873 2003 2927 illi
2027 2873 2115 2943 qui

524 2974 630 3028 vita
672 2971 959 3042 integriore
996 2969 1132 3023 mala
1168 2967 1476 3023 metuebant
1510 2965 1578 3020 ab
1604 2965 1871 3030 hostibus,
1908 2965 2114 3035 perdita

524 3065 830 3134 integritate
857 3061 979 3115 vitae
1018 3058 1316 3114 crudeliora
1355 3064 1666 3127 paterentur
1701 3071 1733 3110 a
1762 3056 1968 3110 civibus
1994 3055 2063 3127 (ε)
2098 3075 2113 3111 :

527 3168 697 3224 eaque
722 3153 836 3223 ipsa
866 3151 1029 3206 libido
1061 3147 1393 3214 dominandi,
1424 3162 1543 3217 qum
1570 3147 1709 3200 inter
1746 3146 1846 3198 alia
1872 3145 1998 3199 vitia
2021 3161 2116 3214 ge-

476 3228 487 3239 .
529 3247 673 3304 neris
713 3245 929 3300 humani
963 3241 1257 3298 meracior‘
1295 3241 1467 3295 inerat
1498 3241 1751 3294 universo
1777 3237 1974 3308 populo
2001 3238 2114 3292 Bo-

525 3355 707 3406 mano,
733 3345 1079 3408 posteaquam
1111 3335 1163 3389 in
1195 3334 1378 3404 paucis
1418 3331 1805 3401 potentioribus
1846 3332 1989 3397 vicit,
2021 3333 2118 3386 ob-

530 3433 686 3487 tritos
716 3430 1067 3499 fatigatosque
1089 3435 1317 3481 creteros
1353 3427 1513 3479 etiam
1543 3423 1673 3494 jugo
1715 3425 1987 3479 servitutis
2014 3439 2115 3495 op-

526 3521 739 3592 pressit.

522 3611 752 3668 CAPUT
791 3608 982 3665 XXXI.
1013 3637 1084 3648 -—
1112 3603 1564 3674 Quibus'ritiorum
1602 3603 1842 3673 gradibus
1874 3612 2024 3657 aucta
2049 3603 2117 3658 sit

907 3699 960 3753 in
987 3697 1234 3751 Romanis
1253 3695 1438 3765 cupido
1467 3692 1733 3765 regnandi.

602 3791 734 3846 Nam
764 3788 975 3860 quando
1003 3788 1091 3841 illa
1117 3786 1417 3859 quiesceret
1449 3784 1499 3838 in
1531 3781 1930 3853 superbissimis
1958 3799 2111 3839 men-

522 3883 692 3947 tibus,
715 3881 887 3935 donec
910 3877 1231 3933 continuatis
1260 3874 1551 3930 honoribus
1579 3874 1644 3928 ad
1673 3883 1992 3943 potestatem
2023 3890 2112 3930 re-

529 3976 666 4045 giam
720 3969 1057 4042 perveniret?
1111 3968 1382 4022 Honorum
1433 3979 1594 4036 porro
1633 3965 2111 4021 continuandorum

529 4066 751 4122 facultas
788 4078 894 4119 non
936 4070 1101 4128 esset,
1128 4058 1230 4114 nisi
1274 4058 1494 4113 ambitio
1522 4057 1857 4127 praevaleret.
1900 4058 2115 4113 Minime

524 4167 709 4215 autem
738 4157 1073 4230 praevaleret
1116 4152 1359 4218 ambitio.
1409 4152 1511 4208 nisi
1548 4152 1603 4206 in
1653 4151 1848 4222 populo
1895 4152 2113 4206 avaritia

524 4250 843 4322 luxuriaque
866 4255 1137 4318 corrupto.
1181 4243 1389 4300 Avarus
1427 4259 1554 4298 vero
1582 4241 1987 4312 luxuriosusque
2016 4256 2114 4312 po-

531 4392 652 4437 orat.
677 4383 756 4445 de,
770 4382 1044 4445 Arnspicum
1065 4379 1332 4442 responsis,
1356 4389 1463 4440 cap.
1504 4377 1595 4439 13;
1621 4377 1765 4438 Livio,
1791 4374 1873 4426 lib.
1898 4376 1979 4437 29,
2001 4390 2109 4441 cap.

536 4446 616 4540 μί
642 4443 912 4555 ῖξῶ¹.ίῗξω.
955 4508 1010 4553 et
1046 4509 1175 4562 t.ov.,
1200 4496 1578 4562 mxmoderarior.
1626 4503 1682 4547 Αι
1718 4504 1793 4548 Er.
1831 4505 1883 4548 et
1906 4507 2114 4562 veteres

530 4576 659 4628 Uss,
679 4565 947 4627 meracior;
971 4559 1181 4626 excepto
1197 4574 1296 4612 uno
1315 4568 1368 4611 et
1384 4559 1556 4622 altero,
1579 4562 1631 4610 in
1651 4573 1749 4623 quo
1772 4567 1866 4619 est,
1884 4560 2110 4623 feracior.

596 4651 670 4716 (a)
696 4649 1005 4709 Plutarchus,
1027 4648 1078 4697 in
1100 4652 1279 4696 Catone
1307 4646 1526 4710 majore;
1563 4644 1751 4704 Livius,
1790 4643 1874 4694 lib.
1899 4644 1961 4694 49
2006 4647 2111 4709 epi-
2178 4642 2181 4643 ⁷

529 4720 665 4837 ὀῗῦ
680 4718 866 4837 ’τῗιξὲὶιι
888 4768 1098 4837 Gracchi.
1115 4766 1296 4837 deinde
1316 4766 1412 4815 αιίί
1433 4765 1613 4837 iam
1628 4767 1687 4837 π’
1704 4766 1883 4829 “ib”
1905 4767 2111 4837 ντί¹¹¹¹³¹¹¹

528 4826 690 4899 usque
719 4832 780 4882 ad
810 4826 1099 4899 sanguinem
1128 4826 1323 4899 civilem
1360 4835 1568 4899 ventum
1593 4826 1670 4876 est
1688 4862 1703 4886 ,
1722 4826 1946 4899 :quarum
1981 4831 2112 4890 prior

529 4888 623 4946 fuit
639 4896 812 4946 decem
831 4888 1098 5002 unum
1115 4889 1333 4940 deletam
1354 4888 1704 4961 Carthaginem.
1729 4888 1841 4961 ben.
1870 4888 2028 4939 vivas.
2080 4952 2091 4963 .

599 4959 670 5002 (ei
695 4965 805 5002 Nam
829 4966 893 5002 ex
1003 4960 1155 5001 itione
1170 4958 1218 4997 ι).
1240 4949 1433 4999 Gracchi
1456 4957 1593 4998 ortus
1607 4954 1685 4998 est
1702 4950 1979 4998 tribunatus
1996 4952 2091 5001 Livi

599 4959 670 5031 (ι’)
695 4965 805 5007 Nam
829 4949 1155 5031 east-aditique
1170 4949 1440 5031 ιιῖιιίιροιιὶ,
1456 4949 1593 5031 ortus
1607 4954 1688 5031 est
1702 4949 2112 5031 tribunatuthavii

520 5009 685 5080 Drusi,
708 5028 855 5080 quem
886 5020 1052 5080 Patres
1071 5012 1334 5080 gqujtibus,
1356 5011 1441 5080 qui
1485 5022 1547 5058 ex
1573 5009 1690 5080 lege
1713 5010 1903 5080 Gracchi
1924 5011 2110 5080 judica-

529 5023 685 5077 Drusi,
708 5028 855 5080 quem
886 5023 1052 5062 Patres
1071 5023 1334 5073 Equittnus,
1359 5023 1441 5117 qui
1485 5023 1547 5058 ex
1574 5023 1690 5119 tege
1713 5023 1903 5059 Graccut
1924 5023 2110 5084 judica-

529 5077 670 5144 bant,
690 5079 1037 5144 opposuerunt.
1074 5077 1141 5120 Ex
1163 5072 1255 5120 hoc
1288 5071 1371 5144 bel
1391 5083 1632 5144 um‘socta
1643 5070 2111 5144 e,_quod_promis_sa

528 5150 559 5187 a
580 5132 705 5187 Livio
722 5132 878 5185 'tiruso
906 5134 1073 5194 civitas
1103 5145 1200 5181 non
1232 5138 1562 5194 praestaretur.
1602 5132 1683 5194 Ex;
1704 5132 1796 5181 hcc
1826 5132 2110 5194 tuithridati-

528 5210 660 5254 cum,
682 5210 793 5246 cum
818 5193 1106 5256 Mithridates
1125 5192 1374 5256 rexg't‘onti
1417 5192 1626 5243 confisus
1652 5193 1903 5256 discordiae
1941 5193 2103 5256 ttalim,

528 5252 681 5307 multa
698 5258 872 5318 civium
892 5252 1193 5318 millia,quge
1215 5254 1265 5318 in
1287 5267 1379 5318 suo
1401 5266 1556 5318 regno
1595 5255 1986 5318 negotiabantur,
2006 5252 2110 5317 jus-

530 5320 594 5367 sit
616 5316 838 5367 interﬁci.
864 5322 927 5377 Ea
954 5315 1044 5365 hoc
1065 5314 1206 5377 bella,
1226 5315 1383 5365 civilia
1428 5314 1646 5377 Mariana,
1666 5314 1780 5377 cum
1803 5315 1975 5365 alarius
1998 5314 2108 5377 [iro-

528 5379 737 5439 vinciam
755 5384 806 5426 et
822 5374 1005 5439 bellum
1026 5376 1389 5426 Mithridaticum
1411 5381 1456 5439 L.
1479 5375 1621 5439 syllae
1635 5373 1800 5439 vellet,
1813 5373 2027 5439 eripere.
2043 5383 2109 5428 Ex

520 5438 674 5507 hujus
692 5437 958 5488 seminibus
978 5440 1320 5507 Sertorianum,
1349 5437 1659 5507 Lepidauum,
1688 5437 1963 5507 .eonjuratio
1985 5439 2108 5487 (Lati-

528 5498 669 5555 Iinie,
712 5501 1346 5561 postremo__Pompeianum.
1383 5498 1730 5561 ltincgparsaris
1761 5498 1986 5561 regnum,
2011 5512 2109 5560 quo

529 5556 856 5621 oceisofhella
872 5557 1045 5618 civilia,
1062 5556 1401 5616 Antonianum,
1429 5556 1736 5621 Philippense
1768 5556 1896 5607 Bruti
1924 5567 1975 5621 et
1995 5556 2107 5608 Cas-

525 5622 606 5680 sii,
624 5618 832 5671 Siculum
853 5622 985 5670 Sexti
1010 5622 1235 5682 Pompeii,
1263 5621 1516 5669 Actiacum.
1541 5618 1751 5668 "tandem
1766 5618 2038 5680 reSpuhliea
2057 5621 2104 5682 in

528 5682 939 5744 gnonarchiamuet
971 5679 1269 5744 tyrannidem
1306 5693 1451 5744 versa
1482 5687 1577 5730 est.
1614 5679 2107 5744 l.up.__vtvss.-—-sal-

526 5740 703 5792 lus'tius
726 5744 774 5791 in
792 5740 927 5791 Bello
947 5740 1248 5806 Ju'gurthino,
1273 5753 1378 5804 cap.
1411 5741 1460 5790 tt
1481 5754 1629 5805 seqq.
1656 5740 1868 5792 ιῒιιιεὶιιε
1888 5748 2108 5791 Pateren-

524 5801 623 5866 lns,
645 5804 783 5855 itﬁtio
808 5803 897 5853 lib.
921 5803 969 5852 2.

645 5812 783 5855 ιιειιο
808 5812 897 5853 ιω.

2221 495 2378 565 pulus
2418 498 2668 554 secundis
2705 500 2867 557 rebus
2906 498 3126 557 effectus
3170 510 3271 569 est,
3317 516 3452 574 quas
3493 500 3679 558 Nasica
3720 502 3809 557 ille

2220 588 2685 657 providentissime
2721 593 2989 649 cavendas
3025 608 3144 651 esse
3172 595 3446 660 censebat,
3478 593 3689 665 quando
3725 593 3805 648 ei-

2223 677 2437 733 vitatem
2467 678 2696 736 hostium
2727 680 3031 751 maximam,
3063 683 3428 751 fortissimam,
3459 682 3806 755 opulentissi-

2222 783 2364 823 mam
2410 769 2623 825 nolebat
2664 771 2890 838 auferri;
2924 780 2984 828 ut
3031 773 3221 829 timore
3258 773 3421 831 libido
3450 785 3803 847 premeretur,

2222 858 2386 914 libido
2415 875 2597 929 pressa
2619 863 2636 894 ⁸
2679 879 2785 919 non
2811 864 3189 933 luxuriaretur,
3225 866 3542 938 luxuriaque
3570 867 3804 922 cohibita

2221 963 2319 1004 nec
2338 952 2557 1007 avaritia
2583 965 2918 1023 grassaretur
2946 975 2959 1009 :
2984 956 3177 1026 quibus
3200 957 3340 1011 vitiis
3369 957 3649 1024 obseratis,
3681 958 3806 1012 civi-

2220 1042 2312 1095 tati
2356 1043 2502 1099 utilis
2544 1045 2711 1101 virtus
2756 1045 2973 1103 floreret
3004 1057 3058 1103 ct
3100 1059 3389 1117 cresceret,
3428 1052 3583 1121 eique
3621 1049 3804 1106 virtuti

2221 1132 2438 1188 libertas
2468 1150 2701 1206 congrua
2730 1148 3083 1207 permaneret.
3117 1141 3251 1196 Ilinc
3290 1141 3448 1196 etiam
3479 1152 3616 1210 erat,
3659 1151 3711 1196 ct
3736 1157 3804 1197 ex

2220 1223 2321 1280 hac
2357 1227 2819 1296 providentissiina
2851 1232 3035 1300 patriae
3059 1231 3323 1287 eharitate
3353 1232 3617 1297 veniebat,
3660 1231 3804 1303 quod

2220 1317 2359 1373 idem
2387 1319 2500 1389 ipse
2520 1332 2697 1376 vester
2718 1323 2948 1392 pontifex
2976 1323 3260 1391 maximus,
3283 1339 3314 1379 a
3334 1334 3520 1379 senatu
3548 1323 3805 1394 temporis

2219 1408 2364 1465 illius
2392 1410 2552 1483 (quod
2575 1428 2716 1483 saepe
2744 1414 3026 1471 dicendum
3057 1412 3160 1489 est)
3186 1416 3387 1471 electus
3411 1416 3528 1470 sine
3551 1416 3652 1469 ulla
3682 1431 3807 1470 sen-

2218 1502 2506 1557 tentiarum
2551 1504 2905 1575 discrepantia
2951 1506 3032 1561 vir
3071 1506 3343 1576 Optimus,
3391 1520 3607 1561 caveam
3655 1505 3806 1560 thea-

2223 1594 2289 1649 tri
2320 1593 2395 1667 (a)
2422 1604 2663 1651 senatum
2700 1606 3013 1654 construere
3038 1599 3366 1666 molientem,
3396 1600 3465 1655 ab
3491 1598 3592 1654 hac
3623 1598 3805 1668 dispo-

2219 1685 2412 1741 sitione
2439 1696 2494 1742 et
2530 1688 2818 1758 cupiditate
2859 1690 3223 1760 compescuit;
3264 1690 3630 1761 persuasitque
3677 1704 3805 1744 ora-

2219 1780 2363 1835 tione
2374 1780 2704 1851 gravissima,
2728 1797 2795 1838 ne
2810 1782 3051 1839 ercam
3075 1776 3333 1837 luxuriam
3359 1783 3595 1839 virilibus
3617 1783 3806 1852 patrita

2218 1870 2455 1925 moribus
2482 1880 2790 1940 paterentur
2814 1872 3094 1943 obrepere,
3132 1882 3187 1929 ct
3211 1872 3277 1928 ad
3317 1874 3565 1928 virtutem
3596 1872 3805 1928 labefa-

2206 1961 2465 2016 ctandam
2512 1963 2973 2034 enervandamque
3010 1965 3303 2020 Romanam
3341 1962 3636 2035 peregrinae
3673 1979 3806 2019 ean-

2220 2052 2420 2109 sentire
2465 2054 2713 2125 nequitia:
2746 2072 2761 2109 :
2793 2064 3102 2127 tantumque
3140 2057 3455 2111 auctoritate
3509 2054 3692 2121 valuit,
3746 2062 3805 2109 ut

2219 2143 2336 2213 ejus
2382 2132 2562 2201 verbis
2612 2154 2880 2203 commota
2923 2147 3191 2203 senatoria
3233 2146 3587 2217 providentia,
3639 2146 3805 2201 etiam

2219 2235 2492 2303 subsellia,
2515 2236 2709 2307 quibus
2733 2236 2801 2292 ad
2830 2237 3015 2293 horam
3042 2238 3311 2309 congestis
3336 2238 3390 2292 in
3415 2237 3660 2293 ludorum
3680 2253 3807 2309 spe-

2219 2326 2559 2397 ctaculojam
2601 2329 2673 2383 uti
2700 2328 2888 2384 civitas
2917 2337 3171 2399 eruperat,
3203 2329 3459 2401 deinceps
3498 2328 3807 2399 prohiberet

2209 2418 2415 2488 apponi
2442 2417 2543 2488 (ὁ).
2579 2417 2790 2486 Quanto
2817 2418 2992 2474 studio
3034 2419 3135 2474 iste
3173 2419 3241 2474 ab
3285 2420 3414 2475 urbe
3451 2418 3620 2473 Roma
3646 2418 3810 2473 ludos

2219 2510 2365 2580 ipsos
2389 2511 2634 2568 scenicos
2658 2512 2982 2580 abstulisset,
3012 2513 3057 2567 si
3092 2512 3391 2568 auctoritati
3428 2527 3635 2576 eorum,
3665 2526 3808 2581 quos

2218 2601 2350 2658 deos
2396 2603 2637 2673 putabat,
2681 2605 2931 2660 resistere
2973 2603 3231 2669 auderet;
3275 2618 3409 2673 quos
3451 2616 3571 2657 esse
3614 2602 3809 2656 noxios

2217 2691 2491 2747 daemones
2530 2709 2633 2748 non
2660 2676 3021 2763 intelligebat,
3052 2701 3145 2746 aut
3184 2692 3227 2746 si
3271 2690 3633 2762 intelligebat,
3684 2690 3806 2759 pla-

2218 2782 2417 2839 candos
2444 2783 2603 2838 etiam
2631 2785 2744 2854 ipse
2771 2784 2947 2854 potius
2971 2799 3126 2855 quam
3171 2782 3593 2839 contemnendos
3618 2781 3807 2840 existi-

2219 2878 2414 2933 mabat.
2446 2877 2689 2934 Nondum
2734 2879 2876 2934 enim
2909 2877 3079 2935 fuerat
3108 2878 3373 2934 declarata
3412 2877 3673 2935 Gentibus
3711 2893 3808 2934 su-

2218 2983 2383 3038 perna
2405 2968 2664 3036 doctrina,
2707 2985 2826 3040 quae
2852 2970 2955 3025 fide
2984 2985 3077 3025 cor
3117 2969 3403 3039 mundans,
3448 2968 3515 3025 ad
3548 2971 3809 3027 .cmlcstia

2216 3060 2303 3114 vel
2340 3060 2741 3129 supercwlestia
2782 3059 3124 3130 capessenda,
3155 3059 3341 3115 humili
3384 3060 3581 3130 pietate
3605 3050 3808 3113 huma-

2217 3165 2345 3205 num
2385 3160 2615 3206 mutaret
2652 3150 2921 3218 allectum,
2964 3159 3018 3207 et
3052 3165 3085 3206 a
3131 3151 3407 3207 dominatu
3448 3150 3810 3222 superborum

2217 3242 2519 3298 d.emonum
2551 3243 2816 3299 liberaret.

2289 3356 2517 3413 CAPUT
2570 3357 2787 3412 XXXII.
2829 3386 2903 3398 -
2937 3355 3020 3412 De
3068 3358 3381 3414 amicorum
3421 3358 3732 3414 institutione

2858 3484 2863 3489 ι
2874 3450 3131 3506 ludorum.

2292 3562 2668 3618 Verumtamen
2706 3563 2917 3630 scitote,
2946 3564 3036 3634 qui
3075 3564 3175 3619 ista
3205 3563 3454 3631 nescitis;
3499 3572 3557 3620 et
3583 3564 3671 3634 qui
3703 3580 3812 3622 vos

2217 3654 2383 3708 serire
2410 3652 2780 3723 dissimulatis,
2816 3654 3101 3720 advertite,
3130 3655 3218 3724 qui
3248 3654 3506 3711 adversus
3535 3655 3810 3712 liberato-

2218 3758 2331 3799 rem
2377 3759 2407 3798 a
2453 3744 2647 3799 talibus
2692 3744 2922 3801 dominis
2964 3746 3346 3801 murmuratis'
3372 3745 3533 3801 :ludi
3577 3748 3809 3813 scenici,

2215 3836 2520 3905 spectacula
2567 3836 2949 3906 turpitudinum
2990 3844 3045 3892 et
3088 3836 3301 3892 licentia
3335 3837 3645 3901 vanitatum,
3687 3854 3811 3895 non

2218 3925 2491 3980 hominum
2522 3926 2681 3992 vitiis,
2714 3925 2807 3980 sed
2836 3924 3059 3981 deorum
3090 3934 3389 3981 vestrorum
3426 3916 3589 3996 jussis
3612 3926 3814 3985 Romae

2216 4016 2439 4073 instituti
2472 4025 2615 4072 sunt.
2644 4014 2995 4073 Tolerabilius
3023 4015 3234 4073 divinos
3263 4016 3496 4073 honores
3520 4017 3814 4075 deferresis

2218 4107 2295 4163 illi
2343 4107 2599 4178 Scipioni,
2644 4121 2801 4177 quam
2832 4105 2963 4161 deos
3002 4106 3265 4175 ejusmodi
3303 4097 3592 4163 coleretis:
3625 4123 3814 4178 neque

2217 4203 2356 4257 enim
2378 4210 2531 4257 erant
2558 4200 2631 4255 illi
2656 4199 2728 4256 dii
2758 4215 2856 4255 suo
2884 4197 3133 4271 pontifice
3160 4199 3431 4256 meliores.
3456 4200 3604 4256 Ecce
3624 4210 3816 4256 atten—

2215 4294 2346 4359 dite,
2366 4293 2412 4348 si
2441 4307 2593 4347 mens
2626 4290 2824 4346 tamdiu
2852 4290 3049 4363 potatis
3067 4291 3341 4346 erroribus
3366 4290 3534 4356 ebria,
3564 4306 3662 4348 vos
3693 4293 3811 4347 ali-

2216 4386 2343 4456 quid
2368 4398 2554 4439 sannm
2590 4383 2926 4442 considerare
2953 4382 3232 4454 permittit.
3261 4383 3339 4438 Dii
3363 4390 3576 4453 propter
3602 4383 3815 4439 sedau-

2214 4477 2335 4533 dam
2359 4491 2640 4547 corporum
2664 4476 3020 4547 pestilentiam
3047 4475 3201 4531 ludos
3229 4474 3331 4530 Sibi
3371 4475 3612 4529 scenicos
3639 4474 3814 4531 exhi-

2215 4570 2328 4626 beri
2347 4570 2603 4640 jubebant
2644 4567 2753 4641 (c);
2782 4567 3026 4639 pontifex
3054 4576 3230 4622 autem
3256 4574 3474 4637 propter
3494 4566 3811 4624 animorum

2215 4663 2505 4719 cavendam
2535 4661 2915 4733 pestilentiam,
2948 4660 3117 4729 ipsam
3147 4673 3364 4714 scenam
3398 4657 3634 4713 construi
3661 4672 3811 4730 pro-

2215 4755 2448 4811 hibebat.
2492 4753 2547 4810 Si
2575 4752 2749 4823 aliqua
2776 4750 2894 4806 luce
2923 4749 3118 4805 mentis
3155 4748 3390 4804 animum
3419 4748 3631 4820 corpori
3659 4763 3816 4819 pra:-

2214 4847 2431 4919 ponitis,
2460 4844 2639 4914 eligite
2667 4857 2823 4913 quem
2853 4841 3062 4896 colatis.
3086 4839 3271 4910 Neque
3293 4840 3435 4895 enim
3474 4847 3531 4895 et
3555 4838 3646 4894 illa
3673 4853 3817 4915 core-

2216 4951 2401 5007 porum
2431 4934 2731 5005 pestilentia
2761 4932 2880 4987 ideo
2908 4932 3230 5001 conquievit,
3262 4930 3386 5001 quia
3413 4929 3609 5000 populo
3635 4930 3811 4985 belli-

2212 5043 2342 5085 (εοδο
2370 5038 2423 5083 et
2451 5026 2580 5083 solis
2606 5035 2760 5081 antea
2786 5024 2928 5080 ludis
2952 5021 3284 5078 circensibus
3306 5030 3524 5077 assueto
3548 5020 3817 5109 ludorum.

2279 5185 2297 5217 ι
2329 5181 2552 5246 Nonnulli
2574 5175 2917 5246 Mssa-libidine
2938 5188 3123 5246 pressa:
3138 5200 3203 5212 —
3221 5174 3296 5246 sic
3312 5174 3458 5223 etiam
3478 5172 3558 5246 cd.
3581 5171 3696 5245 766ἶ
3737 5181 3808 5224 Μ.

2275 5247 2297 5279 ²
2328 5244 2462 5295 Solus
2482 5250 2575 5303 En,
2598 5255 2631 5291 α
2651 5240 2823 5292 talibus
2843 5235 3047 5290 dominis
3062 5235 3252 5288 liberati
3272 5235 3581 5286 murmurum
3598 5246 3617 5284 :
3635 5235 3813 5286 minus

2279 5320 2361 5356 ne.

2213 5308 2522 5430 beaffluens
2556 5364 2733 5414 theatri
2769 5364 2843 5412 sic
2881 5369 2958 5412 est
2980 5359 3268 5430 appellatus,
3304 5357 3431 5422 quod
3468 5353 3711 5430 subselliis
3732 5358 3808 5407 ad

2212 5419 2539 5492 Spectatorum
2561 5437 2869 5492 consessum
2912 5419 3336 5492 apté'instructus
3375 5431 3539 5492 cavete
3591 5419 3809 5492 fetuum

2211 5481 2465 5555 quamdam
2497 5486 2761 5555 referebat.
2788 5481 3097 5555 augustinus,
3119 5483 3215 5555 _|ib.
3237 5484 3265 5555 ,ξ
3291 5481 3355 5530 de
3375 5485 3810 5555 flvun-

2211 5542 2526 5614 gelistarum,
2559 5561 2609 5597 n.
2643 5548 2697 5596 5!
2727 5560 2741 5595 :
2771 5542 3091 5614 _¢__Cadunt,‘i
3118 5544 3311 5614 inquit,
3331 5560 3353 5588 σι
3383 5542 3594 5614 theatra,
3625 5553 3810 5592 cavea:

2221 5604 2244 5660 ἱ
2266 5604 2611 5672 turpitudinum
2637 5616 2689 5657 et
2708 5604 3262 5672 publicte‘prOfcssioues
3283 5604 3591 5672 flagitiorum.
3615 5616 3648 5672 ξ.

2275 5660 2877 5735 (bisarrantuvnistibrt
2899 5660 2961 5735 te
2985 5660 3425 5735 epggpme;___vater.
3466 5660 3704 5735 uehunt.
3741 5661 3804 5725 2,

2212 5723 2382 5798 cap],
2407 5735 2431 5795 §
2452 5732 2509 5798 ες
2531 5734 2723 5798 Appian.
2751 5731 2833 5781 lin.
2852 5732 2881 5798 l_
2898 5730 2962 5779 de
2986 5723 3133 5798 sellis,
3149 5723 3390 5798 civilibus,
3397 5736 3514 5798 _cap.

2279 5782 2348 5859 is)
2372 5782 2532 5847 Livius
2555 5782 2641 5842 l'tl'i.
2658 5795 2707 5855 7,
2730 5806 2836 5854 cap.
2854 5792 2915 5853 2;
2943 5790 3097 5841 \‘alcr.
3125 5797 3242 5837 Max.
3270 5786 3353 5835 lib.
3380 5787 3426 5846 2,
3448 5782 3553 5847 cap.
3579 5784 3628 5845 4,
3655 5782 3748 5846 ει.
