4038 6518
229 366 288 424 ιε
1593 349 1796 406 LIBER
1837 345 2106 408 PRIMUS.
3416 358 3486 414 ιε

229 477 544 535 sccnicorum
597 469 827 528 delicata
883 465 1200 524 subintravit
1243 463 1446 520 insania
1475 480 1488 521 :
1518 463 1612 520 sed
1661 471 1803 518 asta-

223 569 292 625 tia
329 565 608 636 spirituum
651 561 1010 616 nefandorum
1041 557 1337 628 prarvidcns
1379 555 1520 610 illam
1557 554 1805 624 pestilen-

231 662 344 716 tiam
365 659 474 728 jam
504 657 610 710 line
638 652 824 709 debito
852 660 1205 713 cessaturam,
1235 647 1394 702 aliam
1423 647 1576 716 longe
1599 647 1808 716 graviu-

233 765 352 816 rem,
395 764 496 818 qua
546 745 832 816 plurimum
881 742 1093 813 gaudet,
1135 755 1198 796 cx
1236 739 1336 794 hac
1377 739 1657 794 occasione
1701 753 1806 792 non

234 833 553 910 corporibus,
583 836 680 892 sed
705 834 945 890 moribus
971 833 1175 888 curavit
1199 831 1485 886 immittere
1509 846 1522 894 ;
1554 845 1672 900 qua:
1691 830 1806 881 ani-

227 949 340 1012 mos
365 933 690 988 miserorum
731 931 891 983 tantis
922 925 1217 982 obcaecavit
1257 923 1510 989 tenebris,
1545 932 1686 977 tanta
1717 923 1810 976 de-

227 1025 488 1080 formitate
527 1021 767 1084 foedavit,
817 1029 876 1073 ut
917 1018 1076 1072 etiam
1107 1015 1268 1072 modo
1295 1015 1460 1086 (quod
1499 1013 1810 1068 incredibile

229 1119 442 1174 forsitan
471 1117 598 1182 erit,
630 1114 676 1168 si
706 1130 736 1167 a
765 1113 964 1168 nostris
981 1111 1216 1182 posteris
1245 1108 1544 1180 audietur),
1573 1108 1811 1162 Romana

235 1207 356 1264 urbe
403 1215 638 1272 vastata,
680 1219 816 1276 quos
857 1203 1156 1274 pestilentia
1213 1202 1312 1256 ista
1351 1199 1608 1272 possedit,
1655 1207 1814 1270 atque

229 1301 348 1355 inde
375 1299 648 1370 fugientes
677 1297 1062 1367 Carthaginem
1095 1293 1392 1364 pervenire
1423 1301 1729 1362 potuerunt,
1761 1291 1814 1344 in

229 1391 450 1446 theatris
473 1389 718 1460 quotidie
739 1387 986 1443 certatim
1017 1399 1112 1456 pro
1133 1383 1478 1442 histrionibus
1499 1382 1813 1436 insanirent.

259 1523 490 1582 CAPUT
529 1521 778 1580 XXXlII.
811 1551 880 1563 ——
911 1519 990 1576 De
1035 1519 1168 1576 uitiis
1215 1519 1603 1583 Romanorum,
1658 1533 1784 1590 quos

620 1617 806 1688 patrie
831 1631 934 1670 non
967 1615 1184 1669 corth
1222 1613 1429 1668 eversio.

299 1731 344 1788 0
365 1737 584 1786 uelites
605 1728 890 1784 amentes.l
918 1726 1038 1798 quis
1061 1735 1150 1780 est
1171 1724 1258 1780 hic
1283 1732 1484 1790 tantus,
1505 1737 1616 1778 non
1645 1735 1820 1788 error,

235 1823 326 1882 sed
350 1823 524 1890 furor,
549 1829 622 1876 ut.
633 1821 856 1876 exitium
879 1827 1108 1875 vestrum
1138 1817 1294 1890 (sicut
1321 1814 1645 1884 audivimus)
1671 1813 1824 1884 plan-

233 1916 478 1989 gentibus
501 1914 862 1970 orientalibus
894 1911 1122 1982 populis,
1151 1919 1207 1966 et
1249 1908 1498 1964 maximis
1523 1907 1826 1964 civitatibus

239 2011 288 2066 in
309 2005 694 2065 remotissimis
717 2005 878 2062 terris
911 2005 1177 2075 publicum
1203 2003 1404 2058 luctum
1431 2015 1828 2070 maeroremque

227 2099 578 2164 ducentibus,
615 2113 716 2154 vos
763 2096 972 2152 theatra
1017 2093 1348 2164 quaereretis,
1397 2092 1688 2154 intrantis,
1723 2091 1826 2146 im-

241 2193 452 2262 pietatis
473 2233 492 2256 ,
543 2198 602 2246 et
641 2189 810 2244 multo
841 2187 1104 2242 insaniora
1125 2226 1140 2251 ,
1183 2199 1342 2254 quam
1383 2181 1596 2240 fuerant
1631 2191 1784 2238 antea
1807 2221 1822 2246 ,

242 2279 522 2336 faceretis?
575 2279 726 2334 Ilanc
768 2278 1066 2332 animorum
1115 2275 1286 2330 labent
1338 2289 1400 2330 ac
1449 2281 1648 2343 pestem
1695 2273 1830 2327 hanc

241 2371 518 2442 probitatis
561 2377 620 2424 et
643 2369 943 2426 honestatis
971 2365 1306 2422 eversionem
1345 2365 1498 2420 vobis
1526 2361 1703 2436 Scipio
1743 2365 1829 2419 ille

239 2460 530 2524 metuebat,
553 2458 1021 2530 quandomnstrui
1039 2457 1245 2512 theatra
1263 2455 1597 2526 prohibebat,
1617 2453 1830 2526 quando

245 2555 396 2610 rebus
443 2552 723 2623 prosperis
776 2565 874 2604 vos
929 2549 1087 2608 facile
1125 2549 1398 2618 eorrmnpi
1449 2557 1608 2617 atque
1661 2545 1828 2600 everti

239 2662 394 2717 posse
423 2645 710 2709 cernebat,
741 2642 958 2714 quando
985 2657 1078 2696 vos
1110 2641 1176 2704 ab
1214 2640 1396 2696 hostili
1441 2649 1645 2694 terrore
1675 2654 1832 2694 secu-

241 2753 328 2792 ros
353 2753 478 2792 esse
521 2736 759 2791 nolebat.
793 2735 975 2804 Neque
1019 2733 1162 2788 enim
1209 2731 1462 2790 censebat
1508 2731 1596 2785 ille
1625 2729 1832 2784 felicem

249 2844 358 2884 esse
383 2827 774 2898 rempublicam
805 2825 1068 2881 stantibus
1099 2823 1382 2888 mcenibns,
1413 2821 1688 2884 ruentibus
1711 2837 1832 2874 mo-

247 2919 408 2979 ribus.
459 2917 572 2974 Sed
598 2919 651 2972 in
680 2917 834 2971 vobis
865 2916 980 2985 plus
1005 2915 1169 2969 valuit
1207 2913 1348 2984 quod
1374 2911 1644 2968 dmmoncs
1687 2911 1836 2979 impii

241 3012 598 3076 seduxerunt,
642 3025 804 3080 quam
847 3008 988 3080 quod
1031 3007 1276 3062 homines
1321 3003 1526 3074 providi
1571 3017 1836 3074 praecave-

251 3114 382 3162 runt.
413 3105 554 3163 Ilinc
579 3113 664 3158 est
689 3101 833 3173 quod
877 3101 1012 3155 mala
1041 3115 1160 3170 quae
1190 3099 1383 3165 facitis,
1413 3097 1562 3152 vobis
1588 3095 1838 3167 imputari

247 3211 348 3254 non
383 3195 588 3258 vultis;
623 3195 764 3248 mala
793 3207 922 3247 vero
942 3207 1058 3262 qua:
1087 3189 1350 3259 patimini,
1379 3187 1682 3242 christianis
1704 3195 1838 3240 tem-

247 3287 464 3357 poribus
511 3285 812 3356 imputatis.
853 3283 1034 3352 Neque
1075 3283 1220 3336 enim
1253 3281 1306 3334 in
1337 3287 1510 3336 vestra
1553 3278 1840 3332 securitate

249 3391 488 3450 pacatam
534 3378 946 3447 rempublicam,
976 3375 1070 3430 sed
1112 3373 1376 3429 luxuriam
1403 3371 1640 3442 quaeritis
1667 3373 1836 3438 impu-

253 3471 432 3534 uitam,
462 3467 556 3539 qui
587 3467 864 3538 depravati
893 3466 1050 3520 rebus
1077 3463 1364 3535 prosperis,
1405 3477 1504 3518 nec
1529 3461 1718 3530 corrigi
1747 3474 1839 3529 po-

247 3559 422 3614 tuistis
460 3557 727 3613 adversis.
776 3555 1000 3610 Volebat
1038 3569 1132 3610 vos
1179 3553 1269 3608 ille
1312 3551 1492 3620 Scipio
1541 3550 1732 3606 terreri
1773 3547 1838 3604 ab

255 3651 424 3718 hoste,
467 3665 536 3704 ne
565 3649 618 3702 in
653 3648 924 3702 luxuriam
959 3645 1198 3702 ﬂueretis
1221 3662 1236 3711 ;
1263 3659 1358 3700 vos
1403 3658 1502 3700 nee
1529 3642 1742 3698 contriti
1772 3641 1840 3696 ab

247 3741 401 3798 hoste
455 3741 726 3796 luxuriant
781 3738 1111 3809 repressistis
1153 3735 1508 3808 :perdidistis
1560 3735 1840 3790 utilitatem

245 3838 590 3902 calamitatis,
621 3843 678 3891 et
705 3833 990 3890 miserrimi
1036 3831 1162 3888 facti
1207 3847 1238 3887 e
1305 3845 1360 3895 ε,
1395 3841 1450 3884 et
1475 3829 1688 3900 pessimi
1711 3843 1841 3898 per-

248 3933 542 3986 mansistis.

245 4045 476 4103 CAPUT
503 4043 842 4101 XXXIV.—-
867 4041 944 4098 De
964 4041 1224 4098 clementia
1253 4041 1363 4106 Dei,
1396 4056 1508 4111 qua:
1530 4038 1680 4094 Urbis
1701 4038 1840 4092 extio

807 4137 952 4190 dium
983 4135 1288 4204 temperavit.

267 4247 272 4250 ’
315 4255 382 4310 Et
405 4267 589 4309 tamen
619 4252 761 4322 quod
787 4251 985 4312 vivitis,
1012 4249 1100 4304 Dei
1127 4257 1243 4313 est;
1277 4249 1365 4318 qui
1393 4247 1544 4300 vobis
1573 4241 1840 4314 parcendo

249 4348 524 4414 simonet,
551 4355 611 4401 ut
637 4345 976 4416 corrigamini
1005 4344 1310 4413 pcenitcndo
1335 4357 1349 4402 ;
1381 4343 1468 4412 qui
1501 4341 1651 4395 vobis
1678 4341 1838 4394 et'am

253 4441 472 4512 ingratis
500 4439 770 4510 prtestitit,
805 4446 864 4490 ut
891 4437 972 4492 vel
1001 4436 1102 4492 sub
1133 4435 1346 4490 nomine
1376 4447 1650 4488 servorum
1687 4431 1801 4500 ejus
1821 4471 1837 4498 ,

249 4533 332 4586 vel
357 4533 410 4586 in
445 4531 584 4585 locis
601 4537 894 4600 martyrum
925 4527 1040 4597 ejus
1065 4525 1286 4581 hostiles
1317 4539 1502 4579 manus
1523 4523 1837 4588 evaderetis,

253 4619 550 4694 [XXXIV]
609 4620 868 4674 Romulus
911 4629 967 4673 et
997 4617 1196 4672 Remus
1245 4617 1450 4686 asylum
1499 4613 1838 4668 constitttisze

253 4715 628 4784 perhibentur,
656 4727 760 4781 quo
786 4711 1024 4781 quisquis
1061 4708 1390 4778 confugeret,
1417 4707 1482 4762 ab
1509 4705 1653 4760 omni
1701 4719 1838 4758 noxa

251 4805 392 4861 liber
415 4813 586 4872 esset,
616 4819 812 4872 augere
839 4811 1140 4872 qumrentes
1165 4800 1410 4854 creandze
1451 4795 1836 4852 multitudinem

251 4897 502 4952 civitatis.
545 4893 844 4949 Mirandum
889 4893 942 4947 in
990 4892 1246 4946 honorem
1278 4889 1471 4944 Christi
1515 4887 1786 4958 praeccssit
1821 4891 1838 4919 ⁸

253 4987 582 5057 exemplum.
632 4985 744 5040 lIoe
774 4983 1162 5039 constituerunt
1191 4995 1468 5035 eversores
1494 4979 1671 5045 Urbis,
1700 4977 1838 5048 qund

253 5079 642 5132 constituerant
667 5085 826 5131 antea
851 5075 1170 5130 ccnditores.
1195 5073 1332 5140 Quid
1361 5081 1534 5126 autem
1566 5085 1835 5141 magnum,

257 5171 300 5224 si
331 5169 432 5225 hoc
459 5171 700 5225 fecerunt
727 5169 828 5232 illi,
872 5175 928 5220 ut
955 5167 1146 5220 civium
1174 5179 1391 5220 suorum
1431 5177 1682 5216 muneras
1708 5177 1840 5230 snp-

257 5265 504 5334 pleretur,
531 5263 676 5337 quod
707 5261 958 5316 fecerunt
997 5259 1081 5314 isti
1111 5299 1126 5322 ,
1155 5265 1212 5312 ut
1233 5269 1454 5312 suorum
1482 5252 1711 5309 hostium
1741 5269 1842 5306 nu-

259 5361 490 5415 merosita
502 5377 526 5415 s
554 5363 880 5413 servaretur
893 5351 916 5404 θ

253 5469 464 5530 CAPUT
505 5467 740 5528 XXXV.
773 5495 849 5504 ——
879 5461 954 5516 De
995 5462 1262 5517 latentibus
1291 5461 1419 5514 inter
1453 5460 1634 5528 impios
1666 5459 1842 5512 Eccle-

299 5570 385 5624 siae
411 5569 562 5640 ﬁliis,
597 5573 652 5620 et
683 5561 758 5615 de
792 5553 945 5627 falsis
971 5553 1106 5607 intra
1133 5551 1412 5606 Ecclesium
1459 5549 1764 5604 christianis.

286 5661 412 5720 llaec
435 5670 496 5718 et
539 5657 704 5722 talia,
741 5647 794 5704 si
829 5660 936 5716 qua
965 5643 1180 5699 uberius
1211 5651 1263 5698 et
1293 5641 1626 5698 commodius
1651 5651 1839 5710 potue-

262 5779 278 5812 ι
307 5778 551 5842 ﬁerique
569 5778 700 5824 mss.
731 5771 860 5812 cum
899 5757 1052 5818 Vind,
1079 5753 1320 5820 processit.
1347 5780 1404 5791 —
1427 5755 1500 5804 Sic
1525 5753 1671 5807 etiam
1691 5754 1844 5804 nostri

186 5849 286 5896 IS.
359 5851 422 5894 ll.

1911 463 2000 528 rit,
2031 459 2354 531 respondeat
2381 461 2606 520 inimicis
2635 465 2748 520 suis
2777 465 3050 550 redempja
3075 463 3272 526 fam‘ﬂia
3303 475 3490 529 Domi-

1909 556 1962 610 ni
1991 554 2208 622 Christi,
2229 565 2283 610 ct
2311 557 2588 628 peregrina
2613 559 2798 614 civitas
2817 561 2956 631 regis
2973 561 3190 618 Christi.
3221 563 3434 636 [XXXV
3450 567 3489 641 .]

1911 645 2210 700 Menrinerit
2236 662 2384 714 sane,
2411 648 2464 702 in
2489 649 2616 717 ipsis
2647 650 2876 706 inimicis
2901 651 3068 709 latere
3094 655 3236 710 cives
3261 657 3490 722 futuros,

1912 753 1980 793 ne
2029 737 2414 794 infructuosum
2457 743 2540 795 vel
2593 742 2730 811 apud
2763 745 2907 812 ipsos
2935 755 3084 816 putet
3126 749 3292 818 quod,
3319 750 3496 806 donec

1912 830 2188 898 perveniat
2217 830 2284 884 ad
2315 830 2593 888 confessos
2650 833 2745 904 (α),
2779 845 2954 904 portat
2986 837 3222 894 infensos
3262 841 3398 896 sicut
3429 860 3496 896 ex

1915 921 2127 974 illorum
2181 937 2406 977 numero
2459 925 2619 978 etiam
2677 927 2770 981 Dei
2814 927 2998 983 civitas
3069 929 3227 986 habet
3287 947 3494 998 secum,

1913 1013 2166 1082 quamdiu
2197 1015 2560 1085 peregrinatur
2597 1017 2650 1072 in
2692 1019 2906 1082 mundo,
2935 1037 3208 1078 connexos
3255 1039 3500 1080 comnm-

1917 1105 2078 1160 nione
2101 1105 2599 1176 Sacramentorum,
2633 1125 2732 1164 nec
2775 1126 2955 1166 secum
2985 1113 3188 1170 futuros
3211 1117 3262 1171 in
3289 1129 3496 1174 aeterna

1915 1205 2064 1254 sorte
2092 1207 2432 1268 sanctorum;
2463 1201 2552 1270 qui
2605 1203 2798 1271 partim
2842 1205 2896 1260 in
2944 1207 3174 1276 occulto,
3208 1213 3400 1280 partim
3444 1215 3499 1270 in

1917 1297 2110 1360 aperto
2138 1301 2264 1345 sunt
2289 1309 2302 1354 ;
2333 1293 2422 1362 qui
2471 1294 2630 1348 etiam
2681 1310 2802 1349 cum
2831 1297 2962 1368 ipsis
2989 1299 3215 1356 inimicis
3237 1303 3502 1360 adversus

1917 1379 2086 1434 Deum
2114 1422 2128 1445 ,
2155 1383 2312 1452 cujus
2352 1395 2747 1440 sacramentum
2769 1397 2957 1456 gerunt
2981 1429 2994 1454 ,
3021 1405 3355 1449 murmurare
3394 1413 3502 1452 non

1923 1470 2186 1536 dubitant,
2214 1473 2374 1528 modo
2399 1491 2520 1529 cum
2549 1477 2654 1532 illis
2685 1477 2914 1546 theatra,
2945 1481 3104 1536 modo
3131 1484 3385 1540 ecclesias
3409 1501 3506 1542 no-

1923 1564 2128 1620 hiscum
2159 1567 2448 1636 replentes.
2475 1567 2550 1622 De
2577 1572 2913 1628 correctione
2933 1585 3110 1630 autem
3151 1580 3504 1646 quorumdam

1919 1655 2084 1712 etiam
2115 1657 2304 1711 talium
2331 1657 2500 1712 multo
2539 1660 2714 1714 minus
2736 1673 2820 1717 est
2845 1663 3258 1735 desperandum,
3293 1671 3338 1724 si
3365 1671 3506 1740 apud

1924 1747 2294 1817 apertissimos
2321 1747 2657 1806 adversarios
2683 1751 3048 1822 prmdestinati
3080 1759 3236 1814 amici
3269 1761 3501 1830 latitant,

1923 1837 2104 1893 adhuc
2133 1838 2297 1908 ignoti
2327 1840 2487 1894 etiam
2531 1839 2654 1896 sibi.
2689 1843 2964 1913 Perplexa:
2987 1849 3184 1919 quippe
3229 1861 3356 1906 sum
3385 1854 3504 1908 ista:

1925 1931 2046 1986 dure
2072 1932 2320 1989 civitates
2359 1933 2412 1990 in
2457 1935 2558 1991 hoc
2585 1937 2802 2004 saaculo,
2829 1939 3164 2011 invicemque
3186 1945 3464 2013 permixte
3489 1989 3508 2013 ,

1927 2023 2100 2080 donec
2129 2025 2314 2081 ultimo
2335 2025 2538 2096 judicio
2565 2028 2884 2085 dirimantur
2911 2050 2923 2084 :
2963 2031 3030 2088 de
3067 2049 3292 2104 quarum
3319 2047 3508 2094 exortu

1923 2123 1986 2170 et
2019 2131 2276 2185 procursu
2301 2129 2354 2172 et
2383 2117 2578 2174 debitis
2617 2119 2834 2180 linilms,
2873 2123 3017 2191 quod
3063 2123 3350 2182 dicendum
3375 2129 3514 2184 arbi-

1931 2215 2060 2273 tror,
2111 2218 2366 2279 quantum
2427 2209 2677 2264 divinitus
2721 2213 3029 2282 atljuv-abor,
3060 2218 3360 2286 expediam,
3397 2236 3515 2290 pro-

1930 2307 2048 2368 pter
2075 2299 2297 2369 gloriam
2325 2301 2554 2356 civitatis
2587 2303 2715 2368 Dei,
2745 2319 2864 2374 qua:
2891 2306 3079 2362 alienis
3119 2309 3136 2340 ⁸
3173 2323 3202 2362 a
3243 2313 3514 2368 contrario

1929 2391 2252 2461 comparatis
2277 2393 2472 2448 clarius
2491 2394 2766 2450 eminebit.

1930 2567 2156 2624 CAPUT
2195 2568 2436 2626 XXXVI.
2459 2599 2530 2610 ——
2553 2569 2630 2624 De
2653 2571 2828 2642 quibus
2854 2573 3018 2627 causis
3040 2575 3263 2644 sequenti
3279 2575 3514 2648 disputa-

2419 2659 2554 2714 tione
2577 2663 2640 2714 sit
2671 2663 3038 2716 disserendum.

2005 2815 2112 2870 Sed
2159 2814 2334 2870 adlmc
2381 2815 2619 2885 qttmdatn
2653 2816 2781 2870 mihi
2829 2817 3052 2874 dicenda
3102 2829 3226 2876 sunt
3255 2821 3516 2879 adversus

1935 2921 2048 2972 eos,
2079 2909 2171 2978 qui
2201 2905 2454 2962 Romamn
2481 2909 2787 2978 reipublicae
2811 2909 2988 2965 clades
3009 2911 3059 2965 in
3092 2912 3403 2984 religionem
3423 2931 3519 2970 no-

1936 3009 2102 3054 SIram
2161 2997 2432 3062 referunt,
2479 3014 2582 3068 qua
2639 2999 2742 3054 diis
2789 3002 2900 3055 suis
2961 3003 3266 3060 sacriﬁcare
3334 3005 3516 3076 prohi-

1937 3090 2150 3146 bentur.
2181 3090 2656 3144 Commemoranda
2690 3093 2832 3147 enim
2877 3101 3002 3148 sunt
3055 3109 3176 3164 qua:
3225 3105 3281 3152 et
3323 3107 3520 3168 quanta

1939 3197 2222 3238 occurrere
2245 3184 2534 3252 potuerint,
2566 3185 2646 3239 vel
2687 3186 2814 3240 satis
2854 3201 2974 3242 esse
2999 3188 3339 3258 videbuntur,
3383 3193 3521 3248 mala

1939 3289 2057 3343 qua:
2089 3273 2174 3327 illa
2204 3275 2392 3328 civitas
2427 3275 2662 3344 pertulit,
2699 3277 2782 3332 vel
2808 3277 2872 3330 ad
2905 3279 3022 3347 ejus
3069 3279 3350 3348 imperium
3399 3297 3522 3351 per—

1941 3365 2170 3434 tinentes
2201 3365 2510 3434 provincia},
2531 3377 2816 3436 antequam
2843 3383 3029 3423 eorum
3055 3370 3312 3426 sacriﬁcia
3335 3373 3516 3442 prohi-

1941 3457 2048 3512 bita
2077 3455 2304 3511 fuissent
2335 3474 2346 3510 :
2381 3472 2501 3526 qua:
2530 3461 2707 3512 omnia
2737 3459 2920 3528 procul
2947 3460 3108 3515 dubio
3139 3462 3294 3517 nobis
3325 3465 3522 3521 tribue-

1943 3557 2082 3612 rent,
2112 3547 2154 3600 si
2179 3548 2288 3616 jam
2321 3547 2404 3601 vel
2445 3548 2546 3602 illis
2587 3549 2818 3604 clareret
2853 3558 3034 3604 nostra
3066 3552 3254 3622 religio
3276 3595 3291 3620 ,
3314 3555 3400 3610 vel
3439 3557 3512 3610 ita

1941 3651 2036 3692 eos
2063 3651 2091 3690 a
2123 3637 2294 3692 sacris
2321 3637 2597 3708 sacrilegis
2623 3637 2954 3706 prohiberet.
2991 3640 3190 3694 Deinde
3219 3653 3522 3698 monstran-

1941 3732 2066 3786 dum
2093 3740 2204 3798 est,
2235 3746 2370 3801 quos
2399 3747 2584 3786 eorum
2619 3747 2817 3797 mores,
2846 3741 2899 3786 et
2920 3747 3076 3803 quam
3106 3734 3175 3788 ob
3195 3750 3408 3792 causam
3433 3755 3520 3794 vc-

1941 3839 2033 3879 rus
2062 3824 2206 3878 Deus
2245 3823 2312 3878 ad
2348 3821 2649 3893 augendum
2681 3824 2961 3894 imperium
2991 3825 3246 3895 adjuvare
3277 3829 3524 3900 dignatus

1941 3927 2043 3983 est,
2073 3918 2124 3972 in
2159 3917 2312 3988 enjus
2339 3925 2600 3986 potestate
2629 3927 2752 3972 sunt
2797 3935 2958 3989 regna
2993 3923 3208 3989 omnia;
3257 3939 3524 3998 quamque

1943 4010 2072 4063 nihil
2103 4023 2195 4064 eos
2225 4009 2524 4079 adjuverint
2551 4010 2636 4076 hi,
2676 4023 2812 4079 quos
2841 4010 2973 4066 deos
3011 4021 3199 4081 putant
3219 4054 3234 4080 ,
3264 4016 3390 4086 quin
3423 4033 3523 4086 po-

1943 4102 2048 4156 tius
2095 4111 2348 4172 qnantnm
2376 4100 2692 4170 decipiendo
2743 4109 2798 4156 et
2833 4101 3067 4158 fallendo
3095 4108 3394 4162 nocuerint.
3421 4109 3526 4162 Po-

1941 4203 2142 4249 stremo
2169 4190 2424 4246 adversus
2453 4205 2546 4246 eos
2575 4190 2801 4259 dicetur,
2834 4195 2924 4264 qui
2951 4193 3400 4254 manifestissimis
3428 4200 3526 4254 do-

1941 4285 2204 4340 cumentis
2230 4283 2484 4338 confutati
2509 4291 2668 4352 atque
2702 4285 2929 4340 convicti
2973 4295 3236 4344 conantur
3255 4305 3522 4360 asserere,

1943 4395 2046 4436 non
2078 4391 2290 4449 propter
2333 4379 2455 4434 vita:
2491 4379 2772 4449 prmsentis
2807 4380 3092 4436 utilitatem
3118 4419 3132 4445 ,
3165 4383 3260 4438 sed
3291 4395 3516 4454 propter

1941 4488 2060 4528 eam
2086 4513 2100 4536 ,
2129 4487 2247 4542 qua:
2294 4479 2414 4542 post
2458 4480 2686 4526 mortem
2737 4471 2908 4526 futura
2941 4481 3042 4538 est,
3071 4473 3327 4530 colendos
3369 4475 3524 4532 deos.

1943 4567 2073 4633 Qua:
2099 4606 2116 4631 ,
2171 4565 2268 4618 nisi
2329 4563 2502 4629 fallor,
2532 4563 2757 4634 quaestio
2799 4563 2964 4617 multo
2995 4565 3096 4618 erit
3133 4567 3429 4635 operosior,
3473 4577 3528 4624 et

1944 4657 2258 4712 sublimiore
2282 4657 2302 4685 ²
2329 4654 2696 4721 dismtlatione
2733 4652 2941 4723 dignior
2965 4669 2980 4718 ;
3013 4662 3069 4706 ut
3101 4663 3158 4710 et
3183 4665 3370 4711 contra
3399 4658 3522 4726 phi-

1944 4747 2196 4814 losophos
2223 4746 2278 4800 in
2324 4761 2386 4798 ea
2415 4743 2744 4810 disseratur,
2803 4757 2908 4797 non
2941 4745 3246 4814 quoslibet,
3291 4747 3386 4802 sed
3431 4749 3524 4818 qui

1945 4835 2084 4907 apud
2115 4835 2231 4890 illos
2261 4833 2704 4890 excellentissima
2735 4833 2899 4904 gloria
2916 4831 3046 4888 clari
3076 4843 3230 4902 sunt,
3260 4843 3311 4891 et
3343 4837 3522 4891 nobis-

1943 4946 2064 4986 cum
2113 4929 2278 4984 multa
2344 4926 2616 4988 sentiunt,
2669 4925 2872 4980 scilicet
2937 4924 3004 4980 de
3055 4927 3244 4980 anima:
3299 4926 3528 4982 immor-

1945 5023 2145 5076 talitate
2180 5061 2196 5086 ,
2233 5029 2286 5074 et
2321 5017 2459 5088 quod
2513 5032 2671 5072 verus
2713 5017 2854 5072 Dens
2891 5015 3146 5070 mundum
3187 5015 3521 5084 condiderit,

1944 5122 1999 5168 et
2046 5111 2112 5166 de
2153 5108 2485 5180 providentia
2536 5109 2672 5176 ejus,
2714 5121 2818 5184 qua
2862 5107 3187 5173 universum,
3219 5108 3360 5176 quod
3390 5123 3523 5164 con-

2009 5355 2028 5384 ι
2065 5359 2168 5400 uss.
2197 5362 2291 5398 non
2315 5348 2482 5411 pauci,
2507 5343 2722 5396 alternis.

2007 5417 2029 5446 ²
2065 5411 2198 5462 Vind.
2219 5401 2386 5459 Amfet
2537 5421 2708 5470 magno
2730 5416 2986 5470 consensu,
3007 5401 3267 5470 subtiliore.
3293 5411 3386 5464 En,
3411 5406 3520 5457 sab-

1941 5475 2035 5528 tilt’.
2051 5501 2112 5514 —-
2127 5481 2270 5523 Juxta
2289 5472 2402 5521 cdd.
2427 5465 2904 5531 nostros'legendum
2929 5473 3020 5524 est,
3039 5465 3303 5517 subtiliore.
3369 5475 3424 5516 at.

2010 5561 2082 5625 (α)
2113 5557 2396 5625 Confessus,
2445 5567 2540 5625 non
2577 5551 3152 5625 declarationemltima,
3192 5563 3302 5622 cupi
3339 5559 3522 5622 aperte

1949 5609 2094 5676 erunt
2115 5609 2424 5670 conscientia:
2447 5617 2496 5664 in
2519 5616 2677 5664 futura
2709 5615 2828 5676 vita,
2857 5621 2912 5663 ut
2929 5613 3188 5676 Ludovicus
3211 5609 3350 5676 Vives
3372 5609 3525 5676 inter-

1949 5674 2198 5750 pretatur;
2220 5681 2308 5750 sed
2349 5681 2650 5750 prolessipuc
2681 5675 2952 5750 christiana!
2975 5674 3114 5750 fidei,
3155 5687 3264 5750 qua:
3294 5675 3355 5721 ab
3395 5675 3450 5750 iis
3475 5675 3523 5750 in

1948 5734 2044 5800 vita
2077 5734 2310 5807 praesenti
2349 5734 2452 5789 iieri
2489 5739 2666 5799 debet,
2701 5745 2754 5787 ut
2790 5737 2848 5785 ad
2887 5737 3056 5788 Christi
3093 5734 3317 5784 familiam
3352 5734 3524 5784 admit-
