4038 6558
512 361 575 418 4η
1597 369 1682 425 DE
1724 368 2039 426 CIVITATE
2082 369 2214 439 DEI,
2256 372 2313 439 S,
2356 369 2719 434 AUGUSTINI
3720 380 3791 445 l8

512 476 663 538 didit,
714 477 866 547 regit.
898 478 1274 553 Sedﬂnoniam
1304 488 1357 534 et
1381 479 1480 550 ipsi
1511 481 1562 535 in
1603 482 1710 538 illis
1748 498 1866 553 quze
1921 490 2104 538 contra

511 584 607 623 nos
652 571 924 638 sentiunt,
975 572 1251 627 refellendi
1295 579 1453 638 sunt;
1520 571 1711 629 deesse
1759 573 1885 628 huic
1923 573 2101 629 oilicio

516 676 620 714 non
660 660 955 716 debemus:
991 674 1047 716 ut
1075 663 1318 718 refutatis
1362 662 1537 735 impiis
1586 665 2097 720 contradictionibus

514 770 612 823 pro
642 754 862 819 vii-ibus,
908 770 1038 825 quas
1081 756 1223 810 Deus
1275 755 1572 826 imper-lict,
1629 770 1933 811 asseramus
1971 758 2098 811 civi-

2211 495 2371 541 tatem
2397 486 2491 543 Dei
2516 530 2531 554 ,
2560 504 2848 560 veramque
2893 488 3142 561 pietatem
3168 533 3184 558 ,
3230 500 3293 547 et
3320 492 3413 549 Dei
3444 495 3644 551 cultum
3664 541 3679 567 ,
3733 502 3788 556 in

2207 591 2312 646 quo
2338 594 2442 633 uno
2480 582 2741 637 veraciter
2778 584 3100 652 sempiterna
3132 585 3409 642 beatitudo
3434 592 3782 658 promittitur.

2201 668 2297 723 Hic
2327 671 2504 740 itaque
2542 673 2732 728 modus
2770 675 2837 728 sit
2885 674 3044 745 hujus
3074 677 3393 748 voluminis,
3446 690 3505 736 ut
3530 682 3790 756 deinceps

2200 759 2455 829 disposita
2483 761 2553 817 ab
2579 762 2685 818 alio
2704 778 2982 819 sumamus
2997 765 3238 822 exordio.

506 906 3782 939 _____..________._._.____..__._______.________________________

1455 1024 1930 1134 LIBER
2033 1026 2859 1138 SECUNDUS.

500 1233 553 1276 ln
576 1227 1269 1307 quodisputationeinstituta
1291 1231 1354 1282 de
1376 1230 1789 1307 malisquasaute
1802 1232 2287 1307 christumtvi'gente
2309 1233 2513 1307 deorum
2536 1234 2765 1307 falsorum
2787 1237 2941 1307 cultu,
2967 1243 3187 1307 perpessi
3210 1250 3324 1293 sunt
3345 1251 3551 1307 Romam,
3571 1246 3773 1297 demon-

554 1293 965 1365 stratnuiri‘uium
990 1304 1289 1365 eos_moru_m
1323 1293 1474 1365 malis_
1487 1301 1539 1365 et
1555 1292 1706 1343 animi
1729 1295 1877 1352 vitiis,
1900 1305 2010 1356 quae
2045 1292 2171 1343 mala
2192 1292 2272 1344 vel
2296 1295 2399 1346 sola
2420 1297 2519 1347 vel
2543 1301 2752 1350 maxima
2772 1292 3208 1365 deputanda'sunt,

553 1352 685 1401 tibus
705 1351 800 1401 diis
821 1351 970 1414 falsis,
993 1354 1176 1403 nedum
1200 1353 1432 1406 liberatos
1451 1353 1623 1406 fuisse.
1640 1393 1658 1409 .

3422 1313 3499 1358 tos
3518 1321 3761 1371 procurati

1950 1499 2317 1557 ὀ-θεθωᾶῧθ·

493 1638 717 1696 CAPUT
753 1638 1036 1696 PRIMUM.
1070 1669 1141 1679 —
1167 1638 1245 1695 De
1273 1641 1445 1707 modo,
1471 1641 1560 1710 qui
1584 1640 1870 1697 necessitati
1891 1641 2075 1712 dispu-

951 1734 1156 1788 tationis
1183 1732 1498 1788 adhibendus
1522 1742 1618 1790 est.

562 1844 618 1899 Si
667 1843 862 1900 rationi
900 1844 1205 1914 .perSpieua:
1256 1843 1502 1899 veritatis
1549 1844 1797 1900 infirmus
1826 1844 2075 1899 humana:

493 1933 898 1990 consuetudinis
935 1948 1126 1989 sensus
1156 1949 1264 1989 non
1293 1935 1517 1990 auderet
1542 1934 1824 2002 obsistere,
1853 1934 1947 1990 sed
1976 1934 2077 1989 de-

487 2026 675 2080 ctrinas
703 2024 904 2079 salubri
954 2024 1263 2095 languorem
1299 2039 1455 2080 suum
1502 2034 1754 2096 tanquam
1792 2023 2075 2080 medicinas

487 2113 762 2181 subderet,
802 2114 974 2171 donec
1003 2114 1185 2170 divino
1226 2113 1490 2185 adiutorio
1525 2113 1630 2170 ﬁde
1659 2113 1873 2186 pietatis
1898 2113 2073 2184 impe-

485 2215 660 2263 trante
685 2215 1005 2274 sanaretur;
1035 2222 1142 2262 non
1172 2206 1342 2261 multo
1386 2221 1637 2262 sermone
1665 2220 1807 2285 opus
1830 2212 1976 2263 esset
2003 2205 2072 2260 ad

484 2296 909 2353 convincendum
935 2296 1230 2368 quemlibet
1249 2311 1400 2352 vanae
1421 2296 1744 2367 opinationis
1766 2296 1783 2327 ι
1806 2309 2068 2359 errorem,

486 2390 570 2445 his
600 2390 687 2460 qui
718 2398 865 2445 recte
892 2390 1153 2457 sentiunt,
1194 2398 1248 2444 et
1274 2404 1431 2445 sensa
1465 2388 1643 2445 verbis
1679 2387 2070 2444 sufﬁcientibus

488 2481 776 2550 exlilicant.
818 2480 971 2536 Nunc
1002 2496 1129 2536 vero
1152 2481 1402 2552 quoniam
1448 2480 1537 2537 ille
1565 2490 1649 2536 est
1677 2481 1849 2552 major
1892 2488 1949 2537 et
1991 2490 2070 2537 te-

480 2570 615 2626 trior
638 2573 657 2602 ²
691 2571 1059 2642 insipientium
1108 2571 1328 2627 morbus
1367 2572 1668 2627 animorum
1695 2614 1711 2640 ,
1750 2587 1857 2643 quo
1881 2572 2068 2627 irratio

479 2666 686 2721 nabiles
716 2674 892 2721 motus
927 2681 1074 2732 suos,
1106 2666 1266 2721 etiam
1291 2673 1412 2737 post
1444 2667 1706 2722 rationem
1737 2666 1894 2737 plene
1943 2665 2067 2721 red-

476 2756 671 2823 ditam,
704 2766 902 2828 quanta
934 2756 1137 2811 homini
1163 2756 1231 2811 ab
1250 2757 1467 2812 homine
1492 2756 1737 2825 debetur,
1760 2757 1873 2813 sive
1900 2756 2063 2811 nimia

478 2848 721 2904 excitate
741 2887 756 2914 ,
788 2862 891 2919 qua
924 2862 1024 2902 uec
1049 2856 1234 2918 aperta
1266 2855 1582 2914 cernuntur,
1613 2847 1726 2903 sive
1750 2846 2063 2902 obstinatis-

480 2939 617 2994 sima
651 2937 979 3008 pervicacia,
999 2952 1099 3009 qua
1153 2944 1207 2992 et
1231 2951 1293 2993 ea
1324 2952 1446 3008 qua:
1474 2946 1767 2993 cernuntur
1792 2979 1807 3005 ,
1838 2952 1947 2991 non
1984 2933 2063 2991 fe-

474 3038 686 3096 runtur,
716 3039 968 3101 tanquam
1014 3030 1186 3100 ipsam
1225 3030 1488 3085 rationem
1530 3029 1923 3099 veritatemque
1961 3028 2059 3083 de-

474 3121 699 3178 fendunt
728 3138 742 3174 :
777 3120 834 3175 fit
879 3121 1171 3177 necessitas
1205 3120 1477 3192 copiosius
1503 3119 1713 3175 dicendi
1742 3120 2059 3191 plerumque

474 3228 561 3269 res
589 3212 783 3278 claras,
813 3211 960 3267 velut
982 3225 1074 3266 eas
1103 3226 1209 3267 non
1238 3211 1604 3282 spectantibus
1625 3210 1930 3277 intuendus,
1962 3209 2058 3265 sed

471 3302 868 3376 quodammodo
925 3302 1218 3374 tangendas
1257 3303 1598 3375 palpantibus
1629 3313 1684 3360 et
1720 3303 2060 3360 conniventi-'-

471 3399 570 3453 bus
598 3395 906 3452 offeramus.
938 3395 1003 3450 Et
1050 3404 1227 3450 tamen
1269 3396 1390 3466 quis
1418 3395 1750 3467 disceptandi
1787 3395 1909 3451 linis
1955 3394 2056 3451 erit

470 3498 525 3549 et
553 3488 807 3559 loquendi
849 3486 1072 3555 modus,
1105 3488 1147 3541 si
1179 3472 1613 3558 respondendum
1657 3503 1778 3545 esse
1832 3503 2056 3559 respon-

469 3579 718 3635 dentibus
761 3593 976 3648 semper
1028 3578 1441 3635 existimemus?
1487 3577 1621 3634 Nam
1674 3580 1765 3650 qui
1814 3581 1895 3635 vel
1944 3594 2051 3635 non

468 3677 694 3741 possunt
723 3668 1021 3739 intelligere
1056 3668 1198 3739 quod
1228 3668 1426 3725 dicitur
1447 3709 1465 3737 ,
1509 3669 1597 3725 vel
1634 3679 1743 3726 tam
1771 3671 1889 3726 duri
1928 3681 2053 3727 sunt

467 3760 789 3816 adversitate
813 3760 1024 3825 mentis,
1052 3767 1127 3827 ut,
1152 3760 1362 3815 etiamsi
1384 3760 1768 3829 intellexerint,
1789 3778 1897 3818 non
1923 3764 2053 3819 obe-

469 3853 617 3908 diant
641 3870 654 3919 ;
687 3854 1034 3923 respondent,
1059 3863 1120 3909 ut
1136 3855 1391 3925 scriptum
1420 3863 1525 3923 est,
1555 3864 1610 3912 et
1634 3856 1923 3927 loquuntur
1951 3859 2052 3911 ini—

463 3945 720 4014 quitatem
751 3943 933 4017 (Psat.
988 3950 1137 4011 XCIII,
1164 3946 1223 4016 4)
1248 3986 1263 4012 ,
1294 3954 1453 4016 atque
1495 3945 1894 4018 infatigabiliter
1931 3950 2049 4003 vani

468 4048 613 4095 sunt.
640 4037 876 4106 Quorum
894 4035 1046 4093 dicta
1085 4038 1351 4094 contraria
1380 4038 1423 4093 si
1451 4021 1609 4095 toties
1641 4040 1869 4097 velimus
1892 4041 2052 4097 refel-

471 4130 607 4196 lere,
636 4128 848 4199 quoties
875 4128 1069 4183 obnixa
1114 4126 1295 4184 fronte
1338 4130 1621 4184 statuerint
1668 4146 1774 4187 non
1812 4146 2002 4187 curare
2028 4131 2049 4163 ³

468 4220 593 4290 quid
617 4220 818 4286 dicant,
861 4219 991 4274 dum
1015 4234 1353 4290 quocumque
1390 4221 1551 4275 modo
1578 4223 1773 4278 nostris
1812 4222 2052 4294 disputa-

466 4311 714 4366 tionibus
732 4310 1140 4378 contradicant;
1164 4327 1324 4382 quam
1346 4312 1416 4368 sit
1450 4312 1740 4381 inﬁnitum,
1769 4323 1826 4371 et
1854 4330 2050 4371 (crum-

467 4417 683 4469 nosum,
714 4412 768 4458 et
797 4400 1212 4483 infructuosum,
1240 4403 1414 4459 vides.
1463 4404 1821 4473 Quamobrem
1853 4422 1952 4463 nec
1997 4416 2050 4464 te

444 4494 662 4565 ipsum,
693 4493 767 4550 mi
791 4493 866 4549 fili
890 4493 1221 4560 Marcelline,
1254 4510 1354 4551 nec
1374 4496 1531 4564 alios,
1562 4498 1756 4568 quibus
1782 4498 1869 4554 hic
1898 4500 2050 4555 labor

469 4596 652 4641 noster
678 4585 732 4640 in
757 4584 961 4642 Christi
989 4585 1256 4642 charitate
1283 4587 1486 4643 utiliter
1519 4603 1582 4643 ac
1619 4589 1914 4645 liberaliter
1935 4605 2050 4646 ser-

469 4680 567 4747 vit,
616 4679 750 4734 tales
794 4692 1040 4734 meorum
1086 4679 1410 4749 scriptorum
1462 4680 1625 4735 velim
1673 4680 1880 4750 iudices
1907 4724 1923 4750 ,
1956 4682 2048 4753 qui

470 4771 886 4842 responsionem
916 4785 1132 4841 semper
1160 4771 1505 4840 desiderent,
1542 4788 1663 4827 cum
1692 4773 1774 4828 his
1810 4790 1931 4844 quae
1969 4776 2046 4831 le-

461 4871 684 4934 guntur,
718 4860 1208 4932 audierintaliquid
1235 4865 1567 4932 contradici;
1599 4880 1665 4921 ne
1692 4867 1820 4919 fiant
1848 4866 2050 4923 similes

464 4967 654 5009 earum
695 4953 1169 5022 muliercularum,
1215 4969 1350 5025 quas
1401 4966 1789 5014 commemorat
1814 4958 2049 5029 Aposto-

462 5042 569 5109 lus,
593 5058 789 5115 semper
811 5043 1080 5112 discentes,
1106 5054 1153 5098 et
1172 5046 1241 5100 ad
1260 5047 1481 5103 veritatis
1504 5049 1767 5104 scientiam
1790 5066 2049 5122 nunquam

464 5134 806 5203 pervenientes
837 5133 905 5208 (II
929 5134 1061 5190 Tim.
1093 5150 1170 5205 nt,
1198 5136 1277 5209 7).

499 5241 728 5303 CAPUT
766 5245 831 5303 ll.
859 5278 933 5291 —-
950 5247 1029 5306 De
1054 5248 1132 5304 his
1167 5264 1280 5320 qua:
1302 5250 1467 5320 primo
1499 5251 1755 5309 volumine
1779 5255 2013 5326 expedita

1196 5350 1331 5396 sunt.

538 5448 832 5521 Superiore
860 5448 1039 5521 itaque
1064 5451 1221 5519 libro,
1253 5469 1375 5509 cum
1418 5454 1486 5511 de
1509 5455 1721 5513 civitate
1751 5455 1847 5513 Dei
1872 5456 2051 5513 dicere

464 5604 655 5715 τῶσεικ
678 5601 977 5712 gt‘nonnulli
999 5605 1330 5669 manuscripti,
1622 5632 1684 5645 —-
1704 5609 1777 5659 Sic
1798 5611 1944 5660 etiam
1966 5618 2048 5664 Ms.

531 5700 804 5787 iamiam
821 5732 948 5787 uss,
970 5726 1203 5780 deterior.

531 5787 554 5820 ⁸
569 5794 777 5838 veteres
794 5785 921 5845 libri.
935 5785 1036 5841 non
1059 5789 1288 5850 cogitare.
1306 5819 1365 5830 —
1378 5794 1449 5845 sic
1473 5794 1623 5847 etiam
1644 5798 1724 5846 Ms.
1752 5792 1861 5847 766.
1928 5800 1987 5845 tt.

2185 1645 2534 1704 instituissem
2562 1691 2574 1715 ,
2634 1652 2776 1709 unde
2806 1653 2907 1709 hoc.
2936 1656 3246 1713 universum
3293 1672 3452 1729 opus,
3492 1659 3587 1715 illo
3615 1660 3774 1730 adju-

2184 1748 2363 1806 vaute,
2392 1741 2443 1795 in
2471 1757 2662 1799 manus
2681 1755 2953 1816 sumptum
2982 1756 3102 1816 est;
3129 1751 3364 1805 occurrit
3388 1751 3515 1805 mihi
3547 1766 3743 1821 reSpon

2181 1829 2415 1886 dendum
2443 1834 2459 1865 ¹
2490 1848 2611 1890 esse
2662 1837 2906 1906 primitus
2954 1840 3034 1894 eis
3079 1841 3167 1910 qui
3215 1841 3331 1897 brec
3383 1842 3542 1908 bella,
3573 1843 3772 1914 quibus

2182 1923 2413 1980 mundus
2441 1925 2540 1979 iste
2578 1930 2895 1995 conteritur,
2944 1933 3284 2002 maximeque
3314 1933 3569 1989 Romana:
3615 1935 3773 1992 urbis

2181 2023 2451 2071 recentem
2503 2032 2533 2071 a
2591 2019 2839 2077 Barbaris
2882 2025 3234 2080 vastationem
3277 2025 3582 2082 christiana:
3633 2030 3769 2083 reli-

2177 2104 2324 2174 gioni
2356 2106 2634 2175 tribuunt,
2666 2125 2768 2179 qua
2817 2112 3172 2181 prohibentur
3203 2115 3450 2172 nefandis
3485 2119 3766 2174 sacriﬁciis

2177 2199 2378 2253 servire
2406 2198 2738 2257 daemonibus
2767 2220 2782 2257 :
2815 2219 2934 2259 eum
2962 2207 3138 2277 petius
3159 2207 3261 2263 hoc
3285 2208 3541 2265 deberent
3563 2211 3767 2267 tribue-

2178 2304 2238 2345 re
2265 2289 2504 2359 Christo,
2535 2294 2675 2364 quod
2704 2306 2920 2367 propter
2940 2295 3057 2368 ejus
3083 2314 3303 2366 nomen,
3335 2310 3519 2357 contra
3552 2302 3767 2357 institu-

2186 2388 2297 2436 tum
2326 2397 2639 2455 moremque
2662 2386 2945 2454 bellorum,
2968 2388 3071 2456 eis,
3099 2404 3205 2459 quo
3230 2390 3596 2461 confugerent,
3626 2392 3763 2448 reli-

2172 2474 2320 2546 giosa
2348 2485 2402 2532 et
2427 2479 2757 2547 amplissima
2785 2479 2900 2536 loca
2933 2480 3151 2536 Barbari
3174 2483 3342 2538 libera
3374 2484 3754 2553 prtebuerunt;

2172 2575 2331 2638 atque
2360 2569 2413 2623 in
2444 2570 2624 2626 multis
2645 2571 2952 2627 famulatum
2983 2572 3219 2629 deditum
3245 2576 3266 2605 ’
3296 2575 3512 2631 Christo
3532 2591 3637 2631 non
3668 2592 3763 2632 so-

2172 2657 2280 2711 lum
2313 2674 2516 2726 verum,
2545 2661 2640 2716 sed
2667 2663 2829 2717 etiam
2864 2665 3056 2720 timore
3082 2666 3367 2722 conlictnm
3396 2668 3475 2723 sic
3520 2668 3759 2723 honora-

2174 2758 2380 2813 verunt,
2410 2750 2633 2821 utquod
2678 2753 2732 2807 in
2760 2768 2854 2808 eos
2908 2755 3032 2809 belli
3058 2756 3177 2825 jure
3202 2756 3317 2811 fieri
3343 2758 3613 2827 licuisset,
3646 2760 3757 2815 illi-

2169 2842 2331 2897 citum
2359 2843 2459 2898 sibi
2488 2859 2608 2900 esse
2640 2845 2961 2915 iudicarent.
2985 2848 3113 2904 inde
3139 2849 3322 2905 incidit
3345 2853 3570 2921 quaestio
3591 2892 3607 2919 ,
3650 2867 3756 2907 cur

2166 2930 2282 2988 haec
2309 2933 2484 2989 divina
2533 2935 2793 2992 beneficia
2842 2940 3003 2993 etiam
3049 2940 3115 2994 ad
3168 2942 3359 3011 impios
3402 2943 3756 3014 ingratasque

2167 3026 2538 3095 pervenerint;
2570 3036 2624 3082 et
2667 3043 2763 3085 cur
2792 3030 2880 3085 illa
2912 3031 3094 3086 itidem
3125 3031 3281 3096 dura,
3325 3049 3444 3103 qua:
3471 3033 3744 3090 hostiliter

2165 3116 2304 3172 facta
2324 3129 2471 3185 sunt,
2510 3120 2626 3189 pios
2652 3135 2772 3176 cum
2802 3123 2979 3192 impiis
3009 3124 3207 3191 pariter
3229 3124 3532 3180 afﬂixerint.
3574 3126 3753 3195 Quam

2164 3209 2514 3277 quaestionem
2565 3225 2661 3280 per
2696 3212 2859 3266 multa
2907 3212 3153 3268 diffusam
3184 3214 3276 3283 (in
3307 3216 3556 3270 omnibus
3599 3218 3747 3271 enim

2161 3303 2481 3373 quotidianis
2496 3304 2593 3371 vel
2615 3305 2704 3360 Dei
2727 3306 3036 3362 muneribus
3064 3307 3153 3362 vel
3180 3306 3455 3363 hominum
3480 3308 3749 3377 cladibus,

2160 3407 2386 3462 quorum
2416 3402 2640 3463 utraque
2684 3394 2822 3451 bene
2850 3410 2914 3450 ac
2959 3397 3100 3451 male
3129 3397 3430 3454 viventibus
3474 3400 3740 3468 permixte

2158 3491 2317 3552 atque
2342 3483 2627 3539 indiscrete
2652 3500 2796 3556 smpe
2824 3488 3109 3557 accidunt,
3153 3490 3335 3544 solet'
3378 3491 3576 3546 multos
3620 3506 3749 3547 mo.-

2160 3572 2324 3643 vere)
2372 3582 2433 3628 ut
2480 3589 2578 3644 pro
2620 3577 2856 3647 suscepti
2906 3579 3083 3647 operis
3124 3582 3443 3637 necessitate
3475 3580 3748 3637 dissolve-

2156 3682 2293 3733 rem,
2321 3666 2647 3737 aliquantum
2671 3669 2985 3724 immoratus
3014 3685 3130 3726 sum
3154 3686 3170 3737 ;
3202 3672 3431 3727 maxime
3453 3672 3520 3726 ad
3549 3686 3750 3729 conso-

2156 3759 2343 3814 landas
2372 3769 2586 3816 sanctas
2624 3760 2853 3817 feminas
2898 3771 2950 3817 et
3001 3764 3087 3832 pie
3115 3771 3292 3818 castas
3317 3805 3332 3829 ,
3363 3762 3417 3817 in
3447 3764 3640 3834 quibus
3673 3765 3750 3822 ab

2155 3849 2312 3905 hoste
2345 3850 2545 3920 aliquid
2574 3862 2932 3921 perpetratum
2959 3861 3062 3918 est,
3102 3852 3243 3923 quod
3273 3853 3454 3908 intulit
3480 3868 3752 3910 verecun-

2157 3941 2258 3996 dia:
2287 3941 2550 4008 dolorem,
2575 3944 2676 3998 etsi
2722 3959 2829 3997 non
2856 3943 3077 3998 abstulit
3101 3944 3368 4014 pudicitia:
3399 3945 3700 4001 firmitatem
3724 3964 3742 4012 ;

2155 4047 2223 4088 ne
2246 4034 2499 4102 poeniteat
2526 4049 2619 4090 eas
2644 4036 2786 4101 vitae,
2817 4049 2953 4105 quas
2979 4033 3002 4065 ⁸
3030 4050 3138 4090 non
3159 4044 3243 4091 est
3263 4035 3404 4091 unde
3440 4037 3606 4105 possit
3628 4052 3751 4105 per-

2154 4125 2329 4180 nitere
2356 4124 2626 4195 nequitiae.
2656 4125 2860 4181 Deinde
2890 4141 3054 4195 pauca
3101 4125 3211 4181 disi
3258 4126 3310 4180 in
3340 4141 3434 4182 eos
3463 4127 3550 4197 qui
3581 4127 3743 4182 Chri-

2156 4218 2361 4273 stianos
2388 4217 2630 4272 adversis
2667 4218 2770 4272 illis
2796 4218 2958 4273 rebus
3005 4217 3243 4282 affectos,
3272 4226 3326 4272 et
3351 4220 3614 4288 prmeipue
3641 4235 3746 4289 pu-

2153 4307 2338 4365 dorem
2371 4308 2765 4364 humiliatarum
2818 4310 3154 4375 feminarum,
3200 4310 3442 4379 quamvis
3469 4320 3746 4366 castarum

2152 4413 2313 4473 atque
2350 4411 2652 4459 sanctarum
2676 4443 2692 4468 ,
2735 4404 3080 4474 protervitate
3128 4403 3589 4473 impudentissima
3613 4420 3748 4459 exa-

2151 4496 2343 4567 gitant,
2368 4510 2489 4552 eum
2510 4497 2619 4552 sint
2644 4498 2954 4569 nequissimi
2979 4506 3033 4553 et
3061 4498 3550 4562 irreverentissimi,
3582 4498 3747 4568 longe

2153 4587 2220 4643 ab
2254 4588 2333 4643 eis
2359 4587 2489 4658 ipsis
2535 4589 2790 4644 Romanis
2824 4589 3156 4658 degeneres,
3202 4603 3428 4659 quorum
3476 4588 3740 4657 pi-znclara

2153 4680 2328 4735 multa
2358 4679 2643 4735 laudantur
2670 4688 2723 4734 et
2749 4679 3045 4735 litterarum
3073 4679 3330 4735 memoria
3372 4679 3742 4746 celebrantur,

2152 4773 2263 4829 imo
2308 4773 2520 4828 illorum
2578 4772 2769 4842 gloria:
2819 4770 3166 4827 vehementer
3214 4770 3448 4825 adversi.
3508 4769 3747 4825 Romam

2152 4865 2346 4935 quippe
2383 4871 2591 4934 partam
2616 4864 2637 4894 ⁵
2663 4872 2901 4918 veterum
2944 4871 3260 4932 auctamque
3311 4861 3598 4925 laboribus,
3634 4859 3747 4916 ftn-
3798 4880 3801 4883 ·

2152 4954 2358 5010 diorem
2388 4963 2618 5009 stantem
2646 4952 2885 5009 fecerant
2912 4968 3069 5023 quam
3091 4962 3370 5019 ruentem:
3398 4951 3745 5022 quandoqui-

2153 5046 2277 5102 dem
2306 5047 2359 5101 in
2384 5045 2538 5101 ruina
2568 5047 2692 5116 ejus
2714 5045 2921 5116 lapides
2946 5053 3001 5100 et
3028 5045 3192 5114 ligna,
3225 5045 3277 5098 in
3304 5043 3530 5099 istorum
3556 5054 3745 5099 autem

2219 5212 2314 5305 {tu
2356 5240 2607 5305 plerisque
2663 5249 2769 5291 Mss.
2793 5275 2809 5301 ,
2860 5239 3197 5292 resistendum.
3237 5266 3299 5275 —
3354 5240 3428 5291 Sic
3466 5242 3613 5290 etiam
3652 5246 3744 5295 Its.

2151 5301 2578 5414 76glsicntlneliores.
2599 5364 2929 5425 manuscripli-
2956 5369 3012 5412 Αἱ
3037 5362 3173 5425 ﬁdius
3194 5361 3423 5425 άεθίῑιηηε

2218 5427 2336 5487 Har.
2363 5432 2415 5475 et
2436 5432 2567 5484 Lov.,
2590 5424 2757 5474 solent.
2787 5423 2955 5487 melius
2977 5424 3110 5474 Vind.
3147 5434 3246 5474 Am.
3290 5432 3343 5487 et
3385 5423 3568 5487 aliquot
3605 5431 3743 5484 Mss"

2151 5485 2268 5557 solet
2291 5486 2554 5557 (subaudi,
2578 5485 2911 5557 quastioilla,
2923 5499 3085 5549 quam,
3105 5499 3192 5550 per
3217 5485 3368 5536 multa
3397 5485 3641 5549 diffluunt,
3662 5487 3745 5536 di-

2153 5548 2809 5619 cit.~:alss._nostri,solent.
2876 5548 2955 5619 at;
3105 5548 3114 5550 ἡ
3238 5615 3247 5619 Α
3317 5608 3361 5619 η
3469 5608 3516 5619 __

2217 5612 2239 5642 δ
2262 5617 2333 5659 Er.
2363 5619 2415 5661 et
2430 5617 2560 5670 Lov.,
2583 5610 2715 5672 apud
2731 5624 2866 5673 quas.
2893 5618 2992 5659 Non
3010 5622 3133 5672 opus
3149 5615 3253 5659 erat
3273 5608 3454 5658 addere
3469 5608 3565 5667 hic,
3582 5609 3741 5672 apud,

2217 5672 2283 5721 lOd
2306 5685 2333 5721 a
2356 5673 2551 5721 caeteris
2571 5668 2708 5721 libris
2729 5673 2887 5721 abest.

2152 5672 2283 5736 quod
2306 5685 2333 5721 a
2356 5673 2551 5723 caeteris
2571 5672 2708 5721 libris
2729 5672 2887 5721 abest.

2217 5737 2239 5768 ⁸
2262 5741 2393 5794 Lov.,
2413 5746 2532 5784 cura
2552 5743 2758 5797 partam.
2781 5734 2911 5797 \ltif':
2951 5740 3050 5782 Am.
3070 5738 3123 5781 et
3144 5738 3238 5791 Er.,
3266 5744 3387 5781 cura
3406 5735 3655 5782 structam.
3682 5739 3742 5783 ,η

2153 5803 2258 5848 Mss.
2281 5793 2562 5849 mnStanter'
2578 5796 2761 5846 habent
2802 5793 3022 5853 variam;
3049 5800 3099 5844 et
3117 5802 3287 5844 carent
3309 5805 3449 5853 voce,
3471 5805 3608 5869 atra.

2599 6011 2709 6034 διο...
2734 6028 2745 6034 -
