  <div class='ocr_page' id='page_1' title='image "/cluster/home/n/w/nwhite01/storage/ocr_20150623/41/hvd.32044015706344/030.png"; bbox 0 0 4038 6478; ppageno 0'>
   <div class='ocr_carea' id='block_1_1' title="bbox 231 386 290 448">
    <p class='ocr_par' dir='ltr' id='par_1_1' title="bbox 231 386 290 448">
     <span class='ocr_line' id='line_1_1' title="bbox 231 386 290 448; baseline 0 -2"><span class='ocrx_word' id='word_1_1' title='bbox 231 386 290 448; x_wconf 72' lang='grc' dir='ltr'><strong>ιθ</strong></span> 
     </span>
    </p>
   </div>
   <div class='ocr_carea' id='block_1_2' title="bbox 235 509 1840 584">
    <p class='ocr_par' dir='ltr' id='par_1_2' title="bbox 235 509 1840 584">
     <span class='ocr_line' id='line_1_2' title="bbox 235 509 1840 584; baseline 0.006 -20"><span class='ocrx_word' id='word_1_2' title='bbox 235 511 334 566; x_wconf 78' lang='lat' dir='ltr'><strong>vita</strong></span> <span class='ocrx_word' id='word_1_3' title='bbox 361 509 582 582; x_wconf 76' lang='lat' dir='ltr'><strong>omnia,</strong></span> <span class='ocrx_word' id='word_1_4' title='bbox 615 526 730 570; x_wconf 90' lang='lat' dir='ltr'><strong>non</strong></span> <span class='ocrx_word' id='word_1_5' title='bbox 774 531 1058 574; x_wconf 87' lang='lat' dir='ltr'><strong>murorum</strong></span> <span class='ocrx_word' id='word_1_6' title='bbox 1081 559 1096 584; x_wconf 90' lang='lat'><strong>,</strong></span> <span class='ocrx_word' id='word_1_7' title='bbox 1127 519 1220 576; x_wconf 84' lang='lat' dir='ltr'><strong>sed</strong></span> <span class='ocrx_word' id='word_1_8' title='bbox 1249 533 1458 576; x_wconf 89' lang='lat' dir='ltr'><strong>morum</strong></span> <span class='ocrx_word' id='word_1_9' title='bbox 1507 520 1840 574; x_wconf 85' lang='lat' dir='ltr'><strong>munimenta</strong></span> 
     </span>
    </p>
   </div>
   <div class='ocr_carea' id='block_1_3' title="bbox 245 609 1894 676">
    <p class='ocr_par' dir='ltr' id='par_1_3' title="bbox 245 609 1894 676">
     <span class='ocr_line' id='line_1_3' title="bbox 245 609 1894 676; baseline 0.006 -22"><span class='ocrx_word' id='word_1_10' title='bbox 245 611 398 672; x_wconf 81' lang='lat' dir='ltr'><strong>atque</strong></span> <span class='ocrx_word' id='word_1_11' title='bbox 435 613 770 661; x_wconf 85' lang='lat' dir='ltr'><strong>ornamenta</strong></span> <span class='ocrx_word' id='word_1_12' title='bbox 813 609 1168 676; x_wconf 87' lang='lat' dir='ltr'><strong>ceciderunt;</strong></span> <span class='ocrx_word' id='word_1_13' title='bbox 1197 625 1320 664; x_wconf 88' lang='lat' dir='ltr'><strong>cum</strong></span> <span class='ocrx_word' id='word_1_14' title='bbox 1349 609 1730 666; x_wconf 84' lang='lat' dir='ltr'><strong>funestioribus</strong></span> <span class='ocrx_word' id='word_1_15' title='bbox 1749 625 1842 664; x_wconf 88' lang='lat' dir='ltr'><strong>eo-</strong></span> <span class='ocrx_word' id='word_1_16' title='bbox 1886 649 1894 658; x_wconf 89' lang='lat'><strong>.</strong></span> 
     </span>
    </p>
   </div>
   <div class='ocr_carea' id='block_1_4' title="bbox 251 695 1844 772">
    <p class='ocr_par' dir='ltr' id='par_1_4' title="bbox 251 695 1844 772">
     <span class='ocr_line' id='line_1_4' title="bbox 251 695 1844 772; baseline 0.007 -25"><span class='ocrx_word' id='word_1_17' title='bbox 251 711 362 748; x_wconf 87' lang='lat' dir='ltr'><strong>rum</strong></span> <span class='ocrx_word' id='word_1_18' title='bbox 391 695 562 752; x_wconf 83' lang='lat' dir='ltr'><strong>corda</strong></span> <span class='ocrx_word' id='word_1_19' title='bbox 611 699 1004 770; x_wconf 74' lang='lat' dir='ltr'><strong>cupiditatibus</strong></span> <span class='ocrx_word' id='word_1_20' title='bbox 1027 741 1046 767; x_wconf 90' lang='lat'><strong>,</strong></span> <span class='ocrx_word' id='word_1_21' title='bbox 1091 717 1248 771; x_wconf 81' lang='lat' dir='ltr'><strong>quam</strong></span> <span class='ocrx_word' id='word_1_22' title='bbox 1276 702 1485 772; x_wconf 80' lang='lat' dir='ltr'><strong>ignibus</strong></span> <span class='ocrx_word' id='word_1_23' title='bbox 1515 711 1652 758; x_wconf 88' lang='lat' dir='ltr'><strong>tecta</strong></span> <span class='ocrx_word' id='word_1_24' title='bbox 1701 702 1844 758; x_wconf 89' lang='lat' dir='ltr'><strong>illius</strong></span> 
     </span>
    </p>
   </div>
   <div class='ocr_carea' id='block_1_5' title="bbox 258 785 1843 862">
    <p class='ocr_par' dir='ltr' id='par_1_5' title="bbox 258 785 1843 862">
     <span class='ocr_line' id='line_1_5' title="bbox 258 785 1843 862; baseline 0.005 -24"><span class='ocrx_word' id='word_1_25' title='bbox 258 785 394 840; x_wconf 84' lang='lat' dir='ltr'><strong>urbis</strong></span> <span class='ocrx_word' id='word_1_26' title='bbox 431 786 718 844; x_wconf 72' lang='lat' dir='ltr'><strong>arderent.</strong></span> <span class='ocrx_word' id='word_1_27' title='bbox 757 791 964 857; x_wconf 87' lang='lat' dir='ltr'><strong>Quibus</strong></span> <span class='ocrx_word' id='word_1_28' title='bbox 998 791 1176 857; x_wconf 88' lang='lat' dir='ltr'><strong>dictis,</strong></span> <span class='ocrx_word' id='word_1_29' title='bbox 1207 792 1438 862; x_wconf 83' lang='lat' dir='ltr'><strong>primum</strong></span> <span class='ocrx_word' id='word_1_30' title='bbox 1470 793 1750 848; x_wconf 85' lang='lat' dir='ltr'><strong>terminavi</strong></span> <span class='ocrx_word' id='word_1_31' title='bbox 1777 792 1843 846; x_wconf 92' lang='lat' dir='ltr'><strong>li-</strong></span> 
     </span>
    </p>
   </div>
   <div class='ocr_carea' id='block_1_6' title="bbox 257 875 1846 952">
    <p class='ocr_par' dir='ltr' id='par_1_6' title="bbox 257 875 1846 952">
     <span class='ocr_line' id='line_1_6' title="bbox 257 875 1846 952; baseline 0.005 -24"><span class='ocrx_word' id='word_1_32' title='bbox 257 876 426 930; x_wconf 84' lang='lat' dir='ltr'><strong>brum.</strong></span> <span class='ocrx_word' id='word_1_33' title='bbox 463 875 738 950; x_wconf 80' lang='lat' dir='ltr'><strong>Deinceps</strong></span> <span class='ocrx_word' id='word_1_34' title='bbox 777 881 958 952; x_wconf 85' lang='lat' dir='ltr'><strong>itaque</strong></span> <span class='ocrx_word' id='word_1_35' title='bbox 995 881 1172 950; x_wconf 84' lang='lat' dir='ltr'><strong>dicere</strong></span> <span class='ocrx_word' id='word_1_36' title='bbox 1198 883 1436 950; x_wconf 89' lang='lat' dir='ltr'><strong>institui,</strong></span> <span class='ocrx_word' id='word_1_37' title='bbox 1458 899 1576 952; x_wconf 70' lang='lat' dir='ltr'><strong>qua:</strong></span> <span class='ocrx_word' id='word_1_38' title='bbox 1603 882 1744 938; x_wconf 90' lang='lat' dir='ltr'><strong>mala</strong></span> <span class='ocrx_word' id='word_1_39' title='bbox 1769 883 1846 937; x_wconf 91' lang='lat' dir='ltr'><strong>ci-</strong></span> 
     </span>
    </p>
   </div>
   <div class='ocr_carea' id='block_1_7' title="bbox 256 969 1845 1046">
    <p class='ocr_par' dir='ltr' id='par_1_7' title="bbox 256 969 1845 1046">
     <span class='ocr_line' id='line_1_7' title="bbox 256 969 1845 1046; baseline 0.007 -27"><span class='ocrx_word' id='word_1_40' title='bbox 256 969 388 1022; x_wconf 85' lang='lat' dir='ltr'><strong>vitas</strong></span> <span class='ocrx_word' id='word_1_41' title='bbox 434 969 524 1024; x_wconf 88' lang='lat' dir='ltr'><strong>illa</strong></span> <span class='ocrx_word' id='word_1_42' title='bbox 569 987 828 1042; x_wconf 88' lang='lat' dir='ltr'><strong>perpessa</strong></span> <span class='ocrx_word' id='word_1_43' title='bbox 875 975 946 1030; x_wconf 86' lang='lat' dir='ltr'><strong>sit</strong></span> <span class='ocrx_word' id='word_1_44' title='bbox 973 975 1040 1030; x_wconf 92' lang='lat' dir='ltr'><strong>ab</strong></span> <span class='ocrx_word' id='word_1_45' title='bbox 1071 975 1278 1046; x_wconf 78' lang='lat' dir='ltr'><strong>origine</strong></span> <span class='ocrx_word' id='word_1_46' title='bbox 1319 991 1435 1042; x_wconf 87' lang='lat' dir='ltr'><strong>sua,</strong></span> <span class='ocrx_word' id='word_1_47' title='bbox 1463 977 1576 1032; x_wconf 92' lang='lat' dir='ltr'><strong>sive</strong></span> <span class='ocrx_word' id='word_1_48' title='bbox 1603 975 1744 1046; x_wconf 86' lang='lat' dir='ltr'><strong>apud</strong></span> <span class='ocrx_word' id='word_1_49' title='bbox 1785 990 1845 1031; x_wconf 89' lang='lat' dir='ltr'><strong>se</strong></span> 
     </span>
    </p>
   </div>
   <div class='ocr_carea' id='block_1_8' title="bbox 257 1060 1846 1138">
    <p class='ocr_par' dir='ltr' id='par_1_8' title="bbox 257 1060 1846 1138">
     <span class='ocr_line' id='line_1_8' title="bbox 257 1060 1846 1138; baseline 0.004 -25"><span class='ocrx_word' id='word_1_50' title='bbox 257 1060 424 1130; x_wconf 80' lang='lat' dir='ltr'><strong>ipsam</strong></span> <span class='ocrx_word' id='word_1_51' title='bbox 447 1101 461 1126; x_wconf 89' lang='lat'><strong>,</strong></span> <span class='ocrx_word' id='word_1_52' title='bbox 485 1062 602 1117; x_wconf 89' lang='lat' dir='ltr'><strong>sive</strong></span> <span class='ocrx_word' id='word_1_53' title='bbox 635 1062 689 1116; x_wconf 90' lang='lat' dir='ltr'><strong>in</strong></span> <span class='ocrx_word' id='word_1_54' title='bbox 713 1065 996 1132; x_wconf 78' lang='lat' dir='ltr'><strong>provinciis</strong></span> <span class='ocrx_word' id='word_1_55' title='bbox 1031 1067 1130 1120; x_wconf 87' lang='lat' dir='ltr'><strong>sibi</strong></span> <span class='ocrx_word' id='word_1_56' title='bbox 1153 1066 1262 1136; x_wconf 90' lang='lat' dir='ltr'><strong>jam</strong></span> <span class='ocrx_word' id='word_1_57' title='bbox 1289 1067 1515 1122; x_wconf 82' lang='lat' dir='ltr'><strong>subditis</strong></span> <span class='ocrx_word' id='word_1_58' title='bbox 1551 1085 1564 1118; x_wconf 86' lang='lat'><strong>:</strong></span> <span class='ocrx_word' id='word_1_59' title='bbox 1601 1083 1718 1138; x_wconf 73' lang='lat' dir='ltr'><strong>qua:</strong></span> <span class='ocrx_word' id='word_1_60' title='bbox 1739 1081 1846 1121; x_wconf 80' lang='lat' dir='ltr'><strong>orn-</strong></span> 
     </span>
    </p>
   </div>
   <div class='ocr_carea' id='block_1_9' title="bbox 257 1151 1840 1228">
    <p class='ocr_par' dir='ltr' id='par_1_9' title="bbox 257 1151 1840 1228">
     <span class='ocr_line' id='line_1_9' title="bbox 257 1151 1840 1228; baseline 0.003 -24"><span class='ocrx_word' id='word_1_61' title='bbox 257 1151 340 1204; x_wconf 86' lang='lat' dir='ltr'><strong>uia</strong></span> <span class='ocrx_word' id='word_1_62' title='bbox 369 1151 678 1208; x_wconf 76' lang='lat' dir='ltr'><strong>christiana:</strong></span> <span class='ocrx_word' id='word_1_63' title='bbox 703 1155 946 1226; x_wconf 80' lang='lat' dir='ltr'><strong>religioni</strong></span> <span class='ocrx_word' id='word_1_64' title='bbox 973 1155 1285 1226; x_wconf 89' lang='lat' dir='ltr'><strong>tribuerent,</strong></span> <span class='ocrx_word' id='word_1_65' title='bbox 1311 1158 1356 1212; x_wconf 86' lang='lat' dir='ltr'><strong>si</strong></span> <span class='ocrx_word' id='word_1_66' title='bbox 1393 1158 1504 1228; x_wconf 86' lang='lat' dir='ltr'><strong>jam</strong></span> <span class='ocrx_word' id='word_1_67' title='bbox 1529 1167 1654 1212; x_wconf 88' lang='lat' dir='ltr'><strong>tunc</strong></span> <span class='ocrx_word' id='word_1_68' title='bbox 1677 1171 1840 1212; x_wconf 81' lang='lat' dir='ltr'><strong>evan-</strong></span> 
     </span>
    </p>
   </div>
   <div class='ocr_carea' id='block_1_10' title="bbox 255 1240 1843 1308">
    <p class='ocr_par' dir='ltr' id='par_1_10' title="bbox 255 1240 1843 1308">
     <span class='ocr_line' id='line_1_10' title="bbox 255 1240 1843 1308; baseline 0.004 -14"><span class='ocrx_word' id='word_1_69' title='bbox 255 1240 355 1308; x_wconf 77' lang='lat' dir='ltr'><strong>geli</strong></span> <span class='ocrx_word' id='word_1_70' title='bbox 397 1255 464 1294; x_wconf 87' lang='lat' dir='ltr'><strong>ca</strong></span> <span class='ocrx_word' id='word_1_71' title='bbox 497 1241 745 1298; x_wconf 81' lang='lat' dir='ltr'><strong>doctrina</strong></span> <span class='ocrx_word' id='word_1_72' title='bbox 787 1245 1043 1300; x_wconf 88' lang='lat' dir='ltr'><strong>adversus</strong></span> <span class='ocrx_word' id='word_1_73' title='bbox 1082 1246 1246 1302; x_wconf 87' lang='lat' dir='ltr'><strong>falsos</strong></span> <span class='ocrx_word' id='word_1_74' title='bbox 1295 1255 1352 1302; x_wconf 91' lang='lat' dir='ltr'><strong>et</strong></span> <span class='ocrx_word' id='word_1_75' title='bbox 1393 1247 1606 1302; x_wconf 85' lang='lat' dir='ltr'><strong>fallaces</strong></span> <span class='ocrx_word' id='word_1_76' title='bbox 1657 1261 1843 1302; x_wconf 88' lang='lat' dir='ltr'><strong>eorum</strong></span> 
     </span>
    </p>
   </div>
   <div class='ocr_carea' id='block_1_11' title="bbox 257 1331 1459 1408">
    <p class='ocr_par' dir='ltr' id='par_1_11' title="bbox 257 1331 1459 1408">
     <span class='ocr_line' id='line_1_11' title="bbox 257 1331 1459 1408; baseline 0.009 -27"><span class='ocrx_word' id='word_1_77' title='bbox 257 1331 386 1385; x_wconf 82' lang='lat' dir='ltr'><strong>deus</strong></span> <span class='ocrx_word' id='word_1_78' title='bbox 421 1332 798 1390; x_wconf 80' lang='lat' dir='ltr'><strong>testiﬁcatione</strong></span> <span class='ocrx_word' id='word_1_79' title='bbox 817 1335 1088 1392; x_wconf 88' lang='lat' dir='ltr'><strong>liberrima</strong></span> <span class='ocrx_word' id='word_1_80' title='bbox 1127 1347 1459 1408; x_wconf 81' lang='lat' dir='ltr'><strong>personaret.</strong></span> 
     </span>
    </p>
   </div>
   <div class='ocr_carea' id='block_1_12' title="bbox 257 1437 1846 1520">
    <p class='ocr_par' dir='ltr' id='par_1_12' title="bbox 257 1437 1846 1520">
     <span class='ocr_line' id='line_1_12' title="bbox 257 1437 1846 1520; baseline 0.008 -28"><span class='ocrx_word' id='word_1_81' title='bbox 257 1437 486 1495; x_wconf 75' lang='lat' dir='ltr'><strong>CAPUT</strong></span> <span class='ocrx_word' id='word_1_82' title='bbox 523 1441 610 1496; x_wconf 86' lang='lat' dir='ltr'><strong>Ill.</strong></span> <span class='ocrx_word' id='word_1_83' title='bbox 632 1442 801 1498; x_wconf 80' lang='lat' dir='ltr'><strong>—Dc</strong></span> <span class='ocrx_word' id='word_1_84' title='bbox 829 1445 1134 1500; x_wconf 75' lang='lat' dir='ltr'><strong>assuntenda</strong></span> <span class='ocrx_word' id='word_1_85' title='bbox 1163 1447 1394 1515; x_wconf 75' lang='lat' dir='ltr'><strong>historia,</strong></span> <span class='ocrx_word' id='word_1_86' title='bbox 1425 1465 1526 1520; x_wconf 85' lang='lat' dir='ltr'><strong>qua</strong></span> <span class='ocrx_word' id='word_1_87' title='bbox 1554 1449 1846 1506; x_wconf 74' lang='lat' dir='ltr'><strong>ostendatur</strong></span> 
     </span>
    </p>
   </div>
   <div class='ocr_carea' id='block_1_13' title="bbox 327 1532 1841 1611">
    <p class='ocr_par' dir='ltr' id='par_1_13' title="bbox 327 1532 1841 1611">
     <span class='ocr_line' id='line_1_13' title="bbox 327 1532 1841 1611; baseline 0.009 -28"><span class='ocrx_word' id='word_1_88' title='bbox 327 1545 446 1596; x_wconf 69' lang='lat' dir='ltr'><strong>quia</strong></span> <span class='ocrx_word' id='word_1_89' title='bbox 467 1532 606 1585; x_wconf 85' lang='lat' dir='ltr'><strong>mala</strong></span> <span class='ocrx_word' id='word_1_90' title='bbox 635 1533 914 1590; x_wconf 74' lang='lat' dir='ltr'><strong>acciderint</strong></span> <span class='ocrx_word' id='word_1_91' title='bbox 951 1536 1196 1591; x_wconf 78' lang='lat' dir='ltr'><strong>Romanis</strong></span> <span class='ocrx_word' id='word_1_92' title='bbox 1221 1580 1235 1604; x_wconf 92' lang='lat'><strong>,</strong></span> <span class='ocrx_word' id='word_1_93' title='bbox 1287 1555 1402 1592; x_wconf 88' lang='lat' dir='ltr'><strong>cum</strong></span> <span class='ocrx_word' id='word_1_94' title='bbox 1429 1541 1548 1594; x_wconf 80' lang='lat' dir='ltr'><strong>deos</strong></span> <span class='ocrx_word' id='word_1_95' title='bbox 1571 1539 1790 1596; x_wconf 80' lang='lat' dir='ltr'><strong>colerent</strong></span> <span class='ocrx_word' id='word_1_96' title='bbox 1825 1584 1841 1611; x_wconf 91' lang='lat'><strong>,</strong></span> 
     </span>
    </p>
   </div>
   <div class='ocr_carea' id='block_1_14' title="bbox 325 1627 1451 1698">
    <p class='ocr_par' dir='ltr' id='par_1_14' title="bbox 325 1627 1451 1698">
     <span class='ocr_line' id='line_1_14' title="bbox 325 1627 1451 1698; baseline 0.007 -22"><span class='ocrx_word' id='word_1_97' title='bbox 325 1631 602 1693; x_wconf 76' lang='lat' dir='ltr'><strong>antequam</strong></span> <span class='ocrx_word' id='word_1_98' title='bbox 627 1627 806 1698; x_wconf 78' lang='lat' dir='ltr'><strong>religio</strong></span> <span class='ocrx_word' id='word_1_99' title='bbox 823 1628 1102 1683; x_wconf 78' lang='lat' dir='ltr'><strong>christiana</strong></span> <span class='ocrx_word' id='word_1_100' title='bbox 1127 1629 1451 1686; x_wconf 76' lang='lat' dir='ltr'><strong>obcrescerct.</strong></span> 
     </span>
    </p>
   </div>
   <div class='ocr_carea' id='block_1_15' title="bbox 323 1729 1844 1808">
    <p class='ocr_par' dir='ltr' id='par_1_15' title="bbox 323 1729 1844 1808">
     <span class='ocr_line' id='line_1_15' title="bbox 323 1729 1844 1808; baseline 0.009 -22"><span class='ocrx_word' id='word_1_101' title='bbox 323 1729 598 1788; x_wconf 79' lang='lat' dir='ltr'><strong>Memento</strong></span> <span class='ocrx_word' id='word_1_102' title='bbox 636 1745 839 1805; x_wconf 88' lang='lat' dir='ltr'><strong>autem,</strong></span> <span class='ocrx_word' id='word_1_103' title='bbox 867 1753 954 1793; x_wconf 90' lang='lat' dir='ltr'><strong>me</strong></span> <span class='ocrx_word' id='word_1_104' title='bbox 983 1739 1082 1794; x_wconf 89' lang='lat' dir='ltr'><strong>ista</strong></span> <span class='ocrx_word' id='word_1_105' title='bbox 1106 1751 1640 1808; x_wconf 89' lang='lat' dir='ltr'><strong>commemorantem,</strong></span> <span class='ocrx_word' id='word_1_106' title='bbox 1669 1741 1844 1800; x_wconf 89' lang='lat' dir='ltr'><strong>adhuc</strong></span> 
     </span>
    </p>
   </div>
   <div class='ocr_carea' id='block_1_16' title="bbox 257 1827 1836 1904">
    <p class='ocr_par' dir='ltr' id='par_1_16' title="bbox 257 1827 1836 1904">
     <span class='ocr_line' id='line_1_16' title="bbox 257 1827 1836 1904; baseline 0.006 -24"><span class='ocrx_word' id='word_1_107' title='bbox 257 1833 440 1880; x_wconf 75' lang='lat' dir='ltr'><strong>eoritra</strong></span> <span class='ocrx_word' id='word_1_108' title='bbox 469 1827 748 1896; x_wconf 88' lang='lat' dir='ltr'><strong>imperitos</strong></span> <span class='ocrx_word' id='word_1_109' title='bbox 795 1845 978 1899; x_wconf 86' lang='lat' dir='ltr'><strong>agere,</strong></span> <span class='ocrx_word' id='word_1_110' title='bbox 1036 1847 1100 1887; x_wconf 81' lang='lat' dir='ltr'><strong>ex</strong></span> <span class='ocrx_word' id='word_1_111' title='bbox 1149 1847 1376 1902; x_wconf 89' lang='lat' dir='ltr'><strong>quorum</strong></span> <span class='ocrx_word' id='word_1_112' title='bbox 1407 1835 1674 1904; x_wconf 82' lang='lat' dir='ltr'><strong>imperitia</strong></span> <span class='ocrx_word' id='word_1_113' title='bbox 1707 1835 1836 1892; x_wconf 91' lang='lat' dir='ltr'><strong>illud</strong></span> 
     </span>
    </p>
   </div>
   <div class='ocr_carea' id='block_1_17' title="bbox 235 1923 1840 1995">
    <p class='ocr_par' dir='ltr' id='par_1_17' title="bbox 235 1923 1840 1995">
     <span class='ocr_line' id='line_1_17' title="bbox 235 1923 1840 1995; baseline 0.006 -24"><span class='ocrx_word' id='word_1_114' title='bbox 235 1933 470 1990; x_wconf 84' lang='lat' dir='ltr'><strong>quoque</strong></span> <span class='ocrx_word' id='word_1_115' title='bbox 493 1931 672 1974; x_wconf 90' lang='lat' dir='ltr'><strong>ortum</strong></span> <span class='ocrx_word' id='word_1_116' title='bbox 694 1929 777 1976; x_wconf 90' lang='lat' dir='ltr'><strong>est</strong></span> <span class='ocrx_word' id='word_1_117' title='bbox 799 1923 1019 1993; x_wconf 83' lang='lat' dir='ltr'><strong>vulgare</strong></span> <span class='ocrx_word' id='word_1_118' title='bbox 1047 1926 1388 1994; x_wconf 88' lang='lat' dir='ltr'><strong>proverbium</strong></span> <span class='ocrx_word' id='word_1_119' title='bbox 1413 1943 1427 1978; x_wconf 85' lang='lat'><strong>:</strong></span> <span class='ocrx_word' id='word_1_120' title='bbox 1453 1927 1636 1982; x_wconf 86' lang='lat' dir='ltr'><strong>Pluvia</strong></span> <span class='ocrx_word' id='word_1_121' title='bbox 1653 1925 1840 1995; x_wconf 69' lang='lat' dir='ltr'><strong>dcﬁt‘,</strong></span> 
     </span>
    </p>
   </div>
   <div class='ocr_carea' id='block_1_18' title="bbox 255 2009 1842 2088">
    <p class='ocr_par' dir='ltr' id='par_1_18' title="bbox 255 2009 1842 2088">
     <span class='ocr_line' id='line_1_18' title="bbox 255 2009 1842 2088; baseline 0.006 -24"><span class='ocrx_word' id='word_1_122' title='bbox 255 2024 416 2064; x_wconf 84' lang='lat' dir='ltr'><strong>causa</strong></span> <span class='ocrx_word' id='word_1_123' title='bbox 463 2009 756 2066; x_wconf 88' lang='lat' dir='ltr'><strong>Christiani</strong></span> <span class='ocrx_word' id='word_1_124' title='bbox 787 2013 886 2084; x_wconf 90' lang='lat' dir='ltr'><strong>(a).</strong></span> <span class='ocrx_word' id='word_1_125' title='bbox 931 2011 1065 2070; x_wconf 88' lang='lat' dir='ltr'><strong>Sunt</strong></span> <span class='ocrx_word' id='word_1_126' title='bbox 1103 2031 1332 2086; x_wconf 85' lang='lat' dir='ltr'><strong>namque</strong></span> <span class='ocrx_word' id='word_1_127' title='bbox 1376 2017 1464 2088; x_wconf 86' lang='lat' dir='ltr'><strong>qui</strong></span> <span class='ocrx_word' id='word_1_128' title='bbox 1513 2033 1698 2073; x_wconf 92' lang='lat' dir='ltr'><strong>eorum</strong></span> <span class='ocrx_word' id='word_1_129' title='bbox 1730 2029 1842 2074; x_wconf 79' lang='lat' dir='ltr'><strong>Stu-</strong></span> 
     </span>
    </p>
   </div>
   <div class='ocr_carea' id='block_1_19' title="bbox 254 2097 1840 2178">
    <p class='ocr_par' dir='ltr' id='par_1_19' title="bbox 254 2097 1840 2178">
     <span class='ocr_line' id='line_1_19' title="bbox 254 2097 1840 2178; baseline 0.006 -24"><span class='ocrx_word' id='word_1_130' title='bbox 254 2098 354 2154; x_wconf 84' lang='lat' dir='ltr'><strong>diis</strong></span> <span class='ocrx_word' id='word_1_131' title='bbox 379 2097 694 2156; x_wconf 81' lang='lat' dir='ltr'><strong>liberalibus</strong></span> <span class='ocrx_word' id='word_1_132' title='bbox 724 2101 950 2157; x_wconf 86' lang='lat' dir='ltr'><strong>instituti</strong></span> <span class='ocrx_word' id='word_1_133' title='bbox 991 2115 1172 2161; x_wconf 89' lang='lat' dir='ltr'><strong>amaut</strong></span> <span class='ocrx_word' id='word_1_134' title='bbox 1193 2105 1488 2174; x_wconf 89' lang='lat' dir='ltr'><strong>historiam,</strong></span> <span class='ocrx_word' id='word_1_135' title='bbox 1512 2123 1616 2178; x_wconf 87' lang='lat' dir='ltr'><strong>qua</strong></span> <span class='ocrx_word' id='word_1_136' title='bbox 1646 2109 1840 2164; x_wconf 89' lang='lat' dir='ltr'><strong>facilli-</strong></span> 
     </span>
    </p>
   </div>
   <div class='ocr_carea' id='block_1_20' title="bbox 255 2195 1844 2256">
    <p class='ocr_par' dir='ltr' id='par_1_20' title="bbox 255 2195 1844 2256">
     <span class='ocr_line' id='line_1_20' title="bbox 255 2195 1844 2256; baseline 0.006 -10"><span class='ocrx_word' id='word_1_137' title='bbox 255 2207 340 2246; x_wconf 86' lang='lat' dir='ltr'><strong>me</strong></span> <span class='ocrx_word' id='word_1_138' title='bbox 381 2195 486 2247; x_wconf 87' lang='lat' dir='ltr'><strong>ista</strong></span> <span class='ocrx_word' id='word_1_139' title='bbox 513 2203 816 2249; x_wconf 84' lang='lat' dir='ltr'><strong>noverunt:</strong></span> <span class='ocrx_word' id='word_1_140' title='bbox 846 2199 940 2250; x_wconf 88' lang='lat' dir='ltr'><strong>sed</strong></span> <span class='ocrx_word' id='word_1_141' title='bbox 970 2205 1025 2250; x_wconf 90' lang='lat' dir='ltr'><strong>ut</strong></span> <span class='ocrx_word' id='word_1_142' title='bbox 1063 2198 1214 2252; x_wconf 92' lang='lat' dir='ltr'><strong>nobis</strong></span> <span class='ocrx_word' id='word_1_143' title='bbox 1243 2199 1628 2256; x_wconf 85' lang='lat' dir='ltr'><strong>incruditorum</strong></span> <span class='ocrx_word' id='word_1_144' title='bbox 1661 2200 1844 2256; x_wconf 82' lang='lat' dir='ltr'><strong>turbas</strong></span> 
     </span>
    </p>
   </div>
   <div class='ocr_carea' id='block_1_21' title="bbox 259 2284 1842 2364">
    <p class='ocr_par' dir='ltr' id='par_1_21' title="bbox 259 2284 1842 2364">
     <span class='ocr_line' id='line_1_21' title="bbox 259 2284 1842 2364; baseline 0.006 -24"><span class='ocrx_word' id='word_1_145' title='bbox 259 2284 640 2342; x_wconf 76' lang='lat' dir='ltr'><strong>infestissimas</strong></span> <span class='ocrx_word' id='word_1_146' title='bbox 669 2287 896 2343; x_wconf 84' lang='lat' dir='ltr'><strong>reddant</strong></span> <span class='ocrx_word' id='word_1_147' title='bbox 923 2330 936 2352; x_wconf 84' lang='lat'>.</span> <span class='ocrx_word' id='word_1_148' title='bbox 984 2305 1042 2345; x_wconf 89' lang='lat' dir='ltr'><strong>se</strong></span> <span class='ocrx_word' id='word_1_149' title='bbox 1089 2307 1247 2347; x_wconf 89' lang='lat' dir='ltr'><strong>nosse</strong></span> <span class='ocrx_word' id='word_1_150' title='bbox 1272 2291 1649 2359; x_wconf 84' lang='lat' dir='ltr'><strong>dissimulant;</strong></span> <span class='ocrx_word' id='word_1_151' title='bbox 1681 2303 1842 2364; x_wconf 87' lang='lat' dir='ltr'><strong>atque</strong></span> 
     </span>
    </p>
   </div>
   <div class='ocr_carea' id='block_1_22' title="bbox 257 2373 1842 2456">
    <p class='ocr_par' dir='ltr' id='par_1_22' title="bbox 257 2373 1842 2456">
     <span class='ocr_line' id='line_1_22' title="bbox 257 2373 1842 2456; baseline 0.007 -27"><span class='ocrx_word' id='word_1_152' title='bbox 257 2373 355 2430; x_wconf 82' lang='lat' dir='ltr'><strong>hoc</strong></span> <span class='ocrx_word' id='word_1_153' title='bbox 383 2377 530 2446; x_wconf 86' lang='lat' dir='ltr'><strong>apud</strong></span> <span class='ocrx_word' id='word_1_154' title='bbox 565 2378 758 2448; x_wconf 86' lang='lat' dir='ltr'><strong>vulgus</strong></span> <span class='ocrx_word' id='word_1_155' title='bbox 805 2379 1123 2437; x_wconf 82' lang='lat' dir='ltr'><strong>conﬁrmare</strong></span> <span class='ocrx_word' id='word_1_156' title='bbox 1149 2382 1410 2452; x_wconf 89' lang='lat' dir='ltr'><strong>nituntur,</strong></span> <span class='ocrx_word' id='word_1_157' title='bbox 1443 2384 1621 2440; x_wconf 86' lang='lat' dir='ltr'><strong>clades</strong></span> <span class='ocrx_word' id='word_1_158' title='bbox 1649 2385 1842 2456; x_wconf 85' lang='lat' dir='ltr'><strong>quibus</strong></span> 
     </span>
    </p>
   </div>
   <div class='ocr_carea' id='block_1_23' title="bbox 255 2467 1842 2546">
    <p class='ocr_par' dir='ltr' id='par_1_23' title="bbox 255 2467 1842 2546">
     <span class='ocr_line' id='line_1_23' title="bbox 255 2467 1842 2546; baseline 0.009 -27"><span class='ocrx_word' id='word_1_159' title='bbox 255 2479 350 2536; x_wconf 86' lang='lat' dir='ltr'><strong>per</strong></span> <span class='ocrx_word' id='word_1_160' title='bbox 373 2478 524 2522; x_wconf 89' lang='lat' dir='ltr'><strong>certa</strong></span> <span class='ocrx_word' id='word_1_161' title='bbox 562 2467 842 2524; x_wconf 91' lang='lat' dir='ltr'><strong>intervalla</strong></span> <span class='ocrx_word' id='word_1_162' title='bbox 874 2471 1110 2526; x_wconf 91' lang='lat' dir='ltr'><strong>locorum</strong></span> <span class='ocrx_word' id='word_1_163' title='bbox 1143 2481 1196 2529; x_wconf 89' lang='lat' dir='ltr'><strong>et</strong></span> <span class='ocrx_word' id='word_1_164' title='bbox 1224 2482 1520 2544; x_wconf 86' lang='lat' dir='ltr'><strong>temporum</strong></span> <span class='ocrx_word' id='word_1_165' title='bbox 1553 2491 1720 2546; x_wconf 84' lang='lat' dir='ltr'><strong>genus</strong></span> <span class='ocrx_word' id='word_1_166' title='bbox 1745 2477 1842 2532; x_wconf 91' lang='lat' dir='ltr'><strong>hu-</strong></span> 
     </span>
    </p>
   </div>
   <div class='ocr_carea' id='block_1_24' title="bbox 257 2560 1841 2632">
    <p class='ocr_par' dir='ltr' id='par_1_24' title="bbox 257 2560 1841 2632">
     <span class='ocr_line' id='line_1_24' title="bbox 257 2560 1841 2632; baseline 0.01 -23"><span class='ocrx_word' id='word_1_167' title='bbox 257 2571 470 2612; x_wconf 87' lang='lat' dir='ltr'><strong>manum</strong></span> <span class='ocrx_word' id='word_1_168' title='bbox 499 2569 718 2630; x_wconf 88' lang='lat' dir='ltr'><strong>oportet</strong></span> <span class='ocrx_word' id='word_1_169' title='bbox 761 2560 951 2632; x_wconf 80' lang='lat' dir='ltr'><strong>afﬂigi,</strong></span> <span class='ocrx_word' id='word_1_170' title='bbox 984 2577 1141 2618; x_wconf 89' lang='lat' dir='ltr'><strong>causa</strong></span> <span class='ocrx_word' id='word_1_171' title='bbox 1168 2565 1412 2620; x_wconf 86' lang='lat' dir='ltr'><strong>accidere</strong></span> <span class='ocrx_word' id='word_1_172' title='bbox 1445 2567 1672 2622; x_wconf 87' lang='lat' dir='ltr'><strong>nominis</strong></span> <span class='ocrx_word' id='word_1_173' title='bbox 1696 2569 1841 2624; x_wconf 88' lang='lat' dir='ltr'><strong>ebri-</strong></span> 
     </span>
    </p>
   </div>
   <div class='ocr_carea' id='block_1_25' title="bbox 259 2647 1841 2726">
    <p class='ocr_par' dir='ltr' id='par_1_25' title="bbox 259 2647 1841 2726">
     <span class='ocr_line' id='line_1_25' title="bbox 259 2647 1841 2726; baseline 0.009 -27"><span class='ocrx_word' id='word_1_174' title='bbox 259 2647 434 2714; x_wconf 85' lang='lat' dir='ltr'><strong>stiani,</strong></span> <span class='ocrx_word' id='word_1_175' title='bbox 463 2650 610 2720; x_wconf 91' lang='lat' dir='ltr'><strong>quod</strong></span> <span class='ocrx_word' id='word_1_176' title='bbox 641 2661 828 2705; x_wconf 90' lang='lat' dir='ltr'><strong>contra</strong></span> <span class='ocrx_word' id='word_1_177' title='bbox 854 2653 985 2706; x_wconf 88' lang='lat' dir='ltr'><strong>deos</strong></span> <span class='ocrx_word' id='word_1_178' title='bbox 1007 2667 1131 2708; x_wconf 92' lang='lat' dir='ltr'><strong>suos</strong></span> <span class='ocrx_word' id='word_1_179' title='bbox 1149 2653 1344 2724; x_wconf 78' lang='lat' dir='ltr'><strong>ingenti</strong></span> <span class='ocrx_word' id='word_1_180' title='bbox 1375 2653 1511 2710; x_wconf 86' lang='lat' dir='ltr'><strong>fama</strong></span> <span class='ocrx_word' id='word_1_181' title='bbox 1541 2667 1594 2710; x_wconf 91' lang='lat' dir='ltr'><strong>et</strong></span> <span class='ocrx_word' id='word_1_182' title='bbox 1625 2657 1841 2726; x_wconf 68' lang='lat' dir='ltr'><strong>pra-cla-</strong></span> 
     </span>
    </p>
   </div>
   <div class='ocr_carea' id='block_1_26' title="bbox 260 2737 1841 2820">
    <p class='ocr_par' dir='ltr' id='par_1_26' title="bbox 260 2737 1841 2820">
     <span class='ocr_line' id='line_1_26' title="bbox 260 2737 1841 2820; baseline 0.008 -29"><span class='ocrx_word' id='word_1_183' title='bbox 260 2737 464 2793; x_wconf 86' lang='lat' dir='ltr'><strong>rissima</strong></span> <span class='ocrx_word' id='word_1_184' title='bbox 507 2740 822 2796; x_wconf 83' lang='lat' dir='ltr'><strong>celebritate</strong></span> <span class='ocrx_word' id='word_1_185' title='bbox 847 2757 944 2812; x_wconf 88' lang='lat' dir='ltr'><strong>per</strong></span> <span class='ocrx_word' id='word_1_186' title='bbox 967 2753 1160 2798; x_wconf 89' lang='lat' dir='ltr'><strong>cuncta</strong></span> <span class='ocrx_word' id='word_1_187' title='bbox 1192 2745 1503 2801; x_wconf 80' lang='lat' dir='ltr'><strong>dimmditnr</strong></span> <span class='ocrx_word' id='word_1_188' title='bbox 1543 2747 1637 2820; x_wconf 80' lang='lat' dir='ltr'><strong>(b).</strong></span> <span class='ocrx_word' id='word_1_189' title='bbox 1668 2747 1841 2804; x_wconf 80' lang='lat' dir='ltr'><strong>Reco-</strong></span> 
     </span>
    </p>
   </div>
   <div class='ocr_carea' id='block_1_27' title="bbox 259 2827 1839 2904">
    <p class='ocr_par' dir='ltr' id='par_1_27' title="bbox 259 2827 1839 2904">
     <span class='ocr_line' id='line_1_27' title="bbox 259 2827 1839 2904; baseline 0.009 -24"><span class='ocrx_word' id='word_1_190' title='bbox 259 2827 366 2882; x_wconf 78' lang='lat' dir='ltr'><strong>lant</strong></span> <span class='ocrx_word' id='word_1_191' title='bbox 405 2847 538 2902; x_wconf 81' lang='lat' dir='ltr'><strong>ergo</strong></span> <span class='ocrx_word' id='word_1_192' title='bbox 565 2832 865 2900; x_wconf 89' lang='lat' dir='ltr'><strong>nobiscum,</strong></span> <span class='ocrx_word' id='word_1_193' title='bbox 901 2843 1183 2904; x_wconf 85' lang='lat' dir='ltr'><strong>antequam</strong></span> <span class='ocrx_word' id='word_1_194' title='bbox 1226 2837 1468 2892; x_wconf 73' lang='lat' dir='ltr'><strong>Christus</strong></span> <span class='ocrx_word' id='word_1_195' title='bbox 1513 2839 1746 2894; x_wconf 79' lang='lat' dir='ltr'><strong>venisset</strong></span> <span class='ocrx_word' id='word_1_196' title='bbox 1786 2841 1839 2894; x_wconf 90' lang='lat' dir='ltr'><strong>in</strong></span> 
     </span>
    </p>
   </div>
   <div class='ocr_carea' id='block_1_28' title="bbox 261 2929 1841 2999">
    <p class='ocr_par' dir='ltr' id='par_1_28' title="bbox 261 2929 1841 2999">
     <span class='ocr_line' id='line_1_28' title="bbox 261 2929 1841 2999; baseline 0.008 -21"><span class='ocrx_word' id='word_1_197' title='bbox 261 2939 450 2988; x_wconf 77' lang='lat' dir='ltr'><strong>Carne,</strong></span> <span class='ocrx_word' id='word_1_198' title='bbox 488 2934 780 2996; x_wconf 86' lang='lat' dir='ltr'><strong>antequam</strong></span> <span class='ocrx_word' id='word_1_199' title='bbox 829 2929 944 2998; x_wconf 84' lang='lat' dir='ltr'><strong>ejus</strong></span> <span class='ocrx_word' id='word_1_200' title='bbox 979 2945 1172 2986; x_wconf 89' lang='lat' dir='ltr'><strong>nomen</strong></span> <span class='ocrx_word' id='word_1_201' title='bbox 1214 2948 1274 2986; x_wconf 87' lang='lat' dir='ltr'><strong>ea</strong></span> <span class='ocrx_word' id='word_1_202' title='bbox 1300 2974 1314 2999; x_wconf 93' lang='lat'><strong>,</strong></span> <span class='ocrx_word' id='word_1_203' title='bbox 1347 2934 1430 2988; x_wconf 91' lang='lat' dir='ltr'><strong>cui</strong></span> <span class='ocrx_word' id='word_1_204' title='bbox 1483 2933 1674 2990; x_wconf 76' lang='lat' dir='ltr'><strong>frustra</strong></span> <span class='ocrx_word' id='word_1_205' title='bbox 1707 2935 1841 2992; x_wconf 82' lang='lat' dir='ltr'><strong>invi-</strong></span> 
     </span>
    </p>
   </div>
   <div class='ocr_carea' id='block_1_29' title="bbox 260 3012 1840 3094">
    <p class='ocr_par' dir='ltr' id='par_1_29' title="bbox 260 3012 1840 3094">
     <span class='ocr_line' id='line_1_29' title="bbox 260 3012 1840 3094; baseline 0.011 -28"><span class='ocrx_word' id='word_1_206' title='bbox 260 3012 406 3080; x_wconf 85' lang='lat' dir='ltr'><strong>dent,</strong></span> <span class='ocrx_word' id='word_1_207' title='bbox 429 3015 603 3085; x_wconf 77' lang='lat' dir='ltr'><strong>gloria</strong></span> <span class='ocrx_word' id='word_1_208' title='bbox 647 3019 859 3088; x_wconf 87' lang='lat' dir='ltr'><strong>populis</strong></span> <span class='ocrx_word' id='word_1_209' title='bbox 897 3021 1274 3088; x_wconf 85' lang='lat' dir='ltr'><strong>innotescerct,</strong></span> <span class='ocrx_word' id='word_1_210' title='bbox 1301 3025 1489 3094; x_wconf 88' lang='lat' dir='ltr'><strong>quibus</strong></span> <span class='ocrx_word' id='word_1_211' title='bbox 1518 3027 1840 3082; x_wconf 81' lang='lat' dir='ltr'><strong>calamitati-</strong></span> 
     </span>
    </p>
   </div>
   <div class='ocr_carea' id='block_1_30' title="bbox 259 3103 1835 3184">
    <p class='ocr_par' dir='ltr' id='par_1_30' title="bbox 259 3103 1835 3184">
     <span class='ocr_line' id='line_1_30' title="bbox 259 3103 1835 3184; baseline 0.01 -28"><span class='ocrx_word' id='word_1_212' title='bbox 259 3103 352 3158; x_wconf 88' lang='lat' dir='ltr'><strong>bus</strong></span> <span class='ocrx_word' id='word_1_213' title='bbox 369 3121 458 3159; x_wconf 87' lang='lat' dir='ltr'><strong>res</strong></span> <span class='ocrx_word' id='word_1_214' title='bbox 489 3105 748 3162; x_wconf 80' lang='lat' dir='ltr'><strong>Romana:</strong></span> <span class='ocrx_word' id='word_1_215' title='bbox 775 3109 922 3163; x_wconf 91' lang='lat' dir='ltr'><strong>multi</strong></span> <span class='ocrx_word' id='word_1_216' title='bbox 931 3110 1140 3180; x_wconf 88' lang='lat' dir='ltr'><strong>pliciter</strong></span> <span class='ocrx_word' id='word_1_217' title='bbox 1156 3113 1408 3184; x_wconf 87' lang='lat' dir='ltr'><strong>varieque</strong></span> <span class='ocrx_word' id='word_1_218' title='bbox 1427 3117 1670 3171; x_wconf 76' lang='lat' dir='ltr'><strong>contrita:</strong></span> <span class='ocrx_word' id='word_1_219' title='bbox 1695 3118 1835 3184; x_wconf 88' lang='lat' dir='ltr'><strong>sint;</strong></span> 
     </span>
    </p>
   </div>
   <div class='ocr_carea' id='block_1_31' title="bbox 259 3195 1839 3279">
    <p class='ocr_par' dir='ltr' id='par_1_31' title="bbox 259 3195 1839 3279">
     <span class='ocr_line' id='line_1_31' title="bbox 259 3195 1839 3279; baseline 0.01 -31"><span class='ocrx_word' id='word_1_220' title='bbox 259 3205 312 3248; x_wconf 90' lang='lat' dir='ltr'><strong>ct</strong></span> <span class='ocrx_word' id='word_1_221' title='bbox 359 3195 413 3250; x_wconf 85' lang='lat' dir='ltr'><strong>in</strong></span> <span class='ocrx_word' id='word_1_222' title='bbox 445 3197 532 3251; x_wconf 90' lang='lat' dir='ltr'><strong>bis</strong></span> <span class='ocrx_word' id='word_1_223' title='bbox 561 3196 886 3267; x_wconf 81' lang='lat' dir='ltr'><strong>defendant,</strong></span> <span class='ocrx_word' id='word_1_224' title='bbox 926 3203 968 3256; x_wconf 88' lang='lat' dir='ltr'><strong>si</strong></span> <span class='ocrx_word' id='word_1_225' title='bbox 1002 3213 1219 3272; x_wconf 89' lang='lat' dir='ltr'><strong>possunt</strong></span> <span class='ocrx_word' id='word_1_226' title='bbox 1247 3247 1260 3270; x_wconf 93' lang='lat'><strong>,</strong></span> <span class='ocrx_word' id='word_1_227' title='bbox 1293 3204 1424 3260; x_wconf 89' lang='lat' dir='ltr'><strong>deos</strong></span> <span class='ocrx_word' id='word_1_228' title='bbox 1450 3223 1596 3274; x_wconf 86' lang='lat' dir='ltr'><strong>suos,</strong></span> <span class='ocrx_word' id='word_1_229' title='bbox 1631 3209 1676 3263; x_wconf 92' lang='lat' dir='ltr'><strong>si</strong></span> <span class='ocrx_word' id='word_1_230' title='bbox 1719 3225 1839 3279; x_wconf 88' lang='lat' dir='ltr'><strong>pro-</strong></span> 
     </span>
    </p>
   </div>
   <div class='ocr_carea' id='block_1_32' title="bbox 259 3287 1838 3363">
    <p class='ocr_par' dir='ltr' id='par_1_32' title="bbox 259 3287 1838 3363">
     <span class='ocr_line' id='line_1_32' title="bbox 259 3287 1838 3363; baseline 0.013 -30"><span class='ocrx_word' id='word_1_231' title='bbox 259 3293 436 3351; x_wconf 74' lang='lat' dir='ltr'><strong>pterea</strong></span> <span class='ocrx_word' id='word_1_232' title='bbox 467 3287 738 3354; x_wconf 87' lang='lat' dir='ltr'><strong>coluntur,</strong></span> <span class='ocrx_word' id='word_1_233' title='bbox 769 3306 834 3343; x_wconf 86' lang='lat' dir='ltr'><strong>ne</strong></span> <span class='ocrx_word' id='word_1_234' title='bbox 867 3291 963 3344; x_wconf 89' lang='lat' dir='ltr'><strong>ista</strong></span> <span class='ocrx_word' id='word_1_235' title='bbox 1000 3293 1137 3347; x_wconf 88' lang='lat' dir='ltr'><strong>mala</strong></span> <span class='ocrx_word' id='word_1_236' title='bbox 1171 3295 1438 3363; x_wconf 89' lang='lat' dir='ltr'><strong>patiantur</strong></span> <span class='ocrx_word' id='word_1_237' title='bbox 1463 3297 1698 3352; x_wconf 86' lang='lat' dir='ltr'><strong>cultores</strong></span> <span class='ocrx_word' id='word_1_238' title='bbox 1743 3315 1838 3355; x_wconf 90' lang='lat' dir='ltr'><strong>co-</strong></span> 
     </span>
    </p>
   </div>
   <div class='ocr_carea' id='block_1_33' title="bbox 259 3379 1839 3460">
    <p class='ocr_par' dir='ltr' id='par_1_33' title="bbox 259 3379 1839 3460">
     <span class='ocr_line' id='line_1_33' title="bbox 259 3379 1839 3460; baseline 0.013 -33"><span class='ocrx_word' id='word_1_239' title='bbox 259 3389 394 3442; x_wconf 84' lang='lat' dir='ltr'><strong>rum,</strong></span> <span class='ocrx_word' id='word_1_240' title='bbox 423 3393 655 3446; x_wconf 86' lang='lat' dir='ltr'><strong>quorum</strong></span> <span class='ocrx_word' id='word_1_241' title='bbox 678 3379 722 3434; x_wconf 86' lang='lat' dir='ltr'><strong>si</strong></span> <span class='ocrx_word' id='word_1_242' title='bbox 750 3379 878 3448; x_wconf 91' lang='lat' dir='ltr'><strong>quid</strong></span> <span class='ocrx_word' id='word_1_243' title='bbox 908 3397 1046 3437; x_wconf 87' lang='lat' dir='ltr'><strong>nunc</strong></span> <span class='ocrx_word' id='word_1_244' title='bbox 1069 3385 1210 3454; x_wconf 70' lang='lat' dir='ltr'><strong>passi</strong></span> <span class='ocrx_word' id='word_1_245' title='bbox 1244 3383 1455 3454; x_wconf 84' lang='lat' dir='ltr'><strong>fuerint,</strong></span> <span class='ocrx_word' id='word_1_246' title='bbox 1482 3387 1634 3444; x_wconf 81' lang='lat' dir='ltr'><strong>nobis</strong></span> <span class='ocrx_word' id='word_1_247' title='bbox 1666 3393 1839 3460; x_wconf 86' lang='lat' dir='ltr'><strong>impu-</strong></span> 
     </span>
    </p>
   </div>
   <div class='ocr_carea' id='block_1_34' title="bbox 259 3467 1839 3548">
    <p class='ocr_par' dir='ltr' id='par_1_34' title="bbox 259 3467 1839 3548">
     <span class='ocr_line' id='line_1_34' title="bbox 259 3467 1839 3548; baseline 0.01 -28"><span class='ocrx_word' id='word_1_248' title='bbox 259 3467 474 3522; x_wconf 77' lang='lat' dir='ltr'><strong>tandum</strong></span> <span class='ocrx_word' id='word_1_249' title='bbox 513 3483 634 3523; x_wconf 83' lang='lat' dir='ltr'><strong>esse</strong></span> <span class='ocrx_word' id='word_1_250' title='bbox 676 3471 1026 3530; x_wconf 87' lang='lat' dir='ltr'><strong>contendunt.</strong></span> <span class='ocrx_word' id='word_1_251' title='bbox 1073 3473 1182 3528; x_wconf 86' lang='lat' dir='ltr'><strong>Cur</strong></span> <span class='ocrx_word' id='word_1_252' title='bbox 1207 3475 1346 3530; x_wconf 88' lang='lat' dir='ltr'><strong>cnim</strong></span> <span class='ocrx_word' id='word_1_253' title='bbox 1370 3491 1430 3531; x_wconf 87' lang='lat' dir='ltr'><strong>ea</strong></span> <span class='ocrx_word' id='word_1_254' title='bbox 1454 3493 1572 3548; x_wconf 71' lang='lat' dir='ltr'><strong>qua:</strong></span> <span class='ocrx_word' id='word_1_255' title='bbox 1599 3479 1839 3537; x_wconf 89' lang='lat' dir='ltr'><strong>dicturus</strong></span> 
     </span>
    </p>
   </div>
   <div class='ocr_carea' id='block_1_35' title="bbox 259 3559 1838 3640">
    <p class='ocr_par' dir='ltr' id='par_1_35' title="bbox 259 3559 1838 3640">
     <span class='ocr_line' id='line_1_35' title="bbox 259 3559 1838 3640; baseline 0.011 -31"><span class='ocrx_word' id='word_1_256' title='bbox 259 3573 400 3625; x_wconf 77' lang='lat' dir='ltr'><strong>suin,</strong></span> <span class='ocrx_word' id='word_1_257' title='bbox 437 3559 798 3627; x_wconf 88' lang='lat' dir='ltr'><strong>permiserunt</strong></span> <span class='ocrx_word' id='word_1_258' title='bbox 824 3561 1064 3618; x_wconf 88' lang='lat' dir='ltr'><strong>accidere</strong></span> <span class='ocrx_word' id='word_1_259' title='bbox 1089 3565 1379 3622; x_wconf 83' lang='lat' dir='ltr'><strong>cultoribus</strong></span> <span class='ocrx_word' id='word_1_260' title='bbox 1413 3569 1838 3640; x_wconf 85' lang='lat' dir='ltr'><strong>suis,anthuam</strong></span> 
     </span>
    </p>
   </div>
   <div class='ocr_carea' id='block_1_36' title="bbox 260 3649 1836 3734">
    <p class='ocr_par' dir='ltr' id='par_1_36' title="bbox 260 3649 1836 3734">
     <span class='ocr_line' id='line_1_36' title="bbox 260 3649 1836 3734; baseline 0.01 -32"><span class='ocrx_word' id='word_1_261' title='bbox 260 3663 350 3703; x_wconf 82' lang='lat' dir='ltr'><strong>eos</strong></span> <span class='ocrx_word' id='word_1_262' title='bbox 373 3649 705 3705; x_wconf 81' lang='lat' dir='ltr'><strong>declaratum</strong></span> <span class='ocrx_word' id='word_1_263' title='bbox 733 3649 930 3708; x_wconf 88' lang='lat' dir='ltr'><strong>Christi</strong></span> <span class='ocrx_word' id='word_1_264' title='bbox 973 3670 1166 3710; x_wconf 90' lang='lat' dir='ltr'><strong>nomen</strong></span> <span class='ocrx_word' id='word_1_265' title='bbox 1195 3655 1508 3726; x_wconf 75' lang='lat' dir='ltr'><strong>oll‘euderet,</strong></span> <span class='ocrx_word' id='word_1_266' title='bbox 1543 3675 1836 3734; x_wconf 90' lang='lat' dir='ltr'><strong>eorumque</strong></span> 
     </span>
    </p>
   </div>
   <div class='ocr_carea' id='block_1_37' title="bbox 262 3742 900 3812">
    <p class='ocr_par' dir='ltr' id='par_1_37' title="bbox 262 3742 900 3812">
     <span class='ocr_line' id='line_1_37' title="bbox 262 3742 900 3812; baseline 0.013 -20"><span class='ocrx_word' id='word_1_267' title='bbox 262 3742 518 3796; x_wconf 78' lang='lat' dir='ltr'><strong>sacriﬁcia</strong></span> <span class='ocrx_word' id='word_1_268' title='bbox 549 3743 900 3812; x_wconf 75' lang='lat' dir='ltr'><strong>prohiberet?</strong></span> 
     </span>
    </p>
   </div>
   <div class='ocr_carea' id='block_1_38' title="bbox 263 3853 1841 3937">
    <p class='ocr_par' dir='ltr' id='par_1_38' title="bbox 263 3853 1841 3937">
     <span class='ocr_line' id='line_1_38' title="bbox 263 3853 1841 3937; baseline 0.008 -29"><span class='ocrx_word' id='word_1_269' title='bbox 263 3853 482 3911; x_wconf 69' lang='lat' dir='ltr'><strong>CAPUT</strong></span> <span class='ocrx_word' id='word_1_270' title='bbox 537 3855 626 3912; x_wconf 72' lang='grc' dir='ltr'><strong>ιγ.</strong></span> <span class='ocrx_word' id='word_1_271' title='bbox 657 3888 726 3898; x_wconf 92' lang='lat'><strong>—</strong></span> <span class='ocrx_word' id='word_1_272' title='bbox 755 3857 905 3925; x_wconf 82' lang='lat' dir='ltr'><strong>Quod</strong></span> <span class='ocrx_word' id='word_1_273' title='bbox 929 3859 1146 3916; x_wconf 73' lang='lat' dir='ltr'><strong>cultores</strong></span> <span class='ocrx_word' id='word_1_274' title='bbox 1167 3861 1376 3916; x_wconf 83' lang='lat' dir='ltr'><strong>deorum</strong></span> <span class='ocrx_word' id='word_1_275' title='bbox 1405 3861 1547 3918; x_wconf 80' lang='lat' dir='ltr'><strong>nulla</strong></span> <span class='ocrx_word' id='word_1_276' title='bbox 1569 3881 1790 3937; x_wconf 81' lang='lat' dir='ltr'><strong>unquam</strong></span> <span class='ocrx_word' id='word_1_277' title='bbox 1808 3885 1841 3920; x_wconf 90' lang='lat' dir='ltr'><strong>a</strong></span> 
     </span>
    </p>
   </div>
   <div class='ocr_carea' id='block_1_39' title="bbox 327 3947 1840 4026">
    <p class='ocr_par' dir='ltr' id='par_1_39' title="bbox 327 3947 1840 4026">
     <span class='ocr_line' id='line_1_39' title="bbox 327 3947 1840 4026; baseline 0.011 -28"><span class='ocrx_word' id='word_1_278' title='bbox 327 3947 424 4001; x_wconf 72' lang='lat' dir='ltr'><strong>diis</strong></span> <span class='ocrx_word' id='word_1_279' title='bbox 451 3948 558 4001; x_wconf 73' lang='lat' dir='ltr'><strong>suis</strong></span> <span class='ocrx_word' id='word_1_280' title='bbox 589 3961 842 4020; x_wconf 68' lang='lat' dir='ltr'><strong>praecepta</strong></span> <span class='ocrx_word' id='word_1_281' title='bbox 877 3951 1135 4020; x_wconf 79' lang='lat' dir='ltr'><strong>probitatis</strong></span> <span class='ocrx_word' id='word_1_282' title='bbox 1181 3956 1502 4026; x_wconf 84' lang='lat' dir='ltr'><strong>acceperint,</strong></span> <span class='ocrx_word' id='word_1_283' title='bbox 1539 3967 1584 4011; x_wconf 87' lang='lat' dir='ltr'><strong>et</strong></span> <span class='ocrx_word' id='word_1_284' title='bbox 1611 3957 1663 4012; x_wconf 85' lang='lat' dir='ltr'><strong>in</strong></span> <span class='ocrx_word' id='word_1_285' title='bbox 1683 3960 1840 4014; x_wconf 70' lang='lat' dir='ltr'><strong>sacris</strong></span> 
     </span>
    </p>
   </div>
   <div class='ocr_carea' id='block_1_40' title="bbox 329 4040 1330 4124">
    <p class='ocr_par' dir='ltr' id='par_1_40' title="bbox 329 4040 1330 4124">
     <span class='ocr_line' id='line_1_40' title="bbox 329 4040 1330 4124; baseline 0.006 -34"><span class='ocrx_word' id='word_1_286' title='bbox 329 4054 508 4092; x_wconf 74' lang='lat' dir='ltr'><strong>rerum</strong></span> <span class='ocrx_word' id='word_1_287' title='bbox 531 4040 704 4109; x_wconf 82' lang='lat' dir='ltr'><strong>turpia</strong></span> <span class='ocrx_word' id='word_1_288' title='bbox 725 4055 932 4124; x_wconf 57' lang='lat' dir='ltr'><strong>quisque</strong></span> <span class='ocrx_word' id='word_1_289' title='bbox 955 4041 1330 4098; x_wconf 80' lang='lat' dir='ltr'><strong>celebraverint.</strong></span> 
     </span>
    </p>
   </div>
   <div class='ocr_carea' id='block_1_41' title="bbox 331 4170 1842 4254">
    <p class='ocr_par' dir='ltr' id='par_1_41' title="bbox 331 4170 1842 4254">
     <span class='ocr_line' id='line_1_41' title="bbox 331 4170 1842 4254; baseline 0.011 -31"><span class='ocrx_word' id='word_1_290' title='bbox 331 4170 514 4225; x_wconf 79' lang='lat' dir='ltr'><strong>Primo</strong></span> <span class='ocrx_word' id='word_1_291' title='bbox 550 4172 694 4242; x_wconf 88' lang='lat' dir='ltr'><strong>ipsos</strong></span> <span class='ocrx_word' id='word_1_292' title='bbox 735 4187 1024 4230; x_wconf 75' lang='lat' dir='ltr'><strong>mores~ue</strong></span> <span class='ocrx_word' id='word_1_293' title='bbox 1067 4175 1330 4245; x_wconf 80' lang='lat' dir='ltr'><strong>pessimos</strong></span> <span class='ocrx_word' id='word_1_294' title='bbox 1359 4177 1640 4248; x_wconf 88' lang='lat' dir='ltr'><strong>haberent,</strong></span> <span class='ocrx_word' id='word_1_295' title='bbox 1677 4197 1842 4254; x_wconf 87' lang='lat' dir='ltr'><strong>quare</strong></span> 
     </span>
    </p>
   </div>
   <div class='ocr_carea' id='block_1_42' title="bbox 265 4262 1838 4343">
    <p class='ocr_par' dir='ltr' id='par_1_42' title="bbox 265 4262 1838 4343">
     <span class='ocr_line' id='line_1_42' title="bbox 265 4262 1838 4343; baseline 0.01 -27"><span class='ocrx_word' id='word_1_296' title='bbox 265 4262 334 4316; x_wconf 85' lang='lat' dir='ltr'><strong>dii</strong></span> <span class='ocrx_word' id='word_1_297' title='bbox 353 4279 546 4318; x_wconf 87' lang='lat' dir='ltr'><strong>eorum</strong></span> <span class='ocrx_word' id='word_1_298' title='bbox 573 4279 765 4320; x_wconf 90' lang='lat' dir='ltr'><strong>curare</strong></span> <span class='ocrx_word' id='word_1_299' title='bbox 785 4266 1110 4323; x_wconf 82' lang='lat' dir='ltr'><strong>noluerunt?</strong></span> <span class='ocrx_word' id='word_1_300' title='bbox 1135 4271 1276 4326; x_wconf 89' lang='lat' dir='ltr'><strong>Deus</strong></span> <span class='ocrx_word' id='word_1_301' title='bbox 1306 4272 1449 4326; x_wconf 89' lang='lat' dir='ltr'><strong>enim</strong></span> <span class='ocrx_word' id='word_1_302' title='bbox 1491 4288 1654 4329; x_wconf 88' lang='lat' dir='ltr'><strong>verus</strong></span> <span class='ocrx_word' id='word_1_303' title='bbox 1703 4289 1799 4331; x_wconf 89' lang='lat' dir='ltr'><strong>eos</strong></span> <span class='ocrx_word' id='word_1_304' title='bbox 1821 4317 1838 4343; x_wconf 93' lang='lat'><strong>,</strong></span> 
     </span>
    </p>
   </div>
   <div class='ocr_carea' id='block_1_43' title="bbox 263 4355 1842 4434">
    <p class='ocr_par' dir='ltr' id='par_1_43' title="bbox 263 4355 1842 4434">
     <span class='ocr_line' id='line_1_43' title="bbox 263 4355 1842 4434; baseline 0.012 -28"><span class='ocrx_word' id='word_1_305' title='bbox 263 4370 292 4406; x_wconf 72' lang='grc' dir='ltr'><strong>τι</strong></span> <span class='ocrx_word' id='word_1_306' title='bbox 317 4355 512 4424; x_wconf 87' lang='lat' dir='ltr'><strong>quibus</strong></span> <span class='ocrx_word' id='word_1_307' title='bbox 537 4371 646 4410; x_wconf 88' lang='lat' dir='ltr'><strong>non</strong></span> <span class='ocrx_word' id='word_1_308' title='bbox 679 4357 979 4424; x_wconf 90' lang='lat' dir='ltr'><strong>colebatur,</strong></span> <span class='ocrx_word' id='word_1_309' title='bbox 1021 4361 1213 4415; x_wconf 88' lang='lat' dir='ltr'><strong>merito</strong></span> <span class='ocrx_word' id='word_1_310' title='bbox 1243 4363 1515 4434; x_wconf 78' lang='lat' dir='ltr'><strong>neglexit;</strong></span> <span class='ocrx_word' id='word_1_311' title='bbox 1543 4365 1620 4422; x_wconf 91' lang='lat' dir='ltr'><strong>dii</strong></span> <span class='ocrx_word' id='word_1_312' title='bbox 1664 4381 1842 4425; x_wconf 84' lang='lat' dir='ltr'><strong>autem</strong></span> 
     </span>
    </p>
   </div>
   <div class='ocr_carea' id='block_1_44' title="bbox 267 4446 1844 4528">
    <p class='ocr_par' dir='ltr' id='par_1_44' title="bbox 267 4446 1844 4528">
     <span class='ocr_line' id='line_1_44' title="bbox 267 4446 1844 4528; baseline 0.011 -30"><span class='ocrx_word' id='word_1_313' title='bbox 267 4446 364 4510; x_wconf 86' lang='lat' dir='ltr'><strong>illi,</strong></span> <span class='ocrx_word' id='word_1_314' title='bbox 397 4461 430 4500; x_wconf 92' lang='lat' dir='ltr'><strong>a</strong></span> <span class='ocrx_word' id='word_1_315' title='bbox 467 4461 698 4517; x_wconf 89' lang='lat' dir='ltr'><strong>quorum</strong></span> <span class='ocrx_word' id='word_1_316' title='bbox 726 4450 870 4504; x_wconf 90' lang='lat' dir='ltr'><strong>cultu</strong></span> <span class='ocrx_word' id='word_1_317' title='bbox 899 4464 957 4504; x_wconf 91' lang='lat' dir='ltr'><strong>se</strong></span> <span class='ocrx_word' id='word_1_318' title='bbox 983 4451 1256 4519; x_wconf 87' lang='lat' dir='ltr'><strong>prohiberi</strong></span> <span class='ocrx_word' id='word_1_319' title='bbox 1282 4453 1526 4512; x_wconf 85' lang='lat' dir='ltr'><strong>homines</strong></span> <span class='ocrx_word' id='word_1_320' title='bbox 1551 4458 1844 4528; x_wconf 82' lang='lat' dir='ltr'><strong>ingratissi-</strong></span> 
     </span>
    </p>
   </div>
   <div class='ocr_carea' id='block_1_45' title="bbox 269 4539 1842 4608">
    <p class='ocr_par' dir='ltr' id='par_1_45' title="bbox 269 4539 1842 4608">
     <span class='ocr_line' id='line_1_45' title="bbox 269 4539 1842 4608; baseline 0.012 -21"><span class='ocrx_word' id='word_1_321' title='bbox 269 4539 332 4588; x_wconf 77' lang='lat' dir='ltr'><strong>mi</strong></span> <span class='ocrx_word' id='word_1_322' title='bbox 365 4550 794 4608; x_wconf 82' lang='lat' dir='ltr'><strong>conqueruntur,</strong></span> <span class='ocrx_word' id='word_1_323' title='bbox 847 4539 1079 4595; x_wconf 89' lang='lat' dir='ltr'><strong>cultores</strong></span> <span class='ocrx_word' id='word_1_324' title='bbox 1109 4557 1236 4598; x_wconf 87' lang='lat' dir='ltr'><strong>suos</strong></span> <span class='ocrx_word' id='word_1_325' title='bbox 1286 4543 1352 4598; x_wconf 91' lang='lat' dir='ltr'><strong>ad</strong></span> <span class='ocrx_word' id='word_1_326' title='bbox 1390 4545 1526 4600; x_wconf 88' lang='lat' dir='ltr'><strong>bene</strong></span> <span class='ocrx_word' id='word_1_327' title='bbox 1557 4549 1842 4606; x_wconf 86' lang='lat' dir='ltr'><strong>vivendum</strong></span> 
     </span>
    </p>
   </div>
   <div class='ocr_carea' id='block_1_46' title="bbox 271 4629 1846 4708">
    <p class='ocr_par' dir='ltr' id='par_1_46' title="bbox 271 4629 1846 4708">
     <span class='ocr_line' id='line_1_46' title="bbox 271 4629 1846 4708; baseline 0.012 -31"><span class='ocrx_word' id='word_1_328' title='bbox 271 4644 428 4696; x_wconf 71' lang='lat' dir='ltr'><strong>quare</strong></span> <span class='ocrx_word' id='word_1_329' title='bbox 457 4629 622 4684; x_wconf 85' lang='lat' dir='ltr'><strong>nullis</strong></span> <span class='ocrx_word' id='word_1_330' title='bbox 648 4630 852 4699; x_wconf 81' lang='lat' dir='ltr'><strong>legibus</strong></span> <span class='ocrx_word' id='word_1_331' title='bbox 890 4630 1244 4700; x_wconf 86' lang='lat' dir='ltr'><strong>adjuvcrunl?</strong></span> <span class='ocrx_word' id='word_1_332' title='bbox 1271 4633 1463 4705; x_wconf 87' lang='lat' dir='ltr'><strong>Utique</strong></span> <span class='ocrx_word' id='word_1_333' title='bbox 1482 4635 1700 4708; x_wconf 87' lang='lat' dir='ltr'><strong>dignum</strong></span> <span class='ocrx_word' id='word_1_334' title='bbox 1731 4651 1846 4696; x_wconf 90' lang='lat' dir='ltr'><strong>erat</strong></span> 
     </span>
    </p>
   </div>
   <div class='ocr_carea' id='block_1_47' title="bbox 273 4723 1844 4795">
    <p class='ocr_par' dir='ltr' id='par_1_47' title="bbox 273 4723 1844 4795">
     <span class='ocr_line' id='line_1_47' title="bbox 273 4723 1844 4795; baseline 0.01 -21"><span class='ocrx_word' id='word_1_335' title='bbox 273 4731 324 4774; x_wconf 82' lang='lat' dir='ltr'><strong>ut</strong></span> <span class='ocrx_word' id='word_1_336' title='bbox 367 4723 644 4792; x_wconf 79' lang='lat' dir='ltr'><strong>quomodo</strong></span> <span class='ocrx_word' id='word_1_337' title='bbox 690 4724 775 4778; x_wconf 88' lang='lat' dir='ltr'><strong>isti</strong></span> <span class='ocrx_word' id='word_1_338' title='bbox 811 4725 1023 4781; x_wconf 87' lang='lat' dir='ltr'><strong>illorum</strong></span> <span class='ocrx_word' id='word_1_339' title='bbox 1053 4742 1228 4795; x_wconf 91' lang='lat' dir='ltr'><strong>sacra,</strong></span> <span class='ocrx_word' id='word_1_340' title='bbox 1255 4729 1326 4786; x_wconf 87' lang='lat' dir='ltr'><strong>ita</strong></span> <span class='ocrx_word' id='word_1_341' title='bbox 1349 4730 1424 4784; x_wconf 90' lang='lat' dir='ltr'><strong>illi</strong></span> <span class='ocrx_word' id='word_1_342' title='bbox 1453 4731 1676 4786; x_wconf 89' lang='lat' dir='ltr'><strong>istorum</strong></span> <span class='ocrx_word' id='word_1_343' title='bbox 1703 4732 1844 4790; x_wconf 74' lang='lat' dir='ltr'><strong>facta</strong></span> 
     </span>
    </p>
   </div>
   <div class='ocr_carea' id='block_1_48' title="bbox 331 4854 1844 4928">
    <p class='ocr_par' dir='ltr' id='par_1_48' title="bbox 331 4854 1844 4928">
     <span class='ocr_line' id='line_1_48' title="bbox 331 4854 1844 4928; baseline 0.011 -28"><span class='ocrx_word' id='word_1_344' title='bbox 331 4858 346 4886; x_wconf 74' lang='grc' dir='ltr'><strong>ι</strong></span> <span class='ocrx_word' id='word_1_345' title='bbox 377 4855 522 4928; x_wconf 76' lang='lat' dir='ltr'><strong>Edit‘i.</strong></span> <span class='ocrx_word' id='word_1_346' title='bbox 551 4854 761 4928; x_wconf 69' lang='lat' dir='ltr'><strong>defecit;</strong></span> <span class='ocrx_word' id='word_1_347' title='bbox 799 4863 851 4906; x_wconf 87' lang='lat' dir='ltr'><strong>et</strong></span> <span class='ocrx_word' id='word_1_348' title='bbox 891 4869 954 4928; x_wconf 67' lang='lat' dir='ltr'><strong>ex</strong></span> <span class='ocrx_word' id='word_1_349' title='bbox 982 4860 1056 4928; x_wconf 69' lang='lat' dir='ltr'><strong>iis</strong></span> <span class='ocrx_word' id='word_1_350' title='bbox 1095 4867 1225 4928; x_wconf 76' lang='lat' dir='ltr'><strong>tres,</strong></span> <span class='ocrx_word' id='word_1_351' title='bbox 1267 4861 1452 4928; x_wconf 78' lang='lat' dir='ltr'><strong>scilicet</strong></span> <span class='ocrx_word' id='word_1_352' title='bbox 1489 4865 1622 4913; x_wconf 76' lang='lat' dir='ltr'><strong>Vind.</strong></span> <span class='ocrx_word' id='word_1_353' title='bbox 1651 4874 1748 4915; x_wconf 79' lang='lat' dir='ltr'><strong>Am.</strong></span> <span class='ocrx_word' id='word_1_354' title='bbox 1770 4874 1844 4916; x_wconf 82' lang='lat' dir='ltr'><strong>Er.</strong></span> 
     </span>
    </p>
   </div>
   <div class='ocr_carea' id='block_1_49' title="bbox 271 4919 1850 4980">
    <p class='ocr_par' dir='ltr' id='par_1_49' title="bbox 271 4919 1850 4980">
     <span class='ocr_line' id='line_1_49' title="bbox 271 4919 1850 4980; baseline 0.009 -15"><span class='ocrx_word' id='word_1_355' title='bbox 271 4925 635 4980; x_wconf 60' lang='lat' dir='ltr'><strong>[miseruiuntur</strong></span> <span class='ocrx_word' id='word_1_356' title='bbox 659 4955 672 4976; x_wconf 87' lang='lat'><strong>,</strong></span> <span class='ocrx_word' id='word_1_357' title='bbox 699 4930 848 4980; x_wconf 80' lang='lat' dir='ltr'><strong>causa</strong></span> <span class='ocrx_word' id='word_1_358' title='bbox 886 4919 1136 4971; x_wconf 78' lang='lat' dir='ltr'><strong>christiani</strong></span> <span class='ocrx_word' id='word_1_359' title='bbox 1173 4923 1392 4973; x_wconf 82' lang='lat' dir='ltr'><strong>nominis.</strong></span> <span class='ocrx_word' id='word_1_360' title='bbox 1439 4931 1496 4974; x_wconf 80' lang='lat' dir='ltr'><strong>At</strong></span> <span class='ocrx_word' id='word_1_361' title='bbox 1517 4933 1720 4978; x_wconf 83' lang='lat' dir='ltr'><strong>veteres</strong></span> <span class='ocrx_word' id='word_1_362' title='bbox 1741 4929 1850 4980; x_wconf 87' lang='lat' dir='ltr'><strong>libri</strong></span> 
     </span>
    </p>
   </div>
   <div class='ocr_carea' id='block_1_50' title="bbox 271 4977 1846 5052">
    <p class='ocr_par' dir='ltr' id='par_1_50' title="bbox 271 4977 1846 5052">
     <span class='ocr_line' id='line_1_50' title="bbox 271 4977 1846 5052; baseline 0.007 -28"><span class='ocrx_word' id='word_1_363' title='bbox 271 4977 385 5052; x_wconf 37' lang='lat' dir='ltr'><strong>iter;</strong></span> <span class='ocrx_word' id='word_1_364' title='bbox 407 4977 608 5052; x_wconf 67' lang='lat' dir='ltr'><strong>addunt,</strong></span> <span class='ocrx_word' id='word_1_365' title='bbox 647 4977 852 5030; x_wconf 81' lang='lat' dir='ltr'><strong>nominis</strong></span> <span class='ocrx_word' id='word_1_366' title='bbox 871 4991 890 5028; x_wconf 90' lang='lat'><strong><em>:</em></strong></span> <span class='ocrx_word' id='word_1_367' title='bbox 933 4989 985 5052; x_wconf 76' lang='lat' dir='ltr'><strong>et</strong></span> <span class='ocrx_word' id='word_1_368' title='bbox 1015 4981 1146 5052; x_wconf 75' lang='lat' dir='ltr'><strong>loco,</strong></span> <span class='ocrx_word' id='word_1_369' title='bbox 1191 4983 1393 5052; x_wconf 76' lang='lat' dir='ltr'><strong>defecit,</strong></span> <span class='ocrx_word' id='word_1_370' title='bbox 1437 4986 1620 5052; x_wconf 78' lang='lat' dir='ltr'><strong>habent</strong></span> <span class='ocrx_word' id='word_1_371' title='bbox 1656 4977 1846 5052; x_wconf 56' lang='lat' dir='ltr'><strong>omitas;</strong></span> 
     </span>
    </p>
   </div>
   <div class='ocr_carea' id='block_1_51' title="bbox 273 5037 1852 5109">
    <p class='ocr_par' dir='ltr' id='par_1_51' title="bbox 273 5037 1852 5109">
     <span class='ocr_line' id='line_1_51' title="bbox 273 5037 1852 5109; baseline 0.009 -23"><span class='ocrx_word' id='word_1_372' title='bbox 273 5038 404 5109; x_wconf 72' lang='lat' dir='ltr'><strong>defit.</strong></span> <span class='ocrx_word' id='word_1_373' title='bbox 439 5037 828 5109; x_wconf 56' lang='lat' dir='ltr'><strong>I‘luresquoque</strong></span> <span class='ocrx_word' id='word_1_374' title='bbox 852 5055 914 5090; x_wconf 81' lang='lat' dir='ltr'><strong>ex</strong></span> <span class='ocrx_word' id='word_1_375' title='bbox 940 5043 1110 5109; x_wconf 75' lang='lat' dir='ltr'><strong>iisdem</strong></span> <span class='ocrx_word' id='word_1_376' title='bbox 1133 5037 1488 5109; x_wconf 50' lang='lat' dir='ltr'><strong>&quot;manuscriptis</strong></span> <span class='ocrx_word' id='word_1_377' title='bbox 1503 5037 1704 5109; x_wconf 73' lang='lat' dir='ltr'><strong>optimae</strong></span> <span class='ocrx_word' id='word_1_378' title='bbox 1727 5037 1852 5103; x_wconf 59' lang='lat' dir='ltr'><strong>noue</strong></span> 
     </span>
    </p>
   </div>
   <div class='ocr_carea' id='block_1_52' title="bbox 273 5103 1853 5180">
    <p class='ocr_par' dir='ltr' id='par_1_52' title="bbox 273 5103 1853 5180">
     <span class='ocr_line' id='line_1_52' title="bbox 273 5103 1853 5180; baseline 0.01 -34"><span class='ocrx_word' id='word_1_379' title='bbox 273 5103 422 5180; x_wconf 55' lang='lat' dir='ltr'><strong>verba</strong></span> <span class='ocrx_word' id='word_1_380' title='bbox 451 5103 819 5180; x_wconf 43' lang='lat' dir='ltr'><strong>mettoeptia‘</strong></span> <span class='ocrx_word' id='word_1_381' title='bbox 831 5103 1082 5180; x_wconf 67' lang='lat' dir='ltr'><strong>nonnullis</strong></span> <span class='ocrx_word' id='word_1_382' title='bbox 1103 5107 1294 5180; x_wconf 82' lang='lat' dir='ltr'><strong>omissis</strong></span> <span class='ocrx_word' id='word_1_383' title='bbox 1317 5103 1561 5178; x_wconf 74' lang='lat' dir='ltr'><strong>particulis</strong></span> <span class='ocrx_word' id='word_1_384' title='bbox 1574 5111 1672 5180; x_wconf 51' lang='grc' dir='ltr'><strong>βίᾳ,</strong></span> <span class='ocrx_word' id='word_1_385' title='bbox 1683 5113 1853 5180; x_wconf 74' lang='lat' dir='ltr'><strong>distiu-</strong></span> 
     </span>
    </p>
   </div>
   <div class='ocr_carea' id='block_1_53' title="bbox 271 5161 1852 5230">
    <p class='ocr_par' dir='ltr' id='par_1_53' title="bbox 271 5161 1852 5230">
     <span class='ocr_line' id='line_1_53' title="bbox 271 5161 1852 5230; baseline 0.011 -23"><span class='ocrx_word' id='word_1_386' title='bbox 271 5168 427 5230; x_wconf 66' lang='lat' dir='ltr'><strong>guunt</strong></span> <span class='ocrx_word' id='word_1_387' title='bbox 451 5161 642 5230; x_wconf 37' lang='lat' dir='ltr'><strong>accusa</strong></span> <span class='ocrx_word' id='word_1_388' title='bbox 664 5161 930 5230; x_wconf 59' lang='lat' dir='ltr'><strong>christiani</strong></span> <span class='ocrx_word' id='word_1_389' title='bbox 943 5172 1080 5230; x_wconf 53' lang='lat' dir='ltr'><strong>sunt.</strong></span> <span class='ocrx_word' id='word_1_390' title='bbox 1095 5175 1215 5217; x_wconf 76' lang='lat' dir='ltr'><strong>Nam</strong></span> <span class='ocrx_word' id='word_1_391' title='bbox 1244 5161 1514 5230; x_wconf 71' lang='lat' dir='ltr'><strong>urticarum</strong></span> <span class='ocrx_word' id='word_1_392' title='bbox 1541 5169 1716 5222; x_wconf 75' lang='lat' dir='ltr'><strong>studiis</strong></span> <span class='ocrx_word' id='word_1_393' title='bbox 1739 5161 1852 5224; x_wconf 77' lang='lat' dir='ltr'><strong>tibe-</strong></span> 
     </span>
    </p>
   </div>
   <div class='ocr_carea' id='block_1_54' title="bbox 273 5221 1850 5294">
    <p class='ocr_par' dir='ltr' id='par_1_54' title="bbox 273 5221 1850 5294">
     <span class='ocr_line' id='line_1_54' title="bbox 273 5221 1850 5294; baseline 0.012 -26"><span class='ocrx_word' id='word_1_394' title='bbox 273 5221 452 5294; x_wconf 49' lang='lat' dir='ltr'><strong>intibus</strong></span> <span class='ocrx_word' id='word_1_395' title='bbox 473 5221 675 5294; x_wconf 74' lang='lat' dir='ltr'><strong>instituti</strong></span> <span class='ocrx_word' id='word_1_396' title='bbox 702 5230 880 5294; x_wconf 66' lang='lat' dir='ltr'><strong>ainant</strong></span> <span class='ocrx_word' id='word_1_397' title='bbox 893 5225 1180 5294; x_wconf 83' lang='lat' dir='ltr'><strong>_historium,</strong></span> <span class='ocrx_word' id='word_1_398' title='bbox 1216 5221 1446 5294; x_wconf 69' lang='lat' dir='ltr'><strong>facillime</strong></span> <span class='ocrx_word' id='word_1_399' title='bbox 1481 5231 1576 5284; x_wconf 80' lang='lat' dir='ltr'><strong>ista</strong></span> <span class='ocrx_word' id='word_1_400' title='bbox 1605 5221 1850 5287; x_wconf 70' lang='lat' dir='ltr'><strong>merant.</strong></span> 
     </span>
    </p>
   </div>
   <div class='ocr_carea' id='block_1_55' title="bbox 269 5284 1044 5336">
    <p class='ocr_par' dir='ltr' id='par_1_55' title="bbox 269 5284 1044 5336">
     <span class='ocr_line' id='line_1_55' title="bbox 269 5284 1044 5336; baseline 0.006 -5"><span class='ocrx_word' id='word_1_401' title='bbox 269 5307 322 5320; x_wconf 80' lang='lat'><strong>-—</strong></span> <span class='ocrx_word' id='word_1_402' title='bbox 351 5284 422 5332; x_wconf 81' lang='lat' dir='ltr'><strong>sic</strong></span> <span class='ocrx_word' id='word_1_403' title='bbox 440 5287 585 5332; x_wconf 87' lang='lat' dir='ltr'><strong>etiam</strong></span> <span class='ocrx_word' id='word_1_404' title='bbox 610 5286 759 5333; x_wconf 70' lang='lat' dir='ltr'><strong>noan</strong></span> <span class='ocrx_word' id='word_1_405' title='bbox 781 5287 924 5335; x_wconf 89' lang='lat' dir='ltr'><strong>Codd.</strong></span> <span class='ocrx_word' id='word_1_406' title='bbox 990 5297 1044 5336; x_wconf 79' lang='grc' dir='ltr'><strong>Μ.</strong></span> 
     </span>
    </p>
   </div>
   <div class='ocr_carea' id='block_1_56' title="bbox 335 5346 1856 5418">
    <p class='ocr_par' dir='ltr' id='par_1_56' title="bbox 335 5346 1856 5418">
     <span class='ocr_line' id='line_1_56' title="bbox 335 5346 1856 5418; baseline 0.011 -26"><span class='ocrx_word' id='word_1_407' title='bbox 335 5346 405 5408; x_wconf 82' lang='lat' dir='ltr'><strong>(a)</strong></span> <span class='ocrx_word' id='word_1_408' title='bbox 430 5346 558 5394; x_wconf 80' lang='lat' dir='ltr'><strong>istud</strong></span> <span class='ocrx_word' id='word_1_409' title='bbox 597 5349 646 5418; x_wconf 80' lang='lat' dir='ltr'><strong>in</strong></span> <span class='ocrx_word' id='word_1_410' title='bbox 688 5347 980 5418; x_wconf 71' lang='lat' dir='ltr'><strong>Christianos</strong></span> <span class='ocrx_word' id='word_1_411' title='bbox 1018 5353 1326 5418; x_wconf 76' lang='lat' dir='ltr'><strong>proverbium</strong></span> <span class='ocrx_word' id='word_1_412' title='bbox 1363 5355 1522 5418; x_wconf 89' lang='lat' dir='ltr'><strong>paulo.</strong></span> <span class='ocrx_word' id='word_1_413' title='bbox 1547 5355 1654 5406; x_wconf 88' lang='lat' dir='ltr'><strong>aliis</strong></span> <span class='ocrx_word' id='word_1_414' title='bbox 1689 5359 1856 5410; x_wconf 81' lang='lat' dir='ltr'><strong>verbis</strong></span> 
     </span>
    </p>
   </div>
   <div class='ocr_carea' id='block_1_57' title="bbox 274 5408 1512 5476">
    <p class='ocr_par' dir='ltr' id='par_1_57' title="bbox 274 5408 1512 5476">
     <span class='ocr_line' id='line_1_57' title="bbox 274 5408 1512 5476; baseline 0.009 -21"><span class='ocrx_word' id='word_1_415' title='bbox 274 5408 1054 5476; x_wconf 59' lang='lat' dir='ltr'><strong>mttmemratumliabeslr‘narr.</strong></span> <span class='ocrx_word' id='word_1_416' title='bbox 1081 5414 1130 5461; x_wconf 89' lang='lat' dir='ltr'><strong>in</strong></span> <span class='ocrx_word' id='word_1_417' title='bbox 1153 5415 1273 5464; x_wconf 80' lang='lat' dir='ltr'><strong>Psal.</strong></span> <span class='ocrx_word' id='word_1_418' title='bbox 1296 5408 1379 5476; x_wconf 77' lang='grc' dir='ltr'><strong>8οξ</strong></span> <span class='ocrx_word' id='word_1_419' title='bbox 1399 5431 1448 5466; x_wconf 88' lang='lat' dir='ltr'><strong>n.</strong></span> <span class='ocrx_word' id='word_1_420' title='bbox 1467 5420 1512 5467; x_wconf 79' lang='grc'><strong>1.</strong></span> 
     </span>
    </p>
   </div>
   <div class='ocr_carea' id='block_1_58' title="bbox 335 5467 1856 5531">
    <p class='ocr_par' dir='ltr' id='par_1_58' title="bbox 335 5467 1856 5531">
     <span class='ocr_line' id='line_1_58' title="bbox 335 5467 1856 5531; baseline 0.009 -14"><span class='ocrx_word' id='word_1_421' title='bbox 335 5467 406 5528; x_wconf 83' lang='lat' dir='ltr'><strong>(b)</strong></span> <span class='ocrx_word' id='word_1_422' title='bbox 431 5473 560 5518; x_wconf 80' lang='lat' dir='ltr'><strong>tuter</strong></span> <span class='ocrx_word' id='word_1_423' title='bbox 599 5469 822 5518; x_wconf 85' lang='lat' dir='ltr'><strong>eruditos</strong></span> <span class='ocrx_word' id='word_1_424' title='bbox 857 5471 966 5521; x_wconf 88' lang='lat' dir='ltr'><strong>illos</strong></span> <span class='ocrx_word' id='word_1_425' title='bbox 987 5467 1373 5528; x_wconf 74' lang='lat' dir='ltr'><strong>dissimulatores</strong></span> <span class='ocrx_word' id='word_1_426' title='bbox 1405 5480 1738 5530; x_wconf 84' lang='lat' dir='ltr'><strong>aeeensendus</strong></span> <span class='ocrx_word' id='word_1_427' title='bbox 1778 5487 1856 5531; x_wconf 88' lang='lat' dir='ltr'><strong>est</strong></span> 
     </span>
    </p>
   </div>
   <div class='ocr_carea' id='block_1_59' title="bbox 275 5531 1854 5604">
    <p class='ocr_par' dir='ltr' id='par_1_59' title="bbox 275 5531 1854 5604">
     <span class='ocr_line' id='line_1_59' title="bbox 275 5531 1854 5604; baseline 0.01 -28"><span class='ocrx_word' id='word_1_428' title='bbox 275 5531 492 5604; x_wconf 48' lang='lat' dir='ltr'><strong>aurelius</strong></span> <span class='ocrx_word' id='word_1_429' title='bbox 507 5531 836 5604; x_wconf 63' lang='lat' dir='ltr'><strong>Symmadtus,</strong></span> <span class='ocrx_word' id='word_1_430' title='bbox 864 5531 1079 5604; x_wconf 68' lang='lat' dir='ltr'><strong>illeprbi</strong></span> <span class='ocrx_word' id='word_1_431' title='bbox 1101 5537 1374 5604; x_wconf 49' lang='lat' dir='ltr'><strong>profectus,</strong></span> <span class='ocrx_word' id='word_1_432' title='bbox 1400 5544 1484 5604; x_wconf 87' lang='lat' dir='ltr'><strong>qui</strong></span> <span class='ocrx_word' id='word_1_433' title='bbox 1500 5543 1611 5591; x_wconf 88' lang='lat' dir='ltr'><strong>talia</strong></span> <span class='ocrx_word' id='word_1_434' title='bbox 1637 5543 1784 5593; x_wconf 83' lang='lat' dir='ltr'><strong>habet</strong></span> <span class='ocrx_word' id='word_1_435' title='bbox 1807 5545 1854 5592; x_wconf 89' lang='lat' dir='ltr'><strong>iu</strong></span> 
     </span>
    </p>
   </div>
   <div class='ocr_carea' id='block_1_60' title="bbox 277 5590 1858 5664">
    <p class='ocr_par' dir='ltr' id='par_1_60' title="bbox 277 5590 1858 5664">
     <span class='ocr_line' id='line_1_60' title="bbox 277 5590 1858 5664; baseline 0.012 -27"><span class='ocrx_word' id='word_1_436' title='bbox 277 5590 516 5664; x_wconf 64' lang='lat' dir='ltr'><strong>tte-latione</strong></span> <span class='ocrx_word' id='word_1_437' title='bbox 527 5590 702 5664; x_wconf 40' lang='lat' dir='ltr'><strong>.oblata</strong></span> <span class='ocrx_word' id='word_1_438' title='bbox 711 5653 722 5664; x_wconf 85' lang='lat'><em>_</em></span> <span class='ocrx_word' id='word_1_439' title='bbox 733 5593 1067 5664; x_wconf 70' lang='lat' dir='ltr'><strong>Valentiniano</strong></span> <span class='ocrx_word' id='word_1_440' title='bbox 1092 5590 1116 5658; x_wconf 85' lang='grc'><strong>,’</strong></span> <span class='ocrx_word' id='word_1_441' title='bbox 1131 5613 1254 5664; x_wconf 79' lang='lat' dir='ltr'><strong>anno</strong></span> <span class='ocrx_word' id='word_1_442' title='bbox 1267 5590 1384 5662; x_wconf 58' lang='lat'><strong>584&#39;,</strong></span> <span class='ocrx_word' id='word_1_443' title='bbox 1407 5590 1550 5664; x_wconf 75' lang='lat' dir='ltr'><strong>quam</strong></span> <span class='ocrx_word' id='word_1_444' title='bbox 1573 5590 1812 5654; x_wconf 7' lang='lat' dir='ltr'><strong>iconl&#39;utav</strong></span> <span class='ocrx_word' id='word_1_445' title='bbox 1821 5590 1858 5656; x_wconf 79' lang='lat' dir='ltr'><strong>it</strong></span> 
     </span>
    </p>
   </div>
   <div class='ocr_carea' id='block_1_61' title="bbox 275 5653 1857 5718">
    <p class='ocr_par' dir='ltr' id='par_1_61' title="bbox 275 5653 1857 5718">
     <span class='ocr_line' id='line_1_61' title="bbox 275 5653 1857 5718; baseline 0.011 -20"><span class='ocrx_word' id='word_1_446' title='bbox 275 5657 318 5698; x_wconf 65' lang='grc' dir='ltr'><strong>δ.</strong></span> <span class='ocrx_word' id='word_1_447' title='bbox 333 5653 618 5718; x_wconf 57' lang='lat' dir='ltr'><strong>animosius.</strong></span> <span class='ocrx_word' id='word_1_448' title='bbox 638 5653 758 5718; x_wconf 66' lang='lat' dir='ltr'><strong>Vide</strong></span> <span class='ocrx_word' id='word_1_449' title='bbox 775 5669 912 5718; x_wconf 85' lang='lat' dir='ltr'><strong>num.</strong></span> <span class='ocrx_word' id='word_1_450' title='bbox 934 5657 994 5706; x_wconf 77' lang='grc'><strong>14</strong></span> <span class='ocrx_word' id='word_1_451' title='bbox 1015 5660 1064 5708; x_wconf 89' lang='lat' dir='ltr'><strong>in</strong></span> <span class='ocrx_word' id='word_1_452' title='bbox 1087 5653 1301 5718; x_wconf 75' lang='lat' dir='ltr'><strong>editione</strong></span> <span class='ocrx_word' id='word_1_453' title='bbox 1326 5653 1646 5714; x_wconf 73' lang='lat' dir='ltr'><strong>Ariilirosiana.</strong></span> <span class='ocrx_word' id='word_1_454' title='bbox 1661 5665 1724 5712; x_wconf 73' lang='lat' dir='ltr'><strong>ad</strong></span> <span class='ocrx_word' id='word_1_455' title='bbox 1749 5653 1857 5714; x_wconf 76' lang='lat' dir='ltr'><strong>eam</strong></span> 
     </span>
    </p>
   </div>
   <div class='ocr_carea' id='block_1_62' title="bbox 275 5711 1856 5786">
    <p class='ocr_par' dir='ltr' id='par_1_62' title="bbox 275 5711 1856 5786">
     <span class='ocr_line' id='line_1_62' title="bbox 275 5711 1856 5786; baseline 0.009 -25"><span class='ocrx_word' id='word_1_456' title='bbox 275 5711 550 5786; x_wconf 76' lang='lat' dir='ltr'><strong>adumniam</strong></span> <span class='ocrx_word' id='word_1_457' title='bbox 589 5715 937 5767; x_wconf 80' lang='lat' dir='ltr'><strong>confutandam</strong></span> <span class='ocrx_word' id='word_1_458' title='bbox 955 5755 971 5780; x_wconf 88' lang='lat'><strong>,</strong></span> <span class='ocrx_word' id='word_1_459' title='bbox 1015 5713 1186 5786; x_wconf 67' lang='lat' dir='ltr'><strong>rogatu</strong></span> <span class='ocrx_word' id='word_1_460' title='bbox 1229 5711 1856 5786; x_wconf 47' lang='grc' dir='ltr'><strong>Αιιειιςιὶιιιξιιίδιοινίειιῖἧὶιί</strong></span> 
     </span>
    </p>
   </div>
   <div class='ocr_carea' id='block_1_63' title="bbox 279 5781 1857 5851">
    <p class='ocr_par' dir='ltr' id='par_1_63' title="bbox 279 5781 1857 5851">
     <span class='ocr_line' id='line_1_63' title="bbox 279 5781 1857 5851; baseline 0.009 -27"><span class='ocrx_word' id='word_1_461' title='bbox 279 5787 390 5851; x_wconf 45' lang='grc' dir='ltr'><strong>ἕρεις</strong></span> <span class='ocrx_word' id='word_1_462' title='bbox 405 5781 624 5851; x_wconf 68' lang='lat' dir='ltr'><strong>scribere</strong></span> <span class='ocrx_word' id='word_1_463' title='bbox 647 5791 924 5851; x_wconf 71' lang='lat' dir='ltr'><strong>aggressus</strong></span> <span class='ocrx_word' id='word_1_464' title='bbox 941 5791 1016 5834; x_wconf 85' lang='lat' dir='ltr'><strong>est</strong></span> <span class='ocrx_word' id='word_1_465' title='bbox 1041 5792 1058 5833; x_wconf 78' lang='grc' dir='ltr'><strong>ι·</strong></span> <span class='ocrx_word' id='word_1_466' title='bbox 1071 5781 1207 5835; x_wconf 76' lang='lat' dir='ltr'><strong>auius</strong></span> <span class='ocrx_word' id='word_1_467' title='bbox 1228 5781 1438 5836; x_wconf 69' lang='lat' dir='ltr'><strong>mosius.</strong></span> <span class='ocrx_word' id='word_1_468' title='bbox 1465 5781 1578 5837; x_wconf 74' lang='lat' dir='ltr'><strong>vide</strong></span> <span class='ocrx_word' id='word_1_469' title='bbox 1611 5789 1718 5850; x_wconf 81' lang='lat' dir='ltr'><strong>ejus</strong></span> <span class='ocrx_word' id='word_1_470' title='bbox 1735 5801 1857 5851; x_wconf 68' lang='grc' dir='ltr'><strong>ιιι-ιυ-</strong></span> 
     </span>
    </p>
   </div>
   <div class='ocr_carea' id='block_1_64' title="bbox 277 5838 936 5904">
    <p class='ocr_par' dir='ltr' id='par_1_64' title="bbox 277 5838 936 5904">
     <span class='ocr_line' id='line_1_64' title="bbox 277 5838 936 5904; baseline 0.015 -20"><span class='ocrx_word' id='word_1_471' title='bbox 277 5838 489 5890; x_wconf 78' lang='lat' dir='ltr'><strong>t&#39;auonem</strong></span> <span class='ocrx_word' id='word_1_472' title='bbox 509 5841 570 5890; x_wconf 83' lang='lat' dir='ltr'><strong>ad</strong></span> <span class='ocrx_word' id='word_1_473' title='bbox 593 5838 936 5904; x_wconf 71' lang='lat' dir='ltr'><strong>Augustinum.</strong></span> 
     </span>
    </p>
   </div>
   <div class='ocr_carea' id='block_1_65' title="bbox 1613 399 3528 464">
    <p class='ocr_par' dir='ltr' id='par_1_65' title="bbox 1613 399 3528 464">
     <span class='ocr_line' id='line_1_65' title="bbox 1613 399 3528 464; baseline 0 -8"><span class='ocrx_word' id='word_1_474' title='bbox 1613 401 1812 458; x_wconf 69' lang='lat' dir='ltr'><strong>LIBER</strong></span> <span class='ocrx_word' id='word_1_475' title='bbox 1850 399 2222 464; x_wconf 74' lang='lat' dir='ltr'><strong>SECUNDUS.</strong></span> <span class='ocrx_word' id='word_1_476' title='bbox 3457 399 3528 456; x_wconf 79' lang='lat'><strong>50</strong></span> 
     </span>
    </p>
   </div>
   <div class='ocr_carea' id='block_1_66' title="bbox 1951 501 3526 591">
    <p class='ocr_par' dir='ltr' id='par_1_66' title="bbox 1951 501 3526 591">
     <span class='ocr_line' id='line_1_66' title="bbox 1951 501 3526 591; baseline -0.001 -17"><span class='ocrx_word' id='word_1_477' title='bbox 1951 529 2218 576; x_wconf 87' lang='lat' dir='ltr'><strong>curarent.</strong></span> <span class='ocrx_word' id='word_1_478' title='bbox 2259 518 2364 576; x_wconf 88' lang='lat' dir='ltr'><strong>Sed</strong></span> <span class='ocrx_word' id='word_1_479' title='bbox 2397 501 2746 590; x_wconf 76' lang='lat' dir='ltr'><strong>respondetur</strong></span> <span class='ocrx_word' id='word_1_480' title='bbox 2772 559 2788 588; x_wconf 95' lang='lat'><strong>,</strong></span> <span class='ocrx_word' id='word_1_481' title='bbox 2814 517 2958 591; x_wconf 85' lang='lat' dir='ltr'><strong>quod</strong></span> <span class='ocrx_word' id='word_1_482' title='bbox 3003 501 3284 576; x_wconf 77' lang='lat' dir='ltr'><strong>voluntate</strong></span> <span class='ocrx_word' id='word_1_483' title='bbox 3315 519 3526 589; x_wconf 85' lang='lat' dir='ltr'><strong>propria</strong></span> 
     </span>
    </p>
   </div>
   <div class='ocr_carea' id='block_1_67' title="bbox 1949 608 3529 682">
    <p class='ocr_par' dir='ltr' id='par_1_67' title="bbox 1949 608 3529 682">
     <span class='ocr_line' id='line_1_67' title="bbox 1949 608 3529 682; baseline 0 -16"><span class='ocrx_word' id='word_1_484' title='bbox 1949 613 2174 682; x_wconf 87' lang='lat' dir='ltr'><strong>quisque</strong></span> <span class='ocrx_word' id='word_1_485' title='bbox 2201 611 2372 666; x_wconf 88' lang='lat' dir='ltr'><strong>malus</strong></span> <span class='ocrx_word' id='word_1_486' title='bbox 2395 619 2496 666; x_wconf 89' lang='lat' dir='ltr'><strong>est.</strong></span> <span class='ocrx_word' id='word_1_487' title='bbox 2523 611 2654 680; x_wconf 85' lang='lat' dir='ltr'><strong>Quis</strong></span> <span class='ocrx_word' id='word_1_488' title='bbox 2683 613 2786 666; x_wconf 88' lang='lat' dir='ltr'><strong>hoc</strong></span> <span class='ocrx_word' id='word_1_489' title='bbox 2803 609 3118 682; x_wconf 78' lang='lat' dir='ltr'><strong>negaverit?</strong></span> <span class='ocrx_word' id='word_1_490' title='bbox 3153 608 3529 666; x_wconf 86' lang='lat' dir='ltr'><strong>Verumtamen</strong></span> 
     </span>
    </p>
   </div>
   <div class='ocr_carea' id='block_1_68' title="bbox 1951 701 3526 772">
    <p class='ocr_par' dir='ltr' id='par_1_68' title="bbox 1951 701 3526 772">
     <span class='ocr_line' id='line_1_68' title="bbox 1951 701 3526 772; baseline -0.001 -16"><span class='ocrx_word' id='word_1_491' title='bbox 1951 703 2248 772; x_wconf 87' lang='lat' dir='ltr'><strong>pertinebat</strong></span> <span class='ocrx_word' id='word_1_492' title='bbox 2276 701 2344 756; x_wconf 90' lang='lat' dir='ltr'><strong>ad</strong></span> <span class='ocrx_word' id='word_1_493' title='bbox 2365 702 2702 758; x_wconf 86' lang='lat' dir='ltr'><strong>consultores</strong></span> <span class='ocrx_word' id='word_1_494' title='bbox 2729 701 2884 770; x_wconf 83' lang='lat' dir='ltr'><strong>deos,</strong></span> <span class='ocrx_word' id='word_1_495' title='bbox 2923 702 3048 758; x_wconf 71' lang='lat' dir='ltr'><strong>vita:</strong></span> <span class='ocrx_word' id='word_1_496' title='bbox 3075 702 3233 756; x_wconf 65' lang='lat' dir='ltr'><strong>bona:</strong></span> <span class='ocrx_word' id='word_1_497' title='bbox 3257 705 3526 772; x_wconf 74' lang='lat' dir='ltr'><strong>prteccpta</strong></span> 
     </span>
    </p>
   </div>
   <div class='ocr_carea' id='block_1_69' title="bbox 1949 789 3528 864">
    <p class='ocr_par' dir='ltr' id='par_1_69' title="bbox 1949 789 3528 864">
     <span class='ocr_line' id='line_1_69' title="bbox 1949 789 3528 864; baseline -0.004 -14"><span class='ocrx_word' id='word_1_498' title='bbox 1949 809 2058 850; x_wconf 88' lang='lat' dir='ltr'><strong>non</strong></span> <span class='ocrx_word' id='word_1_499' title='bbox 2085 793 2354 848; x_wconf 89' lang='lat' dir='ltr'><strong>occultare</strong></span> <span class='ocrx_word' id='word_1_500' title='bbox 2386 792 2590 864; x_wconf 88' lang='lat' dir='ltr'><strong>populis</strong></span> <span class='ocrx_word' id='word_1_501' title='bbox 2612 791 2904 848; x_wconf 88' lang='lat' dir='ltr'><strong>cultoribus</strong></span> <span class='ocrx_word' id='word_1_502' title='bbox 2941 793 3074 860; x_wconf 88' lang='lat' dir='ltr'><strong>suis,</strong></span> <span class='ocrx_word' id='word_1_503' title='bbox 3101 790 3198 846; x_wconf 87' lang='lat' dir='ltr'><strong>sed</strong></span> <span class='ocrx_word' id='word_1_504' title='bbox 3225 789 3366 845; x_wconf 90' lang='lat' dir='ltr'><strong>clara</strong></span> <span class='ocrx_word' id='word_1_505' title='bbox 3393 804 3528 860; x_wconf 80' lang='lat' dir='ltr'><strong>pra:-</strong></span> 
     </span>
    </p>
   </div>
   <div class='ocr_carea' id='block_1_70' title="bbox 1949 883 3532 957">
    <p class='ocr_par' dir='ltr' id='par_1_70' title="bbox 1949 883 3532 957">
     <span class='ocr_line' id='line_1_70' title="bbox 1949 883 3532 957; baseline -0.005 -13"><span class='ocrx_word' id='word_1_506' title='bbox 1949 888 2218 944; x_wconf 88' lang='lat' dir='ltr'><strong>dicatione</strong></span> <span class='ocrx_word' id='word_1_507' title='bbox 2241 887 2514 957; x_wconf 71' lang='lat' dir='ltr'><strong>prtebere;</strong></span> <span class='ocrx_word' id='word_1_508' title='bbox 2549 901 2645 956; x_wconf 91' lang='lat' dir='ltr'><strong>per</strong></span> <span class='ocrx_word' id='word_1_509' title='bbox 2673 894 2820 940; x_wconf 89' lang='lat' dir='ltr'><strong>vates</strong></span> <span class='ocrx_word' id='word_1_510' title='bbox 2843 884 3003 940; x_wconf 89' lang='lat' dir='ltr'><strong>etiam</strong></span> <span class='ocrx_word' id='word_1_511' title='bbox 3030 883 3342 950; x_wconf 87' lang='lat' dir='ltr'><strong>convenire,</strong></span> <span class='ocrx_word' id='word_1_512' title='bbox 3369 891 3532 952; x_wconf 78' lang='lat' dir='ltr'><strong>atque</strong></span> 
     </span>
    </p>
   </div>
   <div class='ocr_carea' id='block_1_71' title="bbox 1951 971 3528 1050">
    <p class='ocr_par' dir='ltr' id='par_1_71' title="bbox 1951 971 3528 1050">
     <span class='ocr_line' id='line_1_71' title="bbox 1951 971 3528 1050; baseline -0.006 -16"><span class='ocrx_word' id='word_1_513' title='bbox 1951 993 2174 1050; x_wconf 78' lang='lat' dir='ltr'><strong>arguere</strong></span> <span class='ocrx_word' id='word_1_514' title='bbox 2195 985 2508 1049; x_wconf 87' lang='lat' dir='ltr'><strong>peccantes;</strong></span> <span class='ocrx_word' id='word_1_515' title='bbox 2535 977 2708 1048; x_wconf 79' lang='lat' dir='ltr'><strong>palam</strong></span> <span class='ocrx_word' id='word_1_516' title='bbox 2727 976 2918 1030; x_wconf 86' lang='lat' dir='ltr'><strong>minari</strong></span> <span class='ocrx_word' id='word_1_517' title='bbox 2945 989 3132 1046; x_wconf 62' lang='lat' dir='ltr'><strong>penus</strong></span> <span class='ocrx_word' id='word_1_518' title='bbox 3155 974 3296 1028; x_wconf 87' lang='lat' dir='ltr'><strong>male</strong></span> <span class='ocrx_word' id='word_1_519' title='bbox 3320 971 3528 1044; x_wconf 82' lang='lat' dir='ltr'><strong>agenti-</strong></span> 
     </span>
    </p>
   </div>
   <div class='ocr_carea' id='block_1_72' title="bbox 1952 1067 3530 1140">
    <p class='ocr_par' dir='ltr' id='par_1_72' title="bbox 1952 1067 3530 1140">
     <span class='ocr_line' id='line_1_72' title="bbox 1952 1067 3530 1140; baseline -0.004 -16"><span class='ocrx_word' id='word_1_520' title='bbox 1952 1071 2070 1136; x_wconf 89' lang='lat' dir='ltr'><strong>bus,</strong></span> <span class='ocrx_word' id='word_1_521' title='bbox 2099 1071 2314 1140; x_wconf 64' lang='lat' dir='ltr'><strong>prtemia</strong></span> <span class='ocrx_word' id='word_1_522' title='bbox 2341 1080 2486 1126; x_wconf 87' lang='lat' dir='ltr'><strong>recte</strong></span> <span class='ocrx_word' id='word_1_523' title='bbox 2513 1069 2812 1125; x_wconf 88' lang='lat' dir='ltr'><strong>viventibus</strong></span> <span class='ocrx_word' id='word_1_524' title='bbox 2837 1069 3094 1139; x_wconf 89' lang='lat' dir='ltr'><strong>polliceri.</strong></span> <span class='ocrx_word' id='word_1_525' title='bbox 3125 1067 3262 1136; x_wconf 85' lang='lat' dir='ltr'><strong>Quid</strong></span> <span class='ocrx_word' id='word_1_526' title='bbox 3295 1080 3530 1136; x_wconf 87' lang='lat' dir='ltr'><strong>unquam</strong></span> 
     </span>
    </p>
   </div>
   <div class='ocr_carea' id='block_1_73' title="bbox 1953 1156 3530 1230">
    <p class='ocr_par' dir='ltr' id='par_1_73' title="bbox 1953 1156 3530 1230">
     <span class='ocr_line' id='line_1_73' title="bbox 1953 1156 3530 1230; baseline -0.004 -14"><span class='ocrx_word' id='word_1_527' title='bbox 1953 1162 2056 1216; x_wconf 81' lang='lat' dir='ltr'><strong>tale</strong></span> <span class='ocrx_word' id='word_1_528' title='bbox 2085 1159 2138 1216; x_wconf 89' lang='lat' dir='ltr'><strong>in</strong></span> <span class='ocrx_word' id='word_1_529' title='bbox 2167 1160 2390 1218; x_wconf 91' lang='lat' dir='ltr'><strong>deorum</strong></span> <span class='ocrx_word' id='word_1_530' title='bbox 2427 1161 2637 1216; x_wconf 89' lang='lat' dir='ltr'><strong>illorum</strong></span> <span class='ocrx_word' id='word_1_531' title='bbox 2661 1161 2874 1230; x_wconf 86' lang='lat' dir='ltr'><strong>templis</strong></span> <span class='ocrx_word' id='word_1_532' title='bbox 2902 1167 3150 1230; x_wconf 88' lang='lat' dir='ltr'><strong>prompta</strong></span> <span class='ocrx_word' id='word_1_533' title='bbox 3191 1169 3244 1214; x_wconf 91' lang='lat' dir='ltr'><strong>et</strong></span> <span class='ocrx_word' id='word_1_534' title='bbox 3269 1156 3530 1214; x_wconf 84' lang='lat' dir='ltr'><strong>eminenti</strong></span> 
     </span>
    </p>
   </div>
   <div class='ocr_carea' id='block_1_74' title="bbox 1953 1249 3528 1324">
    <p class='ocr_par' dir='ltr' id='par_1_74' title="bbox 1953 1249 3528 1324">
     <span class='ocr_line' id='line_1_74' title="bbox 1953 1249 3528 1324; baseline -0.003 -18"><span class='ocrx_word' id='word_1_535' title='bbox 1953 1269 2084 1310; x_wconf 88' lang='lat' dir='ltr'><strong>voce</strong></span> <span class='ocrx_word' id='word_1_536' title='bbox 2124 1254 2472 1324; x_wconf 82' lang='lat' dir='ltr'><strong>concrepuit?</strong></span> <span class='ocrx_word' id='word_1_537' title='bbox 2511 1252 2871 1309; x_wconf 72' lang='lat' dir='ltr'><strong>Veniebamus</strong></span> <span class='ocrx_word' id='word_1_538' title='bbox 2919 1253 3086 1308; x_wconf 89' lang='lat' dir='ltr'><strong>etiam</strong></span> <span class='ocrx_word' id='word_1_539' title='bbox 3118 1266 3216 1306; x_wconf 88' lang='lat' dir='ltr'><strong>nos</strong></span> <span class='ocrx_word' id='word_1_540' title='bbox 3239 1249 3528 1320; x_wconf 86' lang='lat' dir='ltr'><strong>aliquando</strong></span> 
     </span>
    </p>
   </div>
   <div class='ocr_carea' id='block_1_75' title="bbox 1947 1341 3528 1414">
    <p class='ocr_par' dir='ltr' id='par_1_75' title="bbox 1947 1341 3528 1414">
     <span class='ocr_line' id='line_1_75' title="bbox 1947 1341 3528 1414; baseline -0.004 -14"><span class='ocrx_word' id='word_1_541' title='bbox 1947 1345 2318 1400; x_wconf 84' lang='lat' dir='ltr'><strong>adolescentes</strong></span> <span class='ocrx_word' id='word_1_542' title='bbox 2363 1344 2432 1399; x_wconf 89' lang='lat' dir='ltr'><strong>ad</strong></span> <span class='ocrx_word' id='word_1_543' title='bbox 2480 1344 2786 1414; x_wconf 88' lang='lat' dir='ltr'><strong>spectacula</strong></span> <span class='ocrx_word' id='word_1_544' title='bbox 2831 1342 3167 1412; x_wconf 85' lang='lat' dir='ltr'><strong>ludibriaque</strong></span> <span class='ocrx_word' id='word_1_545' title='bbox 3211 1341 3528 1410; x_wconf 82' lang='lat' dir='ltr'><strong>sacrilegio-</strong></span> 
     </span>
    </p>
   </div>
   <div class='ocr_carea' id='block_1_76' title="bbox 1951 1434 3527 1507">
    <p class='ocr_par' dir='ltr' id='par_1_76' title="bbox 1951 1434 3527 1507">
     <span class='ocr_line' id='line_1_76' title="bbox 1951 1434 3527 1507; baseline -0.004 -17"><span class='ocrx_word' id='word_1_546' title='bbox 1951 1450 2066 1490; x_wconf 90' lang='lat' dir='ltr'><strong>rum</strong></span> <span class='ocrx_word' id='word_1_547' title='bbox 2097 1435 2170 1507; x_wconf 89' lang='lat' dir='ltr'><strong>(a)</strong></span> <span class='ocrx_word' id='word_1_548' title='bbox 2191 1453 2208 1502; x_wconf 94' lang='lat'><strong>;</strong></span> <span class='ocrx_word' id='word_1_549' title='bbox 2231 1437 2606 1506; x_wconf 86' lang='lat' dir='ltr'><strong>spectabamus</strong></span> <span class='ocrx_word' id='word_1_550' title='bbox 2629 1437 2937 1506; x_wconf 86' lang='lat' dir='ltr'><strong>arreptitios</strong></span> <span class='ocrx_word' id='word_1_551' title='bbox 2957 1477 2972 1504; x_wconf 91' lang='lat'><strong>,</strong></span> <span class='ocrx_word' id='word_1_552' title='bbox 3001 1434 3350 1490; x_wconf 88' lang='lat' dir='ltr'><strong>audiebamus</strong></span> <span class='ocrx_word' id='word_1_553' title='bbox 3383 1448 3527 1505; x_wconf 81' lang='lat' dir='ltr'><strong>sym-</strong></span> 
     </span>
    </p>
   </div>
   <div class='ocr_carea' id='block_1_77' title="bbox 1951 1528 3530 1600">
    <p class='ocr_par' dir='ltr' id='par_1_77' title="bbox 1951 1528 3530 1600">
     <span class='ocr_line' id='line_1_77' title="bbox 1951 1528 3530 1600; baseline -0.003 -16"><span class='ocrx_word' id='word_1_554' title='bbox 1951 1529 2274 1600; x_wconf 86' lang='lat' dir='ltr'><strong>phoniacos;</strong></span> <span class='ocrx_word' id='word_1_555' title='bbox 2307 1528 2446 1585; x_wconf 90' lang='lat' dir='ltr'><strong>ludis</strong></span> <span class='ocrx_word' id='word_1_556' title='bbox 2475 1529 2816 1599; x_wconf 88' lang='lat' dir='ltr'><strong>turpissimis,</strong></span> <span class='ocrx_word' id='word_1_557' title='bbox 2847 1529 2938 1598; x_wconf 89' lang='lat' dir='ltr'><strong>qui</strong></span> <span class='ocrx_word' id='word_1_558' title='bbox 2964 1528 3066 1584; x_wconf 89' lang='lat' dir='ltr'><strong>diis</strong></span> <span class='ocrx_word' id='word_1_559' title='bbox 3105 1528 3412 1597; x_wconf 89' lang='lat' dir='ltr'><strong>deabusque</strong></span> <span class='ocrx_word' id='word_1_560' title='bbox 3435 1541 3530 1582; x_wconf 76' lang='lat' dir='ltr'><strong>ex-</strong></span> 
     </span>
    </p>
   </div>
   <div class='ocr_carea' id='block_1_78' title="bbox 1951 1618 3526 1689">
    <p class='ocr_par' dir='ltr' id='par_1_78' title="bbox 1951 1618 3526 1689">
     <span class='ocr_line' id='line_1_78' title="bbox 1951 1618 3526 1689; baseline -0.001 -15"><span class='ocrx_word' id='word_1_561' title='bbox 1951 1620 2308 1686; x_wconf 85' lang='lat' dir='ltr'><strong>hibebantur,</strong></span> <span class='ocrx_word' id='word_1_562' title='bbox 2361 1619 2792 1688; x_wconf 88' lang='lat' dir='ltr'><strong>oblectabamur,</strong></span> <span class='ocrx_word' id='word_1_563' title='bbox 2843 1619 3063 1676; x_wconf 82' lang='lat' dir='ltr'><strong>Caelesti</strong></span> <span class='ocrx_word' id='word_1_564' title='bbox 3107 1618 3299 1688; x_wconf 80' lang='lat' dir='ltr'><strong>virgini</strong></span> <span class='ocrx_word' id='word_1_565' title='bbox 3332 1618 3430 1689; x_wconf 76' lang='grc' dir='ltr'><strong>(ὁ),</strong></span> <span class='ocrx_word' id='word_1_566' title='bbox 3469 1625 3526 1672; x_wconf 89' lang='lat' dir='ltr'><strong>et</strong></span> 
     </span>
    </p>
   </div>
   <div class='ocr_carea' id='block_1_79' title="bbox 1950 1709 3529 1784">
    <p class='ocr_par' dir='ltr' id='par_1_79' title="bbox 1950 1709 3529 1784">
     <span class='ocr_line' id='line_1_79' title="bbox 1950 1709 3529 1784; baseline -0.003 -16"><span class='ocrx_word' id='word_1_567' title='bbox 1950 1712 2318 1784; x_wconf 72' lang='lat' dir='ltr'><strong>Berecyntbize</strong></span> <span class='ocrx_word' id='word_1_568' title='bbox 2343 1714 2500 1768; x_wconf 84' lang='lat' dir='ltr'><strong>matri</strong></span> <span class='ocrx_word' id='word_1_569' title='bbox 2529 1713 2766 1768; x_wconf 88' lang='lat' dir='ltr'><strong>omnium</strong></span> <span class='ocrx_word' id='word_1_570' title='bbox 2792 1729 2805 1768; x_wconf 90' lang='lat'><strong>:</strong></span> <span class='ocrx_word' id='word_1_571' title='bbox 2839 1721 2964 1768; x_wconf 85' lang='lat' dir='ltr'><strong>ante</strong></span> <span class='ocrx_word' id='word_1_572' title='bbox 2990 1713 3140 1783; x_wconf 87' lang='lat' dir='ltr'><strong>cujus</strong></span> <span class='ocrx_word' id='word_1_573' title='bbox 3169 1711 3412 1767; x_wconf 88' lang='lat' dir='ltr'><strong>lecticam</strong></span> <span class='ocrx_word' id='word_1_574' title='bbox 3439 1709 3529 1764; x_wconf 88' lang='lat' dir='ltr'><strong>die</strong></span> 
     </span>
    </p>
   </div>
   <div class='ocr_carea' id='block_1_80' title="bbox 1949 1801 3529 1874">
    <p class='ocr_par' dir='ltr' id='par_1_80' title="bbox 1949 1801 3529 1874">
     <span class='ocr_line' id='line_1_80' title="bbox 1949 1801 3529 1874; baseline -0.003 -16"><span class='ocrx_word' id='word_1_575' title='bbox 1949 1804 2178 1859; x_wconf 87' lang='lat' dir='ltr'><strong>solemni</strong></span> <span class='ocrx_word' id='word_1_576' title='bbox 2205 1803 2482 1858; x_wconf 85' lang='lat' dir='ltr'><strong>lavationis</strong></span> <span class='ocrx_word' id='word_1_577' title='bbox 2507 1803 2626 1873; x_wconf 88' lang='lat' dir='ltr'><strong>ejus</strong></span> <span class='ocrx_word' id='word_1_578' title='bbox 2655 1801 2753 1874; x_wconf 87' lang='lat' dir='ltr'><strong>(c),</strong></span> <span class='ocrx_word' id='word_1_579' title='bbox 2788 1802 2913 1858; x_wconf 84' lang='lat' dir='ltr'><strong>talia</strong></span> <span class='ocrx_word' id='word_1_580' title='bbox 2942 1819 3036 1874; x_wconf 90' lang='lat' dir='ltr'><strong>per</strong></span> <span class='ocrx_word' id='word_1_581' title='bbox 3067 1802 3331 1873; x_wconf 89' lang='lat' dir='ltr'><strong>publicum</strong></span> <span class='ocrx_word' id='word_1_582' title='bbox 3357 1802 3529 1856; x_wconf 87' lang='lat' dir='ltr'><strong>canti-</strong></span> 
     </span>
    </p>
   </div>
   <div class='ocr_carea' id='block_1_81' title="bbox 1949 1894 3530 1966">
    <p class='ocr_par' dir='ltr' id='par_1_81' title="bbox 1949 1894 3530 1966">
     <span class='ocr_line' id='line_1_81' title="bbox 1949 1894 3530 1966; baseline -0.001 -16"><span class='ocrx_word' id='word_1_583' title='bbox 1949 1895 2198 1950; x_wconf 90' lang='lat' dir='ltr'><strong>tabantur</strong></span> <span class='ocrx_word' id='word_1_584' title='bbox 2224 1911 2254 1950; x_wconf 87' lang='lat' dir='ltr'><strong>a</strong></span> <span class='ocrx_word' id='word_1_585' title='bbox 2279 1895 2620 1966; x_wconf 84' lang='lat' dir='ltr'><strong>aequissimis</strong></span> <span class='ocrx_word' id='word_1_586' title='bbox 2641 1895 2888 1964; x_wconf 85' lang='lat' dir='ltr'><strong>scenicis,</strong></span> <span class='ocrx_word' id='word_1_587' title='bbox 2915 1895 3114 1964; x_wconf 89' lang='lat' dir='ltr'><strong>qualia,</strong></span> <span class='ocrx_word' id='word_1_588' title='bbox 3143 1910 3250 1950; x_wconf 89' lang='lat' dir='ltr'><strong>non</strong></span> <span class='ocrx_word' id='word_1_589' title='bbox 3271 1894 3394 1950; x_wconf 90' lang='lat' dir='ltr'><strong>dico</strong></span> <span class='ocrx_word' id='word_1_590' title='bbox 3417 1909 3530 1948; x_wconf 88' lang='lat' dir='ltr'><strong>ma-</strong></span> 
     </span>
    </p>
   </div>
   <div class='ocr_carea' id='block_1_82' title="bbox 1951 1987 3532 2057">
    <p class='ocr_par' dir='ltr' id='par_1_82' title="bbox 1951 1987 3532 2057">
     <span class='ocr_line' id='line_1_82' title="bbox 1951 1987 3532 2057; baseline -0.003 -16"><span class='ocrx_word' id='word_1_591' title='bbox 1951 1996 2086 2043; x_wconf 88' lang='lat' dir='ltr'><strong>trem</strong></span> <span class='ocrx_word' id='word_1_592' title='bbox 2129 1987 2354 2044; x_wconf 90' lang='lat' dir='ltr'><strong>deorum</strong></span> <span class='ocrx_word' id='word_1_593' title='bbox 2375 2027 2391 2054; x_wconf 96' lang='lat'><strong>,</strong></span> <span class='ocrx_word' id='word_1_594' title='bbox 2441 1987 2537 2042; x_wconf 81' lang='lat' dir='ltr'><strong>sed</strong></span> <span class='ocrx_word' id='word_1_595' title='bbox 2569 1995 2794 2042; x_wconf 89' lang='lat' dir='ltr'><strong>matrem</strong></span> <span class='ocrx_word' id='word_1_596' title='bbox 2817 1987 3284 2057; x_wconf 82' lang='lat' dir='ltr'><strong>qualiumcumque</strong></span> <span class='ocrx_word' id='word_1_597' title='bbox 3314 1994 3532 2042; x_wconf 76' lang='lat' dir='ltr'><strong>serrato-</strong></span> 
     </span>
    </p>
   </div>
   <div class='ocr_carea' id='block_1_83' title="bbox 1947 2079 3530 2152">
    <p class='ocr_par' dir='ltr' id='par_1_83' title="bbox 1947 2079 3530 2152">
     <span class='ocr_line' id='line_1_83' title="bbox 1947 2079 3530 2152; baseline -0.004 -15"><span class='ocrx_word' id='word_1_598' title='bbox 1947 2097 2066 2138; x_wconf 88' lang='lat' dir='ltr'><strong>rum</strong></span> <span class='ocrx_word' id='word_1_599' title='bbox 2095 2081 2178 2136; x_wconf 87' lang='lat' dir='ltr'><strong>vel</strong></span> <span class='ocrx_word' id='word_1_600' title='bbox 2206 2079 2566 2152; x_wconf 88' lang='lat' dir='ltr'><strong>quorumlibet</strong></span> <span class='ocrx_word' id='word_1_601' title='bbox 2591 2079 2939 2136; x_wconf 88' lang='lat' dir='ltr'><strong>honestorum</strong></span> <span class='ocrx_word' id='word_1_602' title='bbox 2971 2079 3230 2146; x_wconf 87' lang='lat' dir='ltr'><strong>virorum,</strong></span> <span class='ocrx_word' id='word_1_603' title='bbox 3263 2079 3370 2134; x_wconf 89' lang='lat' dir='ltr'><strong>imo</strong></span> <span class='ocrx_word' id='word_1_604' title='bbox 3399 2091 3530 2132; x_wconf 78' lang='lat' dir='ltr'><strong>vero</strong></span> 
     </span>
    </p>
   </div>
   <div class='ocr_carea' id='block_1_84' title="bbox 1947 2171 3526 2243">
    <p class='ocr_par' dir='ltr' id='par_1_84' title="bbox 1947 2171 3526 2243">
     <span class='ocr_line' id='line_1_84' title="bbox 1947 2171 3526 2243; baseline -0.003 -15"><span class='ocrx_word' id='word_1_605' title='bbox 1947 2173 2124 2243; x_wconf 79' lang='lat' dir='ltr'><strong>qualia</strong></span> <span class='ocrx_word' id='word_1_606' title='bbox 2166 2189 2266 2229; x_wconf 89' lang='lat' dir='ltr'><strong>nec</strong></span> <span class='ocrx_word' id='word_1_607' title='bbox 2291 2181 2518 2230; x_wconf 86' lang='lat' dir='ltr'><strong>matrem</strong></span> <span class='ocrx_word' id='word_1_608' title='bbox 2553 2173 2788 2243; x_wconf 85' lang='lat' dir='ltr'><strong>ipsorum</strong></span> <span class='ocrx_word' id='word_1_609' title='bbox 2817 2173 3153 2230; x_wconf 86' lang='lat' dir='ltr'><strong>scenicorum</strong></span> <span class='ocrx_word' id='word_1_610' title='bbox 3175 2171 3394 2228; x_wconf 88' lang='lat' dir='ltr'><strong>deceret</strong></span> <span class='ocrx_word' id='word_1_611' title='bbox 3425 2185 3526 2224; x_wconf 86' lang='lat' dir='ltr'><strong>au-</strong></span> 
     </span>
    </p>
   </div>
   <div class='ocr_carea' id='block_1_85' title="bbox 1947 2261 3528 2334">
    <p class='ocr_par' dir='ltr' id='par_1_85' title="bbox 1947 2261 3528 2334">
     <span class='ocr_line' id='line_1_85' title="bbox 1947 2261 3528 2334; baseline -0.003 -16"><span class='ocrx_word' id='word_1_612' title='bbox 1947 2263 2082 2318; x_wconf 86' lang='lat' dir='ltr'><strong>dire.</strong></span> <span class='ocrx_word' id='word_1_613' title='bbox 2129 2263 2300 2318; x_wconf 80' lang='lat' dir='ltr'><strong>liabet</strong></span> <span class='ocrx_word' id='word_1_614' title='bbox 2335 2263 2478 2320; x_wconf 89' lang='lat' dir='ltr'><strong>enim</strong></span> <span class='ocrx_word' id='word_1_615' title='bbox 2517 2263 2768 2334; x_wconf 89' lang='lat' dir='ltr'><strong>quiddam</strong></span> <span class='ocrx_word' id='word_1_616' title='bbox 2827 2278 2953 2334; x_wconf 86' lang='lat' dir='ltr'><strong>erga</strong></span> <span class='ocrx_word' id='word_1_617' title='bbox 2993 2271 3242 2333; x_wconf 86' lang='lat' dir='ltr'><strong>parentes</strong></span> <span class='ocrx_word' id='word_1_618' title='bbox 3299 2261 3528 2316; x_wconf 88' lang='lat' dir='ltr'><strong>humana</strong></span> 
     </span>
    </p>
   </div>
   <div class='ocr_carea' id='block_1_86' title="bbox 1949 2353 3526 2426">
    <p class='ocr_par' dir='ltr' id='par_1_86' title="bbox 1949 2353 3526 2426">
     <span class='ocr_line' id='line_1_86' title="bbox 1949 2353 3526 2426; baseline -0.003 -16"><span class='ocrx_word' id='word_1_619' title='bbox 1949 2353 2294 2419; x_wconf 85' lang='lat' dir='ltr'><strong>verecundia,</strong></span> <span class='ocrx_word' id='word_1_620' title='bbox 2347 2354 2488 2426; x_wconf 88' lang='lat' dir='ltr'><strong>quod</strong></span> <span class='ocrx_word' id='word_1_621' title='bbox 2519 2369 2620 2410; x_wconf 85' lang='lat' dir='ltr'><strong>nec</strong></span> <span class='ocrx_word' id='word_1_622' title='bbox 2667 2356 2780 2426; x_wconf 89' lang='lat' dir='ltr'><strong>ipsa</strong></span> <span class='ocrx_word' id='word_1_623' title='bbox 2815 2354 3052 2424; x_wconf 83' lang='lat' dir='ltr'><strong>nequitia</strong></span> <span class='ocrx_word' id='word_1_624' title='bbox 3091 2353 3262 2425; x_wconf 87' lang='lat' dir='ltr'><strong>possit</strong></span> <span class='ocrx_word' id='word_1_625' title='bbox 3295 2353 3526 2408; x_wconf 88' lang='lat' dir='ltr'><strong>auferre.</strong></span> 
     </span>
    </p>
   </div>
   <div class='ocr_carea' id='block_1_87' title="bbox 1949 2442 3527 2516">
    <p class='ocr_par' dir='ltr' id='par_1_87' title="bbox 1949 2442 3527 2516">
     <span class='ocr_line' id='line_1_87' title="bbox 1949 2442 3527 2516; baseline -0.004 -16"><span class='ocrx_word' id='word_1_626' title='bbox 1949 2445 2098 2500; x_wconf 89' lang='lat' dir='ltr'><strong>Illam</strong></span> <span class='ocrx_word' id='word_1_627' title='bbox 2145 2444 2370 2516; x_wconf 90' lang='lat' dir='ltr'><strong>proinde</strong></span> <span class='ocrx_word' id='word_1_628' title='bbox 2421 2445 2802 2516; x_wconf 88' lang='lat' dir='ltr'><strong>turpitudinem</strong></span> <span class='ocrx_word' id='word_1_629' title='bbox 2840 2444 3196 2500; x_wconf 86' lang='lat' dir='ltr'><strong>obscenorum</strong></span> <span class='ocrx_word' id='word_1_630' title='bbox 3261 2442 3527 2498; x_wconf 88' lang='lat' dir='ltr'><strong>dictorum</strong></span> 
     </span>
    </p>
   </div>
   <div class='ocr_carea' id='block_1_88' title="bbox 1947 2529 3528 2606">
    <p class='ocr_par' dir='ltr' id='par_1_88' title="bbox 1947 2529 3528 2606">
     <span class='ocr_line' id='line_1_88' title="bbox 1947 2529 3528 2606; baseline -0.004 -16"><span class='ocrx_word' id='word_1_631' title='bbox 1947 2545 2108 2606; x_wconf 90' lang='lat' dir='ltr'><strong>atque</strong></span> <span class='ocrx_word' id='word_1_632' title='bbox 2135 2534 2422 2602; x_wconf 80' lang='lat' dir='ltr'><strong>factorum,</strong></span> <span class='ocrx_word' id='word_1_633' title='bbox 2445 2535 2692 2590; x_wconf 87' lang='lat' dir='ltr'><strong>scenicos</strong></span> <span class='ocrx_word' id='word_1_634' title='bbox 2723 2533 2870 2605; x_wconf 89' lang='lat' dir='ltr'><strong>ipsos</strong></span> <span class='ocrx_word' id='word_1_635' title='bbox 2897 2533 3041 2590; x_wconf 87' lang='lat' dir='ltr'><strong>domi</strong></span> <span class='ocrx_word' id='word_1_636' title='bbox 3067 2547 3178 2588; x_wconf 67' lang='lat' dir='ltr'><strong>suae</strong></span> <span class='ocrx_word' id='word_1_637' title='bbox 3205 2529 3528 2603; x_wconf 87' lang='lat' dir='ltr'><strong>proludendi</strong></span> 
     </span>
    </p>
   </div>
   <div class='ocr_carea' id='block_1_89' title="bbox 1946 2623 3530 2696">
    <p class='ocr_par' dir='ltr' id='par_1_89' title="bbox 1946 2623 3530 2696">
     <span class='ocr_line' id='line_1_89' title="bbox 1946 2623 3530 2696; baseline -0.003 -15"><span class='ocrx_word' id='word_1_638' title='bbox 1946 2639 2104 2682; x_wconf 86' lang='lat' dir='ltr'><strong>causa</strong></span> <span class='ocrx_word' id='word_1_639' title='bbox 2132 2640 2312 2681; x_wconf 91' lang='lat' dir='ltr'><strong>coram</strong></span> <span class='ocrx_word' id='word_1_640' title='bbox 2339 2624 2600 2682; x_wconf 85' lang='lat' dir='ltr'><strong>matribus</strong></span> <span class='ocrx_word' id='word_1_641' title='bbox 2627 2626 2740 2680; x_wconf 82' lang='lat' dir='ltr'><strong>suis</strong></span> <span class='ocrx_word' id='word_1_642' title='bbox 2765 2641 2924 2694; x_wconf 79' lang='lat' dir='ltr'><strong>agere</strong></span> <span class='ocrx_word' id='word_1_643' title='bbox 2965 2623 3207 2696; x_wconf 83' lang='lat' dir='ltr'><strong>puderet,</strong></span> <span class='ocrx_word' id='word_1_644' title='bbox 3243 2639 3402 2694; x_wconf 89' lang='lat' dir='ltr'><strong>quam</strong></span> <span class='ocrx_word' id='word_1_645' title='bbox 3435 2639 3530 2692; x_wconf 88' lang='lat' dir='ltr'><strong>per</strong></span> 
     </span>
    </p>
   </div>
   <div class='ocr_carea' id='block_1_90' title="bbox 1947 2716 3528 2788">
    <p class='ocr_par' dir='ltr' id='par_1_90' title="bbox 1947 2716 3528 2788">
     <span class='ocr_line' id='line_1_90' title="bbox 1947 2716 3528 2788; baseline -0.001 -19"><span class='ocrx_word' id='word_1_646' title='bbox 1947 2716 2218 2786; x_wconf 87' lang='lat' dir='ltr'><strong>publicum</strong></span> <span class='ocrx_word' id='word_1_647' title='bbox 2261 2717 2508 2788; x_wconf 80' lang='lat' dir='ltr'><strong>agebant,</strong></span> <span class='ocrx_word' id='word_1_648' title='bbox 2535 2733 2718 2772; x_wconf 88' lang='lat' dir='ltr'><strong>coram</strong></span> <span class='ocrx_word' id='word_1_649' title='bbox 2761 2717 2920 2772; x_wconf 80' lang='lat' dir='ltr'><strong>deum</strong></span> <span class='ocrx_word' id='word_1_650' title='bbox 2949 2725 3140 2781; x_wconf 89' lang='lat' dir='ltr'><strong>matre,</strong></span> <span class='ocrx_word' id='word_1_651' title='bbox 3167 2725 3444 2786; x_wconf 87' lang='lat' dir='ltr'><strong>spectante</strong></span> <span class='ocrx_word' id='word_1_652' title='bbox 3473 2723 3528 2770; x_wconf 91' lang='lat' dir='ltr'><strong>et</strong></span> 
     </span>
    </p>
   </div>
   <div class='ocr_carea' id='block_1_91' title="bbox 1945 2799 3531 2881">
    <p class='ocr_par' dir='ltr' id='par_1_91' title="bbox 1945 2799 3531 2881">
     <span class='ocr_line' id='line_1_91' title="bbox 1945 2799 3531 2881; baseline 0 -19"><span class='ocrx_word' id='word_1_653' title='bbox 1945 2808 2196 2866; x_wconf 85' lang='lat' dir='ltr'><strong>audiente</strong></span> <span class='ocrx_word' id='word_1_654' title='bbox 2235 2799 2514 2881; x_wconf 82' lang='lat' dir='ltr'><strong>utriusque</strong></span> <span class='ocrx_word' id='word_1_655' title='bbox 2553 2823 2718 2866; x_wconf 72' lang='lat' dir='ltr'><strong>sexus</strong></span> <span class='ocrx_word' id='word_1_656' title='bbox 2761 2809 3190 2880; x_wconf 88' lang='lat' dir='ltr'><strong>frequentissima</strong></span> <span class='ocrx_word' id='word_1_657' title='bbox 3235 2806 3531 2862; x_wconf 88' lang='lat' dir='ltr'><strong>multitudi-</strong></span> 
     </span>
    </p>
   </div>
   <div class='ocr_carea' id='block_1_92' title="bbox 1947 2900 3529 2970">
    <p class='ocr_par' dir='ltr' id='par_1_92' title="bbox 1947 2900 3529 2970">
     <span class='ocr_line' id='line_1_92' title="bbox 1947 2900 3529 2970; baseline -0.001 -16"><span class='ocrx_word' id='word_1_658' title='bbox 1947 2915 2035 2955; x_wconf 90' lang='lat' dir='ltr'><strong>ne.</strong></span> <span class='ocrx_word' id='word_1_659' title='bbox 2075 2901 2208 2968; x_wconf 77' lang='lat' dir='ltr'><strong>Qua:</strong></span> <span class='ocrx_word' id='word_1_660' title='bbox 2245 2902 2290 2956; x_wconf 91' lang='lat' dir='ltr'><strong>si</strong></span> <span class='ocrx_word' id='word_1_661' title='bbox 2317 2902 2492 2958; x_wconf 88' lang='lat' dir='ltr'><strong>illecta</strong></span> <span class='ocrx_word' id='word_1_662' title='bbox 2537 2902 2848 2958; x_wconf 87' lang='lat' dir='ltr'><strong>curiositate</strong></span> <span class='ocrx_word' id='word_1_663' title='bbox 2891 2900 3080 2958; x_wconf 89' lang='lat' dir='ltr'><strong>adesse</strong></span> <span class='ocrx_word' id='word_1_664' title='bbox 3106 2901 3276 2970; x_wconf 87' lang='lat' dir='ltr'><strong>potuit</strong></span> <span class='ocrx_word' id='word_1_665' title='bbox 3299 2900 3529 2954; x_wconf 85' lang='lat' dir='ltr'><strong>circnm-</strong></span> 
     </span>
    </p>
   </div>
   <div class='ocr_carea' id='block_1_93' title="bbox 1947 2987 3521 3058">
    <p class='ocr_par' dir='ltr' id='par_1_93' title="bbox 1947 2987 3521 3058">
     <span class='ocr_line' id='line_1_93' title="bbox 1947 2987 3521 3058; baseline -0.001 -14"><span class='ocrx_word' id='word_1_666' title='bbox 1947 2987 2086 3058; x_wconf 77' lang='lat' dir='ltr'><strong>t‘usa,</strong></span> <span class='ocrx_word' id='word_1_667' title='bbox 2117 2991 2308 3046; x_wconf 87' lang='lat' dir='ltr'><strong>saltem</strong></span> <span class='ocrx_word' id='word_1_668' title='bbox 2341 2991 2544 3048; x_wconf 80' lang='lat' dir='ltr'><strong>oll‘ensa</strong></span> <span class='ocrx_word' id='word_1_669' title='bbox 2593 2991 2836 3048; x_wconf 88' lang='lat' dir='ltr'><strong>castitate</strong></span> <span class='ocrx_word' id='word_1_670' title='bbox 2879 2989 3062 3046; x_wconf 87' lang='lat' dir='ltr'><strong>debuit</strong></span> <span class='ocrx_word' id='word_1_671' title='bbox 3089 2988 3521 3046; x_wconf 86' lang='lat' dir='ltr'><strong>abire-confusa.</strong></span> 
     </span>
    </p>
   </div>
   <div class='ocr_carea' id='block_1_94' title="bbox 1947 3079 3528 3152">
    <p class='ocr_par' dir='ltr' id='par_1_94' title="bbox 1947 3079 3528 3152">
     <span class='ocr_line' id='line_1_94' title="bbox 1947 3079 3528 3152; baseline 0.001 -20"><span class='ocrx_word' id='word_1_672' title='bbox 1947 3079 2078 3148; x_wconf 76' lang='lat' dir='ltr'><strong>Qua:</strong></span> <span class='ocrx_word' id='word_1_673' title='bbox 2105 3091 2229 3136; x_wconf 89' lang='lat' dir='ltr'><strong>sunt</strong></span> <span class='ocrx_word' id='word_1_674' title='bbox 2259 3082 2556 3152; x_wconf 82' lang='lat' dir='ltr'><strong>sacrilegia,</strong></span> <span class='ocrx_word' id='word_1_675' title='bbox 2590 3084 2632 3138; x_wconf 89' lang='lat' dir='ltr'><strong>si</strong></span> <span class='ocrx_word' id='word_1_676' title='bbox 2663 3082 2752 3138; x_wconf 89' lang='lat' dir='ltr'><strong>illa</strong></span> <span class='ocrx_word' id='word_1_677' title='bbox 2789 3089 2916 3138; x_wconf 86' lang='lat' dir='ltr'><strong>sunt</strong></span> <span class='ocrx_word' id='word_1_678' title='bbox 2955 3095 3105 3136; x_wconf 83' lang='lat' dir='ltr'><strong>sacra</strong></span> <span class='ocrx_word' id='word_1_679' title='bbox 3121 3081 3152 3136; x_wconf 76' lang='lat'><strong>?-</strong></span> <span class='ocrx_word' id='word_1_680' title='bbox 3181 3089 3276 3136; x_wconf 89' lang='lat' dir='ltr'><strong>aut</strong></span> <span class='ocrx_word' id='word_1_681' title='bbox 3303 3096 3422 3150; x_wconf 77' lang='lat' dir='ltr'><strong>qua:</strong></span> <span class='ocrx_word' id='word_1_682' title='bbox 3451 3082 3528 3136; x_wconf 82' lang='lat' dir='ltr'><strong>in-</strong></span> 
     </span>
    </p>
   </div>
   <div class='ocr_carea' id='block_1_95' title="bbox 1946 3170 3526 3242">
    <p class='ocr_par' dir='ltr' id='par_1_95' title="bbox 1946 3170 3526 3242">
     <span class='ocr_line' id='line_1_95' title="bbox 1946 3170 3526 3242; baseline 0 -16"><span class='ocrx_word' id='word_1_683' title='bbox 1946 3173 2202 3242; x_wconf 87' lang='lat' dir='ltr'><strong>quiuatio,</strong></span> <span class='ocrx_word' id='word_1_684' title='bbox 2236 3175 2280 3226; x_wconf 90' lang='lat' dir='ltr'><strong>si</strong></span> <span class='ocrx_word' id='word_1_685' title='bbox 2309 3175 2397 3226; x_wconf 88' lang='lat' dir='ltr'><strong>illa</strong></span> <span class='ocrx_word' id='word_1_686' title='bbox 2433 3174 2665 3230; x_wconf 85' lang='lat' dir='ltr'><strong>lavatio?</strong></span> <span class='ocrx_word' id='word_1_687' title='bbox 2691 3173 2758 3228; x_wconf 87' lang='lat' dir='ltr'><strong>Et</strong></span> <span class='ocrx_word' id='word_1_688' title='bbox 2789 3173 2906 3228; x_wconf 63' lang='lat' dir='ltr'><strong>haec</strong></span> <span class='ocrx_word' id='word_1_689' title='bbox 2933 3171 3160 3228; x_wconf 83' lang='lat' dir='ltr'><strong>Fercula</strong></span> <span class='ocrx_word' id='word_1_690' title='bbox 3181 3170 3526 3242; x_wconf 82' lang='lat' dir='ltr'><strong>appellaban-</strong></span> 
     </span>
    </p>
   </div>
   <div class='ocr_carea' id='block_1_96' title="bbox 1947 3263 3528 3335">
    <p class='ocr_par' dir='ltr' id='par_1_96' title="bbox 1947 3263 3528 3335">
     <span class='ocr_line' id='line_1_96' title="bbox 1947 3263 3528 3335; baseline 0 -17"><span class='ocrx_word' id='word_1_691' title='bbox 1947 3275 2062 3328; x_wconf 91' lang='lat' dir='ltr'><strong>tur,</strong></span> <span class='ocrx_word' id='word_1_692' title='bbox 2097 3265 2244 3334; x_wconf 89' lang='lat' dir='ltr'><strong>quasi</strong></span> <span class='ocrx_word' id='word_1_693' title='bbox 2291 3265 2652 3320; x_wconf 83' lang='lat' dir='ltr'><strong>celebraretur</strong></span> <span class='ocrx_word' id='word_1_694' title='bbox 2699 3263 3040 3330; x_wconf 89' lang='lat' dir='ltr'><strong>convivium,</strong></span> <span class='ocrx_word' id='word_1_695' title='bbox 3097 3279 3204 3335; x_wconf 86' lang='lat' dir='ltr'><strong>quo</strong></span> <span class='ocrx_word' id='word_1_696' title='bbox 3231 3263 3374 3318; x_wconf 87' lang='lat' dir='ltr'><strong>velut</strong></span> <span class='ocrx_word' id='word_1_697' title='bbox 3415 3264 3528 3318; x_wconf 89' lang='lat' dir='ltr'><strong>suis</strong></span> 
     </span>
    </p>
   </div>
   <div class='ocr_carea' id='block_1_97' title="bbox 1945 3353 3526 3430">
    <p class='ocr_par' dir='ltr' id='par_1_97' title="bbox 1945 3353 3526 3430">
     <span class='ocr_line' id='line_1_97' title="bbox 1945 3353 3526 3430; baseline -0.004 -16"><span class='ocrx_word' id='word_1_698' title='bbox 1945 3357 2118 3430; x_wconf 88' lang='lat' dir='ltr'><strong>epulis</strong></span> <span class='ocrx_word' id='word_1_699' title='bbox 2169 3355 2442 3412; x_wconf 80' lang='lat' dir='ltr'><strong>immunda</strong></span> <span class='ocrx_word' id='word_1_700' title='bbox 2487 3357 2748 3412; x_wconf 68' lang='lat' dir='ltr'><strong>daemonia</strong></span> <span class='ocrx_word' id='word_1_701' title='bbox 2807 3363 3174 3426; x_wconf 83' lang='lat' dir='ltr'><strong>pascerentur.</strong></span> <span class='ocrx_word' id='word_1_702' title='bbox 3221 3353 3353 3422; x_wconf 87' lang='lat' dir='ltr'><strong>Quis</strong></span> <span class='ocrx_word' id='word_1_703' title='bbox 3381 3355 3526 3410; x_wconf 89' lang='lat' dir='ltr'><strong>enim</strong></span> 
     </span>
    </p>
   </div>
   <div class='ocr_carea' id='block_1_98' title="bbox 1949 3445 3526 3518">
    <p class='ocr_par' dir='ltr' id='par_1_98' title="bbox 1949 3445 3526 3518">
     <span class='ocr_line' id='line_1_98' title="bbox 1949 3445 3526 3518; baseline -0.004 -14"><span class='ocrx_word' id='word_1_704' title='bbox 1949 3465 2054 3504; x_wconf 89' lang='lat' dir='ltr'><strong>non</strong></span> <span class='ocrx_word' id='word_1_705' title='bbox 2085 3449 2280 3504; x_wconf 85' lang='lat' dir='ltr'><strong>sentiat</strong></span> <span class='ocrx_word' id='word_1_706' title='bbox 2314 3447 2609 3518; x_wconf 84' lang='lat' dir='ltr'><strong>cujusmodi</strong></span> <span class='ocrx_word' id='word_1_707' title='bbox 2639 3447 2860 3518; x_wconf 88' lang='lat' dir='ltr'><strong>spiritus</strong></span> <span class='ocrx_word' id='word_1_708' title='bbox 2888 3447 3080 3502; x_wconf 87' lang='lat' dir='ltr'><strong>talibus</strong></span> <span class='ocrx_word' id='word_1_709' title='bbox 3103 3445 3526 3502; x_wconf 82' lang='lat' dir='ltr'><strong>obscenitatibus</strong></span> 
     </span>
    </p>
   </div>
   <div class='ocr_carea' id='block_1_99' title="bbox 1945 3537 3526 3612">
    <p class='ocr_par' dir='ltr' id='par_1_99' title="bbox 1945 3537 3526 3612">
     <span class='ocr_line' id='line_1_99' title="bbox 1945 3537 3526 3612; baseline -0.003 -16"><span class='ocrx_word' id='word_1_710' title='bbox 1945 3539 2300 3612; x_wconf 83' lang='lat' dir='ltr'><strong>delectentur,</strong></span> <span class='ocrx_word' id='word_1_711' title='bbox 2330 3541 2434 3595; x_wconf 83' lang='lat' dir='ltr'><strong>nisi</strong></span> <span class='ocrx_word' id='word_1_712' title='bbox 2457 3541 2544 3596; x_wconf 85' lang='lat' dir='ltr'><strong>vel</strong></span> <span class='ocrx_word' id='word_1_713' title='bbox 2573 3539 2822 3596; x_wconf 84' lang='lat' dir='ltr'><strong>nesciens</strong></span> <span class='ocrx_word' id='word_1_714' title='bbox 2852 3549 3028 3594; x_wconf 90' lang='lat' dir='ltr'><strong>utrum</strong></span> <span class='ocrx_word' id='word_1_715' title='bbox 3055 3537 3277 3594; x_wconf 89' lang='lat' dir='ltr'><strong>omnino</strong></span> <span class='ocrx_word' id='word_1_716' title='bbox 3306 3538 3413 3594; x_wconf 90' lang='lat' dir='ltr'><strong>sint</strong></span> <span class='ocrx_word' id='word_1_717' title='bbox 3433 3537 3526 3592; x_wconf 86' lang='lat' dir='ltr'><strong>ulli</strong></span> 
     </span>
    </p>
   </div>
   <div class='ocr_carea' id='block_1_100' title="bbox 1947 3631 3522 3704">
    <p class='ocr_par' dir='ltr' id='par_1_100' title="bbox 1947 3631 3522 3704">
     <span class='ocr_line' id='line_1_100' title="bbox 1947 3631 3522 3704; baseline 0 -18"><span class='ocrx_word' id='word_1_718' title='bbox 1947 3631 2206 3688; x_wconf 86' lang='lat' dir='ltr'><strong>immundi</strong></span> <span class='ocrx_word' id='word_1_719' title='bbox 2232 3633 2452 3704; x_wconf 88' lang='lat' dir='ltr'><strong>spiritus</strong></span> <span class='ocrx_word' id='word_1_720' title='bbox 2475 3633 2700 3690; x_wconf 88' lang='lat' dir='ltr'><strong>deorum</strong></span> <span class='ocrx_word' id='word_1_721' title='bbox 2725 3633 2938 3688; x_wconf 74' lang='lat' dir='ltr'><strong>nomine</strong></span> <span class='ocrx_word' id='word_1_722' title='bbox 2959 3632 3304 3701; x_wconf 87' lang='lat' dir='ltr'><strong>decipientes,</strong></span> <span class='ocrx_word' id='word_1_723' title='bbox 3336 3632 3418 3686; x_wconf 89' lang='lat' dir='ltr'><strong>vel</strong></span> <span class='ocrx_word' id='word_1_724' title='bbox 3441 3643 3522 3686; x_wconf 82' lang='lat' dir='ltr'><strong>ta-</strong></span> 
     </span>
    </p>
   </div>
   <div class='ocr_carea' id='block_1_101' title="bbox 1945 3723 3526 3796">
    <p class='ocr_par' dir='ltr' id='par_1_101' title="bbox 1945 3723 3526 3796">
     <span class='ocr_line' id='line_1_101' title="bbox 1945 3723 3526 3796; baseline -0.001 -16"><span class='ocrx_word' id='word_1_725' title='bbox 1945 3725 2048 3780; x_wconf 88' lang='lat' dir='ltr'><strong>lem</strong></span> <span class='ocrx_word' id='word_1_726' title='bbox 2075 3740 2238 3796; x_wconf 87' lang='lat' dir='ltr'><strong>agens</strong></span> <span class='ocrx_word' id='word_1_727' title='bbox 2263 3725 2448 3791; x_wconf 85' lang='lat' dir='ltr'><strong>vitam,</strong></span> <span class='ocrx_word' id='word_1_728' title='bbox 2473 3725 2530 3780; x_wconf 89' lang='lat' dir='ltr'><strong>iu</strong></span> <span class='ocrx_word' id='word_1_729' title='bbox 2559 3739 2660 3794; x_wconf 85' lang='lat' dir='ltr'><strong>qua</strong></span> <span class='ocrx_word' id='word_1_730' title='bbox 2691 3725 2822 3780; x_wconf 89' lang='lat' dir='ltr'><strong>istos</strong></span> <span class='ocrx_word' id='word_1_731' title='bbox 2853 3723 3028 3794; x_wconf 88' lang='lat' dir='ltr'><strong>potius</strong></span> <span class='ocrx_word' id='word_1_732' title='bbox 3053 3737 3212 3793; x_wconf 89' lang='lat' dir='ltr'><strong>quam</strong></span> <span class='ocrx_word' id='word_1_733' title='bbox 3239 3723 3409 3780; x_wconf 86' lang='lat' dir='ltr'><strong>Deum</strong></span> <span class='ocrx_word' id='word_1_734' title='bbox 3435 3737 3526 3778; x_wconf 87' lang='lat' dir='ltr'><strong>ve-</strong></span> 
     </span>
    </p>
   </div>
   <div class='ocr_carea' id='block_1_102' title="bbox 1945 3811 3208 3889">
    <p class='ocr_par' dir='ltr' id='par_1_102' title="bbox 1945 3811 3208 3889">
     <span class='ocr_line' id='line_1_102' title="bbox 1945 3811 3208 3889; baseline -0.002 -19"><span class='ocrx_word' id='word_1_735' title='bbox 1945 3833 2060 3870; x_wconf 87' lang='lat' dir='ltr'><strong>rum</strong></span> <span class='ocrx_word' id='word_1_736' title='bbox 2089 3825 2146 3872; x_wconf 90' lang='lat' dir='ltr'><strong>et</strong></span> <span class='ocrx_word' id='word_1_737' title='bbox 2169 3824 2316 3889; x_wconf 85' lang='lat' dir='ltr'><strong>optet</strong></span> <span class='ocrx_word' id='word_1_738' title='bbox 2337 3817 2625 3889; x_wconf 89' lang='lat' dir='ltr'><strong>propitios,</strong></span> <span class='ocrx_word' id='word_1_739' title='bbox 2645 3825 2700 3872; x_wconf 90' lang='lat' dir='ltr'><strong>et</strong></span> <span class='ocrx_word' id='word_1_740' title='bbox 2732 3815 2982 3872; x_wconf 87' lang='lat' dir='ltr'><strong>formidet</strong></span> <span class='ocrx_word' id='word_1_741' title='bbox 3007 3811 3208 3870; x_wconf 86' lang='lat' dir='ltr'><strong>iratos?</strong></span> 
     </span>
    </p>
   </div>
   <div class='ocr_carea' id='block_1_103' title="bbox 1944 3929 3526 4001">
    <p class='ocr_par' dir='ltr' id='par_1_103' title="bbox 1944 3929 3526 4001">
     <span class='ocr_line' id='line_1_103' title="bbox 1944 3929 3526 4001; baseline -0.003 -14"><span class='ocrx_word' id='word_1_742' title='bbox 1944 3929 2171 3989; x_wconf 80' lang='lat' dir='ltr'><strong>CAPUT</strong></span> <span class='ocrx_word' id='word_1_743' title='bbox 2215 3931 2280 3988; x_wconf 85' lang='lat' dir='ltr'><strong>V.</strong></span> <span class='ocrx_word' id='word_1_744' title='bbox 2309 3962 2382 3974; x_wconf 90' lang='lat'><strong>—-</strong></span> <span class='ocrx_word' id='word_1_745' title='bbox 2401 3931 2480 3987; x_wconf 76' lang='lat' dir='ltr'><strong>De</strong></span> <span class='ocrx_word' id='word_1_746' title='bbox 2517 3930 2928 3998; x_wconf 73' lang='lat' dir='ltr'><strong>obscenitatibua,</strong></span> <span class='ocrx_word' id='word_1_747' title='bbox 2975 3931 3152 4001; x_wconf 74' lang='lat' dir='ltr'><strong>quibus</strong></span> <span class='ocrx_word' id='word_1_748' title='bbox 3183 3929 3350 3985; x_wconf 82' lang='lat' dir='ltr'><strong>Mater</strong></span> <span class='ocrx_word' id='word_1_749' title='bbox 3375 3931 3526 3986; x_wconf 72' lang='lat' dir='ltr'><strong>derint</strong></span> 
     </span>
    </p>
   </div>
   <div class='ocr_carea' id='block_1_104' title="bbox 2303 4024 3166 4081">
    <p class='ocr_par' dir='ltr' id='par_1_104' title="bbox 2303 4024 3166 4081">
     <span class='ocr_line' id='line_1_104' title="bbox 2303 4024 3166 4081; baseline 0 -2"><span class='ocrx_word' id='word_1_750' title='bbox 2303 4041 2336 4079; x_wconf 89' lang='lat' dir='ltr'><strong>a</strong></span> <span class='ocrx_word' id='word_1_751' title='bbox 2365 4025 2645 4081; x_wconf 75' lang='lat' dir='ltr'><strong>cultoribus</strong></span> <span class='ocrx_word' id='word_1_752' title='bbox 2669 4026 2772 4080; x_wconf 74' lang='lat' dir='ltr'><strong>suis</strong></span> <span class='ocrx_word' id='word_1_753' title='bbox 2803 4024 3166 4079; x_wconf 74' lang='lat' dir='ltr'><strong>honor-abutar.</strong></span> 
     </span>
    </p>
   </div>
   <div class='ocr_carea' id='block_1_105' title="bbox 2016 4135 3524 4210">
    <p class='ocr_par' dir='ltr' id='par_1_105' title="bbox 2016 4135 3524 4210">
     <span class='ocr_line' id='line_1_105' title="bbox 2016 4135 3524 4210; baseline -0.003 -15"><span class='ocrx_word' id='word_1_754' title='bbox 2016 4137 2358 4210; x_wconf 82' lang='lat' dir='ltr'><strong>Nequaquam</strong></span> <span class='ocrx_word' id='word_1_755' title='bbox 2383 4138 2536 4204; x_wconf 89' lang='lat' dir='ltr'><strong>istos,</strong></span> <span class='ocrx_word' id='word_1_756' title='bbox 2559 4137 2649 4208; x_wconf 89' lang='lat' dir='ltr'><strong>qui</strong></span> <span class='ocrx_word' id='word_1_757' title='bbox 2677 4135 3102 4207; x_wconf 74' lang='lat' dir='ltr'><strong>flagitiosissima:</strong></span> <span class='ocrx_word' id='word_1_758' title='bbox 3123 4137 3524 4192; x_wconf 86' lang='lat' dir='ltr'><strong>consuetudinis</strong></span> 
     </span>
    </p>
   </div>
   <div class='ocr_carea' id='block_1_106' title="bbox 1947 4230 3522 4300">
    <p class='ocr_par' dir='ltr' id='par_1_106' title="bbox 1947 4230 3522 4300">
     <span class='ocr_line' id='line_1_106' title="bbox 1947 4230 3522 4300; baseline -0.001 -14"><span class='ocrx_word' id='word_1_759' title='bbox 1947 4233 2088 4288; x_wconf 90' lang='lat' dir='ltr'><strong>vitiis</strong></span> <span class='ocrx_word' id='word_1_760' title='bbox 2129 4231 2388 4288; x_wconf 84' lang='lat' dir='ltr'><strong>obiectari</strong></span> <span class='ocrx_word' id='word_1_761' title='bbox 2427 4231 2597 4300; x_wconf 80' lang='lat' dir='ltr'><strong>magis</strong></span> <span class='ocrx_word' id='word_1_762' title='bbox 2632 4245 2792 4300; x_wconf 90' lang='lat' dir='ltr'><strong>quam</strong></span> <span class='ocrx_word' id='word_1_763' title='bbox 2845 4230 3102 4286; x_wconf 89' lang='lat' dir='ltr'><strong>obluctari</strong></span> <span class='ocrx_word' id='word_1_764' title='bbox 3155 4231 3392 4300; x_wconf 88' lang='lat' dir='ltr'><strong>student,</strong></span> <span class='ocrx_word' id='word_1_765' title='bbox 3425 4233 3522 4286; x_wconf 88' lang='lat' dir='ltr'><strong>sed</strong></span> 
     </span>
    </p>
   </div>
   <div class='ocr_carea' id='block_1_107' title="bbox 1948 4320 3526 4393">
    <p class='ocr_par' dir='ltr' id='par_1_107' title="bbox 1948 4320 3526 4393">
     <span class='ocr_line' id='line_1_107' title="bbox 1948 4320 3526 4393; baseline -0.001 -16"><span class='ocrx_word' id='word_1_766' title='bbox 1948 4323 2096 4378; x_wconf 89' lang='lat' dir='ltr'><strong>illum</strong></span> <span class='ocrx_word' id='word_1_767' title='bbox 2127 4321 2298 4392; x_wconf 90' lang='lat' dir='ltr'><strong>ipsum</strong></span> <span class='ocrx_word' id='word_1_768' title='bbox 2345 4321 2590 4378; x_wconf 86' lang='lat' dir='ltr'><strong>Nasicam</strong></span> <span class='ocrx_word' id='word_1_769' title='bbox 2635 4320 2957 4392; x_wconf 89' lang='lat' dir='ltr'><strong>Scipionem,</strong></span> <span class='ocrx_word' id='word_1_770' title='bbox 2988 4323 3076 4391; x_wconf 89' lang='lat' dir='ltr'><strong>qui</strong></span> <span class='ocrx_word' id='word_1_771' title='bbox 3104 4323 3181 4376; x_wconf 87' lang='lat' dir='ltr'><strong>vir</strong></span> <span class='ocrx_word' id='word_1_772' title='bbox 3207 4321 3443 4393; x_wconf 86' lang='lat' dir='ltr'><strong>Optimus</strong></span> <span class='ocrx_word' id='word_1_773' title='bbox 3495 4339 3526 4376; x_wconf 89' lang='lat' dir='ltr'><strong>a</strong></span> 
     </span>
    </p>
   </div>
   <div class='ocr_carea' id='block_1_108' title="bbox 1949 4412 3527 4482">
    <p class='ocr_par' dir='ltr' id='par_1_108' title="bbox 1949 4412 3527 4482">
     <span class='ocr_line' id='line_1_108' title="bbox 1949 4412 3527 4482; baseline -0.003 -11"><span class='ocrx_word' id='word_1_774' title='bbox 1949 4423 2134 4471; x_wconf 88' lang='lat' dir='ltr'><strong>senatu</strong></span> <span class='ocrx_word' id='word_1_775' title='bbox 2157 4414 2360 4471; x_wconf 89' lang='lat' dir='ltr'><strong>electus</strong></span> <span class='ocrx_word' id='word_1_776' title='bbox 2389 4422 2492 4481; x_wconf 90' lang='lat' dir='ltr'><strong>est,</strong></span> <span class='ocrx_word' id='word_1_777' title='bbox 2529 4413 2678 4482; x_wconf 88' lang='lat' dir='ltr'><strong>cujus</strong></span> <span class='ocrx_word' id='word_1_778' title='bbox 2707 4413 2953 4466; x_wconf 86' lang='lat' dir='ltr'><strong>manibus</strong></span> <span class='ocrx_word' id='word_1_779' title='bbox 2996 4412 3234 4482; x_wconf 85' lang='lat' dir='ltr'><strong>ejusdem</strong></span> <span class='ocrx_word' id='word_1_780' title='bbox 3267 4413 3527 4470; x_wconf 80' lang='lat' dir='ltr'><strong>daemonis</strong></span> 
     </span>
    </p>
   </div>
   <div class='ocr_carea' id='block_1_109' title="bbox 1949 4505 3524 4578">
    <p class='ocr_par' dir='ltr' id='par_1_109' title="bbox 1949 4505 3524 4578">
     <span class='ocr_line' id='line_1_109' title="bbox 1949 4505 3524 4578; baseline -0.001 -16"><span class='ocrx_word' id='word_1_781' title='bbox 1949 4509 2291 4566; x_wconf 88' lang='lat' dir='ltr'><strong>simulacrum</strong></span> <span class='ocrx_word' id='word_1_782' title='bbox 2321 4515 2628 4578; x_wconf 87' lang='lat' dir='ltr'><strong>susceptum</strong></span> <span class='ocrx_word' id='word_1_783' title='bbox 2649 4515 2751 4572; x_wconf 87' lang='lat' dir='ltr'><strong>est,</strong></span> <span class='ocrx_word' id='word_1_784' title='bbox 2781 4505 2834 4560; x_wconf 91' lang='lat' dir='ltr'><strong>in</strong></span> <span class='ocrx_word' id='word_1_785' title='bbox 2861 4505 3166 4576; x_wconf 88' lang='lat' dir='ltr'><strong>Urbemque</strong></span> <span class='ocrx_word' id='word_1_786' title='bbox 3194 4515 3524 4576; x_wconf 88' lang='lat' dir='ltr'><strong>pervectum,</strong></span> 
     </span>
    </p>
   </div>
   <div class='ocr_carea' id='block_1_110' title="bbox 2013 4680 3530 4746">
    <p class='ocr_par' dir='ltr' id='par_1_110' title="bbox 2013 4680 3530 4746">
     <span class='ocr_line' id='line_1_110' title="bbox 2013 4680 3530 4746; baseline -0.001 -14"><span class='ocrx_word' id='word_1_787' title='bbox 2013 4683 2084 4746; x_wconf 90' lang='lat' dir='ltr'><strong>(a)</strong></span> <span class='ocrx_word' id='word_1_788' title='bbox 2107 4685 2306 4746; x_wconf 83' lang='lat' dir='ltr'><strong>tnvertit</strong></span> <span class='ocrx_word' id='word_1_789' title='bbox 2341 4683 2507 4732; x_wconf 89' lang='lat' dir='ltr'><strong>falsam</strong></span> <span class='ocrx_word' id='word_1_790' title='bbox 2528 4682 2920 4746; x_wconf 86' lang='lat' dir='ltr'><strong>appellationem,</strong></span> <span class='ocrx_word' id='word_1_791' title='bbox 2945 4693 3040 4745; x_wconf 89' lang='lat' dir='ltr'><strong>qua</strong></span> <span class='ocrx_word' id='word_1_792' title='bbox 3057 4680 3162 4732; x_wconf 79' lang='lat' dir='ltr'><strong>ludi</strong></span> <span class='ocrx_word' id='word_1_793' title='bbox 3180 4681 3310 4732; x_wconf 84' lang='lat' dir='ltr'><strong>sacri</strong></span> <span class='ocrx_word' id='word_1_794' title='bbox 3331 4694 3360 4731; x_wconf 91' lang='lat' dir='ltr'><strong>a</strong></span> <span class='ocrx_word' id='word_1_795' title='bbox 3384 4693 3530 4744; x_wconf 83' lang='lat' dir='ltr'><strong>paga-</strong></span> 
     </span>
    </p>
   </div>
   <div class='ocr_carea' id='block_1_111' title="bbox 1951 4743 2879 4804">
    <p class='ocr_par' dir='ltr' id='par_1_111' title="bbox 1951 4743 2879 4804">
     <span class='ocr_line' id='line_1_111' title="bbox 1951 4743 2879 4804; baseline -0.004 -8"><span class='ocrx_word' id='word_1_796' title='bbox 1951 4743 2044 4804; x_wconf 76' lang='lat' dir='ltr'><strong>nis,</strong></span> <span class='ocrx_word' id='word_1_797' title='bbox 2068 4752 2151 4793; x_wconf 87' lang='lat' dir='ltr'><strong>aut</strong></span> <span class='ocrx_word' id='word_1_798' title='bbox 2169 4743 2394 4794; x_wconf 77' lang='lat' dir='ltr'><strong>ludorum</strong></span> <span class='ocrx_word' id='word_1_799' title='bbox 2415 4743 2879 4794; x_wconf 67' lang='lat' dir='ltr'><strong>sacra&#39;dicebantur.</strong></span> 
     </span>
    </p>
   </div>
   <div class='ocr_carea' id='block_1_112' title="bbox 2015 4803 3530 4876">
    <p class='ocr_par' dir='ltr' id='par_1_112' title="bbox 2015 4803 3530 4876">
     <span class='ocr_line' id='line_1_112' title="bbox 2015 4803 3530 4876; baseline -0.002 -22"><span class='ocrx_word' id='word_1_800' title='bbox 2015 4803 2087 4876; x_wconf 76' lang='grc' dir='ltr'><strong>(ὑ)</strong></span> <span class='ocrx_word' id='word_1_801' title='bbox 2112 4804 2305 4876; x_wconf 65' lang='lat' dir='ltr'><strong>Caelesti</strong></span> <span class='ocrx_word' id='word_1_802' title='bbox 2315 4804 2625 4876; x_wconf 54' lang='lat' dir='ltr'><strong>buierirgiui</strong></span> <span class='ocrx_word' id='word_1_803' title='bbox 2649 4807 2917 4876; x_wconf 75' lang='lat' dir='ltr'><strong>|.r-.e_cipuus</strong></span> <span class='ocrx_word' id='word_1_804' title='bbox 2939 4806 2988 4854; x_wconf 88' lang='lat' dir='ltr'><strong>in</strong></span> <span class='ocrx_word' id='word_1_805' title='bbox 3007 4803 3530 4876; x_wconf 61' lang='lat' dir='ltr'><strong>Afric3_cultustri})_ue-</strong></span> 
     </span>
    </p>
   </div>
   <div class='ocr_carea' id='block_1_113' title="bbox 1951 4865 3530 4936">
    <p class='ocr_par' dir='ltr' id='par_1_113' title="bbox 1951 4865 3530 4936">
     <span class='ocr_line' id='line_1_113' title="bbox 1951 4865 3530 4936; baseline -0.003 -20"><span class='ocrx_word' id='word_1_806' title='bbox 1951 4865 2108 4936; x_wconf 69' lang='lat' dir='ltr'><strong>batur,</strong></span> <span class='ocrx_word' id='word_1_807' title='bbox 2131 4875 2259 4936; x_wconf 74' lang='lat' dir='ltr'><strong>teste</strong></span> <span class='ocrx_word' id='word_1_808' title='bbox 2271 4865 2566 4936; x_wconf 56' lang='lat' dir='ltr'><strong>:l‘ertulliau&#39;o</strong></span> <span class='ocrx_word' id='word_1_809' title='bbox 2579 4869 2630 4936; x_wconf 80' lang='lat' dir='ltr'><strong>in</strong></span> <span class='ocrx_word' id='word_1_810' title='bbox 2647 4865 3092 4936; x_wconf 45' lang='lat' dir='ltr'><strong>Apologetieo,‘c_api</strong></span> <span class='ocrx_word' id='word_1_811' title='bbox 3115 4866 3192 4936; x_wconf 60' lang='grc'><strong>24.</strong></span> <span class='ocrx_word' id='word_1_812' title='bbox 3219 4873 3288 4914; x_wconf 88' lang='lat' dir='ltr'><strong>De</strong></span> <span class='ocrx_word' id='word_1_813' title='bbox 3305 4865 3390 4936; x_wconf 12' lang='lat' dir='ltr'><strong>illa,</strong></span> <span class='ocrx_word' id='word_1_814' title='bbox 3401 4865 3530 4936; x_wconf 79' lang='lat' dir='ltr'><strong>idem</strong></span> 
     </span>
    </p>
   </div>
   <div class='ocr_carea' id='block_1_114' title="bbox 1953 4927 3528 4993">
    <p class='ocr_par' dir='ltr' id='par_1_114' title="bbox 1953 4927 3528 4993">
     <span class='ocr_line' id='line_1_114' title="bbox 1953 4927 3528 4993; baseline -0.004 -13"><span class='ocrx_word' id='word_1_815' title='bbox 1953 4931 2060 4993; x_wconf 88' lang='lat' dir='ltr'><strong>ipse</strong></span> <span class='ocrx_word' id='word_1_816' title='bbox 2083 4927 2132 4978; x_wconf 85' lang='lat' dir='ltr'><strong>in</strong></span> <span class='ocrx_word' id='word_1_817' title='bbox 2149 4928 2500 4993; x_wconf 71' lang='lat' dir='ltr'><strong>ejusdemlibri</strong></span> <span class='ocrx_word' id='word_1_818' title='bbox 2524 4927 2862 4993; x_wconf 40' lang='lat' dir='ltr'><strong>mpite&#39;23fet</strong></span> <span class='ocrx_word' id='word_1_819' title='bbox 2883 4927 3060 4993; x_wconf 57' lang='lat' dir='ltr'><strong>multis</strong></span> <span class='ocrx_word' id='word_1_820' title='bbox 3081 4929 3198 4978; x_wconf 85' lang='lat' dir='ltr'><strong>locis</strong></span> <span class='ocrx_word' id='word_1_821' title='bbox 3207 4927 3528 4993; x_wconf 49' lang='lat' dir='ltr'><strong>Augustinus,</strong></span> 
     </span>
    </p>
   </div>
   <div class='ocr_carea' id='block_1_115' title="bbox 1954 4988 3528 5050">
    <p class='ocr_par' dir='ltr' id='par_1_115' title="bbox 1954 4988 3528 5050">
     <span class='ocr_line' id='line_1_115' title="bbox 1954 4988 3528 5050; baseline -0.002 -11"><span class='ocrx_word' id='word_1_822' title='bbox 1954 4988 2008 5040; x_wconf 83' lang='lat' dir='ltr'><strong>tit</strong></span> <span class='ocrx_word' id='word_1_823' title='bbox 2029 4988 2189 5039; x_wconf 60' lang='lat' dir='ltr'><strong>Enarrl</strong></span> <span class='ocrx_word' id='word_1_824' title='bbox 2211 4991 2260 5038; x_wconf 90' lang='lat' dir='ltr'><strong>iu</strong></span> <span class='ocrx_word' id='word_1_825' title='bbox 2281 4991 2403 5039; x_wconf 78' lang='lat' dir='ltr'><strong>Psal.</strong></span> <span class='ocrx_word' id='word_1_826' title='bbox 2429 4990 2508 5050; x_wconf 73' lang='lat'><strong>62,</strong></span> <span class='ocrx_word' id='word_1_827' title='bbox 2547 4988 2596 5040; x_wconf 72' lang='grc' dir='ltr'><strong>ιιῖ</strong></span> <span class='ocrx_word' id='word_1_828' title='bbox 2631 4992 2680 5048; x_wconf 89' lang='grc'><strong>7,</strong></span> <span class='ocrx_word' id='word_1_829' title='bbox 2717 4990 2840 5039; x_wconf 85' lang='lat' dir='ltr'><strong>etin</strong></span> <span class='ocrx_word' id='word_1_830' title='bbox 2863 4989 2974 5050; x_wconf 79' lang='lat' dir='ltr'><strong>Psal.</strong></span> <span class='ocrx_word' id='word_1_831' title='bbox 3005 4989 3083 5050; x_wconf 86' lang='lat'><strong>98,</strong></span> <span class='ocrx_word' id='word_1_832' title='bbox 3109 5004 3156 5038; x_wconf 87' lang='grc' dir='ltr'><strong>ιι.</strong></span> <span class='ocrx_word' id='word_1_833' title='bbox 3198 4988 3274 5048; x_wconf 73' lang='grc'><strong>14,</strong></span> <span class='ocrx_word' id='word_1_834' title='bbox 3301 4995 3352 5037; x_wconf 90' lang='lat' dir='ltr'><strong>et</strong></span> <span class='ocrx_word' id='word_1_835' title='bbox 3373 4995 3528 5036; x_wconf 81' lang='lat' dir='ltr'><strong>Serm.</strong></span> 
     </span>
    </p>
   </div>
   <div class='ocr_carea' id='block_1_116' title="bbox 1957 5049 3530 5118">
    <p class='ocr_par' dir='ltr' id='par_1_116' title="bbox 1957 5049 3530 5118">
     <span class='ocr_line' id='line_1_116' title="bbox 1957 5049 3530 5118; baseline -0.002 -17"><span class='ocrx_word' id='word_1_836' title='bbox 1957 5053 2062 5112; x_wconf 71' lang='lat' dir='ltr'><strong>l03,</strong></span> <span class='ocrx_word' id='word_1_837' title='bbox 2087 5066 2136 5100; x_wconf 85' lang='grc' dir='ltr'><strong>ιι.</strong></span> <span class='ocrx_word' id='word_1_838' title='bbox 2168 5051 2238 5100; x_wconf 69' lang='grc'><strong>12.</strong></span> <span class='ocrx_word' id='word_1_839' title='bbox 2265 5059 2392 5118; x_wconf 74' lang='lat' dir='ltr'><strong>Hauc</strong></span> <span class='ocrx_word' id='word_1_840' title='bbox 2409 5049 2670 5118; x_wconf 76' lang='lat' dir='ltr'><strong>Ludovicus</strong></span> <span class='ocrx_word' id='word_1_841' title='bbox 2693 5051 2836 5118; x_wconf 82' lang='lat' dir='ltr'><strong>\_’ives</strong></span> <span class='ocrx_word' id='word_1_842' title='bbox 2858 5049 2990 5118; x_wconf 77' lang='lat' dir='ltr'><strong>nulla</strong></span> <span class='ocrx_word' id='word_1_843' title='bbox 3027 5049 3221 5118; x_wconf 72' lang='lat' dir='ltr'><strong>eductus</strong></span> <span class='ocrx_word' id='word_1_844' title='bbox 3243 5050 3530 5118; x_wconf 73' lang='lat' dir='ltr'><strong>auctoritate</strong></span> 
     </span>
    </p>
   </div>
   <div class='ocr_carea' id='block_1_117' title="bbox 1953 5111 3530 5184">
    <p class='ocr_par' dir='ltr' id='par_1_117' title="bbox 1953 5111 3530 5184">
     <span class='ocr_line' id='line_1_117' title="bbox 1953 5111 3530 5184; baseline -0.003 -22"><span class='ocrx_word' id='word_1_845' title='bbox 1953 5121 2037 5163; x_wconf 91' lang='lat' dir='ltr'><strong>aut</strong></span> <span class='ocrx_word' id='word_1_846' title='bbox 2050 5111 2246 5184; x_wconf 78' lang='lat' dir='ltr'><strong>ratione</strong></span> <span class='ocrx_word' id='word_1_847' title='bbox 2267 5111 2514 5184; x_wconf 77' lang='lat' dir='ltr'><strong>confundit</strong></span> <span class='ocrx_word' id='word_1_848' title='bbox 2526 5113 2610 5184; x_wconf 64' lang='lat' dir='ltr'><strong>hic</strong></span> <span class='ocrx_word' id='word_1_849' title='bbox 2627 5113 2716 5184; x_wconf 81' lang='lat' dir='ltr'><strong>loci</strong></span> <span class='ocrx_word' id='word_1_850' title='bbox 2733 5125 2840 5184; x_wconf 67' lang='lat' dir='ltr'><strong>cum</strong></span> <span class='ocrx_word' id='word_1_851' title='bbox 2851 5113 3000 5184; x_wconf 74' lang='lat' dir='ltr'><strong>deum</strong></span> <span class='ocrx_word' id='word_1_852' title='bbox 3016 5119 3172 5184; x_wconf 75' lang='lat' dir='ltr'><strong>matre</strong></span> <span class='ocrx_word' id='word_1_853' title='bbox 3187 5111 3500 5184; x_wconf 72' lang='lat' dir='ltr'><strong>Berecynthia</strong></span> <span class='ocrx_word' id='word_1_854' title='bbox 3517 5125 3530 5170; x_wconf 93' lang='lat'><strong>;</strong></span> 
     </span>
    </p>
   </div>
   <div class='ocr_carea' id='block_1_118' title="bbox 1957 5173 3534 5243">
    <p class='ocr_par' dir='ltr' id='par_1_118' title="bbox 1957 5173 3534 5243">
     <span class='ocr_line' id='line_1_118' title="bbox 1957 5173 3534 5243; baseline -0.003 -21"><span class='ocrx_word' id='word_1_855' title='bbox 1957 5177 2247 5243; x_wconf 52' lang='lat' dir='ltr'><strong>augustioris</strong></span> <span class='ocrx_word' id='word_1_856' title='bbox 2267 5173 2715 5243; x_wconf 60' lang='lat' dir='ltr'><strong>cptttramauifeste</strong></span> <span class='ocrx_word' id='word_1_857' title='bbox 2753 5173 3019 5243; x_wconf 70' lang='lat' dir='ltr'><strong>distinguit,</strong></span> <span class='ocrx_word' id='word_1_858' title='bbox 3065 5173 3354 5243; x_wconf 62' lang='lat' dir='ltr'><strong>interposita</strong></span> <span class='ocrx_word' id='word_1_859' title='bbox 3391 5185 3534 5243; x_wconf 53' lang='lat' dir='ltr'><strong>copit:</strong></span> 
     </span>
    </p>
   </div>
   <div class='ocr_carea' id='block_1_119' title="bbox 1957 5232 3533 5298">
    <p class='ocr_par' dir='ltr' id='par_1_119' title="bbox 1957 5232 3533 5298">
     <span class='ocr_line' id='line_1_119' title="bbox 1957 5232 3533 5298; baseline -0.002 -15"><span class='ocrx_word' id='word_1_860' title='bbox 1957 5232 2097 5298; x_wconf 17' lang='lat' dir='ltr'><strong>lan&#39;te,</strong></span> <span class='ocrx_word' id='word_1_861' title='bbox 2105 5233 2334 5297; x_wconf 87' lang='lat' dir='ltr'><strong>particula</strong></span> <span class='ocrx_word' id='word_1_862' title='bbox 2350 5236 2632 5298; x_wconf 86' lang='lat' dir='ltr'><strong>subjicieus,</strong></span> <span class='ocrx_word' id='word_1_863' title='bbox 2655 5241 2702 5285; x_wconf 85' lang='lat' dir='ltr'><strong>et</strong></span> <span class='ocrx_word' id='word_1_864' title='bbox 2727 5232 3051 5298; x_wconf 68' lang='lat' dir='ltr'><strong>ttereryiultite</strong></span> <span class='ocrx_word' id='word_1_865' title='bbox 3065 5232 3212 5283; x_wconf 81' lang='lat' dir='ltr'><strong>matri</strong></span> <span class='ocrx_word' id='word_1_866' title='bbox 3223 5232 3464 5298; x_wconf 65' lang='lat' dir='ltr'><strong>guardian,</strong></span> <span class='ocrx_word' id='word_1_867' title='bbox 3485 5233 3533 5281; x_wconf 90' lang='lat' dir='ltr'><strong>id</strong></span> 
     </span>
    </p>
   </div>
   <div class='ocr_carea' id='block_1_120' title="bbox 1957 5295 3534 5360">
    <p class='ocr_par' dir='ltr' id='par_1_120' title="bbox 1957 5295 3534 5360">
     <span class='ocr_line' id='line_1_120' title="bbox 1957 5295 3534 5360; baseline -0.002 -15"><span class='ocrx_word' id='word_1_868' title='bbox 1957 5304 2052 5360; x_wconf 84' lang='lat' dir='ltr'><strong>est,</strong></span> <span class='ocrx_word' id='word_1_869' title='bbox 2069 5295 2272 5346; x_wconf 83' lang='lat' dir='ltr'><strong>deorum</strong></span> <span class='ocrx_word' id='word_1_870' title='bbox 2296 5303 2346 5346; x_wconf 89' lang='lat' dir='ltr'><strong>et</strong></span> <span class='ocrx_word' id='word_1_871' title='bbox 2377 5295 2580 5346; x_wconf 79' lang='lat' dir='ltr'><strong>dearum</strong></span> <span class='ocrx_word' id='word_1_872' title='bbox 2603 5295 2768 5360; x_wconf 58' lang='lat' dir='ltr'><strong>{quod</strong></span> <span class='ocrx_word' id='word_1_873' title='bbox 2807 5295 3129 5360; x_wconf 77' lang='lat' dir='ltr'><strong>supplendum</strong></span> <span class='ocrx_word' id='word_1_874' title='bbox 3151 5295 3534 5360; x_wconf 83' lang='lat' dir='ltr'><strong>relinquebatur</strong></span> 
     </span>
    </p>
   </div>
   <div class='ocr_carea' id='block_1_121' title="bbox 1957 5357 3342 5422">
    <p class='ocr_par' dir='ltr' id='par_1_121' title="bbox 1957 5357 3342 5422">
     <span class='ocr_line' id='line_1_121' title="bbox 1957 5357 3342 5422; baseline 0 -16"><span class='ocrx_word' id='word_1_875' title='bbox 1957 5359 2006 5406; x_wconf 87' lang='lat' dir='ltr'><strong>in</strong></span> <span class='ocrx_word' id='word_1_876' title='bbox 2031 5360 2382 5422; x_wconf 79' lang='lat' dir='ltr'><strong>manuscriptis.</strong></span> <span class='ocrx_word' id='word_1_877' title='bbox 2399 5367 2511 5408; x_wconf 76' lang='lat' dir='ltr'><strong>Nam</strong></span> <span class='ocrx_word' id='word_1_878' title='bbox 2535 5361 2582 5422; x_wconf 84' lang='lat' dir='ltr'><strong>iu</strong></span> <span class='ocrx_word' id='word_1_879' title='bbox 2602 5357 2745 5410; x_wconf 86' lang='lat' dir='ltr'><strong>editis</strong></span> <span class='ocrx_word' id='word_1_880' title='bbox 2773 5357 2982 5422; x_wconf 79' lang='lat' dir='ltr'><strong>additum</strong></span> <span class='ocrx_word' id='word_1_881' title='bbox 3006 5365 3102 5418; x_wconf 88' lang='lat' dir='ltr'><strong>est,</strong></span> <span class='ocrx_word' id='word_1_882' title='bbox 3126 5357 3342 5408; x_wconf 75' lang='lat' dir='ltr'><strong>deorum.</strong></span> 
     </span>
    </p>
   </div>
   <div class='ocr_carea' id='block_1_122' title="bbox 2023 5417 3535 5482">
    <p class='ocr_par' dir='ltr' id='par_1_122' title="bbox 2023 5417 3535 5482">
     <span class='ocr_line' id='line_1_122' title="bbox 2023 5417 3535 5482; baseline -0.002 -14"><span class='ocrx_word' id='word_1_883' title='bbox 2023 5417 2092 5480; x_wconf 80' lang='grc' dir='ltr'><strong>(ε)</strong></span> <span class='ocrx_word' id='word_1_884' title='bbox 2116 5417 2286 5482; x_wconf 60' lang='lat' dir='ltr'><strong>Pridie&#39;</strong></span> <span class='ocrx_word' id='word_1_885' title='bbox 2295 5421 2403 5468; x_wconf 87' lang='lat' dir='ltr'><strong>idus</strong></span> <span class='ocrx_word' id='word_1_886' title='bbox 2430 5421 2610 5482; x_wconf 87' lang='lat' dir='ltr'><strong>apriles</strong></span> <span class='ocrx_word' id='word_1_887' title='bbox 2631 5427 2786 5468; x_wconf 87' lang='lat' dir='ltr'><strong>mater</strong></span> <span class='ocrx_word' id='word_1_888' title='bbox 2823 5418 2973 5467; x_wconf 80' lang='lat' dir='ltr'><strong>deum</strong></span> <span class='ocrx_word' id='word_1_889' title='bbox 2995 5431 3169 5481; x_wconf 81' lang='lat' dir='ltr'><strong>magna</strong></span> <span class='ocrx_word' id='word_1_890' title='bbox 3193 5433 3364 5482; x_wconf 67' lang='lat' dir='ltr'><strong>ponipa</strong></span> <span class='ocrx_word' id='word_1_891' title='bbox 3387 5431 3412 5466; x_wconf 91' lang='lat' dir='ltr'><strong>a</strong></span> <span class='ocrx_word' id='word_1_892' title='bbox 3433 5430 3535 5482; x_wconf 77' lang='lat' dir='ltr'><strong>suis</strong></span> 
     </span>
    </p>
   </div>
   <div class='ocr_carea' id='block_1_123' title="bbox 1958 5480 3536 5543">
    <p class='ocr_par' dir='ltr' id='par_1_123' title="bbox 1958 5480 3536 5543">
     <span class='ocr_line' id='line_1_123' title="bbox 1958 5480 3536 5543; baseline -0.001 -15"><span class='ocrx_word' id='word_1_893' title='bbox 1958 5481 2292 5530; x_wconf 83' lang='lat' dir='ltr'><strong>sacerdotibus</strong></span> <span class='ocrx_word' id='word_1_894' title='bbox 2321 5481 2378 5530; x_wconf 88' lang='lat' dir='ltr'><strong>ad</strong></span> <span class='ocrx_word' id='word_1_895' title='bbox 2399 5480 2646 5532; x_wconf 78' lang='lat' dir='ltr'><strong>Almonem</strong></span> <span class='ocrx_word' id='word_1_896' title='bbox 2674 5483 2888 5540; x_wconf 84' lang='lat' dir='ltr'><strong>ﬂuvium,</strong></span> <span class='ocrx_word' id='word_1_897' title='bbox 2911 5483 2994 5543; x_wconf 87' lang='lat' dir='ltr'><strong>qui</strong></span> <span class='ocrx_word' id='word_1_898' title='bbox 3016 5480 3113 5530; x_wconf 81' lang='lat' dir='ltr'><strong>non</strong></span> <span class='ocrx_word' id='word_1_899' title='bbox 3134 5480 3302 5543; x_wconf 78' lang='lat' dir='ltr'><strong>procul</strong></span> <span class='ocrx_word' id='word_1_900' title='bbox 3325 5481 3387 5528; x_wconf 88' lang='lat' dir='ltr'><strong>ab</strong></span> <span class='ocrx_word' id='word_1_901' title='bbox 3410 5480 3536 5527; x_wconf 82' lang='lat' dir='ltr'><strong>Urbe</strong></span> 
     </span>
    </p>
   </div>
   <div class='ocr_carea' id='block_1_124' title="bbox 1959 5543 3536 5609">
    <p class='ocr_par' dir='ltr' id='par_1_124' title="bbox 1959 5543 3536 5609">
     <span class='ocr_line' id='line_1_124' title="bbox 1959 5543 3536 5609; baseline -0.001 -19"><span class='ocrx_word' id='word_1_902' title='bbox 1959 5545 2010 5609; x_wconf 80' lang='lat' dir='ltr'><strong>in</strong></span> <span class='ocrx_word' id='word_1_903' title='bbox 2033 5543 2244 5592; x_wconf 83' lang='lat' dir='ltr'><strong>Tiberim</strong></span> <span class='ocrx_word' id='word_1_904' title='bbox 2281 5543 2467 5609; x_wconf 65' lang='lat' dir='ltr'><strong>inﬂuit,</strong></span> <span class='ocrx_word' id='word_1_905' title='bbox 2493 5543 2866 5609; x_wconf 84' lang='lat' dir='ltr'><strong>producebatur,</strong></span> <span class='ocrx_word' id='word_1_906' title='bbox 2913 5543 3079 5609; x_wconf 85' lang='lat' dir='ltr'><strong>ibique</strong></span> <span class='ocrx_word' id='word_1_907' title='bbox 3112 5543 3170 5591; x_wconf 90' lang='lat' dir='ltr'><strong>ad</strong></span> <span class='ocrx_word' id='word_1_908' title='bbox 3207 5543 3536 5609; x_wconf 77' lang='lat' dir='ltr'><strong>confluentem</strong></span> 
     </span>
    </p>
   </div>
   <div class='ocr_carea' id='block_1_125' title="bbox 1959 5605 3536 5664">
    <p class='ocr_par' dir='ltr' id='par_1_125' title="bbox 1959 5605 3536 5664">
     <span class='ocr_line' id='line_1_125' title="bbox 1959 5605 3536 5664; baseline -0.004 -10"><span class='ocrx_word' id='word_1_909' title='bbox 1959 5605 2163 5654; x_wconf 89' lang='lat' dir='ltr'><strong>duorum</strong></span> <span class='ocrx_word' id='word_1_910' title='bbox 2195 5607 2407 5653; x_wconf 87' lang='lat' dir='ltr'><strong>amnium</strong></span> <span class='ocrx_word' id='word_1_911' title='bbox 2429 5605 2715 5653; x_wconf 85' lang='lat' dir='ltr'><strong>abluebatur</strong></span> <span class='ocrx_word' id='word_1_912' title='bbox 2737 5611 2912 5652; x_wconf 85' lang='lat' dir='ltr'><strong>vetere</strong></span> <span class='ocrx_word' id='word_1_913' title='bbox 2936 5605 3168 5654; x_wconf 82' lang='lat' dir='ltr'><strong>instituto.</strong></span> <span class='ocrx_word' id='word_1_914' title='bbox 3187 5611 3300 5652; x_wconf 69' lang='lat' dir='ltr'><strong>riam</strong></span> <span class='ocrx_word' id='word_1_915' title='bbox 3323 5615 3419 5664; x_wconf 88' lang='lat' dir='ltr'><strong>quo</strong></span> <span class='ocrx_word' id='word_1_916' title='bbox 3439 5605 3536 5664; x_wconf 79' lang='lat' dir='ltr'><strong>pri-</strong></span> 
     </span>
    </p>
   </div>
   <div class='ocr_carea' id='block_1_126' title="bbox 1961 5664 3535 5725">
    <p class='ocr_par' dir='ltr' id='par_1_126' title="bbox 1961 5664 3535 5725">
     <span class='ocr_line' id='line_1_126' title="bbox 1961 5664 3535 5725; baseline -0.003 -11"><span class='ocrx_word' id='word_1_917' title='bbox 1961 5678 2092 5714; x_wconf 88' lang='lat' dir='ltr'><strong>mum</strong></span> <span class='ocrx_word' id='word_1_918' title='bbox 2114 5665 2195 5714; x_wconf 87' lang='lat' dir='ltr'><strong>die</strong></span> <span class='ocrx_word' id='word_1_919' title='bbox 2220 5677 2285 5714; x_wconf 81' lang='lat' dir='ltr'><strong>ex</strong></span> <span class='ocrx_word' id='word_1_920' title='bbox 2309 5668 2412 5714; x_wconf 80' lang='lat' dir='ltr'><strong>Asia</strong></span> <span class='ocrx_word' id='word_1_921' title='bbox 2436 5665 2550 5713; x_wconf 89' lang='lat' dir='ltr'><strong>illuc</strong></span> <span class='ocrx_word' id='word_1_922' title='bbox 2581 5673 2658 5714; x_wconf 76' lang='lat' dir='ltr'><strong>est</strong></span> <span class='ocrx_word' id='word_1_923' title='bbox 2679 5664 2899 5725; x_wconf 87' lang='lat' dir='ltr'><strong>advecta,</strong></span> <span class='ocrx_word' id='word_1_924' title='bbox 2941 5679 2969 5713; x_wconf 90' lang='lat' dir='ltr'><strong>a</strong></span> <span class='ocrx_word' id='word_1_925' title='bbox 3007 5666 3262 5715; x_wconf 83' lang='lat' dir='ltr'><strong>sacerdote</strong></span> <span class='ocrx_word' id='word_1_926' title='bbox 3301 5664 3397 5714; x_wconf 87' lang='lat' dir='ltr'><strong>lota</strong></span> <span class='ocrx_word' id='word_1_927' title='bbox 3438 5669 3535 5722; x_wconf 75' lang='lat' dir='ltr'><strong>est,</strong></span> 
     </span>
    </p>
   </div>
   <div class='ocr_carea' id='block_1_127' title="bbox 1963 5725 3535 5789">
    <p class='ocr_par' dir='ltr' id='par_1_127' title="bbox 1963 5725 3535 5789">
     <span class='ocr_line' id='line_1_127' title="bbox 1963 5725 3535 5789; baseline -0.002 -13"><span class='ocrx_word' id='word_1_928' title='bbox 1963 5729 2102 5788; x_wconf 87' lang='lat' dir='ltr'><strong>isque</strong></span> <span class='ocrx_word' id='word_1_929' title='bbox 2125 5740 2230 5774; x_wconf 87' lang='lat' dir='ltr'><strong>mos</strong></span> <span class='ocrx_word' id='word_1_930' title='bbox 2253 5735 2423 5789; x_wconf 82' lang='lat' dir='ltr'><strong>postea</strong></span> <span class='ocrx_word' id='word_1_931' title='bbox 2453 5737 2591 5789; x_wconf 86' lang='lat' dir='ltr'><strong>sacer</strong></span> <span class='ocrx_word' id='word_1_932' title='bbox 2614 5725 2706 5789; x_wconf 77' lang='lat' dir='ltr'><strong>fuit</strong></span> <span class='ocrx_word' id='word_1_933' title='bbox 2727 5732 2780 5776; x_wconf 87' lang='lat' dir='ltr'><strong>et</strong></span> <span class='ocrx_word' id='word_1_934' title='bbox 2792 5727 3002 5789; x_wconf 78' lang='lat' dir='ltr'><strong>singulis</strong></span> <span class='ocrx_word' id='word_1_935' title='bbox 3031 5729 3166 5775; x_wconf 84' lang='lat' dir='ltr'><strong>annis</strong></span> <span class='ocrx_word' id='word_1_936' title='bbox 3187 5730 3443 5788; x_wconf 84' lang='lat' dir='ltr'><strong>repetitus.</strong></span> <span class='ocrx_word' id='word_1_937' title='bbox 3469 5730 3535 5773; x_wconf 69' lang='lat' dir='ltr'><strong>De</strong></span> 
     </span>
    </p>
   </div>
   <div class='ocr_carea' id='block_1_128' title="bbox 1963 5787 3532 5860">
    <p class='ocr_par' dir='ltr' id='par_1_128' title="bbox 1963 5787 3532 5860">
     <span class='ocr_line' id='line_1_128' title="bbox 1963 5787 3532 5860; baseline -0.002 -24"><span class='ocrx_word' id='word_1_938' title='bbox 1963 5787 2061 5860; x_wconf 69' lang='lat' dir='ltr'><strong>quo</strong></span> <span class='ocrx_word' id='word_1_939' title='bbox 2081 5801 2218 5860; x_wconf 63' lang='lat' dir='ltr'><strong>inore</strong></span> <span class='ocrx_word' id='word_1_940' title='bbox 2239 5787 2450 5860; x_wconf 49' lang='lat' dir='ltr'><strong>Ovidius,</strong></span> <span class='ocrx_word' id='word_1_941' title='bbox 2477 5787 2758 5860; x_wconf 64' lang='lat' dir='ltr'><strong>intfast_._lib.</strong></span> <span class='ocrx_word' id='word_1_942' title='bbox 2779 5787 2830 5860; x_wconf 51' lang='grc' dir='ltr'><strong>τι,</strong></span> <span class='ocrx_word' id='word_1_943' title='bbox 2848 5787 2985 5860; x_wconf 63' lang='lat' dir='ltr'><strong>v&#39;ers.</strong></span> <span class='ocrx_word' id='word_1_944' title='bbox 3007 5787 3276 5860; x_wconf 54' lang='lat' dir='ltr'><strong>seqqi;</strong></span> <span class='ocrx_word' id='word_1_945' title='bbox 3305 5795 3532 5846; x_wconf 82' lang='lat' dir='ltr'><strong>Lucanus,</strong></span> 
     </span>
    </p>
   </div>
   <div class='ocr_carea' id='block_1_129' title="bbox 1967 5848 3290 5912">
    <p class='ocr_par' dir='ltr' id='par_1_129' title="bbox 1967 5848 3290 5912">
     <span class='ocr_line' id='line_1_129' title="bbox 1967 5848 3290 5912; baseline 0.002 -18"><span class='ocrx_word' id='word_1_946' title='bbox 1967 5848 2048 5899; x_wconf 80' lang='lat' dir='ltr'><strong>lib.</strong></span> <span class='ocrx_word' id='word_1_947' title='bbox 2077 5851 2118 5912; x_wconf 84' lang='lat' dir='ltr'><strong>l,</strong></span> <span class='ocrx_word' id='word_1_948' title='bbox 2146 5862 2270 5901; x_wconf 84' lang='lat' dir='ltr'><strong>vers.</strong></span> <span class='ocrx_word' id='word_1_949' title='bbox 2297 5848 2418 5912; x_wconf 82' lang='lat'><strong>600;</strong></span> <span class='ocrx_word' id='word_1_950' title='bbox 2443 5849 2749 5910; x_wconf 75' lang='lat' dir='ltr'><strong>Prudentius,</strong></span> <span class='ocrx_word' id='word_1_951' title='bbox 2776 5851 2824 5900; x_wconf 87' lang='lat' dir='ltr'><strong>in</strong></span> <span class='ocrx_word' id='word_1_952' title='bbox 2847 5852 3060 5912; x_wconf 56' lang='grc' dir='ltr'><strong>Μαῖσιν-ιο</strong></span> <span class='ocrx_word' id='word_1_953' title='bbox 3084 5848 3290 5897; x_wconf 75' lang='lat' dir='ltr'><strong>uomunt.</strong></span> 
     </span>
    </p>
   </div>
  </div>
