4038 6488
466 400 534 461 5t
1534 414 1623 471 DE
1660 412 1982 471 ClVlTATE
2021 412 2154 484 DEI,
2194 411 2251 471 Β.
2296 412 2665 475 AUGUSTINI
3676 398 3760 467 se

472 519 674 578 habere
714 519 781 578 de
811 519 913 579 hac
958 537 1018 578 re
1050 521 1287 594 judicem
1329 523 1541 581 vellem.
1574 526 1787 583 Diceret
1847 525 2002 583 nobis
2032 564 2049 593 ,

473 620 654 667 utrum
676 621 904 670 matrem
925 628 1075 670 suam
1125 623 1233 670 tam
1263 616 1464 687 optime
1489 617 1557 673 de
1596 618 1863 688 republica
1890 618 2056 674 vellet

428 752 439 764 ,
474 703 673 758 mereri
697 742 711 767 ,
763 713 820 759 ut
849 705 898 760 ei
950 704 1114 760 divini
1156 705 1392 764 honores
1431 692 1891 764 decernerentur:
1919 707 2064 763 sicut

473 803 528 848 et
562 793 778 850 Graecos
802 806 856 850 et
889 796 1162 854 Romanos
1187 798 1424 871 aliasque
1464 809 1650 871 gentes
1680 808 1890 855 constat
1934 800 2056 870 qui-

470 882 699 939 busdam
727 884 1027 943 decrevisse
1076 890 1395 946 mortalibus
1413 933 1429 959 ,
1470 905 1696 961 quorum
1729 905 1854 962 erga
1882 905 1942 945 se
1965 890 2059 945 be-

472 975 664 1029 ncllcia
696 976 1193 1048 magnipenderaut,
1227 995 1428 1052 eosque
1473 982 1801 1037 immortales
1850 982 2015 1037 factos
2038 1022 2054 1048 ,

474 1077 635 1138 atque
670 1070 722 1124 in
765 1070 986 1127 deorum
1030 1089 1316 1129 numerum
1369 1089 1617 1145 receptos
1667 1089 1787 1131 esse
1812 1074 2059 1131 credide-

479 1168 604 1214 rant
632 1160 733 1233 (a).
753 1161 997 1219 Profecto
1027 1164 1115 1221 ille
1141 1175 1342 1221 tantam
1385 1166 1690 1222 felicitatem
1723 1181 1839 1222 sure
1858 1166 2060 1235 matri,

481 1251 526 1305 si
560 1250 675 1306 ﬂeri
706 1262 915 1323 posset,
943 1264 1173 1325 Optaret.
1208 1253 1377 1312 Porro
1401 1258 1446 1312 si
1470 1258 1537 1311 ab
1567 1258 1662 1312 illo
1689 1258 1882 1313 deinde
1908 1273 2062 1327 quac-

474 1355 738 1407 rercmus,
769 1352 946 1398 utrum
986 1346 1128 1402 inter
1155 1346 1273 1417 ejus
1292 1347 1502 1402 divinos
1525 1347 1759 1402 honores
1785 1347 1943 1402 vellet
1972 1346 2062 1401 illa

478 1433 656 1503 turpia
698 1434 995 1504 celebrari;
1027 1452 1209 1494 nonne
1247 1453 1307 1494 se
1354 1439 1512 1494 malle
1544 1439 1838 1506 clamaret,
1886 1447 1945 1492 ut
1969 1452 2064 1493 sua

477 1532 653 1579 mater
678 1525 793 1581 sine
819 1526 929 1582 ullo
950 1541 1111 1584 sensu
1138 1539 1344 1584 mortua
1392 1530 1617 1599 jaceret,
1650 1546 1809 1600 quam
1853 1530 1918 1584 ad
1961 1529 2065 1585 hoc

478 1615 582 1671 «lea
613 1617 839 1685 viveret,
869 1628 928 1675 ut
975 1621 1063 1675 illa
1092 1621 1322 1676 libenter
1346 1621 1599 1677 audiret?
1627 1623 1780 1676 Absit
1820 1630 1876 1676 ut
1905 1635 2064 1676 sena—

479 1716 567 1762 tor
598 1710 775 1780 populi
804 1710 1031 1767 Boniaui
1063 1728 1123 1768 ea
1157 1724 1346 1769 mente
1366 1714 1637 1786 prmditus,
1668 1730 1770 1784 qua
1799 1715 2067 1770 theatrum

481 1800 738 1857 :edilicari
768 1804 819 1857 in
840 1804 969 1859 urbe
1000 1804 1218 1860 fortium
1264 1808 1502 1863 virorum
1527 1808 1825 1877 prohibuit,
1853 1807 1932 1862 sic
1955 1807 2068 1862 vel-

480 1891 557 1945 let
584 1892 688 1947 coli
735 1902 958 1949 matrem
1000 1909 1172 1962 suam,
1214 1905 1273 1951 ut
1301 1897 1496 1953 talibus
1541 1898 1643 1953 dea
1667 1900 1837 1953 sacris
1886 1898 2069 1970 propi-

483 1981 729 2051 tiarctur,
765 1985 1013 2055 qualibus
1041 1996 1286 2043 matrona
1315 1988 1494 2044 verbis
1522 1989 1908 2046 offenderetur.
1959 1989 2070 2046 Nec

481 2072 597 2127 ullo
632 2074 794 2129 modo
842 2076 1084 2132 crederet
1113 2079 1487 2134 verecundiam
1538 2080 1817 2135 laudabilis
1859 2080 2069 2136 femina:

483 2162 557 2217 ita
600 2164 653 2218 in
708 2167 1033 2222 contrarium
1084 2168 1358 2226 divinitate
1407 2172 1639 2238 mutari,
1682 2181 1738 2226 ut
1777 2172 2073 2228 honoribus

480 2271 607 2311 eam
640 2256 833 2314 talibus
854 2258 1185 2316 advocarent
1207 2262 1446 2318 cultores
1476 2264 1581 2330 sui,
1611 2265 1859 2334 qualibus
1896 2264 2072 2320 convi-

482 2346 582 2402 ciis
604 2348 657 2402 in
677 2350 984 2420 quempiam
1025 2351 1304 2421 jaculatis,
1330 2368 1453 2409 cum
1482 2355 1623 2410 inter
1649 2355 1894 2411 homines
1920 2355 2071 2410 vive-

480 2445 590 2506 ret,
633 2439 735 2495 nisi
768 2454 927 2519 aures
956 2442 1233 2499 clauderet
1278 2458 1507 2515 seseque
1553 2446 1914 2510 subtraheret,
1956 2462 2072 2501 eru-

482 2527 769 2586 bescerent
792 2547 895 2602 pro
911 2533 1001 2588 illa
1032 2544 1087 2588 et
1116 2536 1425 2607 propinqui,
1457 2545 1511 2591 et
1539 2538 1782 2605 maritus,
1809 2547 1863 2593 et
1889 2538 2067 2595 liberi.

491 2620 733 2676 Proinde
764 2622 885 2677 talis
938 2634 1109 2679 mater
1141 2624 1322 2691 deum,
1366 2627 1579 2697 qualem
1619 2627 1817 2683 habere
1846 2638 2071 2682 matrem

482 2710 715 2781 puderet
737 2713 1028 2784 quemlibet
1047 2715 1211 2770 etiam
1258 2718 1551 2787 pessimum
1576 2718 1774 2786 virum,
1803 2720 2073 2776 Romanas

487 2810 813 2872 occupatura
858 2813 1068 2861 mentes
1113 2806 1364 2876 quaesivit
1410 2810 1678 2878 optimum
1719 2809 1914 2877 virum,
1963 2826 2071 2865 non

485 2907 646 2961 quem
677 2895 950 2951 monendo
977 2904 1032 2952 et
1059 2897 1358 2968 adjuvando
1386 2899 1622 2970 faceret,
1662 2902 1754 2958 sed
1786 2919 1941 2973 quem
1971 2902 2071 2958 fal-

484 2982 648 3038 lendo
675 2983 968 3056 deciperet,
1001 2988 1051 3043 ei
1088 2989 1278 3046 similis
1311 2990 1379 3048 de
1405 3007 1508 3063 qua
1538 2992 1793 3062 scriptum
1818 3004 1922 3061 est,
1949 2994 2072 3049 Mu-

485 3075 583 3128 lier
605 3085 776 3131 autem
800 3079 1024 3145 virorum
1055 3083 1307 3152 pretiosas
1337 3086 1536 3140 animas
1577 3097 1747 3157 captat
1771 3086 1950 3158 (Prov.
1999 3104 2070 3155 vr,

484 3167 581 3241 26)
612 3186 626 3223 :
660 3179 718 3226 ut
756 3171 846 3228 ille
871 3177 1316 3244 magum‘iudolis
1353 3177 1567 3233 animus
1599 3180 1700 3235 hoc
1721 3181 1867 3235 velut
1892 3180 2073 3235 divino

489 3260 803 3318 testimonio
848 3264 1165 3323 sublimatus
1195 3268 1238 3335 ί,
1270 3277 1326 3323 et
1382 3284 1509 3325 vere
1549 3284 1609 3325 se
1659 3271 1920 3339 optimum
1961 3272 2076 3326 exi-

485 3350 734 3421 stimans,
765 3370 948 3412 veram
981 3359 1233 3428 pietatem
1257 3361 1679 3432 religionemque
1714 3378 1819 3418 non
1860 3378 2073 3434 quaere-

486 3446 756 3514 ret,.sine
785 3461 888 3518 qua
923 3463 1086 3505 omne
1121 3453 1364 3521 quamvis
1386 3452 1657 3509 laudabile
1685 3455 1953 3525 ingenium
1983 3471 2075 3510 su-

487 3533 676 3603 perbia
706 3537 944 3592 vanescit
970 3546 1031 3593 et
1052 3538 1272 3597 decidit.
1302 3540 1585 3608 Quomodo
1613 3543 1772 3613 igitur
1811 3543 1909 3599 nisi
1940 3544 2074 3599 insi-

488 3625 644 3684 diose
670 3639 939 3699 qutereret
963 3630 1064 3687 dea
1102 3632 1192 3687 illa
1234 3634 1493 3704 optimum
1527 3635 1737 3702 virum,
1786 3651 1910 3692 cum
1950 3638 2073 3693 talia

489 3728 695 3788 qua-rat
724 3720 777 3775 in
823 3721 934 3777 suis
971 3724 1141 3779 sacris
1165 3766 1180 3789 ,
1208 3725 1385 3795 qualia
1421 3725 1521 3781 viri
1550 3726 1739 3797 optimi
1782 3727 2075 3783 abhorrent

489 3810 606 3863 suis
632 3809 874 3867 adhiberi
900 3814 1206 3869 conviviis?

488 3895 717 3955 CAPUT
743 3897 832 3954 Ἣ.
862 3931 933 3941 --
981 3900 1125 3958 υεοε
1160 3902 1489 3974 Pagonorum
1532 3922 1792 3978 nunquam
1836 3909 1957 3966 bene
1998 3911 2077 3965 vi-

905 3993 1051 4046 vendi
1096 3995 1327 4050 sanxisse
1362 3996 1663 4051 doctrinam.

562 4074 701 4132 Hinc
727 4088 810 4134 est
836 4080 979 4151 quod
1007 4081 1076 4138 de
1101 4083 1205 4139 vita
1235 4092 1290 4140 et
1331 4085 1571 4141 moribus
1607 4085 1880 4143 civitatum
1918 4098 2083 4161 atque

488 4168 811 4237 populorum
836 4212 852 4238 ,
898 4186 930 4226 a
976 4171 1169 4243 quibus
1209 4175 1520 4231 colebantur
1563 4176 1651 4232 illa
1682 4180 1897 4234 numina
1922 4222 1937 4245 ,
1969 4196 2077 4236 non

491 4269 781 4328 curarunt,
811 4270 868 4316 ut
897 4272 1001 4318 tam
1032 4262 1314 4322 horrendis
1342 4267 1369 4299 ι
1392 4276 1446 4322 et
1473 4266 1876 4325 detestabilibus
1900 4272 2075 4339 malis,

490 4360 602 4402 non
630 4350 680 4403 in
710 4364 837 4421 agro
861 4360 914 4406 ct
942 4353 1141 4410 vitibus
1163 4396 1178 4421 ,
1216 4371 1323 4411 non
1354 4356 1410 4411 in
1439 4357 1598 4413 domo
1626 4368 1785 4430 atque
1811 4363 2032 4432 pecunia
2059 4404 2076 4431 ,

492 4456 604 4498 non
630 4441 862 4516 denique
890 4446 942 4501 in
970 4447 1088 4519 ipso
1115 4463 1343 4519 corpore
1364 4492 1381 4518 ,
1425 4451 1567 4521 quod
1607 4455 1772 4508 menti
1810 4456 2075 4521 subditur,

491 4534 591 4591 sed
616 4534 670 4591 in
695 4537 809 4607 ipsa
834 4547 1014 4595 mente
1037 4581 1059 4607 ,
1078 4540 1130 4594 in
1161 4539 1277 4610 ipso
1306 4552 1515 4597 rectore
1552 4545 1729 4598 carnis
1758 4546 1957 4611 animo,
1984 4562 2079 4602 eos

491 4627 707 4699 impleri
734 4644 799 4686 ac
836 4631 1101 4702 pessimos
1142 4633 1256 4689 fieri
1294 4634 1412 4690 sine
1452 4635 1557 4690 ulla
1586 4651 1681 4691 sua
1708 4638 1931 4693 terribili
1959 4654 2081 4709 pro-

491 4717 758 4776 hibitione
778 4722 1169 4790 permitterent.
1190 4726 1293 4778 Aut
1313 4724 1366 4780 si
1388 4725 1759 4795 prohibebant,
1775 4727 1875 4783 hoc
1899 4739 2081 4784 osten-

494 4809 653 4868 datur
693 4813 869 4884 potius
891 4855 907 4884 ,
939 4813 1044 4871 hoc
1086 4814 1357 4885 probetur.
1403 4817 1513 4874 Nec
1551 4821 1703 4876 nobis
1733 4820 1916 4876 nescio
1944 4836 2083 4892 quos

494 4918 746 4961 susurros
773 4907 1211 4978 paucissimorum
1252 4911 1470 4968 auribus
1497 4913 1775 4970 anhelatos
1803 4923 1858 4971 et
1884 4930 2081 4971 arcana

494 5000 641 5055 velut
668 5000 927 5073 religione
956 5001 1179 5058 traditos
1201 5002 1406 5073 iactent
1427 5047 1444 5074 ,
1475 5007 1669 5077 quibus
1694 5008 1815 5063 vita:
1846 5008 2081 5080 probitas

495 5092 818 5163 castitasque
842 5094 1077 5150 discatur
1108 5112 1124 5149 :
1152 5096 1246 5151 sed
1272 5097 1705 5155 demonstrentur
1732 5102 1813 5157 vel
1845 5117 2083 5158 comme-

495 5191 777 5241 morentur
802 5184 916 5241 loca
944 5184 1134 5241 talibus
1161 5185 1447 5259 aliquando
1480 5190 1868 5247 conventiculis
1892 5206 2083 5248 conse-

496 5280 666 5339 crata;
694 5288 802 5328 non
827 5274 915 5329 ubi
938 5276 1043 5330 ludi
1070 5284 1356 5347 agerentur
1380 5279 1626 5335 obscenis
1645 5281 1864 5336 vocibus
1887 5290 1943 5336 et
1968 5298 2085 5337 mo-

498 5361 639 5419 tibus
667 5361 981 5419 histrionum
1008 5408 1022 5432 ,
1064 5382 1162 5423 nec
1202 5369 1288 5425 ubi
1330 5368 1546 5441 Fugalia
1574 5370 1649 5442 (ὁ)
1678 5372 2084 5429 celebrarentur

562 5456 580 5487 ι
615 5451 785 5507 Plures
809 5463 935 5515 Mss,
956 5456 1241 5509 canteriatas.
1266 5484 1328 5496 —-
1349 5460 1422 5510 sic
1442 5467 1523 5510 \ts.
1548 5460 1657 5510 766.
1694 5467 1750 5511 tt.

561 5518 687 5589 '_nic
732 5525 834 5589 ttss.
857 5519 1057 5589 addunt,
1092 5533 1209 5583 eos;
1248 5533 1342 5572 nec
1365 5529 1529 5572 tamen
1551 5524 1780 5573 omittunt
1820 5521 1946 5572 infra
1967 5532 2082 5574 ante

495 5578 723 5643 verbum,
747 5578 956 5643 impleri.

565 5638 640 5703 (a)
662 5638 844 5708 Cicero,
870 5639 955 5692 lib.
976 5642 1087 5708 2de
1104 5651 1287 5708 ,Natura
1319 5644 1542 5706 deorum,
1561 5657 1665 5708 cap.
1691 5646 1789 5695 24:
1821 5664 1844 5693 ι
1864 5648 2085 5707 suscepit

505 5717 531 5748 ι
551 5711 735 5767 autem,
753 5706 888 5767 iuit,
926 5722 949 5751 ι
972 5706 1070 5755 vita
1103 5706 1349 5756 hominum
1390 5714 1443 5757 et
1462 5706 1764 5758 consuetudo
1798 5706 2081 5767 communis,

506 5781 532 5810 ι
554 5772 610 5814 ut
629 5764 881 5817 beneﬁciis
916 5767 1226 5819 excellentes
1246 5769 1377 5819 viros
1397 5770 1449 5818 in
1480 5769 1658 5821 ctelum
1696 5769 1820 5819 fama
1842 5776 1896 5819 et
1917 5764 2085 5818 volun-

506 5841 531 5872 ε
553 5832 654 5876 tate
677 5824 924 5879 tollerent.
950 5844 973 5874 ι

562 5887 639 5952 (b)
664 5889 880 5954 iugalia,
921 5890 1043 5943 festa
1066 5891 1260 5946 fuerunt
1296 5901 1452 5946 Romae
1475 5893 1525 5943 in
1548 5896 1828 5947 memoriam
1851 5891 2080 5957 expulso-

2162 525 2326 582 cﬂ‘usa
2349 525 2493 583 omni
2519 526 2729 581 licentia
2752 510 3135 594 turpitudinum
3158 521 3176 554 ¹
3209 520 3229 591 (
3257 528 3319 579 et
3336 534 3461 578 vere
3485 520 3703 592 Fugalia
3726 561 3753 584 ,ι

2160 617 2257 674 sed
2302 618 2518 689 pudoris
2561 625 2617 673 ct
2654 612 3008 686 honestatis):
3052 614 3148 669 sed
3176 613 3267 670 ubi
3298 612 3476 683 populi
3505 611 3751 668 audirent

2160 708 2286 778 quid
2315 708 2389 763 dii
2420 708 2770 779 praeciperent
2792 708 2814 739 ¹
2842 706 2911 761 de
2939 703 3234 761 cohibenda
3262 704 3488 759 avaritia
3512 744 3526 768 ,
3572 701 3747 755 ambi-

2163 799 2307 855 tione
2331 799 2640 870 l'rangeuda,
2668 799 2877 853 luxuria
2894 796 3229 862 refrenanda;
3254 795 3340 850 ubi
3364 795 3631 851 discerent
3648 793 3753 846 uti-

2163 890 2291 958 seri,
2321 892 2462 962 quod
2488 891 2799 946 discendum
2829 889 3044 945 Persius
3074 887 3390 957 increpavit,
3422 886 3644 941 dicens:

2286 984 2583 1046 Disciteque,
2610 995 2642 1030 ο
2662 982 2849 1046 miseri,
2875 985 2929 1030 et
2949 976 3119 1046 musas
3140 979 3388 1046 agnoscite
3412 978 3433 1009 ³
3455 988 3643 1046 rerum,

2286 1045 2402 1104 Quid
2426 1039 2611 1103 sumus,
2632 1051 2717 1093 aut
2738 1042 2964 1105 quidnam
2989 1043 3157 1105 victuri
3175 1039 3203 1105 ξ
3223 1041 3494 1105 gignimur;
3512 1039 3632 1105 culo

2287 1096 2400 1165 duis
2420 1106 2577 1165 datus,
2597 1096 2696 1155 Vaut
2718 1096 2863 1167 metae
2885 1116 2981 1167 qua
3002 1100 3161 1167 mollis
3183 1103 3204 1133 ⁸
3224 1096 3411 1167 Editus,
3447 1096 3498 1149 et
3530 1101 3661 1148 unde
3687 1096 3710 1129 ⁸
3735 1134 3768 1161 ,.

2288 1163 2402 1225 Quis
2423 1163 2593 1217 modus
2615 1165 2839 1228 argenti,
2859 1163 2973 1228 quid
2996 1164 3068 1213 fas
3083 1170 3272 1228 optare,
3296 1163 3411 1225 quid
3443 1174 3588 1228 asper

2291 1223 2414 1279 Utile
2438 1223 2864 1288 nummushabet;
2878 1223 3061 1288 'patrize
3076 1223 3330 1286 charisqné
3353 1223 3635 1286 propinquis

2289 1296 2523 1348 Quanmm
2548 1289 2739 1352 elargiri
2771 1288 2978 1348 deceat;
3001 1299 3149 1352 quem
3173 1295 3225 1336 te
3248 1293 3375 1352 Deus
3394 1297 3508 1334 esse

2289 1346 2456 1413 tussit,
2479 1358 2530 1402 et
2550 1346 2759 1400 hmriaua
2781 1363 2879 1413 qua
2900 1346 3040 1413 parte
3062 1348 3247 1413 [omitus
3266 1346 3494 1413 esﬁinnre.

2842 1412 2861 1473 (
2886 1406 3042 1461 Satira
3061 1411 3112 1470 3,
3136 1422 3261 1460 vers.
3286 1406 3481 1469 66-72.)

2176 1496 2393 1553 Dicatur
2418 1498 2471 1551 in
2499 1498 2688 1567 quibus
2716 1496 2850 1551 lucis
2890 1496 3007 1550 haec
3034 1493 3344 1550 docentium
3366 1491 3589 1546 deorum
3616 1489 3760 1545 sole-

2169 1588 2301 1644 bant
2326 1598 2591 1659 przecepta
2616 1589 2929 1655 recitariret
2954 1603 2987 1642 a
3010 1587 3307 1642 caloribus
3332 1599 3518 1641 eorum
3544 1582 3777 1653 pop-ﬁ

2172 1677 2481 1749 frequenter
2504 1679 2717 1745 audiri,
2747 1680 2885 1734 sicut
2926 1693 3026 1733 nos
3067 1676 3397 1732 ostendimus
3435 1674 3503 1729 ad
3539 1675 3642 1729 hoc
3664 1688 3762 1728 ec-

2172 1770 2362 1827 clesias
2387 1771 2675 1839 institutas,
2698 1784 3123 1844 quaquaversum
3148 1768 3333 1841 religio
3353 1766 3643 1823 christiana
3658 1763 3767 1837 dife

2174 1864 2430 1920 funditur.

2172 1955 2400 2012 CAPUT
2429 1954 2544 2013 Vll.
2571 1986 2644 1998 —-
2666 1953 2882 2010 lautitia
2913 1968 3021 2009 esse
3044 1950 3245 2008 inventa
3281 1949 3630 2024 philosophica
3652 1948 3779 2004 sine
3852 1970 3858 1977 -

2244 2048 2543 2102 auctoritate
2570 2048 2773 2111 divina,
2814 2044 2899 2100 ubi
2936 2058 3236 2116 quemquam
3282 2041 3350 2096 ad
3386 2040 3507 2097 vitia
3545 2054 3777 2109 pronaum

2244 2137 2407 2208 magis
2446 2144 2606 2192 movet
2637 2136 2774 2208 quod
2799 2135 2881 2189 dii
2907 2134 3155 2206 fecerint,
3196 2147 3349 2203 quam
3372 2130 3506 2203 quod
3536 2128 3777 2183 homines

2246 2227 2577 2297 disputarint.

2247 2318 2328 2372 An
2376 2316 2515 2373 forte
2563 2316 2718 2373 nobis
2764 2313 3206 2387 philosophorum
3257 2310 3472 2367 scholas
3518 2308 3765 2378 disputa-

2175 2411 2454 2480 tionesque
2482 2409 2892 2466 memorabuut?
2912 2409 3091 2463 Primo
3113 2406 3229 2462 haec
3250 2421 3356 2461 non
3383 2404 3645 2469 Romana,
3667 2402 3779 2458 sed:

2176 2498 2361 2557 Grmca
2388 2510 2546 2564 sunt;
2574 2509 2667 2556 aut
2708 2501 2752 2557 si
2799 2508 3080 2572 propterea
3113 2498 3226 2568 jam
3256 2497 3496 2552 Romana
3520 2535 3537 2563 ,
3562 2494 3683 2565 quia
3709 2501 3771 2551 et

2176 2594 2379 2650 Graecia
2407 2593 2542 2649 facta
2563 2603 2646 2651 est
2666 2594 2904 2648 Romana
2929 2592 3233 2663 provincia;
3257 2604 3362 2645 non
3383 2588 3603 2646 deorum
3628 2600 3775 2657 pra:-

2146 2695 2329 2756 -cepta
2360 2695 2506 2754 sunt,
2538 2686 2641 2741 sed
2666 2685 2939 2741 hominum
2968 2686 3205 2751 inventa,
3234 2682 3326 2754 qui
3354 2691 3640 2751 utcumque
3667 2694 3769 2755 co-

2177 2776 2287 2830 nati
2333 2784 2457 2831 sunt
2506 2776 2733 2845 ingeniis
2774 2774 3098 2830 acutissimis
3146 2773 3355 2845 ιιι-αξάίιί
3400 2769 3785 2827 τηιίοοίηαιιᾶοη⁴

2176 2868 2459 2938 vestigare,
2475 2868 2598 2937 quid
2622 2868 2675 2922 in
2698 2882 2876 2923 rerum
2900 2874 3086 2920 natura
3106 2862 3504 2933 latitaret,.quid
3527 2862 3579 2917 in
3603 2860 3772 2915 mori-

2177 2957 2277 3013 bus
2302 2958 2654 3028 appetendum
2682 2966 2827 3013 esset
2850 2954 3360 3028 atquefugieudum,
3393 2952 3518 3023 quid
3558 2952 3611 3006 in
3636 2950 3785 3020 ipsise

2177 3050 2527 3105 ratiocinandi
2567 3050 2763 3120 regulis
2797 3057 2943 3105 certa
2977 3048 3309 3104 connexione
3333 3045 3651 3109 traheretur,
3674 3053 3771 3103 aut

2176 3143 2301 3213 quid
2331 3156 2435 3197 non
2462 3149 2608 3198 esset
2631 3154 2997 3212 consequens,
3026 3139 3112 3195 vel
3137 3139 3297 3195 etiam
3329 3145 3671 3208 repugnaret.
3699 3134 3783 3190 Et

2177 3234 2391 3304 quidam
2428 3248 2614 3290 eorum
2650 3232 2894 3304 quaedam
2938 3246 3167 3302 magna,
3207 3237 3464 3301 quantum
3509 3227 3785 3282 divinitus

2176 3327 2342 3398 adjuti
2364 3335 2489 3382 sunt
2511 3368 2527 3395 ,
2568 3327 2921 3391 invenerunt;
2954 3332 3209 3395 quantum
3244 3329 3420 3377 autem
3457 3319 3772 3375 humanitus

2179 3417 2418 3488 impediti
2435 3426 2579 3484 sunt,
2604 3423 2953 3472 erraverunt:
2975 3414 3204 3469 maxime
3223 3428 3346 3469 cum
3364 3426 3553 3466 eorum
3578 3424 3774 3479 super-

2178 3508 2280 3565 bia:
2299 3508 2443 3580 juste
2468 3505 2803 3578 providentia
2822 3504 3001 3561 divina
3023 3506 3333 3569 resisteret,
3352 3510 3409 3556 ut
3426 3502 3565 3555 viam
3596 3500 3772 3569 pieta-

2181 3601 2248 3656 tis
2268 3599 2335 3655 ab
2363 3598 2660 3654 humilitate
2687 3598 2740 3653 in
2761 3611 2990 3668 superna
3011 3604 3338 3666 surgentem,
3359 3593 3519 3648 etiam
3543 3593 3784 3647 istorum

2179 3691 2578 3761 comparatione
2606 3697 2967 3744 monstraret:
2999 3687 3139 3741 unde
3164 3694 3346 3756 postea
3381 3683 3538 3739 nobis
3572 3683 3676 3739 erit
3713 3682 3787 3738 in»

2181 3782 2276 3838 Dei
2306 3782 2421 3838 veri
2448 3782 2471 3815 "
2503 3781 2710 3837 Domini
2737 3780 3014 3835 voluntate
3029 3776 3365 3856 disquirendi
3386 3791 3449 3831 ac
3470 3775 3786 3832 disserendi-

2180 3873 2350 3929 lucus.
2382 3873 2771 3929 Verumtamen
2787 3870 2830 3926 si
2862 3866 3163 3939 philosophi
3200 3865 3398 3937 aliquid
3425 3866 3777 3934 invenerunt,

2179 3962 2322 4034 quod
2348 3961 2568 4033 agenda:
2604 3962 2758 4017 bOum
2798 3960 2918 4014 vitae
2957 3958 3234 4029 beataeque
3258 3957 3613 4028 adipiscenda:
3637 3957 3785 4014 satis

2181 4071 2302 4113 esse
2322 4056 2528 4127 possit;
2559 4062 2760 4126 quanto
2778 4052 2973 4123 justius
2997 4049 3384 4106 talibusdivini
3416 4050 3647 4105 honores
3670 4048 3775 4105 de»

2181 4148 2568 4205 cernerentur?
2596 4146 2805 4215 Quanto
2829 4135 3022 4201 melius
3043 4152 3106 4199 et
3137 4143 3409 4199 honestius
3446 4142 3499 4197 in
3533 4140 3785 4196 Platonis

2184 4239 2384 4309 templo
2410 4238 2534 4293 libri
2557 4237 2677 4308 ejus
2700 4236 3026 4308 legerentur,
3052 4249 3210 4311 quam
3243 4233 3296 4288 in
3322 4232 3535 4302 templis
3563 4232 3774 4288 diurno-

2182 4346 2308 4387 num
2334 4329 2469 4386 Galli
2495 4327 2894 4385 absciderentur
2916 4326 2992 4399 (a)
3016 4366 3041 4394 τ
3079 4325 3269 4380 molles
3306 4332 3779 4387 consecrarentur,

2182 4421 2357 4477 insani
2381 4429 2714 4487 sccareutur,
2747 4428 2802 4475 et
2829 4417 3084 4490 quidquid
3112 4415 3253 4470 aliud
3281 4415 3364 4470 vel
3393 4414 3611 4470 crudele
3628 4454 3644 4480 ,
3685 4414 3777 4469 vel

2184 4511 2442 4583 turpe,vel
2464 4512 2687 4583 turpiter
2709 4509 3037 4577 crudele,vel
3055 4507 3342 4563 crudeliter
3361 4516 3511 4575 turpe
3528 4506 3582 4560 in
3604 4505 3789 4561 sacris

2185 4606 2369 4661 talium
2397 4605 2621 4662 deorum
2642 4604 2901 4660 celebrari
2923 4600 3097 4658 solet?
3119 4600 3329 4668 Quanto
3356 4599 3523 4654 satius
3540 4606 3676 4664 erat,
3700 4597 3775 4653 ad

2182 4731 2293 4769 rum
2322 4725 2586 4780 regumct
2608 4715 2829 4780 liberatae
2865 4710 3149 4776 reipublicae
3185 4711 3423 4780 instituta,
3446 4720 3558 4771 qua:
3596 4719 3778 4758 mense

2183 4771 2429 4830 februario
2451 4778 2827 4829 celebrabantur
2841 4771 2956 4884 rost
2975 4783 3147 4824 exacta
3169 4771 3473 4821 Terminalia.

2249 4846 2266 4873 ι
2295 4841 2430 4884 vind.
2455 4849 2554 4884 Am.
2579 4847 2652 4884 Er.
2679 4852 2790 4884 cum
2810 4850 2839 4884 a
2861 4839 2994 4884 inuot
3027 4844 3153 4884 Mss.
3177 4835 3327 4884 emisa
3349 4830 3559 4882 omnium
3581 4829 3745 4881 licenti

2249 4846 2266 4873 ³
2295 4841 2430 4912 vim},
2454 4849 2554 4889 Am.
2579 4847 2652 4888 Er.
2679 4852 2790 4888 cum
2810 4830 2994 4900 aliquot
3027 4844 3153 4897 Mss,
3177 4835 3327 4897 effusa
3349 4830 3559 4882 omnium
3581 4830 3791 4881 licentia.

2724 4960 2849 5010 2059.
2865 4967 2916 5010 et
2930 4959 3068 5019 9035,
3094 4953 3430 5021 prwceperint.
3497 4962 3553 5004 Μ.

2249 5026 2271 5057 ³
2292 5033 2400 5075 Mss.
2421 5016 2589 5082 nostri,
2619 5016 2804 5088 discite,
2826 5024 3001 5088 omissa
3022 5016 3194 5088 vocula
3213 5053 3227 5074 ,
3252 5016 3544 5088 que,un
3566 5016 3779 5088 requirit

2186 5100 2421 5153 numerus
2444 5078 2679 5149 poeticus.
2703 5078 2825 5153 Cod.
2842 5084 2959 5153 766,
2986 5079 3242 5146 agnoscite,
3270 5085 3328 5128 ut
3348 5078 3429 5129 PP;
3445 5078 3782 5141 Benedictini;

2186 5150 2350 5199 caueri
2377 5162 2566 5206 omnes,
2591 5150 2874 5209 cognoscite.
2927 5152 2981 5192 at.

2249 5212 2271 5277 ξ
2294 5200 3055 5277 Aliquot
3074 5201 3561 5277 thuidamlgu‘onam

2249 5273 2271 5305 ⁸
2303 5279 2354 5320 tu
2377 5263 2445 5332 ξι,
2470 5263 2615 5332 quani
2636 5263 3088 5332 Mollisrsicetiatn
3122 5263 3172 5315 in
3210 5273 3289 5313 Ms.
3311 5264 3449 5315 2050.
3475 5263 3782 5317 Praetulimus

2191 5328 2451 5384 lectionem
2473 5328 2577 5382 ttss.
2604 5331 2742 5389 9051,
2761 5330 2897 5389 2052,
2923 5328 3062 5378 2055.
3128 5335 3184 5375 Μ.

2252 5383 2281 5427 ⁸7
2304 5393 2523 5444 Nonnulli
2550 5402 2678 5451 Mss,
2704 5383 2850 5441 unde
2866 5383 3015 5448 {cum
3034 5389 3302 5451 diphtongo
3324 5387 3369 5435 in
3395 5386 3608 5451 secunda
3629 5383 3780 5451 sylla-

2187 5457 2267 5506 ba.
2292 5463 2387 5505 Nec
2409 5456 2553 5516 male,
2577 5457 2619 5505 si
2643 5448 2769 5504 ferte
2790 5452 2961 5503 alludit
2981 5448 3132 5516 pocla
3157 5450 3215 5500 ad
3254 5448 3432 5499 metam
3456 5450 3507 5496 iu
3525 5448 3781 5516 nomachia

2187 5519 2511 5575 constitutam,
2532 5509 2590 5565 ad
2614 5529 2759 5579 quam
2779 5516 2940 5565 subito
2962 5509 3098 5564 navis
3137 5519 3272 5563 esset
3307 5509 3666 5569 convertenda,
3703 5512 3783 5560 uti

2190 5580 2359 5629 videre
2384 5586 2462 5629 est
2488 5580 2535 5628 in
2554 5578 2742 5627 Aeneid.
2763 5579 2811 5627 5.

2251 5642 2270 5673 ⁷
2305 5647 2434 5699 Lov.,
2479 5639 2567 5691 Dei
2600 5636 2703 5691 veri
2737 5646 2783 5689 et
2808 5636 3014 5690 Domini.
3059 5637 3230 5686 Caneri
3268 5633 3583 5699 _libri_carent
3619 5645 3779 5699 copu-

2188 5702 2320 5753 lante
2357 5695 2585 5764 particula
2602 5738 2617 5763 ,
2642 5707 2723 5764 et;
2767 5709 2821 5752 ut
2842 5701 3151 5764 adjectivum,
3176 5695 3296 5757 veri,
3324 5696 3460 5745 adat
3483 5696 3531 5743 ia
3553 5696 3776 5743 substan-

2188 5767 2355 5823 tivum,
2384 5764 2588 5816 Domini.

2251 5827 2325 5893 to)
2343 5816 2635 5893 :Sacerdotes
2661 5825 2829 5893 matris
2859 5823 3009 5873 deum
3026 5819 3362 5893 Cybelessive
3395 5816 3722 5893 berecyuthitc
3746 5829 3774 5866 a

2189 5888 2318 5945 Gallo
2336 5889 2485 5942 ﬂuvio
2505 5888 2621 5941 Galli
2644 5888 2957 5950 vocabantur,
2989 5892 3042 5937 et
3065 5888 3257 5936 exsecta
3279 5888 3435 5932 erant.
