4038 6482
509 389 576 443 55
1558 391 1644 448 DE
1687 389 2002 447 (ᾺἨΎΛἹΕ
2044 389 2175 456 DEI,
2218 389 2274 443 S.
2319 385 2686 444 AUGUSTINI
3716 388 3780 440 56

509 497 796 569 explicare,
823 495 868 553 si
899 508 1104 570 potero.
1137 499 1272 554 Dicit
1293 499 1485 556 deinde
1505 502 1629 570 alia,
1654 512 1703 557 et
1731 503 1809 558 sic
1828 499 2097 556 concludit

507 588 652 646 hunc
677 589 872 656 locum,
901 600 959 646 ut
981 591 1228 646 ostendat
1246 590 1517 647 veteribus
1535 592 1867 662 displicuisse
1895 592 2094 646 Roma-

508 679 614 739 nis,
639 679 722 734 vel
746 679 948 736 laudari
969 697 1287 752 quemquam
1316 683 1370 737 in
1395 697 1558 738 scena
1589 683 1769 738 vivum
1797 681 2089 746 hominem,

507 769 592 823 vel
622 771 930 841 vituperari.
959 773 1087 841 Sed,
1117 783 1173 828 ut
1196 775 1328 843 dixi,
1356 775 1458 831 hoc
1483 776 1655 832 Grazci
1686 791 1987 845 quanquam
2014 776 2095 829 in-

507 863 894 930 verecundius,
929 873 1105 921 tamen
1135 868 1540 924 convenientius
1575 869 1739 923 licere
1769 869 2091 934 voluerunt,

506 964 630 1004 cum
663 951 900 1008 viderent
939 955 1042 1011 diis
1085 957 1196 1012 suis
1235 967 1452 1028 accepta
1491 969 1545 1014 et
1572 968 1721 1028 grata
1749 973 1871 1014 esse
1895 972 2094 1028 oppro-

507 1041 660 1108 bria,
720 1058 826 1098 non
879 1053 1082 1102 tantum
1123 1049 1440 1118 hominum,
1500 1066 1686 1105 verum
1739 1060 1793 1106 et
1858 1050 2095 1119 ipsorum

507 1133 734 1189 deorum
760 1137 813 1191 in
861 1141 1086 1196 scenicis
1135 1141 1491 1210 fabulis;sive
1517 1158 1547 1198 a
1574 1145 1748 1214 poetis
1784 1152 1966 1198 essent
2005 1143 2093 1196 illa

507 1229 733 1283 conficta
755 1272 770 1297 ,
806 1231 920 1287 sive
958 1233 1152 1304 ﬂagitia
1181 1250 1368 1290 eorum
1394 1253 1518 1292 vera
1547 1246 2096 1293 commemorarentur

507 1327 562 1371 et
586 1331 872 1389 agerentur
897 1323 949 1378 in
979 1324 1199 1380 theatris
1218 1319 1256 1394 ,"
1275 1337 1434 1398 atque
1477 1329 1546 1383 ab
1579 1345 1766 1384 eorum
1803 1329 2096 1384 cultoribus

509 1408 713 1464 utinam
743 1412 858 1468 solo
885 1414 1014 1479 risu,
1047 1431 1111 1471 ac
1131 1432 1236 1471 non
1264 1418 1424 1473 etiam
1452 1419 1746 1474 imitatione
1769 1419 1925 1489 digna
1951 1419 2098 1474 vide-

509 1509 716 1555 rentur.
758 1503 925 1560 Nimis
954 1507 1098 1562 enim
1148 1510 1439 1580 superbum
1491 1509 1630 1578 fuit,
1679 1511 1833 1565 fama:
1879 1525 2096 1580 parcere

508 1591 808 1662 principum
838 1595 1069 1652 civitatis
1109 1607 1167 1654 et
1198 1600 1393 1654 civium
1421 1639 1439 1668 ,
1482 1600 1571 1656 ubi
1599 1615 1712 1657 suae
1751 1599 1910 1656 fame
1951 1601 2096 1672 parci

508 1682 729 1738 numina
754 1685 1060 1742 noluerunt.

508 1830 733 1895 CAPUT
766 1840 830 1895 X.
857 1873 926 1883 —
948 1845 1063 1911 Qua
1078 1847 1290 1902 nocendi
1307 1857 1418 1904 arte
1439 1850 1688 1904 dannones
1707 1849 1858 1906 velint
1873 1851 1948 1904 vel
1964 1850 2100 1921 falsa
2132 1847 2147 1859 ⁸

851 1934 914 1990 de
941 1952 993 1990 se
1025 1938 1259 2007 crimina,
1290 1941 1367 1995 vel
1392 1957 1509 1996 vera
1534 1943 1754 1995 narrari.

576 2060 711 2115 Nam
738 2064 878 2133 quod
907 2066 1127 2123 achrtur
1155 2085 1252 2140 pro
1275 2072 1606 2140 defensione,
1633 2089 1738 2128 non
1768 2073 1855 2128 illa
1875 2078 2007 2128 'vcra
2045 2073 2100 2129 in

507 2153 636 2209 deos
681 2155 807 2225 dici,
839 2159 931 2214 scd
977 2160 1108 2216 falsa
1139 2173 1299 2234 atque
1325 2165 1574 2232 conficta,
1607 2165 1832 2236 idipsum
1861 2174 1944 2221 est
1983 2182 2100 2222 sce-

509 2244 715 2314 lestius,
747 2250 792 2303 si
825 2249 1070 2319 pietatem
1099 2257 1346 2311 consulas
1370 2257 1679 2327 religionis;
1707 2258 1752 2312 si
1777 2267 1952 2312 autem
1980 2272 2097 2312 ma-

504 2334 673 2391 litiam
715 2339 1018 2396 darmonnm
1048 2346 1282 2416 cogites,
1313 2348 1438 2416 quid
1467 2349 1695 2404 astutius
1732 2349 1800 2403 ad
1829 2349 2099 2418 decipien-

504 2425 631 2481 dum
675 2439 834 2500 atque
876 2435 1316 2492 callidius?Cum
1345 2440 1486 2494 enim
1518 2441 1769 2509 probrum
1807 2439 2002 2510 jacitur
2044 2441 2096 2493 in

506 2520 801 2591 principem
849 2528 1031 2594 patria:
1064 2529 1262 2584 bonum
1306 2540 1466 2601 atque
1511 2535 1710 2597 utilem,
1747 2548 1924 2588 nonne
1951 2543 2098 2589 tanto

503 2622 586 2666 est
631 2614 916 2692 indignius,
964 2630 1162 2689 quanto
1203 2637 1234 2676 a
1264 2624 1486 2679 veritate
1534 2626 1808 2690 remotius,
1839 2634 1894 2680 et
1929 2643 1960 2680 a
1989 2627 2099 2681 vita

501 2700 647 2757 illius
681 2705 903 2762 alienius
924 2709 947 2762 ?
971 2711 1100 2778 Quae
1143 2713 1303 2782 igitur
1345 2717 1602 2786 supplicia
1649 2718 1941 2786 sulliciunt,
1973 2734 2095 2774 cum

503 2794 696 2884 Deo‘lit
717 2799 821 2854 ista.
842 2808 947 2856 tam
977 2803 1199 2871 nefaria,
1224 2815 1332 2862 tam
1359 2809 1576 2879 insignis
1601 2811 1829 2880 injuria?
1858 2809 1973 2884 [X.]
1991 2811 2097 2867 Sed

502 2888 720 2959 maligni
764 2892 999 2962 spiritus,
1033 2911 1167 2965 quos
1197 2898 1282 2954 istl
1311 2899 1442 2955 deos
1477 2911 1681 2971 putant,
1709 2905 1869 2957 etiam
1901 2903 2093 2973 ﬂagitia

503 2991 624 3047 qua:
652 2996 758 3036 non
785 2984 1134 3053 admiserunt,
1177 2989 1245 3044 de
1269 3005 1330 3047 se
1367 2992 1471 3047 dici
1506 2994 1714 3060 volunt,
1759 2994 1886 3048 dum
1917 3005 2095 3050 tamen

503 3069 766 3127 humanas
793 3086 997 3132 mentes
1029 3079 1112 3134 his
1153 3081 1495 3151 Opinionibus
1521 3085 1665 3140 velut
1693 3087 1896 3142 retibus
1937 3087 2096 3142 indu-

503 3172 630 3217 cant
648 3162 685 3229 ⁸,
705 3173 760 3220 et
783 3167 849 3221 ad
875 3170 1308 3238 praedestinatum
1325 3177 1637 3247 supplicium
1657 3194 1838 3235 secum
1860 3180 2091 3236 trahant:

503 3253 619 3311 sive
660 3255 906 3317 homines
953 3263 1051 3318 ista
1099 3267 1504 3337 commiserint,
1551 3285 1686 3341 quos
1733 3271 1862 3328 deos
1907 3273 2093 3329 haberi

502 3347 736 3416 gaudent
777 3353 867 3421 qui
895 3353 1140 3412 humanis
1168 3361 1439 3416 erroribus
1481 3362 1730 3432 gaudent,
1778 3379 1875 3434 pro
1901 3365 2092 3436 quibus

503 3451 564 3492 se
590 3441 748 3495 etiam
777 3444 1032 3503 colendos
1061 3449 1206 3505 mille
1250 3451 1474 3507 nocendi
1521 3451 1846 3525 fallendique
1891 3457 2094 3513 artibus

504 3531 887 3603 interponunt;
920 3539 1032 3594 sive
1074 3542 1233 3596 etiam
1279 3559 1385 3598 non
1433 3545 1658 3600 ullorum
1704 3548 1976 3602 hominum
2006 3548 2094 3606 illa

505 3625 728 3682 crimina
773 3645 896 3685 vera
923 3631 1050 3696 sint,
1080 3651 1197 3701 qua:
1229 3644 1401 3693 tamen
1432 3637 1499 3694 de
1538 3641 1843 3697 numinibus
1871 3642 1996 3713 ﬁngi
2025 3643 2094 3697 li-

504 3716 696 3774 benter
722 3723 990 3794 accipiunt
1016 3724 1342 3784 fallacissimi
1389 3731 1629 3800 Spiritus,
1676 3741 1734 3788 ut
1772 3733 1837 3789 ad
1867 3735 2095 3792 scelesta

505 3821 571 3862 ac
615 3811 786 3880 turpia
809 3817 1182 3885 perpetranda,
1215 3821 1358 3874 velut
1384 3822 1452 3877 ab
1487 3823 1612 3892 ipso.
1640 3823 1779 3879 cmlo
1809 3827 2012 3882 traduci
2041 3828 2094 3883 in

507 3905 678 3988 terras
717 3902 846 3957 satis
889 3903 1080 3961 idonea
1124 3908 1364 3964 videatur
1409 3913 1714 3969 auctoritas.
1757 3914 1892 3970 Cum
1937 3917 2097 3988 igitur

493 3986 682 4044 Ὀἱ-ωοί
712 3991 890 4048 talium
913 3995 1190 4051 numinum
1219 4013 1404 4056 servos
1427 4016 1486 4056 se
1511 4017 1631 4058 esse
1656 4005 1932 4071 sentirent,
1957 3986 2096 4064 inter

506 4087 588 4136 tot
611 4090 664 4137 et
685 4091 830 4140 tanta
851 4101 1044 4143 eorum
1062 4089 1318 4147 theatrica
1343 4095 1625 4164 opprobria
1646 4099 1969 4166 parcendum
1991 4101 2093 4156 sibi

507 4190 540 4232 a
569 4178 742 4248 poetis
785 4181 933 4238 nullo
961 4185 1122 4239 modo
1167 4196 1505 4256 putaverunt,
1536 4192 1621 4246 vel
1663 4192 1764 4248 diis
1793 4193 1904 4249 suis
1932 4196 2094 4252 etiam

505 4268 589 4343 sic
629 4272 953 4330 consimilari
993 4286 1328 4347 appetentes,
1374 4283 1457 4337 vel
1502 4294 1799 4343 metuentes
1827 4304 1894 4344 ne
1924 4289 2095 4346 hone-

507 4360 727 4424 stiorem
758 4362 953 4420 famam
1000 4367 1100 4436 ipsi
1127 4371 1467 4440 requirendo,
1500 4384 1555 4429 et
1597 4377 1678 4431 eis
1705 4393 1766 4433 se
1805 4378 1907 4434 hoc
1935 4381 2096 4438 modo

507 4455 863 4524 przeferendo,
894 4457 1013 4513 illos
1040 4459 1107 4515 ad
1136 4461 1462 4520 iracundiam
1490 4479 1859 4537 provocarent.

507 4543 738 4601 CAPUT
775 4547 868 4602 XI.
893 4579 966 4590 —-
992 4549 1070 4605 De
1095 4555 1304 4610 scenicis
1329 4559 1468 4627 apud
1497 4559 1700 4616 Grazcos
1727 4563 1779 4617 in
1809 4564 2096 4634 reipublicae

579 4636 1069 4696 administrationem
1088 4647 1319 4717 receptis,
1343 4665 1401 4704 eo
1424 4652 1557 4721 quod
1577 4655 1860 4723 placatores
1885 4656 2094 4712 deorum

549 4761 553 4770 ι
575 4729 767 4800 injuste
793 4731 855 4786 ab
879 4734 1162 4792 hominibus
1185 4752 1556 4809 spernerentur.

576 4821 662 4878 Ad
685 4821 827 4879 hanc
855 4829 1279 4887 convenientiam
1301 4835 1552 4904 pertinet,
1573 4839 1713 4909 quod
1735 4841 1894 4896 etiam
1915 4843 2092 4897 sceni-

507 4927 602 4970 cos
639 4921 848 4971 actores
869 4921 1176 4977 earumdem
1202 4922 1498 4982 fabularum
1531 4946 1635 4984 non
1663 4947 1828 5002 parvo
1866 4935 2094 4990 civitatis

505 5004 715 5062 honore
755 5006 941 5079 dignos
967 5012 1337 5073 existimarunt
1363 5019 1404 5072 ⁸.
1436 5019 1731 5091 Siquidem,
1764 5023 1903 5093 quod
1946 5025 1997 5078 in
2029 5041 2094 5080 eo

503 5112 721 5168 quoque
743 5100 812 5157 de
831 5102 1121 5173 Republica
1152 5109 1289 5166 libro
1312 5125 1780 5184 commemoratur,
1803 5126 1858 5172 et
1881 5115 2095 5172 ΑΕεοίιί-

503 5200 604 5242 nes
633 5189 972 5250 Atheniensis
1000 5195 1040 5261 ⁸,
1069 5198 1152 5253 vir
1199 5200 1668 5272 eloquentissimus
1687 5247 1701 5272 ,
1756 5222 1876 5262 cum
1909 5207 2092 5264 adole-

503 5291 664 5335 scens
717 5285 1000 5354 tragoedias
1047 5291 1415 5362 actitavisset,
1471 5297 1854 5366 rempublicam
1900 5314 2090 5369 capes-

571 5434 592 5502 ξ
627 5435 759 5502 ῑζίῃιι
786 5445 886 5489 Am.
912 5447 1006 5502 Er.,
1041 5444 1288 5499 inducant.

570 5497 595 5589 ς
628 5498 774 5570 tidem
800 5502 934 5563 editi,
957 5497 1160 5578 rimatis
1173 5497 1275 5560 sua}
1298 5509 1474 5561 honore
1494 5511 1662 5610 dignos
1683 5515 2038 5568 existimarunt.

624 5564 674 5607 tn
697 5561 871 5610 nsdem
897 5566 1054 5610 αόιιες-
1085 5570 1322 5610 ,μιαιιίηρς
1343 5572 1460 5610 n'm'e
1499 5583 1540 5610 11
1561 5575 1779 5610 rnna'onu'e

790 5575 871 5612 em
897 5566 1054 5628 editis,
1080 5570 1322 5623 .Eschitws
1343 5572 1460 5625 ciris
1487 5566 1795 5627 Atheniensis.

569 5641 979 5724 {fihlgtflfsghine
1000 5650 1054 5724 id_
1063 5661 1378 5724 compertum
1390 5659 1535 5706 etiam
1557 5672 1624 5724 ex_
1645 5659 1896 5724 Plutarcho
1910 5659 1975 5710 de
1998 5661 2091 5712 de-

505 5704 941 5782 cgtn‘tthctoribus,
967 5713 1017 5760 in
1041 5714 1140 5782 Vita
1168 5704 1578 5782 gazschinisvfpag.‘
1592 5704 1974 5782 ἑλόίὲλῖξύὖῖ
1994 5704 2092 5774 Xri-

506 5764 725 5850 amenti
751 5764 1234 5850 quoqt'teumeminitz
1261 5764 2089 5850 κ’ἱάὸᾦὲὲᾶῧδίίίέιίοιῖί⁷0ἧῖίῖιέ

509 5839 727 5893 corona;
750 5831 801 5881 Ᾱ.
824 5831 1048 5897 Gellium,
1074 5834 1156 5887 lib.
1185 5837 1260 5903 11,
1285 5851 1380 5900 cap.
1409 5841 1456 5891 9.

2207 501 2330 554 sivit
2356 500 2465 570 (a);
2497 509 2551 556 et
2576 498 2966 556 Aristodemum
2991 540 3006 566 ,
3041 499 3298 570 tragicum
3340 499 3466 554 item
3499 511 3730 554 actorem
3765 543 3779 569 ,

2200 594 2446 648 maximis
2469 593 2534 648 de
2556 594 2717 648 rebus
2742 594 2886 664 pacis
2907 608 2969 647 ac
2992 593 3114 647 belli
3144 593 3374 662 legatum
3389 593 3454 646 ad
3482 593 3782 662 Philippum

2200 687 2553 742 Athenienses
2581 702 2724 757 saepe
2752 688 3034 741 miserunt.
3061 685 3176 740 Non
3197 686 3339 740 enim
3366 696 3782 740 consentaneum

2201 778 2504 847 putabatur,
2531 793 2652 832 cum
2683 777 2899 832 easdem
2922 785 3065 832 artes
3092 776 3416 845 eosdemque
3444 776 3685 830 scenicos
3707 777 3786 829 lu-

2199 867 2298 922 dos
2324 867 2484 922 etiam
2515 867 2618 922 diis
2643 867 2755 922 suis
2779 877 3028 936 acceptos
3058 867 3300 921 viderent
3318 908 3336 932 ,
3366 866 3510 932 illos,
3535 881 3628 935 per
3652 881 3784 935 quos

2200 967 2515 1027 agerentur,
2546 957 2819 1012 inl'amium
2847 958 2963 1013 loco
2992 973 3056 1012 ac
3090 972 3314 1014 numero
3341 957 3616 1027 deputare.
3647 957 3785 1029 [XL]

2201 1047 2327 1103 [hec
2365 1049 2535 1106 Grmci
2571 1050 2793 1120 turpiter
2821 1050 3064 1120 quidem,
3106 1051 3200 1104 sed
3249 1065 3380 1104 sane
3406 1049 3507 1106 diis
3535 1051 3644 1104 suis
3668 1065 3787 1104 om-

2201 1141 2329 1194 nino
2376 1150 2751 1211 congruenter,
2783 1141 2870 1210 qui
2901 1157 3000 1196 nec
3029 1142 3192 1196 vitam
3216 1141 3410 1202 civium
3447 1139 3785 1197 lacerandam

2201 1235 2393 1305 linguis
2419 1243 2692 1304 poetarum
2728 1244 2784 1290 et
2811 1235 3133 1288 histrionum
3163 1233 3478 1288 subtrahere
3499 1233 3612 1288 ausi
3638 1242 3786 1297 sunt,

2201 1338 2231 1378 a
2279 1325 2474 1394 quibus
2515 1325 2805 1379 cernebant
2842 1325 3062 1380 deorum
3100 1326 3261 1378 vitam
3290 1324 3492 1379 eisdem
3531 1323 3658 1393 ipsis
3683 1323 3787 1378 diis

2201 1414 2501 1468 volentibus
2524 1423 2582 1469 et
2608 1415 2896 1470 libentibus
2922 1415 3104 1484 carpi;
3135 1423 3194 1469 et
3218 1416 3364 1484 ipsos
3390 1413 3663 1480 homines,
3693 1429 3788 1482 per

2202 1518 2334 1574 quos
2361 1505 2458 1559 ista
2488 1505 2540 1559 in
2572 1504 2796 1559 theatris
2823 1505 3136 1576 agebantur,
3164 1521 3284 1574 quae
3311 1505 3634 1571 numinibus,
3662 1506 3787 1574 qui-

2201 1595 2302 1651 bus
2329 1596 2527 1651 subditi
2554 1606 2722 1662 erant,
2753 1605 2905 1666 grata
2934 1612 3054 1652 esse
3077 1606 3458 1668 cognoverant,
3482 1612 3588 1652 non
3611 1597 3785 1650 solum

2203 1688 2421 1742 minime
2449 1687 2782 1758 spernendos
2812 1690 2864 1742 in
2894 1688 3129 1751 civitate,
3157 1703 3340 1742 verum
3365 1689 3522 1742 etiam
3557 1689 3787 1741 maxime

2203 1779 2544 1834 honorandos
2575 1789 2844 1849 putarunt.
2873 1779 3011 1848 Quid
3036 1780 3176 1835 enim
3201 1795 3377 1834 causa:
3401 1781 3635 1849 reperire
3661 1796 3786 1849 pos-

2203 1877 2343 1936 sent,
2361 1885 2460 1924 cur
2481 1869 2786 1924 sacerdotes
2805 1869 3150 1937 honorarent,
3170 1871 3289 1941 quia
3312 1885 3407 1940 per
3426 1884 3518 1950 eos
3544 1871 3788 1926 victimas

2202 1961 2306 2016 diis
2349 1961 2701 2031 acceptabiles
2740 1961 3069 2028 ollerabant;
3113 1969 3169 2016 et
3209 1953 3452 2017 scenicos
3498 1961 3788 2031 probrosos

2203 2052 2462 2108 haberent
2487 2095 2502 2118 ,
2533 2069 2629 2123 per
2657 2068 2790 2124 quos
2833 2054 2977 2108 illam
3024 2053 3351 2122 voluptatem
3387 2054 3499 2108 sive
3529 2055 3788 2109 honorem

2203 2143 2304 2198 diis
2329 2143 2590 2210 exhiberi,
2615 2144 2935 2213 petentibus,
2966 2152 3040 2210 et,
3070 2145 3170 2198 nisi
3202 2144 3375 2208 ﬁeret,
3404 2144 3782 2212 irascentibus,

2203 2250 2388 2291 eorum
2419 2235 2780 2290 admonitione
2805 2235 3145 2290 didicerant?
3171 2234 3306 2290 Cum
3338 2236 3633 2304 praesertim
3679 2235 3786 2290 La-

2203 2326 2304 2382 beo
2334 2325 2431 2396 (a),
2455 2342 2612 2395 quem
2645 2326 3008 2395 hujuscemodi
3031 2341 3208 2381 rerum
3242 2327 3620 2395 peritissimum
3651 2343 3786 2397 prauo

2202 2417 2400 2482 dicant,
2450 2420 2664 2472 numina
2709 2418 2846 2472 bona
2876 2433 2906 2472 a
2932 2417 3238 2472 numinibus
3283 2418 3438 2472 malis
3479 2418 3575 2472 ista
3623 2419 3785 2472 etiam

2202 2510 2375 2563 cultus
2397 2509 2700 2564 diversitate
2729 2509 3038 2577 distinguat,
3066 2518 3124 2562 ut
3149 2509 3319 2562 malos
3344 2509 3476 2564 deos
3503 2509 3782 2578 propitiari

2202 2601 2436 2656 txrdibus
2464 2611 2519 2656 et
2545 2602 2784 2656 tristibus
2810 2600 3284 2671 supplicationibus
3321 2610 3563 2667 asserat;
3610 2602 3785 2656 bonos

2201 2704 2376 2749 autem
2401 2695 2670 2764 obsequiis
2698 2695 2834 2749 lanis
2859 2704 3017 2764 atque
3038 2694 3288 2764 jucundis
3317 2712 3330 2746 :
3354 2695 3528 2765 qualia
3557 2704 3700 2762 sunt,
3728 2705 3790 2750 ut

2201 2789 2316 2858 ipse
2352 2790 2443 2853 ait,
2469 2789 2599 2854 ludi,
2641 2787 2903 2854 convivia,
2934 2789 3258 2844 lectisternia
3287 2787 3382 2861 (ὁ).
3433 2789 3584 2856 Quod
3617 2798 3788 2842 totum

2200 2881 2356 2950 quale
2383 2881 2472 2948 sit,
2501 2889 2706 2950 postea,
2731 2880 2776 2934 si
2809 2880 2946 2935 Deus
2965 2879 3176 2950 juverit,
3211 2879 3520 2948 diligentius
3543 2879 3788 2934 dissere-

2201 2989 2341 3028 mus.
2368 2972 2517 3026 Nunc
2542 2973 2608 3026 ad
2638 2989 2748 3026 retu
2777 2980 3095 3041 praesentem
3120 2970 3262 3041 quod
3285 2971 3493 3035 attinet,
3525 2972 3636 3026 sive
3662 2987 3787 3027 om—

2199 3066 2356 3121 nibus
2383 3066 2560 3120 omnia
2583 3075 2828 3135 tanquam
2857 3065 3011 3120 bonis
3035 3065 3296 3134 permixte
3326 3065 3627 3120 tribuantur
3656 3064 3787 3137 (ne-

2198 3171 2303 3226 que
2344 3158 2486 3212 enim
2525 3172 2644 3212 esse
2674 3157 2828 3211 decet
2867 3156 2997 3211 deos
3038 3155 3229 3220 malos,
3271 3171 3392 3211 cum
3443 3157 3617 3226 potius
3645 3157 3732 3211 isti
3769 3199 3788 3222 ,

2199 3250 2319 3319 quia
2346 3249 2645 3303 ‘immundi
2689 3257 2812 3303 sunt
2835 3249 3072 3317 spiritus,
3114 3262 3301 3302 onmes
3329 3247 3434 3301 sint
3472 3248 3642 3317 mali),
3671 3249 3790 3303 sive

2198 3349 2344 3394 certa
2384 3339 2723 3403 discretione,
2767 3339 2904 3393 sicut
2927 3339 3160 3392 Labeoni
3189 3339 3358 3392 visum
3387 3348 3489 3403 est,
3523 3339 3626 3393 illis
3653 3339 3738 3392 illa
3769 3381 3786 3404 ,

2198 3432 2315 3488 istis
2375 3434 2474 3488 ista
2522 3432 2906 3487 distribuantur
2965 3431 3218 3500 obsequia
3251 3447 3264 3483 :
3293 3431 3788 3501 competentissime

2198 3523 2368 3581 Graeci
2397 3533 2650 3594 utrosque
2691 3523 2894 3579 honore
2931 3523 3120 3594 dignos
3147 3523 3346 3578 ducunt
3372 3526 3415 3590 ³,
3447 3531 3503 3579 et
3530 3523 3788 3577 sacerdo-

2199 3625 2301 3684 tes,
2334 3632 2428 3686 per
2471 3631 2604 3687 quos
2644 3615 2873 3671 victima:
2901 3616 3288 3682 ministrantur,
3319 3623 3376 3670 et
3397 3615 3656 3682 scenicos,
3689 3631 3793 3684 per

2198 3723 2333 3778 quos
2358 3708 2466 3762 ludi
2494 3707 2852 3770 exhibentur;
2885 3721 2952 3761 ne
2977 3707 3058 3762 vel
3086 3706 3333 3762 omnibus
3362 3705 3465 3759 diis
3493 3707 3625 3771 suis,
3653 3707 3696 3760 si
3729 3716 3790 3761 et

2198 3798 2306 3853 ludi
2333 3797 2580 3853 omnibus
2607 3797 2742 3866 grati
2771 3805 2916 3860 sunt,
2947 3795 3055 3862 vel,
3086 3795 3227 3864 quod
3256 3805 3338 3849 est
3369 3795 3656 3865 indignius,
3698 3795 3792 3851 his

2198 3904 2332 3959 quos
2347 3889 2515 3944 bonos
2537 3895 2743 3956 putant,
2768 3887 2812 3941 si
2835 3886 2942 3940 ludi
2971 3887 3040 3943 ab
3061 3885 3141 3941 eis
3161 3886 3291 3941 solis
3309 3895 3577 3952 amantur,
3605 3885 3793 3942 facere

2199 3981 2578 4038 eonvincantur
2608 3978 2874 4048 injuriam.

2199 4117 2425 4175 CAPUT
2461 4116 2579 4171 XII.
2611 4146 2681 4156 ———
2722 4114 2872 4181 Quod
2913 4113 3130 4168 Romani
3183 4115 3458 4184 auferendo
3507 4113 3792 4167 libertatem

2274 4211 2429 4282 poetis
2454 4211 2503 4263 in
2533 4209 2779 4272 homines,
2812 4223 2959 4277 quam
2996 4206 3238 4288 dederunt
3263 4207 3314 4260 in
3340 4208 3476 4274 deos,
3510 4206 3686 4260 melius
3720 4205 3792 4260 de

2270 4318 2342 4365 se,
2372 4317 2520 4370 quam
2543 4299 2605 4352 de
2628 4299 2724 4352 diis
2753 4300 2856 4353 suis
2881 4299 3145 4352 senserint.

2271 4414 2341 4468 At
2369 4413 2614 4478 Romani,
2646 4414 2781 4467 sicut
2809 4412 2860 4466 in
2907 4412 2995 4466 illa
3024 4411 3091 4466 de
3129 4411 3399 4482 republica
3429 4411 3794 4482 disputatione

2200 4507 2377 4577 Scipio
2403 4505 2679 4576 gloriatur,
2722 4504 2931 4574 probris
2962 4515 3016 4560 et
3058 4505 3264 4574 injuriis
3304 4514 3578 4573 poetarum
3607 4506 3795 4575 subje-

2198 4609 2337 4657 ctam
2365 4599 2525 4654 vitatu
2555 4599 2853 4668 famamque
2879 4598 3075 4654 habere
3102 4598 3406 4662 noluerunt,
3428 4597 3599 4667 capite
3624 4600 3792 4652 etiam

2200 4691 2536 4762 plectendum
2563 4690 2862 4744 sancientes
2891 4689 2932 4755 ³,
2966 4689 3071 4744 tale
3096 4703 3308 4742 carmen
3331 4687 3561 4742 condere
3587 4688 3632 4741 si
3659 4689 3790 4756 quis

2199 4781 2436 4836 auderet.
2466 4779 2618 4846 Quod
2647 4795 2770 4850 erga
2816 4794 2872 4834 se
2901 4779 3113 4848 quidem
3160 4777 3289 4831 satis
3320 4777 3540 4833 honeste
3583 4780 3792 4832 consti4

2199 4881 2432 4936 tuerunt,
2480 4870 2573 4926 sed
2601 4886 2724 4940 erga
2751 4869 2880 4924 deos
2924 4884 3049 4924 suos
3095 4868 3323 4938 superbe
3347 4878 3400 4923 et
3443 4869 3735 4939 irrcligiose
3772 4889 3790 4924 :

2198 4979 2332 5036 quos
2359 4977 2479 5018 eum
2509 4963 2711 5017 scirent
2737 4977 2841 5015 non
2874 4960 3044 5015 solum
3077 4960 3362 5029 patienter,
3412 4976 3596 5014 verum
3626 4961 3794 5016 etiam

2263 5107 2278 5136 ¹
2317 5110 2366 5152 ω
2387 5109 2518 5166 Mss,
2541 5100 2642 5166 qui.
2667 5126 2728 5137 —
2749 5100 2994 5166 sic‘etiam
3013 5095 3227 5166 Ms._76ti.
3274 5102 3330 5144 at.

2263 5169 2282 5197 ³
2320 5175 2425 5213 518$.
2469 5156 2565 5224 alii;
2591 5163 2768 5212 honore
2803 5162 3015 5218 ducunt;
3039 5158 3136 5224 alii,
3173 5156 3543 5224 Itonoridncunt
3573 5169 3590 5206 :
3615 5157 3792 5208 omissa

2199 5240 2336 5285 voce,
2361 5218 2632 5288 dignosﬁ—
2654 5224 2807 5272 Nostri
2830 5222 3156 5282 manuscripti,
3184 5219 3353 5288 honori
3385 5218 3582 5288 ducunt.
3605 5225 3660 5266 M.

2261 5292 2282 5322 ³
2318 5281 2451 5338 t’ind.
2479 5297 2576 5334 Am.
2602 5293 2676 5334 Er.
2713 5292 2765 5333 et
2787 5295 2938 5345 prope
2969 5281 3141 5331 omnes
3179 5287 3306 5339 Mssa,
3332 5281 3485 5343 capite
3509 5281 3794 5345 etiamsun-

2197 5353 2402 5405 cientes:
2426 5351 2609 5406 absque
2633 5340 2802 5403 verba;
2821 5340 3120 5406 plectendum
3136 5357 3153 5404 ;
3171 5357 3256 5405 pro
3278 5357 3374 5406 quo
3391 5340 3526 5406 bow,
3545 5340 3796 5406 puniri.—

2195 5402 2353 5465 Scriba
2370 5402 2454 5461 bis.
2475 5402 2569 5458 766
2589 5407 2766 5474 addidit
2788 5402 2916 5455 inter
2939 5405 3094 5474 lineas
3116 5402 3346 5474 verbum,
3360 5402 3676 5474 plectendum:
3716 5411 3774 5474 at.

2261 5477 2335 5537 (α)
2358 5476 2608 5537 tabeones
2631 5469 2872 5537 exstitere
2908 5476 3028 5526 tres,
3066 5469 3190 5537 juris
3222 5464 3378 5537 civilis
3407 5465 3605 5537 scientia
3631 5464 3744 5537 clari
3773 5479 3791 5513 :

2196 5529 2286 5587 sed
2308 5529 2434 5585 unus
2453 5534 2665 5582 omnium
2682 5529 2987 5579 doctissimus
3012 5529 3240 5579 Antistius
3263 5530 3436 5586 Labeo,
3460 5529 3539 5588 qui
3569 5532 3793 5588 cumae-

2196 5586 2306 5648 sarc
2348 5600 2558 5659 Augusto
2585 5593 2722 5659 vixit,
2748 5604 2843 5659 non
2863 5591 2987 5652 juris
3010 5593 3170 5659 modo,
3195 5590 3283 5639 scd
3305 5590 3453 5659 totius
3479 5586 3792 5659 antiquitatis

2231 5649 2539 5713 eritissimus,
2573 5653 2638 5702 de
2660 5649 2758 5727 quo
2791 5649 3205 5727 hic;A_tltgust.inns:
3241 5659 3306 5698 De
3333 5651 3507 5727 eodem
3530 5649 3793 5727 sustollit?

2200 5708 2248 5771 in
2274 5727 2504 5826 Aug‘uostot,
2661 5708 2753 5776 54;
2781 5722 2829 5764 Α.
2853 5708 3049 5777 Gellius,
3074 5712 3156 5764 lib.
3188 5714 3230 5776 l,
3251 5727 3353 5777 cap.
3395 5711 3472 5774 12,
3499 5717 3548 5762 ct
3582 5708 3664 5759 lib.
3711 5709 3790 5770 l3,

2200 5797 2334 5826 (ἾΙΠΙ).
2448 5794 2476 5826 0
2556 5813 2596 5826 ..ο

2195 5797 2334 5835 capp.
2369 5783 2422 5830 lO
2448 5788 2498 5829 et
2527 5783 2596 5826 12.

2632 5840 2680 5899 5,
2706 5851 2808 5902 cap.
2840 5839 2916 5889 17.
