4038 6482
215 367 286 427 57
1517 369 1718 426 LIBER
1756 365 2134 431 SECUNDUS.
3431 399 3498 459 δε

215 485 428 538 libenter
454 489 744 548 poetarum
775 485 994 554 probris
1029 483 1427 557 maledictisque
1451 487 1672 542 lacerari
1700 505 1714 554 ;
1745 503 1806 544 se

211 576 386 645 potius
407 589 566 645 quam
597 575 730 632 illos
755 576 1126 648 hujuscemodi
1169 579 1376 650 injuriis
1415 581 1661 651 indignos
1690 597 1812 638 esse

211 666 492 732 duxerunt,
519 681 690 737 seque
715 668 790 723 ab
812 671 893 725 eis
919 670 1076 725 etiam
1107 670 1224 742 lege
1243 672 1568 740 munierunt,
1597 673 1810 728 illorum

208 768 388 813 autem
419 759 520 814 ista
565 761 734 816 etiam
783 763 952 818 sacris
990 763 1414 820 solemnitatibus
1457 766 1806 821 miscuerunt.

209 848 356 905 Itane
385 853 628 918 tandem,
675 853 884 924 Scipio,
933 853 1114 934 laudas
1160 855 1300 912 hanc
1343 857 1512 927 poetis
1557 857 1810 914 Romanis

209 951 456 1010 negatam
485 957 607 998 esse
653 943 966 1014 licentiam,
993 955 1050 1000 ut
1078 945 1326 1017 cuiquam
1355 948 1698 1018 opprobrium
1729 949 1811 1004 in-

207 1029 458 1102 ﬂigerent
497 1033 894 1104 Romanorum,
923 1051 1044 1092 cum
1080 1037 1264 1094 videas
1289 1053 1386 1094 eos
1411 1039 1542 1094 nulli
1585 1039 1808 1095 deorum

211 1125 518 1194 pepercisse
549 1129 896 1182 vestrorum?
922 1128 1066 1184 ltane
1095 1129 1262 1199 pluris
1293 1130 1386 1186 tibi
1425 1129 1668 1186 habenda
1695 1132 1808 1188 visa

209 1224 290 1266 est
321 1216 655 1272 cxisﬁmatio
681 1220 844 1274 curiae
874 1227 1064 1276 vestra:
1093 1236 1248 1291 quam
1275 1221 1520 1292 Capitolii
1555 1222 1656 1293 (α),
1697 1223 1808 1278 imo

209 1303 392 1360 Roma:
421 1309 586 1364 unius
605 1324 764 1380 quam
786 1311 910 1366 caeli
937 1311 1128 1378 totius;
1157 1322 1213 1366 ut
1237 1312 1470 1383 linguam
1491 1313 1806 1370 maledicam

209 1395 256 1448 in
287 1397 438 1452 cives
465 1408 590 1454 tuos
613 1417 869 1457 exercere
892 1403 908 1432 ¹
938 1411 1108 1472 poeta:
1132 1404 1290 1458 etiam
1318 1403 1434 1474 lege
1459 1404 1806 1474 prohiberen-

209 1495 310 1551 tur,
341 1499 392 1542 et
417 1489 476 1542 in
501 1491 637 1546 deos
669 1501 785 1548 tuos
813 1493 990 1554 securi
1018 1502 1158 1548 tanta
1183 1494 1444 1562 convicia,
1475 1495 1619 1550 nullo
1646 1509 1804 1550 sena-

203 1586 340 1644 tore,
385 1581 542 1634 nullo
589 1596 835 1652 censore,
871 1584 1018 1660 nullo
1055 1583 1316 1654 principe,
1365 1585 1511 1640 nullo
1557 1583 1806 1654 pontifice

209 1668 550 1738 prohibente,
587 1672 994 1743 jacularentur?
1019 1675 1296 1745 Indignum
1323 1675 1570 1732 videlicet
1599 1675 1714 1743 tun,
1745 1684 1804 1730 ut

207 1759 444 1829 Plautus,
487 1773 586 1818 aut
627 1765 841 1820 Naivins
888 1765 1076 1822 Publio
1115 1775 1170 1822 et
1216 1766 1361 1822 Cneo
1405 1765 1662 1838 Scipioni,
1712 1774 1804 1822 aut

209 1851 452 1909 Cmcilius
493 1856 570 1912 31.
598 1856 789 1912 Catoni
821 1859 1205 1926 malediceret;
1253 1869 1308 1914 et
1333 1859 1550 1930 dignum
1593 1861 1713 1926 fuit,
1747 1869 1804 1916 ut

207 1941 491 2001 Terentius
517 1959 698 2004 vester
731 1949 803 2022 (b)
835 1949 1032 2022 ﬂagitio
1053 1951 1198 2006 lovis
1221 1951 1408 2022 optimi
1429 1953 1646 2008 maximi
1671 1953 1802 2008 ado-

211 2035 524 2094 leseentium
559 2042 852 2112 nequitiam
883 2043 1214 2098 concitaret?

209 2189 430 2247 CAPUT
469 2193 612 2248 Xlll.
645 2225 714 2238 -—
745 2195 988 2251 Debuisse
1023 2197 1300 2269 intelligere
1337 2199 1625 2265 Romanos,
1666 2200 1801 2270 quod

273 2281 345 2334 dii
375 2300 557 2338 eorum
577 2327 592 2352 ,
620 2287 709 2357 qui
735 2303 789 2341 se
816 2289 1042 2356 turpibus
1077 2289 1212 2344 ludis
1239 2289 1339 2344 coli
1367 2291 1688 2360 expetebant,
1720 2293 1800 2346 in-

273 2377 416 2446 digni
449 2389 612 2432 essent
651 2379 842 2434 honore
878 2381 1066 2435 diuino.

273 2527 376 2584 Sed
405 2531 764 2600 responderet
793 2535 922 2594 mihi
949 2535 1194 2602 fortasse,
1223 2537 1266 2592 si
1297 2537 1498 2592 viveret
1525 2555 1538 2592 :
1563 2537 1800 2605 Quomo-

211 2617 272 2672 do
293 2635 390 2676 nos
413 2622 517 2676 ista
545 2625 804 2694 impunita
825 2641 948 2682 esse
971 2627 1256 2697 nollemus,
1283 2644 1404 2699 qua:
1430 2629 1527 2700 ipsi
1549 2629 1618 2682 dii
1646 2643 1796 2685 sacra

209 2737 322 2777 esse
355 2723 682 2793 voluerunt,
709 2741 832 2782 cum
867 2727 1022 2784 ludos
1063 2729 1340 2794 scenicos,
1371 2729 1458 2784 ubi
1501 2729 1622 2784 talia
1651 2729 1797 2784 cele-

211 2812 444 2882 brantur,
476 2815 811 2886 dictitantur,
844 2820 1148 2887 actitantur,
1181 2829 1236 2876 et
1272 2821 1524 2876 Romanis
1557 2821 1797 2876 moribus
1857 2879 1862 2884 _

211 2905 544 2974 int-exerunt,
579 2919 630 2964 et
659 2911 772 2965 snis
801 2910 1092 2966 honoribus
1117 2911 1284 2966 dicari
1312 2911 1658 2982 exhibet-ique
1681 2911 1796 2980 jus-

209 3000 424 3052 serunt?
445 2999 556 3054 Cur
585 3015 714 3069 ergo
743 3017 851 3056 non
885 3001 1007 3058 hinc
1043 3004 1211 3073 magis
1251 3003 1348 3073 ipsi
1387 3003 1640 3058 intellecti
1670 3011 1796 3058 sunt

209 3103 308 3142 non
345 3103 472 3144 esse
507 3090 583 3144 dii
627 3093 738 3146 veri
760 3133 776 3156 ,
817 3108 916 3148 nec
954 3095 1172 3148 otnnino
1201 3094 1343 3164 digni
1371 3095 1562 3165 quibus
1586 3093 1796 3150 divinos

209 3176 436 3235 honores
468 3181 706 3238 deferret
735 3184 820 3238 illa
853 3187 1190 3255 respublica?
1219 3187 1366 3253 Quos
1391 3188 1534 3242 enim
1561 3187 1662 3242 coli
1689 3187 1792 3242 mi-

209 3272 344 3327 nime
371 3273 614 3338 deceret,
644 3277 970 3346 minimeque
995 3287 1285 3347 oporteret,
1315 3279 1358 3332 si
1391 3279 1544 3334 ludos
1571 3287 1792 3348 expete-

207 3371 318 3415 rent
345 3364 586 3433 agendos
613 3367 870 3422 conviciis
905 3368 1262 3424 Romanorum
1287 3386 1302 3434 ;
1335 3369 1622 3440 quomodo,
1649 3383 1792 3439 quie-

205 3467 290 3518 so,
331 3456 548 3511 colendi
576 3458 598 3488 ³
639 3461 808 3528 putati
849 3469 1002 3528 sunt,
1042 3461 1312 3532 quomodo
1347 3477 1452 3516 non
1493 3461 1792 3516 detestandi

205 3545 426 3612 spiritus
453 3547 740 3616 intellecti,
775 3551 866 3620 qui
905 3553 1192 3620 cupiditate
1237 3553 1448 3608 fallendi
1487 3553 1626 3608 inter
1663 3567 1792 3608 suos

205 3633 440 3693 honores
463 3653 562 3692 sua
589 3639 850 3696 celebrari
877 3632 1100 3698 crimina
1129 3643 1520 3714 poposcerunt?
1555 3643 1792 3711 Itemque

205 3722 448 3792 Romani,
477 3730 730 3798 quamvis
752 3730 862 3799 jam
893 3733 1270 3801 superstitione
1295 3733 1456 3788 noxia
1483 3747 1791 3803 premeren-

207 3827 300 3883 tur,
329 3829 384 3872 ut
411 3819 536 3875 illos
560 3820 692 3876 deos
715 3823 974 3890 colerent,
995 3839 1132 3894 quos
1156 3823 1406 3880 videbant
1431 3824 1531 3878 sibi
1559 3823 1790 3878 voluisse

203 3910 436 3965 seenicas
463 3911 824 3982 turpitudines
853 3916 1187 3982 consecrari,
1217 3931 1326 3970 suae
1355 3927 1529 3970 tamen
1559 3915 1788 3984 dignita-

207 3999 266 4052 tis
302 4015 578 4057 memores
615 4018 682 4058 ac
717 4003 936 4074 pudoris
959 4045 974 4072 ,
1017 4017 1228 4062 actores
1269 4007 1450 4062 talium
1489 4006 1788 4062 fabularum

205 4105 534 4162 nequaquam
563 4092 961 4150 honoraverunt
987 4111 1138 4152 more
1166 4097 1470 4154 Graecorum
1491 4139 1506 4164 ,
1533 4098 1626 4154 sed
1653 4099 1790 4154 sicut

201 4184 330 4252 apud
359 4183 682 4240 Ciceronem
710 4187 850 4242 idem
883 4187 1060 4259 Scipio
1088 4189 1338 4260 loquitur,
1369 4189 1494 4244 Cum
1521 4199 1680 4244 artem
1709 4190 1789 4244 lu-

204 4272 386 4326 dicram
429 4291 734 4346 scenantque
777 4286 934 4331 totum
973 4277 1155 4349 probro
1185 4279 1416 4332 ducerent
1450 4279 1492 4345 ³,
1525 4295 1680 4350 genus
1731 4279 1788 4332 id

201 4363 454 4418 taurinum
483 4383 590 4420 non
621 4367 774 4422 modo
813 4369 1004 4424 honore
1035 4370 1218 4424 ciuium
1245 4371 1554 4440 reliquorum
1581 4387 1750 4425 carere
1767 4411 1782 4438 ,

199 4456 282 4508 sed
305 4459 460 4512 etiam
491 4459 624 4512 tribu
651 4461 836 4514 moveri
865 4461 934 4532 (c)
965 4463 1221 4518 notatione
1249 4464 1472 4516 censoria
1497 4463 1781 4518 voluerunt.

201 4543 454 4600 Praeclara
493 4563 660 4616 sane,
706 4559 762 4603 et
801 4549 1053 4606 Romanis
1097 4551 1339 4606 laudibus
1385 4553 1783 4606 annumeranda

197 4637 474 4705 prudentia
503 4655 522 4694 :
551 4639 646 4694 sed
675 4641 864 4696 vellem
895 4656 954 4697 se
995 4641 1104 4712 ipsa
1147 4641 1478 4712 sequeretur,
1509 4657 1568 4698 se
1605 4641 1783 4697 imita-

197 4738 358 4784 retur.
387 4731 532 4786 Ecce
555 4732 696 4786 enim
725 4741 903 4798 recte,
936 4733 1174 4804 quisquis
1202 4735 1392 4790 civium
1422 4734 1782 4790 Romanorum

193 4836 310 4878 esse
333 4824 588 4879 scenicos
607 4823 877 4896 elegisset,
909 4839 1012 4880 non
1039 4826 1210 4881 solum
1237 4827 1285 4882 ci
1313 4827 1492 4881 nullus
1519 4825 1586 4882 ad
1616 4826 1784 4882 hono-

251 5003 270 5067 ξ
303 5003 500 5067 Aliquot
522 5009 920 5067 Mss.,_exserere.

248 5065 270 5138 ξ
301 5063 438 5138 Iovi,
461 5065 716 5129 quomodo,
739 5078 920 5129 quwso,
944 5065 1014 5116 dii
1035 5065 1240 5118 colendi.
1271 5073 1304 5114 Α
1323 5067 1516 5118 caeteris
1537 5063 1674 5116 libris
1693 5066 1781 5116 ab-

189 5131 280 5220 “?
465 5197 569 5238 Am.
594 5195 671 5236 Er.
707 5195 760 5238 et
782 5195 910 5250 Mss.,
933 5189 985 5239 in
1008 5190 1182 5253 probro
1203 5189 1450 5240 ducerent.

245 5271 319 5334 (ει)
343 5271 518 5332 curia,
543 5270 680 5321 locus
699 5272 870 5334 inquo
891 5279 1092 5322 senatus
1127 5272 1414 5332 habebatur,
1433 5273 1511 5320 hic
1531 5285 1618 5334 pro
1639 5285 1782 5322 sena-

187 5331 368 5398 toribus
393 5331 618 5397 ponitur;
644 5331 953 5395 Capitolium,
975 5334 1104 5396 quod
1138 5335 1370 5398 templum
1389 5331 1514 5384 lovis
1531 5331 1667 5395 erat,
1691 5347 1781 5396 pro

189 5395 303 5445 imis
323 5395 436 5445 diis.

205 5409 594 5520 Ὗὲβθὲίεηιὶιις
631 5462 823 5520 uester,
864 5455 977 5520 ait,
996 5455 1350 5520 qui_nimirum
1389 5465 1541 5519 gente
1579 5457 1779 5520 quidem

187 5517 318 5582 sier,
333 5519 426 5568 sed
447 5519 848 5569 Iatniliarissimus
862 5517 1063 5582 scipioni
1087 5517 1194 5582 fuit,
1215 5517 1414 5582 sicutet
1434 5517 1638 5581 uelio,‘a
1670 5521 1779 5582 qui-

185 5578 276 5628 bus
295 5579 458 5643 ferunt
479 5583 704 5643 adiutum
726 5591 843 5627 esse
867 5579 916 5626 in
939 5578 1210 5630 scribendis
1231 5579 1423 5630 fabulis.

243 5643 314 5704 (c)
341 5642 483 5692 Tribu
517 5641 706 5692 moveri
727 5678 761 5704 ,ν
784 5651 898 5701 qum
935 5653 1075 5701 [uena
1099 5650 1206 5692 erat
1227 5643 1472 5691 hominum
1495 5641 1780 5704 plebeiiseu

185 5703 313 5752 tertii
335 5707 526 5765 ordinis,
541 5707 678 5755 idem
699 5703 856 5750 tuisse
877 5707 1023 5765 atque
1043 5715 1106 5751 ex
1121 5717 1216 5752 una
1231 5704 1608 5765 tribunobiliore
1628 5713 1780 5754 trans-

185 5765 300 5833 lerri
317 5767 361 5817 in
383 5760 753 5833 ignobilium"),
785 5760 1072 5833 intelligitur
1085 5777 1157 5833 ex
1183 5763 1442 5833 I.ivio_.__lib.
1479 5767 1547 5828 i5,
1573 5779 1676 5832 cap.
1703 5766 1772 5816 l5.

185 5829 342 5882 Confer
359 5825 744 5890 ‘I'Ertulliaattm.
766 5825 837 5875 dc
852 5825 1142 5886 Spectaculis
1162 5839 1269 5892 cap.
1293 5827 1372 5878 ‘22.

1921 505 2034 546 rem
2059 493 2282 550 dabatur
2307 495 2473 565 locus,
2503 513 2684 556 verum
2709 502 2868 558 etiam
2894 509 3133 564 censoris
3159 521 3279 566 nota
3304 517 3494 572 tribum

1917 591 2097 638 tenere
2124 587 2388 656 propriam
2417 589 2632 646 minime
2659 595 2950 652 sinebatur.
2977 598 3022 656 Ο
3050 601 3280 658 animum
3311 607 3493 662 civita-

1915 681 1982 726 tts
2023 675 2192 730 laudis
2229 678 2474 745 avidum,
2512 697 2866 756 germaneqne
2904 689 2978 762 (a)
3017 691 3347 750 Romanum!
3389 700 3492 754 Sed

1915 765 2296 835 respondeatur
2319 771 2476 836 mihi,
2507 789 2606 842 qua
2637 790 2986 836 consentanea
3020 785 3224 840 ratione
3254 786 3494 846 homines

1913 859 2104 913 scenici
2144 859 2212 914 ab
2246 863 2390 916 omni
2434 863 2634 922 honore
2663 871 3020 940 repelluntur,
3053 883 3107 930 et
3145 877 3256 933 ludi
3297 883 3495 937 scenici

1913 949 2133 1004 deorum
2163 951 2453 1009 honoribus
2481 957 2874 1016 admiscentur?
2901 965 3020 1020 lllas
3047 967 3327 1026 theatricas
3352 983 3495 1029 artes

1911 1039 2000 1095 diu
2028 1042 2194 1098 virtus
2231 1045 2466 1102 Romana
2497 1065 2600 1104 non
2633 1067 2850 1108 noverat
2877 1055 2949 1128 (b)
2985 1077 2998 1112 :
3028 1075 3144 1128 qua:
3175 1063 3222 1118 si
3250 1065 3316 1118 ad
3343 1064 3495 1120 oblc-

1912 1145 2232 1193 ctamcntum
2257 1141 2538 1211 voluptatis
2559 1145 2802 1202 humanm
2824 1162 3206 1220 qumrcrentur,
3229 1155 3357 1210 vitio
3379 1173 3494 1214 mo-

1913 1243 2027 1282 rnm
2058 1231 2356 1300 irrepercnt
2382 1233 2750 1292 lmmanornm.
2785 1240 2862 1294 Dii
2890 1257 2983 1297 eas
3008 1243 3108 1298 sibi
3133 1247 3366 1304 exhiberi
3395 1265 3492 1320 pe-

1913 1322 2140 1377 tiverunt
2167 1341 2180 1376 :
2207 1327 2474 1394 quomodo
2497 1345 2623 1399 ergo
2650 1330 2897 1400 abjicitur
2925 1335 3186 1403 scenicos,
3217 1355 3310 1408 per
3333 1355 3491 1410 quem

1908 1415 2098 1470 colitur
2119 1417 2256 1472 Deus
2272 1419 2296 1471 ’ἶ
2315 1429 2368 1474 et
2391 1420 2658 1476 theatricua
2681 1423 2818 1478 illius
2844 1426 3177 1496 turpitudinis
3198 1445 3298 1498 qua
3321 1429 3492 1488 fronte

1908 1514 2122 1561 notatur
2149 1519 2315 1576 actor,
2348 1510 2390 1564 si
2417 1510 2668 1566 aduratur
2689 1517 2942 1570 exactor?
2969 1515 3024 1570 ln
3051 1516 3155 1586 hac
3179 1530 3492 1576 controver-

1908 1599 1984 1653 sia
2010 1601 2183 1656 Grzcci
2213 1603 2542 1674 Romanique
2570 1617 2898 1662 concertant.
2931 1609 3100 1666 Grzeci
3133 1622 3318 1681 putant
3347 1623 3492 1670 recte

1907 1703 1966 1744 se
1993 1689 2257 1748 honorare
2299 1693 2540 1750 homines
2573 1699 2845 1766 scenicos,
2877 1699 2996 1770 quia
3037 1703 3220 1758 colunt
3247 1703 3490 1760 ludorum

1906 1782 2240 1836 sccnicornm
2273 1783 2596 1857 ﬂagitatores
2630 1787 2760 1842 deos
2790 1808 2802 1840 :
2837 1789 3060 1844 Romani
3091 1808 3218 1846 vero
3258 1791 3489 1850 homini-

1905 1869 2004 1926 bus
2033 1874 2258 1928 scenicis
2286 1891 2385 1930 nec
2425 1877 2684 1945 plebeiam
2716 1879 2906 1934 trilmm
2931 1923 2946 1947 ,
2979 1891 3175 1951 quanto
3201 1885 3376 1940 minus
3401 1901 3490 1942 se-

1904 1967 2164 2021 natoriam
2190 1967 2390 2022 curiam
2421 1968 2754 2025 dehonestari
2787 1973 3003 2026 sinunt?
3027 1973 3078 2028 In
3104 1973 3204 2030 hac
3229 1965 3492 2046 discepta-

1905 2055 2048 2112 tione
2093 2057 2458 2128 hujuscemodi
2503 2063 2832 2118 ratiocinatio
2873 2079 3136 2120 summam
3183 2069 3489 2136 qumstionis

1903 2148 2150 2204 absolvit.
2181 2151 2490 2221 Proponunt
2518 2152 2686 2208 Graeci
2718 2172 2731 2207 :
2762 2154 2818 2210 Si
2846 2153 2917 2210 dii
2949 2157 3080 2211 tales
3104 2157 3311 2212 colendi
3341 2169 3486 2226 sunt,

1903 2239 2141 2307 profecto
2185 2243 2344 2296 etiam
2385 2244 2517 2300 tales
2557 2244 2799 2300 homines
2844 2247 3151 2302 honorandi.
3197 2249 3488 2306 Assumunt

1901 2329 2128 2388 Romani
2162 2351 2175 2386 :
2208 2333 2313 2388 Sed
2351 2336 2496 2390 nullo
2537 2337 2695 2392 modo
2736 2339 2866 2392 tales
2907 2339 3150 2396 homines
3193 2341 3488 2398 honorandi

1901 2433 2044 2476 sunt.
2085 2425 2420 2480 Concludunt
2462 2427 2746 2483 Christiani
2781 2447 2793 2482 :
2827 2428 2984 2484 Nullo
3022 2431 3180 2486 modo
3217 2429 3378 2502 igitur
3413 2431 3486 2487 dii

1903 2514 2035 2568 tales
2059 2515 2266 2570 colendi
2298 2527 2440 2572 sunt.

1901 2603 2126 2659 CAPUT
2157 2605 2294 2660 XIV.
2328 2637 2396 2646 —
2427 2607 2691 2663 Meliorem
2720 2609 2876 2684 fuisse
2903 2607 3191 2680 Platonem,
3220 2613 3304 2680 qui
3330 2613 3487 2682 poetis

1973 2697 2138 2749 locum
2179 2698 2232 2750 in
2273 2697 2392 2752 bene
2430 2710 2624 2752 morata
2663 2703 2784 2755 urbe
2817 2719 2918 2755 non
2957 2703 3177 2768 dederit,
3209 2720 3360 2773 quam
3395 2704 3486 2758 Itos

1971 2787 2110 2854 deos,
2140 2789 2224 2859 qui
2247 2806 2300 2843 se
2325 2790 2458 2843 ludis
2483 2791 2692 2845 scenicis
2719 2793 2964 2846 voluerint
2993 2795 3250 2848 honorari.

1973 2881 2026 2933 1.
2061 2879 2261 2934 Deinde
2287 2880 2592 2952 qumrimus,
2625 2883 2723 2951 ipsi
2751 2891 2943 2952 poetae,
2977 2885 3154 2938 talium
3188 2883 3486 2942 fabularum

1898 2971 2317 3041 compositores,
2346 2973 2434 3043 qui
2472 2973 2752 3028 duodecim
2793 2975 3112 3029 Tabularum
3150 2977 3264 3046 lege
3303 2977 3486 3046 prohi-

1898 3061 2090 3116 bentur
2123 3061 2318 3117 l‘amam
2360 3063 2555 3119 laedere
2590 3064 2782 3118 civium
2806 3105 2820 3130 ,
2851 3074 2954 3118 tam
2987 3067 3241 3134 probrosa
3273 3065 3325 3120 in
3355 3065 3486 3122 deos

1897 3153 2135 3206 convicia
2177 3153 2502 3223 jaculantes,
2551 3170 2644 3209 cur
2691 3171 2796 3209 non
2841 3163 2900 3210 ut
2945 3155 3141 3210 εει-ιιίρί
3193 3155 3484 3212 habeantur

1899 3243 2183 3298 inhonesti.
2213 3245 2325 3310 Qua
2353 3245 2559 3299 ratione
2589 3255 2790 3300 rectum
2817 3256 2918 3312 est,
2951 3257 3006 3300 ut
3029 3247 3354 3316 pocticorum
3386 3249 3484 3320 lig-

1896 3345 2196 3390 mcntorum
2253 3343 2308 3390 et
2361 3336 2832 3406 ignominiosorum
2889 3337 3108 3392 deorum
3167 3338 3484 3394 infamentur

1896 3437 2122 3494 actores,
2155 3427 2482 3484 honorentur
2505 3431 2789 3484 auctores?
2813 3445 2878 3484 an
2909 3429 3042 3485 forte
3066 3429 3250 3485 Grmco
3275 3429 3482 3486 Platoni

1897 3523 2071 3592 potius
2111 3523 2281 3593 palma
2323 3523 2492 3578 danda
2523 3531 2636 3591 est,
2666 3523 2752 3592 qui
2793 3539 2912 3578 cum
2949 3523 3154 3578 ratione
3193 3523 3480 3590 formaret,

1895 3615 2064 3684 qualis
2099 3629 2218 3670 esse
2255 3615 2438 3670 civitas
2467 3601 2688 3680 delicat,
2735 3625 2982 3685 tanquam
3021 3615 3353 3669 adrersarios
3387 3631 3479 3670 ve-

1895 3706 2063 3760 ritatis
2087 3709 2122 3772 ¹,
2163 3715 2348 3775 poetas
2375 3706 2581 3760 censuit
2619 3707 2747 3760 urbe
2789 3705 3098 3775 pellendos?
3132 3706 3234 3759 lstc
3269 3719 3394 3758 vero
3427 3713 3482 3761 et

1893 3797 2116 3852 deorum
2143 3798 2362 3865 injurias
2397 3797 2608 3866 indigne
2638 3799 2788 3864 tulit,
2822 3807 2876 3852 et
2904 3797 3065 3850 fucari
3103 3797 3484 3865 corrumpiqno

1895 3891 2160 3960 ﬁgmentis
2186 3889 2392 3944 animos
2417 3889 2608 3944 civium
2639 3889 2824 3944 noluit.
2853 3889 3052 3944 Confer
3082 3903 3220 3942 nunc
3249 3888 3479 3943 Platonis

1895 3981 2274 4036 humanitatem
2305 3996 2334 4035 a
2361 3981 2561 4036 civibus
2593 3979 2922 4050 decipiendis
2965 3989 3149 4049 poetas
3190 3979 3320 4034 urbe
3364 3981 3478 4048 pel-

1894 4071 2110 4136 lentem,
2143 4087 2264 4126 eum
2294 4071 2513 4126 deormn
2545 4071 2816 4124 divinitate
2847 4069 3034 4123 honori
3063 4085 3158 4124 suo
3187 4069 3339 4123 ludos
3363 4083 3480 4124 sce-

1892 4164 2042 4219 nicos
2069 4171 2370 4233 expetente.
2411 4165 2534 4227 ille,
2569 4177 2636 4218 ne
2666 4162 2788 4216 talia
2831 4162 2916 4216 vel
2955 4161 3348 4222 scriberentur.
3378 4163 3478 4214 etsi

1892 4271 1997 4310 non
2029 4256 2290 4325 persuasit
2313 4254 2663 4324 disputando,
2697 4262 2870 4307 tamen
2899 4254 3060 4307 suasit
3093 4253 3288 4307 levitati
3319 4251 3476 4306 lasci-

1890 4351 2094 4419 vimque
2117 4348 2424 4404 Grcccorum
2455 4365 2468 4401 :
2499 4347 2614 4414 isti,
2643 4357 2699 4401 ut
2730 4347 2847 4401 talia
2879 4347 3036 4401 etiam
3065 4354 3367 4415 agerentur,
3391 4345 3478 4414 ju-

1891 4443 2064 4498 bendo
2084 4449 2423 4498 cxtorserunt
2449 4442 2688 4509 gravitati
2711 4451 2764 4497 et
2791 4441 3061 4496 modestia:
3089 4440 3468 4494 liomanorum.

1888 4535 1999 4592 Nec
2027 4543 2230 4590 tantum
2253 4536 2274 4565 ²
2303 4535 2418 4589 hate
2445 4534 2525 4604 agi
2557 4533 2852 4600 voluerunt,
2885 4531 2978 4586 sed
3009 4530 3112 4585 sibi
3139 4530 3302 4585 dicari
3323 4572 3337 4598 ,
3367 4529 3468 4584 sibi

1889 4629 2122 4693 sacrari,
2162 4627 2262 4682 sibi
2301 4626 2612 4682 solemniter
2639 4624 2897 4680 exhiberi.
2927 4623 3022 4677 Cui
3057 4621 3268 4676 tandem
3301 4621 3468 4676 hone-

1891 4721 2024 4776 stius
2048 4719 2256 4773 divinos
2297 4719 2526 4771 honores
2553 4717 2866 4770 decerneret
2897 4713 3120 4770 civitas?
3145 4723 3321 4767 utrum
3349 4713 3471 4766 Pla-

1889 4815 1997 4868 toni
2027 4813 2138 4868 huic
2163 4811 2332 4882 turpia
2356 4821 2412 4866 et
2435 4808 2658 4865 nefanda
2687 4809 2984 4878 prohibenti
3005 4823 3020 4872 ;
3044 4821 3112 4860 an
3137 4804 3470 4860 damionihus

1889 4908 1989 4962 hac
2031 4904 2306 4959 hominum
2349 4902 2662 4972 deceptione
2713 4899 3094 4971 gaudentibus,
3142 4897 3333 4968 quibus
3379 4895 3468 4950 ille

1889 5015 2016 5055 vera
2047 4997 2370 5069 persuadere
2395 5012 2497 5052 non
2526 4995 2728 5064 potuit?

1955 5091 2012 5144 2.
2045 5091 2192 5144 llunc
2221 5089 2494 5143 Platonem
2535 5087 2714 5142 Labeo
2751 5086 2888 5140 inter
2925 5081 3186 5140 semideos
3219 5080 3288 5152 (c)
3317 5095 3466 5136 com-

1952 5207 1970 5236 ι
2005 5204 2078 5250 sic
2099 5215 2275 5258 magno
2296 5213 2537 5250 consensu
2561 5208 2666 5248 Mss.
2689 5207 2744 5248 At
2765 5199 2900 5254 editi,
2915 5193 3218 5244 aduersarios
3241 5192 3466 5244 civitatis.

1950 5267 1971 5330 ξ
2003 5263 2109 5314 Sola
2131 5265 2279 5314 editio
2297 5271 2428 5330 Lov.,
2440 5275 2530 5330 nec
2553 5269 2732 5322 tamen;
2749 5261 2908 5330 min-us
2929 5259 3076 5330 bene.

1951 5328 2024 5390 (tl)
2049 5319 2448 5392 t.‘ermuneqne,_id
2468 5333 2562 5392 est,
2588 5319 2734 5392 γει-εί
2747 5321 2897 5392 laudis
2918 5319 3163 5378 aviditate,
3189 5323 3466 5377 Romanum,

1886 5385 2214 5454 quiztftttimana
2238 5385 2948 5454 gensluitlaudisavidissima.
3051 5443 3110 5454 Η
3191 5441 3202 5454 _

1951 5451 2020 5512 (b)
2047 5438 2558 5514 Quadringentos‘fere
2577 5460 2670 5508 per
2691 5456 2843 5514 annos
2875 5455 3024 5514 εμπ-ξι
3050 5441 3346 5514 introductos
3359 5438 3467 5489 illos

1887 5503 2024 5563 ludos
2045 5503 2174 5561 anno
2197 5503 2335 5560 Urbis
2363 5509 2474 5568 592,
2499 5503 2658 5556 uari-at
2680 5507 2852 5562 Livius,
2877 5504 3032 5568 liln't,
3055 5517 3162 5568 cap.
3181 5503 3228 5550 2.

1949 5575 2246 5638 (θυι-ὤμω
2265 5565 2469 5622 deorum
2494 5585 2558 5619 ex
2592 5573 2888 5638 varroneet
2921 5566 3030 5638 aliis
3055 5565 3315 5638 habentur
3325 5566 3461 5638 “tres.

1885 5623 2120 5698 Quos'dam
2140 5635 2264 5684 deos
2285 5645 2497 5698 summos
2519 5630 2852 5680 nominabant:
2873 5623 3465 5698 inedioxu1n0s_alios,qttt

1887 5688 1940 5750 et
1965 5697 2189 5754 semidei,
2213 5709 2276 5745 ex
2301 5697 2456 5744 altero
2488 5698 2711 5754 rarenter
2733 5688 2986 5754 nnmortali
3013 5688 3270 5754 progeniti,
3299 5689 3352 5733 ut
3375 5691 3459 5732 tto-

1885 5739 2451 5816 Binitii'J'tiZ-i’ctii'esjahi
2479 5739 2563 5802 Alii
2585 5739 2716 5816 iertii
2741 5751 2922 5801 ordinis
2946 5758 2997 5801 et
3013 5739 3082 5801 ἐκ
3101 5739 3314 5810 ludoque
3337 5757 3464 5794 mor-

1887 5823 1968 5875 ιιιί
1993 5814 2194 5886 [arente
2221 5814 2334 5880 nati,
2361 5817 2642 5868 dicebautur
2666 5814 2865 5864 heroes.
