4038 6482
590 313 670 375 $9
930 366 959 403 δ
1643 325 1732 384 DE
1771 331 2091 395 CIVITK'TE
2129 337 2263 411 DEI,
2300 340 2360 401 S.
2400 343 2769 407 AUGUSTINI

599 440 1006 499 memorandum
1033 445 1267 517 putavit,
1293 446 1431 503 sicut
1454 447 1741 507 Herculem
1760 494 1779 527 ,
1808 453 1948 511 sicut
1983 454 2187 514 Romu-

597 527 708 582 lum
740 548 754 585 :
786 533 1052 590 semideos
1078 546 1255 591 autem
1285 536 1537 596 heroibus
1566 544 1865 614 anteponit,
1893 544 1990 602 sed
2016 556 2188 604 utros-

593 634 700 689 que
725 623 864 677 inter
890 628 1105 681 numina
1132 627 1377 685 collocat.
1409 630 1787 690 Verumtamen
1816 636 1999 705 istum,
2024 654 2188 709 quem

595 713 830 783 appellat
854 716 1179 783 semideum,
1211 734 1319 776 non
1349 721 1604 779 heroibus
1632 733 1836 781 tantum
1855 768 1873 796 ,
1902 727 1997 784 sed
2026 729 2187 785 etiam

595 800 699 856 diis
727 803 854 875 ipsis
885 805 1272 877 prieferendum
1309 827 1430 869 esse
1458 829 1564 869 non
1593 814 1796 871 dubito.
1824 817 2190 892 Propinquant

594 903 774 949 autem
821 894 1183 955 Romanorum
1231 901 1375 973 leges
1420 902 1870 976 disputationibus
1918 910 2186 979 Platonis,

596 985 810 1055 quando
843 988 934 1043 ille
960 1001 1152 1047 cuneta
1195 996 1400 1065 poetica
1435 995 1684 1069 figmenta
1718 1002 2071 1070 condemnat,
2101 1005 2188 1061 isti

596 1087 777 1138 autem
808 1082 980 1149 poetis
1006 1083 1249 1140 adimunt
1276 1087 1463 1142 saltem
1491 1090 1543 1144 in
1571 1090 1814 1149 homines
1838 1094 2188 1150 maledicendi

594 1168 900 1239 licentiam;
944 1174 1032 1231 ille
1066 1186 1254 1248 poetas
1300 1179 1368 1235 ab
1407 1181 1553 1237 urbis
1596 1184 1761 1254 ipsius
1799 1184 2186 1257 babitatione‘,

595 1258 685 1315 isti
714 1262 900 1319 saltem
927 1274 1138 1323 actores
1178 1270 1503 1339 pocticarum
1534 1273 1827 1331 fabularum
1857 1290 2134 1335 removent
2156 1295 2188 1336 a

596 1351 856 1409 societate
887 1356 1148 1426 civitatis,
1176 1371 1262 1428 et,
1295 1361 1339 1416 si
1368 1371 1552 1419 contra
1577 1364 1708 1422 deos
1734 1367 1979 1424 ludorum
2009 1372 2188 1433 sceni-

596 1456 782 1500 corum
808 1449 1131 1518 expetitores
1150 1452 1352 1525 aliquid
1377 1456 1654 1525 auderent,
1681 1458 1821 1516 forte
1846 1461 2077 1533 undique
2102 1481 2189 1520 re-

596 1543 899 1593 moverent.
947 1537 1289 1611 Nequaquam
1335 1543 1492 1615 igitur
1539 1544 1683 1619 leges
1727 1548 1793 1604 ad
1839 1550 2191 1611 instituendos

596 1621 770 1678 bonos
798 1635 889 1680 aut
912 1630 1256 1702 corrigendos
1285 1634 1452 1688 malos
1482 1651 1662 1694 mores
1681 1680 1695 1706 ,
1723 1655 1755 1695 a
1782 1639 1884 1697 diis
1912 1643 2024 1698 suis
2061 1659 2190 1715 pos-

596 1724 720 1771 sent
747 1720 988 1790 accipere
1025 1737 1120 1779 seu
1148 1739 1366 1796 sperare
1393 1726 1653 1797 Romani,
1683 1747 1820 1803 quos
1849 1733 2054 1805 legibus
2079 1736 2192 1794 suis

599 1805 824 1864 vincunt
848 1820 1009 1883 atque
1033 1814 1380 1873 convincunt.
1410 1817 1488 1873 Illi
1518 1820 1659 1875 enim
1688 1822 1876 1878 honori
1904 1839 2002 1882 suo
2026 1826 2193 1899 depo-

597 1908 758 1955 scunt
782 1900 936 1957 ludos
961 1905 1203 1962 scenicos
1222 1950 1238 1977 ,
1276 1908 1362 1965 isti
1397 1910 1466 1966 ab
1505 1911 1797 1970 honoribus
1825 1917 2073 1974 omnibus
2100 1933 2191 1975 re-

596 1989 807 2060 pellunt
848 1991 1091 2051 homines
1129 1999 1369 2054 scenicos
1406 2019 1419 2055 :
1458 2000 1532 2056 illi
1574 2003 1832 2059 celebrari
1869 2006 1970 2062 sibi
2001 2006 2194 2078 jubent

599 2078 872 2150 ﬁgmentis
913 2086 1136 2154 poeticis
1172 2090 1457 2161 opprobria
1493 2092 1713 2149 deorum
1734 2137 1749 2162 ,
1781 2096 1867 2152 isti
1896 2097 1965 2154 ab
1993 2113 2192 2169 oppro-

596 2170 733 2229 briis
760 2174 1033 2234 hominum
1061 2178 1335 2238 deterrent
1360 2183 1737 2255 impudentiam
1769 2198 2065 2258 poetarum.
2092 2190 2192 2247 Se-

596 2263 808 2321 mideus
853 2276 1032 2325 autem
1078 2270 1170 2327 ille
1211 2272 1364 2328 Plato
1402 2284 1457 2332 et
1496 2275 1675 2331 talium
1721 2277 1943 2335 deorum
1989 2280 2193 2336 libidini

596 2357 827 2426 restitit,
856 2369 912 2417 et
937 2361 1006 2417 ab
1033 2362 1216 2421 indole
1248 2365 1611 2423 Romanorum
1645 2369 1771 2439 quid
1810 2370 2192 2441 perliciendum

596 2460 762 2518 esset,
789 2453 1024 2510 ostendit
1045 2473 1061 2523 ;
1082 2458 1172 2527 qui
1200 2468 1383 2528 poetas
1405 2459 1549 2530 ipsos
1570 2460 1656 2516 vel
1679 2476 1774 2531 pro
1793 2461 2013 2518 arbitrio
2039 2479 2193 2519 men-

597 2543 829 2613 tientes,
868 2547 954 2602 vel
999 2546 1301 2605 hominibus
1344 2552 1555 2608 miseris
1592 2554 1749 2623 quasi
1791 2552 2015 2609 deorum
2056 2554 2193 2611 facta

598 2638 835 2710 pessima
861 2638 1115 2697 imitanda
1143 2654 1524 2714 proponentes,
1549 2645 1768 2701 omnino
1790 2647 1844 2701 in
1868 2648 2082 2705 civitate
2100 2647 2195 2704 be-

600 2746 675 2789 ne
708 2731 951 2790 instituta
977 2735 1158 2794 vivere
1183 2738 1372 2793 noluit.
1402 2739 1511 2795 Nos
1538 2740 1751 2811 quidem
1778 2740 2055 2797 Platonem
2095 2756 2195 2798 nec

600 2820 787 2892 deum,
811 2840 910 2881 nec
933 2827 1229 2883 semideum
1254 2829 1628 2900 perhibemus;
1655 2846 1753 2887 nec
1774 2831 1862 2886 ulli
1890 2841 2078 2888 sancto
2102 2848 2196 2888 an-

600 2914 728 2986 gelo
751 2918 943 2972 summi
974 2917 1088 2986 Dei,
1115 2934 1215 2976 nec
1239 2921 1474 2977 veridico
1503 2922 1796 2994 prophetm,
1825 2938 1926 2981 nec
1952 2924 2196 2995 apostolo

604 3005 788 3074 alicui,
809 3023 911 3065 nec
930 3009 1151 3067 cuilibet
1169 3010 1370 3070 Christi
1394 3015 1637 3087 martyri,
1662 3030 1763 3071 nec
1786 3017 2033 3088 cuiquam
2054 3017 2198 3073 chri-

603 3099 781 3156 stiano
821 3100 1024 3159 homini
1065 3119 1474 3176 comparamus;
1501 3108 1655 3178 cujus
1690 3120 1891 3165 nostra:
1918 3111 2197 3168 sententia:

607 3190 781 3259 ratio,
814 3192 928 3250 Deo
964 3206 1349 3267 prosperante,
1381 3213 1480 3256 suo
1517 3199 1637 3256 loco
1672 3201 2026 3273 explicabitur
2055 3221 2070 3259 :
2099 3204 2196 3262 sed

603 3294 728 3338 eum
768 3292 982 3353 tamen,
1011 3287 1439 3360 quandoquidem
1481 3291 1579 3362 ipsi
1616 3292 1803 3348 volunt
1839 3294 2004 3351 fuisse
2030 3296 2197 3352 semi-

604 3373 800 3444 deum,
828 3377 1217 3448 praferendum
1245 3396 1367 3440 esse
1395 3398 1678 3441 censemus
1695 3427 1711 3451 ,
1740 3387 1787 3443 si
1823 3403 1929 3444 non
1968 3388 2198 3446 Romqu

605 3474 665 3523 et
689 3467 900 3524 Herculi
926 3469 1192 3542 (quamvis
1221 3470 1379 3529 istum
1411 3491 1511 3533 nec
1535 3475 1758 3534 fratrem
1787 3480 2069 3549 occidisse,
2097 3496 2199 3540 nec

607 3557 824 3630 aliquod
855 3570 1192 3632 perpetrasse
1226 3564 1482 3636 ﬂagitium
1512 3567 1793 3639 quisquam
1825 3570 2195 3629 historicorum

607 3649 695 3705 vel
719 3659 996 3722 poetarum
1020 3652 1157 3709 dixit
1176 3662 1270 3711 aut
1296 3654 1452 3713 tinxit
1480 3655 1592 3731 [a])
1614 3698 1632 3724 ,
1660 3669 1807 3718 certe
1843 3662 1926 3718 vel
1970 3662 2195 3733 Priapo,

606 3743 694 3799 vel
726 3744 886 3801 alicui
924 3742 1299 3818 Cynocephalo
1327 3748 1433 3822 (b),
1478 3760 1751 3822 postremo
1777 3753 1860 3811 vel
1891 3754 2049 3812 Febri
2090 3753 2194 3830 (c),

608 3850 731 3906 qua:
759 3838 984 3898 Romani
1028 3846 1246 3901 numina
1285 3848 1478 3918 partim
1522 3850 1800 3919 peregrina
1844 3860 2194 3920 receperunt,

610 3930 802 3998 partim
824 3946 919 3988 sua
944 3937 1154 4007 propria
1180 3948 1541 3997 saeraverunt.
1565 3941 1845 4011 Quomodo
1873 3944 2033 4015 igitur
2053 3955 2199 4001 tanta

610 4018 776 4075 animi
810 4030 864 4078 et
901 4038 1111 4081 morum
1143 4028 1281 4084 mala
1319 4028 1475 4085 bonis
1502 4032 1782 4102 prteceptis
1805 4042 1861 4090 et
1886 4033 2092 4106 legibus
2116 4037 2200 4091 vel

612 4107 944 4171 imminentia
975 4116 1346 4187 prohiberent,
1372 4122 1459 4178 vel
1485 4122 1640 4185 insita
1678 4126 2022 4196 exstirpanda
2047 4141 2203 4183 cura-

612 4210 734 4256 rent
761 4202 835 4260 dii
859 4210 1021 4275 tales,
1051 4209 1142 4280 qui
1177 4211 1338 4267 etiam
1367 4213 1678 4270 semiuanda
1707 4223 1761 4272 et
1785 4217 2024 4288 augenda
2054 4217 2204 4291 ﬂagi-

615 4292 687 4346 tia
716 4307 1064 4367 curaverunt,
1097 4301 1218 4357 talia
1254 4304 1340 4359 vel
1380 4319 1474 4359 sua
1501 4306 1583 4361 vel
1621 4307 1771 4378 quasi
1806 4323 1900 4363 sua
1941 4308 2078 4364 facta
2108 4325 2204 4379 per

616 4383 904 4444 theatricas
931 4390 1273 4449 celebritates
1300 4396 1508 4466 populis
1533 4397 1870 4455 innotescere
1894 4400 2198 4470 cupientes,

617 4486 677 4531 ut
700 4487 948 4551 tanquam
974 4486 1288 4542 auctoritate
1311 4487 1509 4558 divina,
1537 4505 1632 4546 sua
1660 4500 1851 4563 sponte
1878 4494 2202 4565 nequissima

617 4566 783 4624 libido
807 4572 1190 4631 accenderetur
1219 4578 1448 4634 humana
1477 4597 1491 4634 :
1524 4580 1717 4637 frustra
1743 4582 1845 4640 hoc
1870 4585 2203 4643 exclamante

618 4654 898 4729 Cicerone,
927 4664 1017 4734 qui
1045 4680 1164 4721 cum
1191 4666 1257 4722 de
1286 4670 1458 4739 poetis
1483 4681 1683 4742 ageret,
1710 4673 1790 4727 Ad
1814 4691 1938 4745 quos
1971 4693 2086 4732 cum
2111 4693 2203 4732 ac-

621 4750 829 4817 cessit’,
860 4751 1052 4825 inquit,
1079 4754 1272 4813 clamor
1303 4770 1349 4815 et
1378 4761 1672 4833 approbatio
1698 4765 1894 4835 populi,
1924 4768 2068 4836 quasi
2090 4785 2204 4822 ma-

684 4874 957 4989 :EditiLglf
966 4909 1112 4989 stu-bis
1126 4911 1275 4978 ipsius
1294 4913 1582 4969 habitatione
1598 4916 1803 4983 repellit.
1822 4921 1988 4983 Abest,
2000 4923 2205 4989 repellit,

618 4977 649 5018 tt
669 4973 1024 5034 manuscriptis.

617 5030 872 5141 “mind.
898 5030 1000 5083 Ᾰιιι.
1027 5042 1081 5086 et
1101 5042 1195 5099 δικ,
1216 5037 1301 5103 qni
1322 5052 1432 5090 cum
1454 5039 1517 5091 de
1531 5040 1680 5105 poetis
1701 5055 1847 5109 agens
1869 5045 1936 5097 ad
1954 5059 2034 5098 eos
2052 5061 2209 5101 acces-

683 5172 985 5252 galASJCilieet,
1009 5191 1099 5252 nec
1117 5179 1324 5252 fratrem
1335 5183 1591 5252 occidisse,
1625 5188 1751 5252 sicut
1785 5188 1850 5237 de
1872 5190 2098 5252 aemulo;
2121 5203 2209 5241 nec

860 5229 2101 5314 perpetrasse"pdqnniiaj'giéhfa‘énEEaiiE'iiiéi

626 5295 840 5368 historici
861 5295 1110 5368 dixerunt,
1135 5295 1215 5354 ve'l
1240 5295 1400 5368 poeta:
1423 5295 1686 5359 tinxerunt.

690 5358 760 5422 (ὁ)
787 5360 902 5431 uiue
922 5363 982 5431 ad
998 5358 1253 5431 λεεῇῃωιιί
1269 5374 1502 5429 Lucanus,
1528 5369 1612 5420 lib.
1628 5358 1682 5431 8,
1704 5385 1833 5422 vers.
1858 5372 1969 5430 85l,
1991 5373 2115 5425 εδει

811 5429 905 5495 tyos
924 5429 977 5492 tn
996 5429 1176 5484 templa
1199 5433 1331 5495 tuam
1354 5437 1563 5495 Romana
1579 5429 1851 5495 accepimus
1873 5429 2003 5495 Isim,

810 5489 1170 5551 Semicanesque
1192 5489 1326 5549 deos,
1349 5496 1396 5541 et
1416 5490 1563 5542 sistra
1585 5489 1817 5545 mouentia
1841 5489 2039 5548 luctum.

691 5541 764 5605 (ε)
789 5543 1006 5611 Infinitus
1027 5541 1208 5611 essent,
1232 5553 1272 5601 si
1292 5541 1357 5601 de
1387 5541 1543 5604 Febre
1569 5541 2102 5611 έρίιὶιῖιόιίιάὶίὸξὶὲίὶιιθ
2122 5571 2210 5609 ve-

626 5604 791 5681 terum
812 5604 1236 5681 locgproferrem.
1276 5614 1516 5681 adeantur
1558 5604 1735 5681 Plinius
1767 5604 2139 5669 Histfnv‘atfvl'iib.‘
2161 5604 2209 5681 Ξ,

627 5677 735 5740 cap.
760 5668 823 5728 7;
862 5668 1032 5740 (gl.th
1054 5681 1159 5723 var.
1183 5675 1302 5740 njst.
1320 5674 1403 5725 lib.
1425 5675 1500 5740 12,
1522 5690 1629 5740 cap.
1651 5680 1728 5738 ll;
1748 5668 2018 5740 cicero,-de
2042 5668 2212 5731 natura

627 5691 735 5728 ων.
767 5691 783 5717 ι
808 5691 823 5728 ε
862 5691 1032 5720 mmu.
1057 5691 1159 5723 \ar.
1185 5691 1302 5724 rust.
1320 5691 1403 5725 nn.
1425 5691 1500 5736 ιτ,
1522 5691 1577 5729 ea
1616 5713 1629 5725 .
1651 5691 2018 5740 11;crcero,-ue
2042 5691 2210 5731 Natura

626 5726 833 5805 deorum
849 5765 865 5789 ,
891 5730 1048 5805 libri-5,
1073 5748 1177 5796 cap.
1202 5735 1297 5805 257:
1333 5752 1355 5782 tt
1373 5738 1538 5790 Febris
1568 5691 1730 5792 lgnum
1762 5742 1811 5791 in
1834 5741 2069 5795 Palatio...
2092 5758 2210 5796 eon-

633 5806 657 5838 ι
680 5801 922 5843 secratum
947 5795 1165 5848 videmus
1206 5815 1229 5844 ι
1266 5804 1497 5852 lancina.

3814 373 3875 429 (LO

2295 462 2383 533 gui
2415 464 2680 534 cujusdam
2708 475 2756 521 et
2782 466 3023 538 sapientis
3062 468 3292 541 magistri
3309 512 3325 537 ,
3355 487 3483 542 quas
3520 474 3599 529 illi
3636 476 3875 537 abducunt

2293 552 2554 609 tenebras!
2578 572 2701 622 quos
2736 557 2973 613 inve/mut
3010 562 3210 616 metus!
3236 578 3364 631 quas
3391 564 3708 634 inﬂammant
3735 575 3868 641 cupi~

2293 642 2475 698 ditates
2496 643 2604 717 (a)!

2293 752 2518 811 CAPUT
2544 755 2660 811 XV.
2685 787 2758 798 --
2787 758 2937 826 Quod
2966 758 3185 816 Romani
3224 763 3472 833 quosdam
3510 766 3606 853 sibi
3634 767 3752 824 deos
3781 788 3879 828 non

2581 849 2798 918 ratione,
2829 852 2920 907 sed
2944 854 3240 910 adulatione
3259 850 3586 913 instituerint.

2364 956 2494 1024 Quae
2517 968 2694 1015 autem
2726 961 2834 1017 illic
2852 964 2868 995 ⁸
2902 963 3273 1034 eligendorum
3300 966 3523 1023 deorum
3551 969 3709 1026 etiam
3738 973 3882 1043 ipso-

2293 1062 2411 1101 rum
2465 1046 2716 1104 falsorum
2771 1053 2929 1120 ratio,
2982 1068 3046 1109 ac
3092 1069 3201 1117 non
3252 1057 3431 1126 potius
3475 1058 3708 1117 adulatio
3756 1066 3883 1119 est?

2295 1141 2511 1212 quando
2558 1145 2716 1200 istum
2766 1147 3077 1218 Platonem,
3126 1166 3286 1222 quem
3330 1154 3624 1212 semideum
3673 1160 3874 1229 volunt,

2297 1234 2456 1289 tantis
2487 1234 2939 1306 disputationibus
2985 1239 3317 1300 laborantem
3363 1261 3434 1301 ne
3479 1249 3641 1303 animi
3691 1253 3875 1320 malis,

2294 1340 2412 1395 qua:
2439 1329 2707 1399 praecipue
2736 1332 2976 1389 cavenda
3010 1345 3171 1403 sunt,
3200 1352 3378 1393 mores
3419 1353 3889 1412 corrumperentur

2298 1417 2536 1486 humani,
2587 1423 2735 1479 nulla
2777 1439 2931 1480 sacra
2976 1427 3200 1484 aedicula
3248 1430 3467 1502 dignum
3505 1444 3786 1504 putarunt;
3827 1448 3878 1495 et

2295 1506 2577 1566 Romulum
2652 1529 2805 1568 suum
2856 1516 2960 1572 diis
3025 1519 3205 1575 multis
3249 1523 3615 1592 praetulerunt,
3699 1544 3876 1597 quam-

2295 1599 2376 1653 vis
2415 1609 2468 1656 et
2493 1601 2666 1672 ipsum
2708 1605 3004 1662 semideum
3044 1610 3220 1679 potius
3242 1627 3400 1683 quam
3427 1614 3586 1671 deum
3617 1617 3760 1674 velut
3798 1633 3879 1676 se-

2295 1695 2494 1749 cretior
2535 1711 2721 1753 eorum
2747 1698 2991 1756 doctrina
3027 1705 3368 1762 commendet
3401 1707 3499 1780 (ὁ).
3545 1709 3679 1766 Nam
3725 1714 3876 1768 etiam

2296 1783 2564 1842 ﬂaminem
2595 1787 2671 1844 illi
2696 1789 3059 1860 instituerunt,
3085 1796 3228 1865 quod
3255 1799 3537 1856 sacerdotii
3566 1817 3735 1872 genus
3751 1804 3879 1861 adeo

2297 1874 2350 1929 in
2379 1874 2633 1935 Romanis
2657 1879 2825 1936 sacris
2853 1890 3084 1941 testante
3108 1887 3259 1956 apice
3288 1887 3361 1962 (c)
3391 1891 3662 1959 excelluit,
3692 1905 3750 1949 ut
3777 1904 3881 1952 tres

2296 1966 2441 2021 solos
2466 1965 2709 2026 ﬂamines
2738 1970 2999 2029 haberent
3028 1976 3198 2032 tribus
3236 1980 3542 2038 numinibus
3587 1985 3876 2049 institutos,

2300 2055 2500 2113 Dialem
2534 2058 2675 2129 Jovi,
2721 2062 3012 2122 Martialem
3042 2067 3217 2136 Marti,
3260 2070 3588 2138 Quirinalem
3626 2075 3875 2132 Romulo.

2296 2147 2427 2203 Nam
2444 2148 2811 2210 benevolentia
2823 2156 3017 2214 civium
3037 2159 3180 2215 velut
3204 2172 3448 2234 receptus
3460 2164 3511 2219 in
3527 2167 3746 2232 omium,
3768 2169 3879 2238 Qui-

2296 2240 2449 2297 rinus
2471 2242 2551 2314 (d)
2581 2252 2664 2300 est
2691 2245 2872 2315 postea
2895 2248 3217 2307 nominatus.
3246 2252 3325 2308 Ac
3354 2268 3450 2322 per
3474 2253 3578 2311 hoc
3610 2267 3665 2313 et
3691 2258 3879 2330 Neptn-

2297 2347 2370 2387 no
2397 2342 2450 2388 et
2474 2334 2708 2402 Plutoni,
2738 2336 2992 2394 fratribus
3017 2339 3183 2409 lovis,
3234 2351 3290 2398 et
3333 2343 3430 2415 ipsi
3456 2344 3707 2415 Saturno,
3739 2351 3867 2418 patri

2297 2437 2507 2494 eorum,
2525 2424 2627 2480 isto
2651 2426 2907 2484 Romulus
2936 2431 3140 2487 honore
3166 2432 3416 2503 praelatus
3445 2444 3549 2502 est,
3579 2447 3637 2492 ut
3656 2454 3754 2507 pro
3774 2454 3881 2493 ma-

2296 2528 2403 2584 gno
2429 2516 2811 2587 sacerdotium,
2830 2521 2970 2591 quod
2986 2521 3103 2578 νιονί
3122 2523 3441 2591 tribuerunt,
3459 2526 3560 2583 hoc
3579 2530 3739 2585 etiam
3766 2532 3882 2587 huic

2299 2606 2615 2677 tribuerent,
2642 2616 2698 2665 et
2720 2609 2872 2667 Marti
2897 2621 3145 2686 tanquam
3175 2616 3308 2685 patri
3337 2616 3475 2686 ejus,
3508 2618 3731 2676 fortisan
3767 2636 3882 2693 pro-

2299 2706 2419 2768 pter
2445 2699 2642 2770 ipsum.

2298 2855 2525 2914 CAPUT
2538 2848 2763 2914 XVI.—
2784 2859 2937 2927 Quod
2951 2861 2996 2915 si
3019 2861 3117 2917 diis
3145 2863 3255 2918 ulla
3279 2874 3407 2920 esset
3430 2882 3554 2921 cura
3569 2868 3804 2939 justitite,
3825 2871 3885 2925 ab

2370 2949 2441 3003 eis
2458 2948 2678 3003 Romani
2692 2952 2920 3021 accipere
2939 2952 3199 3007 debuerint
3216 2965 3469 3027 prtecepta
3483 2957 3682 3014 vivendi
3700 2959 3881 3031 potius,

2369 3055 2524 3111 quam
2553 3040 2684 3112 leges
2709 3042 2772 3095 ab
2800 3043 2916 3097 aliis
2944 3043 3232 3100 hominibus
3259 3048 3508 3103 mutuari.

2372 3172 2428 3229 Si
2453 3182 2630 3230 autem
2656 3189 2688 3229 a
2712 3174 2817 3231 diis
2842 3176 2956 3232 suis
2977 3175 3205 3233 Romani
3232 3178 3446 3235 vivendi
3477 3178 3624 3253 leges
3650 3181 3886 3253 accipere

2301 3264 2619 3333 potuissent,
2638 3280 2743 3320 non
2757 3265 2959 3337 aliquot
2971 3280 3140 3323 annos
3152 3276 3272 3338 post
3283 3269 3508 3325 Romam
3519 3271 3789 3327 conditam
3816 3273 3886 3343 (ε)

2299 3354 2370 3411 ab
2402 3354 2820 3412 Atheniensibus
2859 3367 3234 3415 mutuarentur
3272 3359 3421 3431 leges
3458 3360 3675 3418 Solonis
3704 3377 3719 3416 :
3759 3376 3889 3433 quas

2303 3453 2479 3502 tamen
2507 3440 2616 3502 non
2640 3456 2697 3502 ut
2720 3457 3041 3519 acceperunt
3067 3458 3354 3506 tenuerunt
3368 3453 3411 3519 ³,
3443 3452 3537 3508 sed
3564 3454 3816 3510 meliores
3835 3461 3888 3509 et

2301 3537 2696 3595 emendatiores
2723 3538 2902 3596 facere
2936 3542 3115 3597 conati
3152 3550 3297 3599 sunt.
3328 3542 3584 3610 Quamvis
3611 3545 3892 3618 Lycurgus

2302 3628 2722 3687 Lacedaemoniis
2748 3630 2892 3702 leges
2920 3646 2988 3688 ex
3010 3632 3277 3703 Apollinis
3296 3635 3620 3692 auctoritate
3643 3650 3706 3693 se
3734 3635 3886 3691 insti-

2303 3723 2471 3776 tuisse
2517 3722 2837 3778 conlluxerit
2882 3737 2897 3775 :
2943 3722 3085 3793 quod
3128 3723 3418 3793 prudenter
3466 3725 3695 3781 Romani
3765 3740 3891 3782 cre-

2302 3810 2433 3867 dere
2457 3811 2773 3879 noluerunt,
2806 3822 3084 3883 propterea
3113 3829 3219 3870 non
3246 3814 3376 3871 inde
3400 3825 3745 3888 acceperunt.
3773 3816 3883 3872 Nu-

2303 3917 2388 3957 ma
2427 3902 2756 3972 Pompilius,
2801 3902 2889 3973 qui
2941 3903 3174 3960 Romqu
3217 3906 3480 3962 successit
3530 3906 3585 3962 in
3643 3922 3884 3979 regnum,

2302 3996 2559 4067 quasdam
2589 3997 2756 4066 leges,
2809 4011 2927 4067 qua:
2955 3997 3170 4066 quidem
3194 3998 3439 4069 regendae
3464 3999 3666 4055 civitati
3690 4015 3890 4070 nequa-

2302 4104 2462 4160 quam
2500 4087 2830 4155 sufllcerent,
2881 4088 3183 4145 condidisse
3227 4090 3422 4155 fertur;
3471 4092 3563 4161 qui
3599 4092 3682 4148 eis
3729 4090 3907 4149 multa-

2304 4184 2465 4237 etiam
2491 4195 2645 4238 sacra
2671 4183 2980 4238 constituit:
3005 4199 3109 4238 non
3137 4193 3313 4239 tamen
3345 4183 3658 4253 perhibetur
3681 4183 3893 4241 easdem

2306 4274 2453 4344 leges
2475 4288 2505 4328 a
2535 4273 2842 4329 numinibus
2870 4275 3160 4344 accepisse.
3193 4274 3329 4328 Mala
3360 4274 3518 4344 igitur
3540 4275 3730 4340 animi,
3761 4274 3894 4329 mala

2304 4369 2451 4433 vitm,
2478 4368 2617 4421 mala
2642 4381 2871 4431 morum,
2894 4382 3013 4436 qua:
3034 4367 3103 4421 ita
3127 4382 3316 4438 magna
3337 4376 3479 4431 sunt,
3509 4377 3565 4422 ut
3592 4366 3678 4422 his
3701 4366 3897 4422 doctis-

2307 4460 2428 4515 simi
2455 4473 2642 4516 eorum
2686 4459 2785 4514 viri
2816 4459 2977 4515 etiam
3020 4460 3283 4515 stantibus
3322 4458 3543 4516 urbibus
3569 4459 3896 4531 respublicas

2317 4635 2391 4708 mf
2427 4634 2562 4684 Vind.
2588 4639 2662 4683 Er.
2685 4640 2738 4684 et
2753 4640 2884 4695 hom,
2900 4630 3017 4686 illis.
3042 4639 3098 4683 At
3117 4639 3215 4682 Am.
3242 4637 3296 4683 et
3315 4629 3542 4696 plerique
3562 4633 3893 4696 manuscripti,

2308 4696 2654 4828 tutfcverburn,
2680 4761 2950 4828 tenuerunt,
2984 4756 3127 4806 abest
3143 4769 3175 4828 ξι
3196 4762 3304 4828 nisa:
3331 4782 3394 4828 -ς-
3409 4756 3554 4828 Abest
3577 4757 3727 4828 etiam
3749 4767 3779 4804 a
3814 4768 3898 4828 uo-

2307 4823 2453 4872 stris:
2478 4821 2527 4868 iu
2552 4817 2767 4868 codicem
2792 4827 2821 4866 A
2845 4832 2991 4867 manu
3012 4818 3175 4881 saeculi
3195 4818 3370 4881 decimi
3393 4818 3547 4881 quinti
3585 4817 3776 4868 illatum
3795 4824 3877 4868 est

2394 4884 2447 4952 ρ)
2469 4880 2643 4952 Similia
2666 4880 2896 4952 leguntur
2920 4882 2968 4928 in
2990 4879 3245 4952 'l‘usculan.
3269 4879 3317 4928 5.
3506 4941 3534 4952 η
3577 4947 3586 4952 _
3632 4946 3642 4952 Δ
3685 4939 3700 4952 ε
3761 4941 3774 4952 _

2394 4897 2427 4931 a
2469 4884 2643 4930 Similia
2666 4884 2896 4943 leguntur
2920 4884 2968 4928 in
2990 4884 3245 4929 'l‘usculan.
3269 4884 3317 4928 5.
3761 4941 3774 4952 _

2375 4884 2451 5017 ξὺζ
2477 4942 2658 5017 Deliae
2699 4943 2968 4991 secretiore
3006 4939 3899 5017 doctrinapquaAceniidtutelartsﬂct

2312 5001 2463 5067 ipsius
2485 5003 2622 5052 Urbis
2643 5016 2819 5052 nomen
2840 5015 3029 5051 sar-rum
3050 5001 3315 5059 celabatur,
3341 5001 3508 5051 confer
3531 5002 3754 5062 Plinium,
3778 5004 3894 5051 Hist.

2312 5074 2411 5116 Nat.
2437 5065 2521 5114 lib.
2540 5064 2619 5122 28,
2644 5077 2749 5126 cap.
2771 5065 2827 5124 4;
2868 5063 3187 5126 tilutarchnm,
3227 5072 3404 5122 quast.
3446 5071 3575 5113 Rom.
3598 5074 3777 5126 quaest.
3804 5064 3893 5126 62;

2310 5064 2411 5116 Sat.
2437 5065 2521 5114 lib.
2540 5064 2619 5122 28,
2644 5077 2749 5127 cap.
2771 5065 2827 5124 4;
2868 5064 3187 5123 Mutat-chum,
3227 5072 3404 5122 quast.
3446 5071 3575 5113 Rom.
3598 5074 3777 5126 quaest.
3804 5064 3893 5136 ϐῆς

2311 5129 2513 5177 Macrob.
2538 5126 2847 5200 Saturnalib:
2872 5126 2920 5183 5,
2944 5138 3048 5200 cap.
3175 5126 3462 5200 przcsertitln‘
3477 5127 3752 5200 Dionysium
3775 5125 3899 5200 ttah—

2312 5202 2524 5250 carnass.
2551 5188 2923 5250 Antiquitatibus
2945 5185 3074 5234 non).
3092 5185 3244 5249 libii,
3268 5198 3376 5250 cap.
3399 5186 3488 5248 62;
3514 5185 3759 5237 Valerium
3776 5196 3896 5237 max.

2312 5249 3088 5323 ιίι›,ι.ειτιρ-ιν5.,¹ῖξσοοῼιιειξβ;
3174 5317 3185 5323 ,
3286 5249 3341 5323 .’
3427 5310 3440 5323 .

2376 5313 2446 5384 (ο)
2473 5309 2825 5384 Recessim?
2843 5310 2998 5384 spicis
3020 5309 3090 5384 (id
3107 5317 3211 5382 ,θεις
3253 5311 3405 5384 vita“:
3427 5310 3672 5384 leuauit"
3710 5322 3899 5384 δεεεηηξο

2312 5370 2694 5444 pileoﬂamjnis)
2713 5370 2920 5444 testatur
2952 5370 3148 5444 historia
3171 5371 3298 5444 apud
3324 5370 3563 5444 Valerium
3584 5376 3708 5420 Max.
3735 5370 3899 5444 libat,

2312 5432 2420 5498 cap.
2448 5436 2492 5505 l_,
2518 5436 2541 5496 §
2563 5433 2594 5480 4
2619 5447 2632 5481 :
2664 5432 2923 5505 έβιιιρὶοἰο
2953 5433 3084 5505 inter
3127 5432 3487 5505 sacrificandum
3528 5444 3657 5494 apex
3684 5445 3716 5482 e
3738 5432 3899 5494 αιιοὶιο

2322 5516 2346 5544 ιι
2368 5493 2617 5559 prolapsus
2640 5493 2811 5543 eidem‘
2824 5493 3145 5543 sacerdotium
3166 5493 3378 5543 abstulit.
3403 5510 3427 5538 ι
3568 5493 3573 5494 “
3800 5493 3810 5494 ’

2377 5557 2457 5620 (ά)
2482 5555 2704 5616 (mirimts
2739 5568 2803 5620 ex
2827 5557 3105 5620 Sabinorum
3143 5556 3368 5620 idiomate
3405 5552 3698 5620 appellatus
3713 5560 3810 5609 est,
3836 5564 3901 5601 ex

2314 5615 2417 5691 quo
2435 5615 2607 5691 etiam“
2620 5619 2810 5668 Romani
2831 5617 2947 5669 dicti
2983 5616 3339 5679 sunt
3369 5615 3481 5664 \‘id.’
3509 5615 3644 5665 Ovid.
3671 5615 3720 5675 Ξ,
3747 5622 3902 5674 FasL;

2317 5679 2636 5821 1λῖἠέ
2649 5742 3066 5821 Erinomam
3098 5742 3161 5792 ab
3192 5741 3316 5792 Urbe
3349 5739 3560 5801 condita,
3598 5746 3731 5790 ιοδιο
3754 5738 3911 5798 “Non

2320 5806 2404 5857 lib.
2422 5806 2472 5871 ὅ,
2488 5820 2625 5872 capp.
2649 5807 2731 5869 55,
2746 5806 2828 5856 54.
