4038 6484
189 351 246 407 σι
1523 353 1726 410 LIBER
1763 351 2138 412 SECUNDUS.
3411 319 3478 399 is

189 463 360 534 perire
387 461 704 518 conﬁrment
735 459 842 536 (α),
871 463 948 520 d’ii
975 478 1193 532 eorum,
1242 479 1310 520 no
1335 463 1445 521 suis
1483 467 1776 522 cultoribus

189 553 508 618 acciderent,
539 555 760 610 minime
787 565 1084 623 curarunt;
1125 557 1230 610 imo
1259 571 1388 610 vero
1421 565 1474 610 ut
1511 571 1774 626 augeren-

189 656 289 708 tur,
335 645 474 700 sicut
505 659 662 715 supra
705 645 1037 717 disputatum
1068 657 1166 714 cst,
1223 647 1368 703 omni
1416 647 1574 702 modo
1621 661 1778 702 cura-

189 744 394 790 verunt.

187 825 410 881 CAPUT
441 825 606 882 XVII.
649 859 722 870 -——
775 827 853 883 De
881 839 1032 898 raptu
1061 827 1384 896 Sabinarum,
1441 829 1652 899 aliisque
1679 829 1778 882 ini—

252 919 548 987 quitatibus,
598 935 712 988 quae
767 921 822 974 in
865 921 1060 974 civitate
1094 919 1326 974 Romana
1358 921 1506 975 etiam
1557 921 1778 974 laudatis

253 1011 462 1082 riguere
486 1013 816 1083 temporibus.

255 1105 336 1157 An
367 1103 512 1158 forte
539 1104 736 1172 populo
765 1103 1008 1159 Romano
1039 1112 1320 1175 propterea
1346 1104 1491 1174 h‘gcs
1520 1119 1624 1160 non
1652 1113 1780 1159 sunt

189 1209 220 1248 a
261 1195 576 1248 numinibus
614 1195 940 1262 constituta),
986 1196 1130 1265 quia,
1173 1197 1312 1250 sicut
1351 1195 1635 1250 Sallustius
1679 1195 1775 1264 ait,

198 1287 320 1355 cjus
367 1287 681 1355 bonumque
727 1288 869 1357 apud
897 1303 990 1342 eos
1033 1303 1136 1342 non
1163 1288 1368 1358 legibus
1405 1289 1574 1360 magis
1619 1304 1777 1360 quam

193 1387 374 1430 natura
399 1377 642 1430 valebat)
663 1378 908 1448 (Sallust.
937 1378 998 1432 de
1021 1381 1253 1450 conjurat
1278 1378 1526 1444 Catilina},
1556 1397 1670 1450 cap.
1697 1377 1780 1452 9)?

191 1469 264 1522 Ex
319 1467 428 1522 hoc
473 1468 597 1537 jure
635 1483 698 1522 ac
747 1469 889 1522 bono
941 1469 1110 1524 credo
1149 1479 1328 1538 raptas
1369 1484 1492 1524 esse
1529 1469 1776 1523 Sabinas.

187 1559 318 1627 Quid
361 1561 518 1613 enim
565 1559 762 1629 justius
813 1570 869 1614 et
917 1562 1131 1628 melius,
1187 1576 1345 1632 quam
1402 1561 1538 1614 lilias
1578 1561 1782 1615 alienus

193 1651 368 1707 fraude
397 1653 698 1722 Spectaculi
729 1653 996 1718 inductas,
1045 1669 1149 1708 non
1181 1668 1208 1708 a
1241 1653 1546 1722 parentibus
1590 1651 1780 1722 accipi,

193 1741 278 1796 sed
303 1743 380 1808 vi,
430 1753 490 1796 ut
525 1744 754 1812 quisque
795 1751 1038 1814 poterat,
1086 1743 1320 1798 auferri?
1365 1743 1499 1798 Nam
1530 1743 1574 1798 si
1605 1743 1782 1811 inique

195 1833 424 1889 Iacerent
451 1833 640 1888 Sabini
669 1849 868 1905 negare
885 1835 1196 1905 postulatus,
1219 1843 1417 1906 quanto
1433 1831 1532 1889 finit
1552 1835 1784 1904 iniquius

195 1939 382 1994 rapere
425 1941 536 1980 non
587 1925 782 1980 datas?
825 1925 1028 1981 Justius
1071 1935 1248 1981 autem
1295 1926 1492 1980 bellum
1554 1941 1675 1980 cum
1719 1941 1782 1980 ea

193 2025 342 2086 gente
359 2017 476 2086 geri
501 2017 696 2086 potuit,
724 2031 844 2086 qua:
865 2015 1002 2070 tilias
1017 2031 1138 2071 suas
1155 2015 1220 2070 ad
1236 2017 1632 2071 matrimonium
1647 2031 1782 2070 con-

195 2109 554 2178 regionalibus
601 2117 658 2163 et
708 2107 1064 2163 conlinalibus
1116 2109 1226 2162 suis
1275 2115 1522 2178 negasset
1566 2109 1783 2178 petitas,

195 2214 340 2266 quam
363 2215 494 2254 cum
525 2214 588 2254 ea
629 2215 750 2269 quae
789 2201 1067 2269 repetebat
1091 2199 1313 2254 ablatas.
1364 2200 1498 2254 Illud
1527 2214 1655 2270 ergo
1685 2214 1784 2270 po—

199 2291 290 2345 tius
311 2291 470 2346 fieret
501 2309 516 2344 :
549 2291 618 2347 ibi
643 2291 820 2346 Hars‘
845 2291 1010 2346 tilium
1037 2307 1192 2346 suum
1215 2299 1534 2362 pugnantem
1557 2291 1782 2362 iuvaret,

197 2383 660 2453 Iteonjugioruur
695 2392 1008 2452 negaturum
1051 2385 1220 2440 armis
1259 2385 1786 2453 ulcisceretur-inju-

195 2473 320 2528 riam
342 2516 360 2542 ,
393 2483 452 2529 et
477 2489 550 2530 eo
577 2475 740 2528 modo
767 2474 834 2530 ad
863 2473 1100 2542 feminas
1116 2489 1250 2544 quas
1273 2475 1546 2540 voluerat,
1591 2489 1784 2545 perve-

197 2564 342 2619 niret.
369 2566 572 2635 Aliquo
595 2565 742 2620 enim
763 2564 992 2620 fortasse
1011 2565 1132 2635 jure
1157 2565 1304 2634 belli,
1331 2566 1522 2635 injuste
1543 2575 1784 2636 negatas,

195 2651 326 2722 iuste
351 2655 532 2708 victor
557 2655 826 2720 auferret;
859 2655 1006 2710 nullo
1027 2665 1204 2710 autem
1235 2656 1356 2726 jure
1385 2657 1534 2726 pacis
1555 2669 1662 2710 non
1687 2655 1788 2710 da-

199 2752 274 2798 tas
297 2745 496 2814 rapuit,
523 2755 582 2800 et
609 2745 868 2816 injustam
893 2747 1092 2801 bellum
1117 2762 1238 2802 cum
1259 2763 1444 2803 earmn
1475 2747 1787 2818 parentibus

193 2835 328 2904 iuste
351 2837 800 2894 succensentibus
825 2838 1016 2908 gessit.
1045 2838 1158 2894 Hoc
1186 2839 1266 2910 (ὑ)
1295 2853 1432 2894 sane
1459 2839 1640 2894 utilius
1665 2837 1786 2894 feli-

197 2927 412 2998 eiusque
441 2929 728 2992 successit,
761 2929 906 2998 quod
935 2930 1036 2984 etsi
1061 2929 1128 2985 ad
1153 2931 1470 2986 memoriam
1499 2930 1702 2986 fraudis
1725 2931 1796 2985 il-

197 3012 296 3068 lius
318 3013 648 3068 circensium
675 3014 1038 3083 spectaculum
1065 3015 1260 3070 mansit
1289 3014 1384 3086 (c),
1431 3014 1682 3070 facinoris
1707 3021 1789 3068 ta-

197 3121 312 3160 men
333 3107 390 3160 in
417 3107 508 3160 illa
531 3106 750 3162 civitate
769 3115 824 3162 et
851 3107 1074 3177 imperio
1097 3122 1206 3162 non
1231 3106 1428 3177 placuit
1442 3106 1746 3177 exemplum
1771 3123 1786 3160 :

197 3195 506 3268 faciliusque
531 3197 762 3252 Romani
787 3198 844 3252 in
873 3199 976 3254 hoc
999 3205 1334 3264 erraverunt,
1381 3205 1440 3252 ut
1482 3207 1606 3268 post
1641 3197 1786 3254 illam

199 3289 528 3359 quitatem
555 3289 718 3344 deum
743 3289 846 3344 sibi
887 3290 1174 3346 Romulum
1199 3301 1598 3359 consecrarent,
1627 3305 1788 3361 quam

197 3389 252 3434 ut
279 3379 330 3432 in
361 3378 582 3434 feminis
627 3379 902 3450 rapiendis
927 3380 1125 3438 factum
1167 3382 1286 3452 ejus
1321 3381 1634 3438 imitandum
1673 3383 1790 3453 lege

195 3470 300 3523 ulla
329 3471 424 3526 vel
445 3485 598 3526 more
623 3472 1012 3541 permitterent.
1045 3473 1122 3528 Ex
1153 3472 1254 3530 hoc
1271 3472 1396 3544 jure
1417 3487 1482 3530 ac
1507 3473 1650 3528 bono
1669 3481 1792 3542 post

195 3563 484 3632 expulsum
507 3577 634 3618 cum
663 3563 848 3619 liberis
873 3565 985 3620 suis
1023 3579 1204 3635 regem
1231 3563 1604 3636 Tarquinium,
1635 3563 1791 3633 cujus

195 3651 338 3708 ﬁlius
363 3651 670 3710 Lucretiam
709 3664 896 3726 stupro
923 3654 1185 3712 violenter
1207 3663 1570 3726 oppresserat,
1599 3653 1792 3710 Junius

197 3745 390 3802 Brutus
440 3747 632 3802 consul
681 3747 902 3802 Lucium
947 3746 1292 3818 Tarquinium
1329 3745 1651 3802 Collatinum
1681 3743 1788 3818 (ἀ),

199 3837 450 3892 maritum
475 3835 722 3908 ejusdem
750 3835 1036 3902 Lucretiae,
1083 3837 1341 3908 collegam
1382 3851 1562 3906 suum,
1592 3837 1792 3894 bonum

197 3937 356 3997 septe
379 3928 726 3983 innocentem
757 3928 956 3994 virum,
997 3937 1216 4000 propter
1239 3943 1434 3986 nomen
1475 3937 1532 3984 et
1569 3929 1790 4000 propin-

197 4019 458 4086 quitatem
479 4017 890 4090 Tarquiniorum
911 4020 1086 4088 coegit
1103 4019 1412 4090 magistratu
1435 4034 1496 4076 se
1519 4019 1789 4088 abdicare,

197 4123 296 4162 nec
337 4109 528 4164 vivere
558 4109 612 4164 in
653 4109 868 4165 civitate
894 4111 1154 4181 permisit.
1181 4111 1332 4178 Quod
1359 4111 1537 4168 scelus
1583 4113 1794 4170 favente

197 4198 278 4252 rel
309 4199 556 4268 patiente
595 4199 790 4270 populo
831 4199 975 4264 fecit,
1023 4216 1052 4254 a
1091 4217 1198 4272 quo
1233 4202 1430 4272 populo
1458 4203 1792 4258 consulatum

195 4287 336 4344 idem
369 4289 694 4353 Collatinus,
730 4290 868 4344 sicut
907 4291 1066 4344 etiam
1103 4293 1214 4362 ipse
1235 4293 1446 4360 Brutus,
1489 4303 1790 4363 acceperat.

195 4380 274 4435 Ex
300 4383 404 4437 huc
423 4381 552 4450 jure
590 4397 652 4438 ac
690 4383 831 4440 bono
861 4384 1071 4438 Marcus
1111 4384 1383 4452 Camillus,
1413 4387 1553 4442 illius
1586 4397 1792 4458 tempo-

255 4519 273 4550 ι
295 4518 444 4586 fiditi,
473 4517 600 4568 Illud
623 4531 740 4580 ergo
761 4517 914 4586 potius
933 4517 998 4568 ibi
1019 4517 1171 4584 fieret,
1191 4517 1272 4569 ubi
1291 4527 1438 4580 Mars,
1464 4527 1558 4570 etc.
1583 4523 1794 4586 castiga-

191 4587 276 4644 tur
295 4579 445 4644 locus
463 4593 539 4644 ex_
555 4579 906 4644 manuscriptis.

255 4641 330 4702 (α)
359 4641 466 4691 vid.
491 4641 642 4690 Plaut.
671 4643 722 4690 in
745 4641 908 4692 vorsa.

253 4704 328 4764 (ι)
353 4709 666 4765 interpretes
683 4705 830 4766 hujus
865 4707 1034 4767 operis
1065 4715 1352 4767 pronomen,
1380 4713 1498 4762 Hoc,
1523 4705 1581 4753 ad
1605 4705 1793 4757 bellum

187 4774 308 4814 ante
347 4774 680 4840 memoratum
715 4767 1126 4840 {agminatim
1171 4768 1308 4840 initio
1321 4781 1442 4840 cum
1485 4768 1668 4840 Sabinis
1695 4769 1796 4840 jam

191 4839 346 4934 Erope
371 4827 692 4876 vincentibus
715 4826 902 4878 foedere
919 4826 1124 4878 feliciter
1147 4829 1419 4876 cont'ectum
1441 4829 1596 4890 prodit
1619 4826 1792 4889 Livius,

209 4889 278 4934 Ἰ).
309 4891 354 4934 Ι-
379 4901 492 4934 n.
519 4889 598 4934 13.
623 4897 716 4934 Nos
757 4897 920 4934 tamen
949 4889 1262 4934 referundum
1303 4891 1589 4934 arbitramur
1614 4891 1672 4934 ad
1707 4899 1792 4934 nn-

209 4889 278 4936 ib.
309 4891 354 4946 l,
379 4901 492 4949 cap.
519 4889 598 4936 I3.
623 4897 716 4938 Nos
757 4897 920 4938 tamen
949 4889 1262 4938 referendum
1303 4889 1589 4938 arbitramur
1614 4891 1672 4939 ad
1707 4899 1795 4940 lto-

189 4962 472 5008 tuaucrnm,
495 4963 621 5016 quos
641 4951 848 5016 subinde
872 4949 1360 5016 laudataugustinus,
1385 4965 1550 5016 mores
1573 4961 1624 5000 et
1644 4955 1797 5016 tequi-

191 4963 621 5060 Inanornmbﬂuos
641 4963 848 4998 suntnue
873 4963 1032 5000 laudat
1051 4963 1360 5013 augusttnus.
1385 4965 1550 5000 mores
1573 4963 1624 5000 et
1647 4963 1797 5016 tequi-

191 5017 366 5084 tatem,
395 5024 464 5084 qu
489 5075 517 5084 __
553 5011 834 5084 apud_i[.sos
871 5011 1052 5084 Romuli
1074 5013 1252 5084 (ἱρῇ-δαί
1277 5013 1457 5084 facinus
1479 5015 1529 5062 in
1553 5015 1797 5075 rapicndis

417 5071 596 5122 imitari
619 5071 750 5138 nulla
772 5085 984 5137 unquam
1007 5073 1121 5138 lege
1141 5075 1348 5124 licuerit.
1525 5087 1530 5092 ·

253 5137 330 5202 (c)
353 5137 617 5202 Greenses
637 5133 778 5202 ludos
799 5133 1018 5202 Neptuno
1035 5133 1254 5202 equestri
1274 5139 1639 5202 primusttomzc
1659 5135 1794 5186 cele-

187 5194 364 5263 bravit
379 5194 628 5263 Batonius,
649 5194 933 5263 attentions
951 5213 1070 5263 quas
1085 5194 1120 5248 'a
1145 5194 1312 5250 vicinis
1335 5199 1522 5263 populis
1541 5213 1638 5248 nm
1655 5205 1794 5263 pote-

185 5265 268 5307 rat
303 5259 366 5307 ad
391 5258 676 5324 coniugium
701 5258 983 5322 impetrare;
1015 5263 1313 5324 potissimum
1337 5258 1546 5310 ‘Sabiuas
1579 5258 1798 5323 virgines

185 5317 468 5386 spegawli
490 5317 636 5386 causa
661 5317 890 5386 evocatus
911 5317 1125 5384 raperet.
1167 5325 1282 5386 picti
1302 5331 1464 5386 suuta
1484 5317 1794 5386 priscis'Con-

187 5381 368 5442 antlia,
397 5394 466 5430 ex
493 5384 710 5443 nomine,
751 5389 808 5432 ut
839 5381 1018 5445 ferunt,
1055 5385 1190 5432 Consi
1231 5383 1330 5445 dei,
1367 5381 1568 5445 Neptuni
1607 5385 1796 5436 scilicet

185 5445 470 5508 equestris,
493 5455 524 5508 _a
545 5457 642 5507 quo
661 5457 812 5508 opem
845 5444 1068 5508 Romulus
1100 5444 1454 5508 consiliumque
1479 5445 1526 5493 in
1549 5446 1794 5508 cotijugio-

185 5505 609 5570 rup_ditiicul_tate
631 5505 917 5570 quaesierat.
945 5513 1012 5555 De
1033 5507 1110 5555 his
1129 5507 1300 5564 Livius,
1317 5505 1400 5570 liti.
1423 5508 1475 5570 t,
1491 5519 1596 5570 cap,
1619 5505 1668 5556 9.

255 5565 566 5632 (d)rtixpu1sa
589 5565 731 5632 regia
755 5575 1019 5630 potestate,
1045 5571 1184 5630 primi
1207 5567 1434 5632 consules
1456 5565 1662 5632 isti‘duo
1685 5577 1796 5620 sunt

185 5631 378 5693 creati,
401 5635 451 5676 ιι.
473 5633 638 5681 Junius
659 5631 844 5680 Brutus
867 5636 921 5678 et
941 5637 990 5693 L.
1013 5633 1298 5693 Tarquinius
1317 5631 1593 5680 (milatinus.
1614 5637 1746 5680 Hunc
1767 5643 1796 5678 a

187 5691 394 5757 αδηερε
415 5704 498 5743 suo
525 5702 750 5744 coactum
777 5703 898 5742 esse
937 5692 1001 5741 ob
1020 5691 1198 5742 nomen
1224 5699 1276 5757 et
1299 5705 1458 5757 genus
1479 5693 1671 5757 regium
1693 5705 1796 5757 ma-

187 5755 478 5820 gistratuse
498 5757 754 5814 abdime,
783 5760 858 5812 et,
878 5760 1081 5820 accepto,
1111 5755 1398 5820 patrimonio
1417 5767 1526 5820 suo,
1557 5755 1796 5807 Lavinium

193 5817 514 5874 Immrclicta
534 5821 760 5886 migrare
798 5815 972 5868 scribit
991 5815 1160 5888 Livius,
1179 5817 1262 5870 tib.
1293 5819 1334 5870 t.

1885 466 1959 522 ris
2006 466 2085 521 vir
2128 465 2394 538 egregius,
2451 467 2541 538 qui
2587 461 3250 542 Veientem-gravissimos
3287 457 3470 514 hostes

1885 557 2062 628 populi
2095 554 2320 624 romani,
2351 567 2471 628 post
2495 558 2784 614 decennale
2813 557 3030 624 bellum,
3064 570 3169 626 quo
3199 552 3474 607 Romanus

1884 649 2150 702 exercitus
2191 649 2348 702 toties
2373 649 2512 704 male
2539 649 2818 718 pugnando
2843 649 3080 720 graviter
3113 647 3339 702 afﬂictus
3362 659 3466 714 est,

1879 737 1990 806 jam
2021 738 2131 806 ipsa
2161 738 2325 792 Roma
2354 739 2420 794 de
2445 740 2614 794 salute
2639 739 2914 794 dubitante
2955 747 3118 810 atque
3143 738 3466 810 trepidante,

1886 827 2134 884 facillime
2161 831 2452 900 superavit,
2481 845 2772 900 eorumque
2797 832 2980 886 urbem
3009 831 3468 902 opulentissimam

1885 921 2046 989 cepit,
2096 921 2287 976 invidia
2331 921 2748 978 obtrectatorum
2779 922 2985 978 virtutis
3009 939 3121 978 sua:
3155 932 3210 980 et
3235 923 3470 980 insolen-

1887 1010 1958 1064 tia
1989 1011 2320 1066 tribunorum
2347 1011 2516 1082 plebis
2543 1027 2668 1068 reus
2711 1012 2880 1068 Iactus
2917 1021 3022 1076 est,
3051 1022 3266 1083 tamque
3295 1015 3471 1084 ingra—

1886 1107 1992 1153 tam
2023 1102 2191 1156 sensit
2219 1103 2258 1174 ι,
2284 1117 2440 1172 quam
2483 1103 2802 1156 liberaverat
2839 1102 3128 1166 civitatem,
3179 1111 3236 1156 ut
3265 1103 3332 1157 de
3371 1118 3472 1156 sua

1885 1189 2224 1246 damnatione
2249 1193 2576 1248 certissimus
2599 1193 2650 1248 in
2673 1195 2918 1248 exsilium
2944 1203 3130 1262 sponte
3147 1193 3474 1259 discederet,

1885 1293 1939 1338 et
1981 1285 2166 1340 decem
2213 1287 2446 1342 millibus
2479 1288 2599 1342 ueris
2645 1288 2839 1342 absens
2886 1288 3046 1342 etiam
3085 1288 3467 1354 damnaretur;

1885 1391 2008 1430 mox
2037 1377 2227 1430 iterum
2251 1393 2280 1432 a
2304 1377 2466 1432 Gallis
2483 1378 2676 1434 vindex
2694 1379 2874 1446 patrize
2901 1377 3108 1434 futurus
3130 1379 3347 1450 ingrata:
3367 1379 3468 1452 (α).

1886 1465 2045 1520 Multa
2082 1483 2503 1522 commemorare
2528 1469 2637 1540 jam
2674 1469 2814 1538 piget
2843 1469 2980 1524 findo
3009 1479 3062 1524 et
3089 1471 3306 1538 injusta,
3348 1475 3470 1541 qui-

1887 1555 1987 1612 bus
2016 1557 2311 1628 agitabatur
2337 1558 2421 1611 illa
2448 1559 2633 1614 civitas
2656 1600 2670 1624 ,
2701 1575 2824 1614 cum
2857 1569 3099 1628 potentes
3131 1559 3468 1630 plebemsibi

1887 1645 2118 1702 subdere
2160 1659 2500 1715 conarentur,
2549 1650 2803 1720 pictisque
2834 1651 2939 1705 illis
2983 1651 3136 1708 subdi
3169 1661 3472 1719 recusaret;

1888 1747 1942 1792 et
1971 1741 2248 1810 utriusque
2281 1741 2445 1809 partis
2493 1739 2805 1796 defensores
2850 1742 3018 1814 magis
3045 1743 3232 1798 studiis
3257 1754 3476 1813 agerent

1889 1845 2070 1884 amore
2097 1831 2363 1900 vincendi,
2409 1847 2566 1904 quam
2611 1848 2816 1904 aequam
2859 1843 2914 1888 et
2951 1831 3148 1888 bonum
3187 1834 3476 1906 quidquam

1888 1921 2202 1990 cogitarent.

1887 2053 2116 2110 CAPUT
2145 2055 2332 2110 XVIII.
2362 2085 2430 2096 -—
2461 2055 2592 2121 Qua:
2625 2057 2690 2110 de
2735 2058 2956 2112 moribus
2987 2057 3352 2124 Romanorum,
3387 2071 3477 2116 aut

1959 2155 2096 2198 metu
2123 2148 2444 2214 contprcssis,
2483 2157 2570 2200 aut
2595 2149 2894 2203 securitutc'
2939 2149 3195 2218 resolutis,
3241 2151 3480 2206 Sallustii

1961 2237 2144 2308 prodat
2173 2238 2400 2292 historia.

1963 2369 2015 2426 l.
2047 2369 2228 2442 Itaque
2261 2371 2466 2427 habebo
2494 2371 2730 2436 modum,
2772 2383 2824 2428 et
2855 2373 3028 2444 ipsum
3060 2372 3372 2430 Sallustium
3401 2383 3478 2430 te-

1891 2469 2026 2516 stem
2069 2463 2246 2532 potius
2287 2461 2578 2528 adhibebo,
2622 2465 2860 2532 quicum
2908 2465 2960 2518 in
3007 2465 3158 2520 laude
3213 2465 3480 2520 Romano-

1892 2567 2010 2606 rum
2037 2552 2277 2620 dixisset,
2325 2555 2462 2608 unde
2489 2555 2642 2608 nobis
2674 2556 2773 2609 istc
2811 2569 2990 2610 sermo
3017 2564 3169 2610 ortus
3198 2566 3302 2622 est,
3341 2557 3482 2614 dus

1891 2641 2194 2714 bonumque
2221 2644 2358 2714 apud
2399 2660 2494 2699 eos
2523 2661 2626 2698 non
2657 2645 2857 2714 legibus
2897 2646 3063 2714 magis
3105 2661 3262 2716 quam
3293 2659 3482 2702 natura

1892 2735 2164 2800 valebant
2198 2737 2492 2804 przudieans
2521 2737 2645 2791 illud
2679 2748 2908 2808 tempus,
2941 2753 3044 2808 quo
3071 2740 3307 2810 expulsis
3347 2741 3486 2812 regi-

1893 2827 1992 2882 bus
2019 2829 2401 2884 incredibiliter
2424 2829 2608 2884 civitas
2629 2831 2774 2886 brcvi
2802 2829 2973 2884 :rtatis
2997 2831 3170 2902 spatio
3195 2833 3481 2902 plurimum

1892 2919 2060 2976 crevit
2101 2937 2116 2974 :
2169 2919 2310 2974 idem
2364 2929 2538 2976 tamen
2592 2921 2642 2975 in
2695 2919 2866 2991 primo
2905 2921 3152 2977 Historiae
3197 2937 3310 2977 suae
3341 2923 3482 2980 libro'

1892 3021 2052 3084 atque
2083 3013 2198 3084 ipso
2237 3013 2352 3084 ejus
2378 3014 2599 3068 exordio
2630 3013 2844 3081 fatetur,
2887 3015 3048 3069 etiam
3077 3025 3228 3080 tunc,
3267 3030 3387 3072 cum
3415 3015 3486 3072 ad

1893 3105 2140 3160 consules
2184 3121 2213 3158 a
2245 3105 2457 3176 regibus
2499 3115 2643 3160 esset
2688 3105 2939 3160 translata
2989 3106 3314 3176 respublica,
3363 3114 3489 3182 post

1893 3211 2118 3266 parvum
2165 3197 2500 3251 intervallum
2529 3197 2628 3268 (b),
2682 3197 2902 3267 injurias
2931 3198 3268 3263 validiorum,
3319 3207 3376 3254 et
3415 3198 3488 3253 ob

1893 3304 1986 3344 eas
2011 3289 2392 3350 discessionem
2421 3287 2593 3358 plebis
2622 3304 2651 3344 a
2683 3287 2944 3358 patribus,
2987 3289 3228 3360 aliasque
3257 3287 3308 3342 in
3339 3287 3489 3346 Urbe

1895 3379 2258 3434 dissensiones
2307 3377 2493 3434 fuisse.
2551 3377 2684 3432 Nam
2726 3391 2846 3432 cum
2893 3377 3112 3448 optimis
3153 3377 3394 3432 moribus
3433 3385 3492 3432 et

1895 3471 2126 3526 maxima
2142 3469 2423 3526 concordia
2443 3469 2700 3542 populum
2717 3469 3014 3526 Romanum
3037 3470 3177 3526 inter
3193 3468 3490 3524 secundum

1895 3569 1951 3618 et
1991 3571 2320 3632 postremum
2359 3562 2555 3616 bellum
2591 3561 2660 3633 (ε)
2699 3561 3116 3634 Carthaginiense
3153 3569 3490 3616 commemo-

1894 3663 2067 3708 rasset
2114 3655 2308 3726 egisse,
2340 3667 2664 3724 causamque
2710 3651 2869 3723 hujus
2911 3653 3058 3718 boni,
3113 3668 3216 3708 non
3245 3667 3491 3708 amorem

1891 3745 2130 3815 justitizc,
2179 3746 2271 3800 sed
2309 3753 2484 3800 stante
2524 3743 2843 3814 Carthagine
2879 3752 3080 3800 metum
3124 3742 3272 3814 pacis
3307 3741 3492 3798 inlidit}

1897 3837 2058 3892 fuisse
2081 3835 2332 3904 dixisset;
2379 3835 2522 3892 unde
2561 3842 2616 3892 et
2643 3833 2829 3890 Nasica
2856 3834 2947 3890 ille
2985 3833 3053 3888 ad
3093 3831 3494 3904 reprimendum

1896 3925 2210 3998 nequitiam,
2280 3925 2676 3996 servandosque
2723 3925 2855 3980 istos
2913 3939 3091 3978 mores
3131 3923 3383 3994 optimos,
3427 3932 3490 3980 ut

1897 4027 2044 4074 metu
2065 4019 2190 4073 vitia
2212 4017 2610 4082 cohiberentnr,
2633 4015 3008 4088 Carthaginem
3041 4015 3260 4072 nolebat
3287 4015 3488 4072 everti:

1897 4109 2150 4165 continuo
2177 4108 2401 4178 subjecit
2431 4107 2570 4162 idem
2603 4107 2905 4168 Sallustius,
2936 4116 2988 4162 et
3014 4108 3088 4161 ait
3120 4125 3134 4160 :
3169 4107 3268 4162 «At
3288 4106 3496 4180 discor-

1897 4203 2004 4268 dia,
2051 4209 2107 4258 et
2135 4201 2378 4266 avaritia,
2428 4210 2588 4270 atque
2617 4199 2858 4265 ambitio,
2906 4209 2960 4256 et
3001 4209 3194 4254 caetera
3239 4199 3494 4256 secundis

1899 4295 2059 4351 rebus
2089 4293 2216 4350 oriri
2266 4303 2414 4348 sueta
2459 4293 2617 4358 mala,
2675 4301 2794 4362 post
2841 4291 3180 4363 Carthaginis
3223 4295 3492 4350 excidium

1899 4387 2129 4442 niaxime
2158 4393 2314 4442 aucta
2353 4395 2496 4440 sunt.
2519 4403 2540 4436 ι
2591 4383 2658 4438 Ut
2685 4383 3102 4454 intelligeremus
3144 4385 3304 4438 etiam
3330 4393 3492 4438 antea

1899 4489 1952 4536 ct
1978 4479 2107 4534 oriri
2153 4477 2348 4544 solere,
2380 4485 2437 4532 et
2478 4475 2681 4546 augeri.
2731 4473 2882 4530 Unde
2909 4473 3230 4530 subnectens
3259 4489 3354 4529 cur
3384 4473 3490 4529 hoc

1964 4634 1980 4666 ³
2002 4637 2074 4684 Sic
2083 4645 2253 4682 omnes
2261 4637 2495 4682 Mss—tn
2511 4635 2578 4692 B_.,
2598 4626 3237 4692 reusfactustamingratam
3251 4626 3412 4692 sensit,
3427 4633 3486 4678 tt.

1962 4697 1983 4726 ³
2015 4697 2152 4754 Editi,
2175 4695 2440 4752 severitate,
2458 4689 2595 4754 male
2612 4699 2664 4740 et
2679 4689 3090 4754 dissentientibus
3105 4689 3456 4754 ti‘iantiscriptis.

1963 4759 2038 4820 (α)
2065 4749 2149 4806 Hic
2169 4767 2345 4817 parens
2368 4749 2536 4820 patria:
2553 4749 2778 4820 alterque
2791 4751 2936 4820 prbis
2957 4751 3172 4820 conditor
3194 4763 3250 4798 ac
3263 4749 3494 4820 ttomulus

1898 4809 2290 4884 appe'llatus'est.
2313 4809 2920 4884 veios,__litruria_:'urbem,
2941 4815 3088 4884 cepit:
3115 4809 3392 4884 rost,"a_lsol
3408 4823 3489 4859 ac-

1899 4871 2110 4940 cusatus,
2132 4880 2338 4929 vitandae
2359 4879 2550 4928 invidiae
2565 4877 2738 4944 gratia,
2757 4874 2958 4923 Ardeam
2977 4871 3223 4944 eiulatum
3241 4871 3488 4944 irin-fluo-

1899 4931 1990 4994 bns
2013 4931 2151 4992 antiis
2173 4949 2287 4992 ante
2311 4950 2496 4990 Romam
2521 4952 2548 4988 ξι
2567 4931 2954 4994 ὃαῑιίςοθυῐιὶιη.
2977 4936 3253 4994 Quindecim
3275 4931 3492 4994 millibus

1900 4993 2010 5054 teris
2029 5007 2190 5065 gravis
2213 5004 2492 5053 mulctatum
2509 4998 2754 5065 minutum
2777 4993 3033 5065 absentem
3055 4997 3168 5044 dicit
3195 4996 3378 5065 livius,
3401 4993 3485 5065 lib.

1898 5068 1958 5127 5,
1982 5057 2088 5128 ei}.
2113 5065 2202 5128 '52;
2239 5065 2544 5128 Plutarchus,
2571 5060 2860 5128 quindecim
2881 5057 3106 5128 millibus
3127 5058 3490 5128 assium.”_.A_tta-

1899 5101 2252 5180 ni’eii‘hicvloci'
2271 5101 2582 5186 EiiiiiéEi-illu
2601 5101 2795 5170 lextimas
2817 5122 2998 5186 habent
3015 5118 3218 5186 ,‘flegrm
3257 5117 3486 5186 millibus.

1991 5191 2038 5252 ὁ)
2065 5196 2170 5238 Post
2191 5189 2468 5251 quindecim
2491 5179 2660 5240 annos,
2685 5191 2742 5232 ut
2759 5197 2821 5232 ex
2847 5183 2991 5240 Livio,
3019 5181 3099 5252 tib.
3119 5179 3166 5236 Et,
3190 5191 3296 5242 cap.
3323 5179 3490 5254 sua]:

1965 5194 2130 5300 itarem
2156 5259 2250 5300 est.
2277 5251 2414 5298 Urbis
2435 5247 2641 5298 comitia:
2663 5258 2792 5294 anno
2827 5243 2941 5300 258,
2959 5255 3044 5300 qui
3071 5253 3228 5291 annus
3243 5249 3488 5300 Tarquinii

1901 5243 2130 5314 telligero
2156 5243 2250 5308 est,
2277 5251 2414 5314 Urbis
2435 5247 2641 5314 condita:
2663 5258 2792 5294 anno
2827 5243 2941 5303 258,
2959 5243 3044 5305 qui
3071 5253 3228 5291 annus
3243 5243 3488 5305 Tarquinii

1900 5309 2070 5366 mortis
2092 5315 2261 5361 nuntio
2283 5312 2488 5372 insignis
2509 5309 2613 5356 fuit.

1963 5377 2032 5440 (ιτ)
2059 5374 2188 5424 Bella
2209 5375 2338 5440 inter
2360 5365 2587 5440 [inmanes
2601 5377 2656 5440 et
2667 5365 3071 5440 carthaginienses
3091 5367 3180 5440 tria
3198 5372 3336 5428 gesta
3354 5371 3487 5440 sunt.

1899 5425 2105 5491 Primum
2129 5451 2219 5500 per
2242 5435 2302 5484 22
2325 5445 2478 5500 annos
2497 5433 2575 5500 in
2597 5427 2821 5500 Siciliaet
2840 5425 3045 5500 in
3079 5425 3249 5500 _A_frica,
3274 5433 3487 5500 emptum

1899 5487 2026 5553 anno
2042 5500 2104 5548 ab
2127 5487 2252 5546 Urbe
2273 5495 2462 5546 condita
2484 5493 2594 5551 495,
2621 5505 2692 5553 ex!
2708 5487 2824 5537 Plin.
2845 5487 2928 5553 lib.
2953 5488 3258 5553 53._Alterum
3275 5487 3489 5553 emptum

1899 5549 2017 5628 insi
2031 5563 2092 5628 π
2105 5573 2258 5628 annos
2279 5561 2330 5608 in
2343 5549 2762 5628 ῌίδρειιιίεέδὶοίέίὲ»
2777 5552 2908 5628 te“?
2930 5549 3144 5628 stitit?
3164 5549 3487 5628 Eﬁilll'P’.‘."_"

1935 5611 2005 5674 ne
2017 5611 2210 5674 decimo
2231 5611 2446 5684 septimo
2465 5611 2591 5684 anno
2621 5627 2652 5684 a_
2679 5611 3144 5684 Scipiouejfricano
3166 5611 3346 5684 inajqre
3370 5623 3487 5684 con:

1921 5670 2227 5736 libitinam
2249 5670 2500 5746 Annibale.
2525 5670 2874 5746 't‘ertium'post
2895 5675 2957 5726 49
2984 5686 3145 5746 annos
3165 5674 3214 5746 in
3239 5670 3488 5746 Africatef

1903 5735 2050 5800 tertio
2068 5758 2194 5795 anno
2216 5755 2246 5794 a
2263 5743 2482 5807 Scipione
2519 5735 2736 5793 Διὶ-ἰοειηο
2766 5735 2956 5790 aucore
2981 5736 3288 5789 terminatum
3312 5742 3488 5784 eversa

1902 5810 2204 5873 carthagine.
