4038 6490
627 376 697 429 65
1222 416 1227 419 .
1692 379 1779 435 DE
1818 378 2139 440 CIVITATE
2174 373 2303 447 mat,
2340 375 2400 439 s.
2442 368 2807 448 AUCUSTlNl
3130 345 3176 364 ”
3222 457 3233 465 ,
3810 403 3873 461 ot

625 485 845 556 dixerit,
898 487 1070 547 «Nam
1099 489 1359 563 injurias”
1394 493 1582 565 inquit,‘
1642 495 2004 564 «validiorum,
2044 506 2100 553 et
2133 497 2206 554 ob

524 639 533 645 ,
624 594 718 636 cas
744 580 1003 639 discessio
1032 583 1201 654 plebis
1228 600 1259 640 a
1291 585 1549 657 patribus,
1596 587 1822 658 aliasque
1846 588 2208 646 dissensiones

623 668 771 725 domi
796 671 944 727 fuere
957 671 1070 743 jam
1092 673 1216 731 inde
1242 690 1272 730 a
1291 677 1573 749 principio,
1596 694 1773 749 neque
1800 679 2026 749 amplius
2049 695 2207 752 quam

625 759 843 830 regibus
870 762 1092 826 exactis,
1144 761 1272 820 dum
1321 776 1495 823 metus
1537 782 1569 823 a
1612 766 1900 839 Tarquinio
1928 779 1981 824 et
2006 768 2208 825 bellum

621 865 785 920 grave
807 866 926 906 cum
954 853 1163 910 Etruria
1192 854 1267 929 (a)
1311 859 1542 928 positum
1568 868 1672 925 est,
1703 875 1858 931 teque
1885 869 1941 917 et
1965 861 2208 918 modesto

617 938 741 1009 jure
766 941 1042 1011 agitatum.
1060 963 1078 997 ι
1108 945 1270 1004 Vides
1295 949 1745 1021 quemadmodum
1767 951 1859 1007 illo
1875 953 2036 1008 etiam
2058 953 2208 1009 brevi

622 1037 883 1100 tempore,
912 1042 973 1089 ut
998 1037 1215 1107 regibus
1242 1040 1468 1109 exactis,
1517 1041 1571 1098 id
1599 1051 1684 1098 est
1721 1042 1927 1114 ejectis,
1959 1044 2205 1115 aliquan-

619 1127 733 1175 tum
777 1137 931 1194 aequo
981 1132 1037 1181 et
1082 1127 1327 1185 modesto
1364 1129 1486 1201 jure
1526 1141 1796 1203 ageretur;
1836 1143 2037 1189 metum
2072 1133 2237 1199 dixit,

616 1210 781 1269 fuisse
826 1229 1072 1283 causam;
1126 1220 1376 1289 queniam
1420 1222 1756 1279 metuebatur
1798 1225 2022 1293 bellum,
2061 1225 2205 1297 quod

616 1318 712 1359 rex
741 1303 1060 1377 Tarquinius
1086 1326 1251 1382 regno
1275 1321 1434 1384 atque
1457 1314 1601 1372 Urbe
1626 1316 1832 1387 pulsus,
1857 1318 2095 1375 Etruscis
2118 1333 2207 1375 so-

613 1394 807 1464 ciatus,
836 1410 1022 1455 contra
1048 1400 1320 1460 Romanos
1344 1406 1585 1477 gerebat.
1613 1408 1846 1465 Attende
1873 1410 2052 1481 itaque
2077 1410 2204 1482 quid

612 1484 812 1543 deinde
841 1498 1090 1547 contexat
1118 1509 1131 1545 :
1185 1514 1205 1548 ι
1228 1495 1379 1565 Dein,
1407 1516 1426 1550 ι
1460 1498 1651 1569 inquit,
1708 1519 1728 1554 ς
1751 1500 1930 1557 servili
1978 1503 2205 1573 inperio

612 1588 796 1647 patres
827 1580 1040 1650 plebem
1088 1599 1362 1656 exercere,
1416 1589 1484 1644 de
1512 1591 1617 1645 vita
1643 1601 1804 1664 atque
1831 1586 2012 1665 tergo1
2055 1595 2203 1666 regio

611 1684 766 1727 more
793 1674 1097 1745 consulere,
1130 1692 1259 1748 agro
1288 1680 1509 1750 pellere,
1555 1692 1611 1738 et
1637 1686 1848 1741 caeteris
1891 1686 2202 1757 expertibus

610 1762 713 1817 soli
762 1762 816 1820 in
868 1766 1093 1837 imperio
1132 1784 1309 1841 agere.
1354 1772 1558 1841 Quibus
1613 1775 1831 1833 saevitiis
1865 1786 1921 1833 et
1967 1777 2201 1836 maxime

610 1852 796 1910 fenore
820 1857 841 1888 ³
892 1871 1144 1929 oppressa
1176 1862 1325 1931 plebs
1350 1878 1474 1920 cum
1500 1865 1731 1922 assiduis
1758 1866 1914 1923 bellis
1943 1867 2200 1925 tributum

610 1951 668 1998 et
692 1932 851 2000 simul
880 1947 1121 2004 militiam
1149 1953 1431 2020 toleraret,
1484 1966 1690 2013 armata
1714 1969 1951 2015 montem
1978 1958 2199 2016 Sacrum

608 2042 769 2106 atque
790 2038 1113 2099 Aventinum
1137 2043 1414 2117 insedit(b)
1445 2065 1459 2102 :
1506 2056 1727 2121 tumque
1756 2050 1997 2107 tribunos
2024 2052 2198 2122 plebis

607 2132 665 2179 et
689 2125 791 2182 alia
817 2128 921 2185 sibi
941 2130 1061 2201 jura
1092 2136 1315 2204 paravit.
1360 2136 1758 2196 Discordiarum
1802 2150 1859 2197 et
1892 2144 2198 2199 certaminis

606 2219 878 2292 utrimque
902 2222 1022 2279 ﬁnis
1051 2224 1148 2281 fuit
1176 2228 1470 2284 secundum
1497 2230 1696 2287 bellum
1726 2233 2038 2288 Punicum.»
2065 2235 2198 2292 Cer-

604 2306 691 2365 nis
718 2324 784 2365 ex
810 2326 915 2381 quo
935 2322 1195 2386 tempore,
1221 2317 1273 2373 id
1295 2328 1377 2375 est
1405 2336 1567 2391 parvo
1593 2323 1872 2380 intervallo
1895 2335 2015 2395 post
2040 2342 2196 2397 reges
2266 2332 2267 2335 “

607 2408 847 2469 exactos,
893 2405 1080 2476 quales
1108 2407 1333 2464 Romani
1360 2409 1576 2478 fuerint,
1620 2414 1688 2470 de
1715 2415 1904 2485 quibus
1932 2416 2029 2486 ait,
2061 2437 2081 2470 α
2100 2418 2195 2476 Jus

604 2486 913 2564 bonumque
940 2496 1079 2568 apud
1105 2512 1199 2554 eos
1243 2514 1350 2555 non
1376 2500 1582 2572 legibus
1622 2504 1791 2576 magis
1819 2521 1977 2577 quam
2007 2518 2194 2566 natura

602 2580 833 2637 “labat.
857 2603 877 2637 ι

680 2673 736 2728 2.
770 2674 940 2732 Porro
968 2679 1014 2734 si
1048 2679 1134 2734 illa
1165 2688 1406 2753 tempora
1437 2685 1562 2740 talia
1602 2686 1965 2758 reperiuntur,
2001 2689 2194 2761 quibus

605 2762 967 2833 pulcherrima
994 2779 1154 2841 atque
1180 2774 1382 2842 optima
1412 2775 1577 2832 fuisse
1600 2778 1924 2847 prmdicatur
1948 2780 2192 2837 Romana

602 2855 923 2926 respublica;
953 2861 1079 2931 quid
1115 2863 1227 2933 jam
1253 2864 1320 2920 de
1339 2869 1685 2939 consequenti
1711 2880 1868 2928 aetate
1907 2872 2191 2930 dicendum

602 2953 695 3001 aut
719 2948 1062 3018 cogitandum
1084 2954 1428 3025 arbitramur,
1463 2976 1483 3011 ι
1512 2974 1634 3014 cum
1662 2961 1913 3031 paulatim
1941 2973 2140 3021 mutata
2164 2985 2184 3017 ι

601 3044 661 3091 ut
697 3036 939 3107 ejusdem
966 3040 1209 3101 historici
1250 3048 1431 3104 verbis
1458 3058 1610 3116 utar,
1649 3069 1668 3103 ι
1706 3067 1774 3107 ex
1820 3053 2189 3123 pulcherrima

599 3130 759 3200 atque
829 3133 1029 3202 optima
1065 3178 1103 3215 ,η
1146 3139 1375 3208 pessima
1449 3156 1515 3197 ac
1572 3140 1979 3215 flagitiosissima
2050 3149 2189 3207 facta

598 3228 678 3313 est
703 3220 988 3292 »(δαιιαει.
1015 3228 1078 3282 de
1105 3228 1461 3305 Conjuratt'one
1492 3233 1723 3291 Catilinam
1745 3278 1760 3304 ,
1790 3255 1904 3310 cap.
1935 3241 2040 3313 5);
2067 3252 2190 3313 post

596 3306 934 3384 Carthaginis
1018 3317 1300 3389 videlicet,
1358 3332 1416 3378 ut
1474 3306 1962 3397 commemoravit,
2038 3333 2188 3389 exci-

597 3398 789 3456 dium?
814 3403 946 3471 Qua‘.
993 3417 1232 3481 tempora
1253 3413 1388 3475 .ipsc
1421 3414 1704 3473 Sallustius
1732 3421 2181 3490 quemadmodum

595 3486 831 3547 breviter
875 3496 1076 3552 recolat
1106 3509 1159 3554 et
1201 3500 1508 3571 describat,
1555 3507 1606 3561 in
1656 3486 1772 3577 ejus
1818 3510 2047 3568 llistoria
2076 3512 2183 3587 legi

562 3587 805 3649 potest,
840 3596 1054 3655 quantis
1102 3592 1258 3648 malis
1303 3592 1547 3665 morum,
1596 3614 1716 3668 qua:
1742 3600 1995 3660 secundis
2018 3606 2180 3664 rebus

593 3680 777 3728 exorta
828 3686 988 3746 sunt,
1037 3680 1207 3751 usque
1255 3683 1323 3739 ad
1366 3685 1502 3743 bella
1550 3689 1723 3744 civilia
1755 3691 1824 3763 (ε)
1854 3692 2187 3753 demonstret

596 3775 720 3819 esse
772 3778 1085 3835 perventum
1128 3773 1174 3825 ³.
1232 3791 1253 3826 ι
1307 3777 1385 3832 Ex
1434 3794 1540 3849 quo
1590 3790 1865 3853 tempore,
1904 3803 1924 3839 ι
1958 3797 2014 3842 ut
2053 3788 2178 3857 ait,

599 3871 621 3906 ε
656 3856 916 3926 majorum
961 3877 1140 3920 mores
1167 3881 1273 3921 non
1302 3871 1553 3938 paulatim
1575 3914 1589 3940 ,
1623 3884 1680 3929 ut
1708 3884 1862 3932 antea
1883 3918 1898 3943 ,
1932 3879 2028 3935 sed
2067 3890 2182 3937 tor-

591 3948 759 4004 rentis
802 3951 963 4007 modo
1003 3957 1344 4028 praecipitati;
1393 3961 1529 4017 adeo
1570 3963 1821 4031 juventus
1855 3967 1984 4024 luxu
2022 3979 2183 4042 atque

591 4040 810 4095 avaritia
878 4054 1160 4115 corrupta,
1225 4056 1282 4103 ut
1330 4053 1519 4106 merito
1566 4053 1775 4110 dicatur
1825 4058 2034 4127 genitos
2062 4040 2182 4118 esse

590 4132 681 4198 qui
754 4147 927 4202 neque
995 4136 1096 4208 ipsi
1162 4138 1358 4196 habere.
1438 4155 1656 4212 possent
1707 4162 1794 4203 res
1851 4147 2178 4220 familiares,

592 4238 766 4293 neque
809 4226 940 4283 alios
985 4230 1090 4298 pati
1121 4248 1141 4283 ι
1180 4229 1279 4304 (d).
1323 4232 1458 4289 Dicit
1481 4235 1672 4294 deinde
1708 4239 1859 4309 plura
1898 4239 2181 4301 Sallustius

597 4311 669 4369 de
707 4314 866 4386 Sylla:
911 4317 1054 4375 vitiis
1095 4330 1393 4394 cmteraque
1440 4324 1679 4382 foeditate
1738 4330 2042 4400 reipublicae
2075 4350 2088 4387 :
2127 4344 2182 4390 et

594 4401 683 4457 alii
729 4405 1020 4475 scriptores
1060 4409 1112 4465 in
1154 4411 1269 4469 ltazc
1295 4417 1653 4487 consentiunt,
1682 4421 1925 4490 quamvis
1969 4422 2180 4495 eloquio

594 4495 821 4551 multum
854 4498 1070 4570 impari.

660 4669 872 4752 Lvindj,
895 4685 954 4752 ac
988 4674 1157 4752 quiete
1180 4688 1300 4752 erga
1337 4691 1406 4729 se.
1444 4682 1617 4752 verius
1653 4686 1823 4752 caeteri
1864 4683 1974 4737 liliri
1994 4723 2010 4747 ,
2034 4695 2178 4752 atque

587 4732 1673 4814 ξξτξέἓὲηίάξξὲξάεξμξξιῖίιξῦε,δμυριίοέςκῑιις
1700 4732 1974 4814 vtes-aia;
1995 4732 2176 4814 ἒιῦἱῦὖὲ

588 4786 805 4860 libj'eru'm
836 4786 1011 4860 corpus
1045 4786 1658 4856 nomaiir‘ch-ﬁ‘aé'diiﬁii
1680 4786 1903 4860 v'éiiiu'iiﬁ'.‘

656 4856 677 4928 ξ
707 4854 988 4928 ξριι-ςᾴ-ίῑὶο
1011 4865 1141 4917 ων.,
1164 4867 1210 4909 et
1231 4862 1442 4914 maxime
1465 4854 1653 4928 fenoris
1667 4854 1830 4921 oni};

654 4915 677 4982 ξ
706 4922 790 4982 με.
814 4917 925 4979 766,
951 4915 1245 4982 proventum.
1329 4932 1384 4973 at.

651 4977 725 5067 Si?
746 4977 1661 5067 Efﬂ'fﬁvf‘jﬂiﬂisiﬁﬁtwwe
1684 5004 1842 5067 sese.
1856 4996 1939 5067 aui
1976 5000 2174 5067 Tarani-

591 5049 726 5112 ntum
749 5042 941 5112 restittti
964 5045 1012 5092 in
1029 5056 1236 5112 regnum
1254 5048 1471 5112 )1?“qu
1508 5058 1560 5112 at
1578 5054 1721 5112 gravi
1739 5042 2173 5108 ὅώαῖώρῇὸῶἆ-

588 5105 1085 5180 nosl‘premebat..De
1107 5106 1390 5180 boc_l.ivius,
1418 5105 1501 5160 lib.
1522 5105 1695 5175 2,7:ap.
1730 5116 1762 5165 9
1783 5105 1924 5180 seqq.

656 5161 735 5234 (ὁ)
753 5172 882 5235 anno
900 5167 1093 5235 decimo
1113 5176 1259 5219 sexto
1279 5161 1388 5233 post
1417 5161 1570 5235 reges
1604 5161 1966 5228 ίθὶειοίοζῦἶόὶει
1990 5187 2066 5230 est
2087 5194 2170 5231 se-

588 5224 749 5304 cessio
771 5224 1096 5304 illaplebisin
1110 5224 1326 5304 montem
1348 5224 1540 5304 sect-liis
1560 5242 1693 5304 trans
1711 5224 2169 5304 A’dfedéﬁsfaaéii;

588 5281 757 5347 ibique
764 5281 999 5395 Apri'mum
1023 5292 1201 5341 tribuni
1239 5281 1391 5344 creati
1415 5281 1689 5369 quiﬁple—b—i‘
1704 5281 2171 5371 essen-(@1337;

588 5351 738 5395 ιοωε.
819 5354 924 5395 tera
945 5353 1147 5395 quadam
1169 5357 1450 5395 smnssinnp.
1474 5371 1679 5395 nmmum
1717 5374 1763 5395 ιη
1788 5369 2001 5395 nmmum
2026 5372 2171 5395 Aron-

588 5351 738 5419 tores.
764 5351 924 5419 Altera
945 5353 1147 5412 quadam
1169 5351 1455 5419 secessione
1474 5351 1679 5419 primum
1717 5361 1765 5408 in
1788 5351 2002 5411 montem
2017 5351 2173 5415 iusti.

591 5407 793 5485 titiam,
802 5410 886 5485 qui
1003 5426 1115 5477 pars
1134 5416 1283 5485 urbis.
1309 5407 1493 5485 Deinde
1520 5434 1654 5480 vero,
1672 5407 1772 5484 quo
1790 5407 1940 5485 aliis}
1954 5407 2171 5478 ‘ébiiitidb

586 5473 642 5517 et
683 5469 866 5541 exinde
910 5469 1251 5541 terror_"esset
1287 5479 1395 5528 urbi
1420 5512 1437 5540 ,
1475 5481 1525 5528 in
1557 5469 1761 5532 Sacrum
1789 5469 2171 5541 inob't'eiiﬁtiﬁﬁ

594 5541 737 5610 Esse.
756 5529 939 5610 ferunt.
1001 5535 1119 5588 Vide
1161 5539 1256 5590 Cic.
1275 5529 1747 5607 Oratfpriorfpro
1778 5529 2023 5610 cBéiiéitB';
2052 5529 2171 5601 iii".
2254 5586 2267 5591 η

609 5589 617 5600 ,
1098 5586 1112 5588 -
1174 5586 1404 5592 πῆ--
1453 5586 1600 5605 τη---
1650 5586 1735 5607 τ--
1781 5586 2023 5610 ..η-νην,
2071 5586 2166 5601 ...η

584 5586 1224 5737 ticigfﬁfjgterpatres
1235 5668 1288 5713 et
1307 5665 1555 5737 Gracchos,
1588 5668 1717 5718 inter
1753 5671 1948 5721 Marium
1981 5678 2034 5723 et
2067 5672 2167 5737 Syl-

581 5709 851 5787 lamiinter
871 5709 1061 5787 (gestire
1074 5709 1488 5787 spiramina;

747 5781 830 5836 Qui
872 5783 1092 5894 nlimirum
1131 5783 1250 5835 luxu
1291 5774 1598 5841 cunnilerent
1635 5806 1954 5859 qurcumque
1990 5810 2165 5861 rapere

681 5851 688 5859 '
735 5854 928 5893 tosscn.

2391 500 2444 555 5.
2475 501 2661 560 Cernis
2687 514 2880 572 tamen,
2915 516 2971 564 ut
3000 509 3207 580 opinor,
3240 521 3294 567 ct
3316 515 3553 587 quisquis
3574 515 3857 573 adverterit

2317 591 2567 651 facillime
2591 599 2845 667 perspicit
2866 600 3094 657 colluvie
3131 604 3147 635 ί
3182 621 3387 661 morum
3414 608 3764 676 pessimorum
3791 623 3888 679 quo

2317 681 2402 737 illa
2432 684 2618 742 civitas
2645 689 2889 760 prolapsa
2917 690 3109 760 fuerit,
3138 704 3261 749 ante
3291 695 3459 751 nostri
3486 699 3702 768 superni
3729 698 3885 770 Regis

2313 774 2620 832 adventum.
2654 780 2779 836 llaec
2801 784 2943 837 enim
2968 796 3116 855 gesta
3138 796 3261 841 sunt
3286 802 3391 843 non
3417 789 3589 844 solum
3614 799 3892 861 antequam

2312 864 2560 922 Christus
2588 868 2639 923 in
2670 884 2831 927 carne
2873 888 3110 943 prresens
3147 877 3346 934 docere
3380 882 3663 949 coepisset,
3711 896 3891 936 verum

2312 956 2473 1013 etiam
2508 968 2791 1033 antequam
2833 964 2900 1022 de
2928 966 3145 1038 Virgine
3184 980 3338 1026 natus
3366 983 3531 1045 esset.
3560 972 3693 1029 Cum
3736 974 3893 1043 igitur

2313 1055 2391 1101 tot
2418 1057 2471 1104 et
2502 1058 2644 1106 tanta
2675 1054 2813 1109 mala
2843 1063 3139 1127 temporum
3169 1060 3378 1116 illorum
3406 1063 3492 1118 vel
3535 1063 3889 1119 tolerabiliora

2310 1139 2578 1207 superius,
2608 1143 2689 1198 vel
2719 1153 2843 1214 post
2885 1161 3127 1203 eversam
3154 1147 3524 1223 Carthaginem
3561 1153 3889 1211 intoleranda

2310 1236 2365 1283 et
2392 1227 2658 1287 horrenda
2688 1233 2792 1290 diis
2818 1238 2929 1291 suis
2956 1239 3218 1308 imputare
3243 1257 3350 1297 non
3381 1242 3644 1311 audeant,
3674 1243 3888 1315 opinio-

2311 1315 2407 1373 nes
2435 1319 2681 1379 humanis
2706 1327 2973 1383 mentibus
2992 1370 3005 1393 ,
3036 1329 3177 1386 unde
3205 1332 3326 1387 talia
3356 1334 3481 1388 vitia
3512 1335 3883 1402 silvescerent,

2308 1413 2535 1484 maligna
2582 1417 2775 1473 astutia
2821 1420 3215 1491 inserentibus;
3265 1440 3365 1483 cur
3410 1428 3548 1483 mala
3593 1430 3881 1500 praesentia

2307 1501 2522 1560 Christo
2547 1504 2811 1578 imputant
2828 1550 2845 1578 ,
2871 1512 2961 1582 qui
2987 1512 3229 1570 doctrina
3258 1516 3617 1575 saluberrima
3643 1528 3698 1575 et
3723 1519 3888 1576 falsos

2306 1605 2368 1646 ac
2414 1592 2628 1652 fallaces
2657 1597 2789 1655 deos
2818 1601 2923 1657 coli
2954 1612 3093 1659 vetat
3119 1646 3135 1671 ,
3165 1614 3217 1662 et
3244 1607 3374 1663 istas
3396 1607 3672 1666 hominum
3700 1611 3889 1666 noxias

2305 1678 2699 1757 ﬂagitiosasque
2722 1689 3039 1761 cupiditates
3063 1692 3241 1750 divina
3272 1699 3589 1755 auctoritate
3614 1699 3888 1756 detestans

2304 1784 2463 1846 atque
2495 1777 2860 1838 oondemnans
2882 1825 2897 1847 ,
2946 1784 3030 1841 liis
3069 1787 3225 1843 malis
3256 1788 3549 1847 tabescenti
3577 1807 3642 1848 ac
3688 1792 3888 1849 labenti

2304 1867 2505 1925 mundo
2536 1871 2732 1944 ubique
2772 1874 3029 1934 familiam
3058 1895 3208 1935 suam
3237 1883 3436 1938 sensim
3459 1883 3754 1951 subtrahit,
3783 1901 3887 1956 qua

2303 1959 2498 2018 condat
2523 1971 2801 2032 aeternam,
2833 1976 3017 2025 etnon
3046 1971 3236 2042 plausu
3268 1975 3539 2042 vanitatis,
3572 1977 3666 2032 sed
3687 1977 3890 2048 judicio

2301 2053 2540 2112 veritatis
2568 2057 3006 2128 gloriosissimam
3037 2064 3358 2123 civitatem?

2298 2159 2525 2222 CAPUT
2548 2166 2693 2223 XJX.
2716 2199 2793 2237 --,
2802 2169 2883 2227 De
2915 2175 3243 2244 corruptione
3270 2175 3518 2233 Romanis
3559 2180 3886 2249 reipublicic,

2441 2260 2734 2332 priusquam
2758 2265 2947 2320 cultum
2991 2267 3201 2322 deorum
3227 2265 3461 2326 Christus
3484 2272 3726 2341 auferret.

2369 2369 2511 2428 Ecce
2525 2372 2764 2430 Romana
2778 2378 3076 2448 respublica
3100 2380 3264 2453 (quod
3281 2396 3389 2438 non
3404 2397 3504 2455 ego
3524 2384 3725 2454 prinms
3740 2384 3886 2452 dico,

2255 2477 2268 2483 ‘
2290 2462 2390 2531 sed
2443 2473 2688 2523 auctores
2713 2482 2933 2536 eorum,
2968 2472 3106 2527 unde
3140 2472 3254 2527 hmo
3294 2475 3540 2531 mercede
3578 2474 3886 2541 didicimus,

2300 2564 2445 2613 tanto
2463 2567 2588 2616 ante
2611 2558 3005 2620 dixeruntante
3024 2564 3218 2620 Christi
3239 2566 3304 2620 ad
3314 2567 3554 2639 ventum)
3577 2587 3596 2620 ‹
3630 2568 3889 2638 paulatim

2294 2656 2527 2715 mutata,
2564 2665 2631 2706 ex
2678 2653 3031 2723 pulcherrima
3069 2667 3228 2726 atque
3260 2657 3493 2727 optima,
3538 2661 3774 2730 pessima
3824 2675 3889 2714 ac

2294 2737 2705 2820 ﬂagitiosissima
2750 2746 2886 2802 facta
2908 2757 3013 2803 est.
3065 2767 3085 2801 ι
3122 2749 3258 2805 Ecce
3297 2760 3420 2805 ante
3456 2750 3650 2807 Christi
3678 2752 3887 2807 adven-

2295 2838 2428 2900 tum,
2462 2842 2583 2902 post
2626 2833 2852 2891 deletam
2891 2835 3288 2908 Carthaginem,
3326 2857 3346 2892 ι
3381 2838 3643 2898 maiorum
3673 2854 3886 2907 mores,

2295 2939 2404 2981 non
2466 2928 2715 2997 paulatim
2736 2970 2753 2998 ,
2797 2938 2855 2986 ut
2877 2940 3032 2987 antea
3053 2973 3068 2998 ,
3098 2932 3195 2987 sed
3241 2934 3491 2989 torrentis
3544 2933 3707 2989 modo
3738 2949 3889 3004 pra:-

2300 3039 2319 3073 σ
2356 3021 2593 3091 cipitati;
2622 3023 2757 3079 adeo
2792 3024 3043 3095 juventus
3081 3024 3214 3080 luxu
3240 3033 3398 3096 atque
3421 3025 3641 3081 avaritia
3687 3040 3887 3081 corru-

2293 3121 2382 3184 pta
2412 3124 2514 3170 est.
2554 3133 2575 3168 ι
2609 3114 2813 3188 Legant
2859 3116 3015 3172 nobis
3060 3126 3243 3173 contra
3280 3117 3462 3171 luxum
3493 3126 3547 3173 ct
3593 3116 3889 3171 avaritiam

2293 3213 2557 3274 pra-cepta
2596 3203 2818 3261 deorum
2858 3222 3075 3261 suorum
3103 3207 3300 3277 populo
3326 3207 3568 3262 Romano
3597 3208 3740 3263 data.
3773 3207 3887 3262 Cui

2293 3294 2495 3350 utinam
2526 3303 2729 3351 tantum
2758 3306 2905 3352 casta
2933 3305 2987 3353 et
3015 3297 3256 3353 modesta
3285 3298 3573 3353 reticereut
3592 3341 3606 3366 ,
3658 3312 3721 3353 ac
3772 3313 3891 3353 non

2291 3386 2451 3441 etiam
2480 3387 2547 3444 ab
2582 3387 2676 3443 illo
2712 3389 2970 3459 probrosa
3011 3398 3064 3444 et
3110 3389 3462 3461 ignominiosa
3501 3390 3885 3460 deposcerent,

2289 3478 2481 3548 quibus
2535 3495 2631 3549 per
2674 3480 2865 3536 falsam
2913 3481 3245 3539 divinitatem
3291 3483 3645 3551 perniciosam
3694 3487 3892 3538 conci-

2291 3568 2485 3626 liarent
2534 3573 2925 3629 auctoritatem.
2981 3572 3181 3646 Legant
3226 3582 3407 3629 nostra
3438 3616 3452 3639 ,
3509 3583 3562 3628 et
3612 3589 3708 3646 per
3744 3574 3891 3630 Pro-

2289 3663 2477 3733 phetas
2496 3706 2510 3730 ,
2543 3671 2597 3720 et
2626 3679 2723 3735 per
2766 3675 3006 3722 sanctum
3045 3665 3388 3736 Evangelium
3410 3707 3423 3732 ,
3458 3674 3512 3722 et
3542 3681 3637 3736 per
3660 3676 3892 3735 aposto-

2286 3754 2419 3811 licos
2457 3758 2657 3826 Actus,
2716 3765 2771 3813 et
2820 3773 2914 3827 per
2972 3757 3262 3828 Epistolas,
3318 3767 3424 3812 tam
3473 3758 3637 3812 multa
3684 3768 3891 3812 contra

2288 3850 2560 3905 avaritiam
2611 3859 2768 3920 atque
2815 3851 3109 3919 luxuriam,
3158 3851 3349 3922 ubique
3409 3850 3617 3922 populis
3657 3849 3723 3905 ad
3774 3850 3891 3905 hoc

2290 3941 2652 4011 congregatis,
2700 3957 2857 4011 quam
2910 3943 3262 4008 excellenter,
3310 3956 3467 4013 quam
3513 3941 3709 4008 divine,
3765 3958 3891 3995 non

2292 4042 2542 4103 tanquam
2590 4047 2654 4088 ex
2709 4032 3144 4106 philosOphorutn
3190 4032 3674 4087 concertationibus
3731 4042 3889 4087 stre-

2286 4140 2415 4198 pere
2450 4167 2466 4192 ,
2528 4126 2621 4179 sed
2679 4134 2931 4196 trnquam
2977 4140 3041 4180 ex
3091 4124 3319 4181 oraculis
3384 4133 3438 4179 et
3485 4124 3580 4178 Dei
3643 4123 3890 4179 nubibus

2286 4220 2548 4275 intonare.
2595 4216 2663 4273 Et
2710 4227 2884 4274 tamen
2925 4219 3049 4273 luxu
3092 4227 3249 4289 atque
3294 4217 3513 4271 avaritia
3558 4215 3832 4285 sevisque
3861 4220 3887 4249 ²

2284 4328 2347 4367 ac
2389 4313 2627 4382 turpibus
2675 4312 2913 4368 moribus
2956 4321 3079 4367 ante
3134 4311 3418 4366 adventum
3472 4307 3669 4362 Christi
3722 4322 3889 4363 rem-

2284 4406 2548 4476 publicam
2593 4406 2875 4476 pessimam
2918 4420 2981 4460 ac
3023 4403 3718 4475 flagitiosissimamfactam,
3764 4419 3886 4456 mm

2282 4498 2549 4568 imputant
2595 4497 2696 4555 diis
2741 4498 2852 4552 suis
2887 4516 2902 4553 :
2945 4495 3288 4551 afﬂictionem
3328 4508 3456 4549 vero
3483 4492 3632 4564 ejus,
3680 4507 3891 4562 quam-

2282 4604 2514 4660 cumque
2565 4589 2668 4645 isto
2726 4596 2967 4659 tempore
3012 4587 3260 4656 superbia
3313 4584 3627 4654 deliciaeque
3676 4597 3888 4638 eorum

2283 4694 2554 4749 perpessae
2599 4676 2830 4745 fuerint,
2882 4677 3125 4748 religioni
3171 4676 3491 4746 increpitant
3535 4673 3888 4731 ehristianm.

2280 4769 2442 4841 Cujus
2502 4778 2766 4840 prmeepta
2811 4768 2880 4823 de
2932 4768 3092 4840 justis
3149 4768 3434 4838 probisque
3481 4766 3761 4833 moribus,
3832 4768 3889 4821 si

2279 4863 2439 4918 simul
2470 4861 2718 4918 audirent
2744 4869 2906 4932 atque
2934 4868 3185 4916 curarent
3219 4875 3375 4929 reges
3406 4869 3563 4914 terrm
3590 4868 3645 4914 et
3673 4873 3893 4914 omnes

2278 4953 2489 5025 populi,
2541 4953 2808 5023 principes
2851 4962 3135 5031 et‘omnes
3167 4949 3375 5021 judices
3420 4958 3595 5010 terrae,
3640 4948 3890 5017 juvenes

2278 5059 2332 5104 et
2372 5049 2627 5119 virgines,
2674 5049 2914 5104 seniores
2943 5062 3062 5100 cum
3081 5043 3380 5113 junioribus
3406 5042 3424 5112 (
3457 5041 3597 5097 i’sal.
3628 5056 3839 5096 CXLVIII
3868 5084 3887 5106 ,

2279 5144 2379 5207 ll,
2418 5141 2485 5197 12
2516 5142 2535 5213 )
2564 5183 2579 5209 ,
2647 5150 2777 5197 aetas
2823 5139 2999 5195 omnis
3055 5152 3220 5207 capax
3276 5144 3332 5191 et
3389 5142 3611 5204 uterque
3665 5146 3888 5238 sexps,

2276 5243 2331 5289 et
2375 5250 2510 5305 quos
2555 5234 2790 5303 Baptista
2817 5231 3052 5287 Joannes
3078 5228 3367 5298 alloquitur
3389 5270 3403 5291 ,
3428 5236 3715 5303 exactores
3767 5228 3893 5293 ipsi

2275 5334 2433 5395 atque
2493 5325 2688 5380 milites
2778 5320 2972 5395 (Luc.
3039 5336 3133 5385 tu,
3193 5318 3404 5374 12-14
3439 5319 3499 5391 );
3557 5326 3609 5373 et
3670 5325 3887 5372 terras.

2274 5417 2399 5473 vitae
2441 5416 2724 5488 praesentis
2788 5424 3007 5471 ornaret
3062 5427 3162 5469 sua
3210 5411 3461 5468 felicitate
3513 5408 3824 5481 I‘CSptlblica
3854 5455 3878 5479 ,

2272 5519 2328 5566 et
2368 5510 2492 5565 vita:
2535 5519 2749 5565 :rterna:
2786 5509 2996 5565 culmen
3033 5506 3339 5563 beatissime
3384 5513 3668 5577 regnatura
3718 5516 3878 5556 con-

2273 5578 2577 5659 secederet.
2625 5601 2731 5658 Sed
2788 5603 2912 5673 quia
2974 5602 3073 5658 istc
3119 5599 3309 5665 audit,
3358 5598 3449 5653 ille
3512 5596 3808 5652 contemnit
3860 5641 3880 5663 ,

2338 5739 2353 5770 ⁸
2395 5746 2490 5785 Am.
2517 5744 2589 5785 tir.
2613 5745 2664 5786 et
2687 5744 2817 5794 t.ov.,
2842 5734 3107 5787 colluvicm.
3152 5743 3365 5786 arratum
3386 5768 3398 5792 ,
3436 5729 3563 5793 quod
3601 5725 3891 5779 emendant

2274 5799 2407 5849 Vind.
2430 5808 2481 5870 et
2496 5801 2829 5870 .mauuscripti.
2911 5861 2921 5870 ἠ

2339 5863 2358 5894 ³
2395 5862 2524 5913 Vind.
2554 5869 2652 5910 Ain.
2674 5868 2764 5924 Er,
2791 5862 3051 5923 scortisque.
