  <div class='ocr_page' id='page_1' title='image "/cluster/home/n/w/nwhite01/storage/ocr_20150623/41/hvd.32044015706344/038.png"; bbox 0 0 4038 6482; ppageno 0'>
   <div class='ocr_carea' id='block_1_1' title="bbox 177 301 2140 364">
    <p class='ocr_par' dir='ltr' id='par_1_1' title="bbox 177 301 2140 364">
     <span class='ocr_line' id='line_1_1' title="bbox 177 301 2140 364; baseline -0.001 -2"><span class='ocrx_word' id='word_1_1' title='bbox 177 305 237 364; x_wconf 76' lang='lat'><strong>65</strong></span> <span class='ocrx_word' id='word_1_2' title='bbox 1526 302 1726 361; x_wconf 80' lang='lat' dir='ltr'><strong>LIBER</strong></span> <span class='ocrx_word' id='word_1_3' title='bbox 1765 301 2140 363; x_wconf 84' lang='lat' dir='ltr'><strong>SECUNDUS.</strong></span> 
     </span>
    </p>
   </div>
   <div class='ocr_carea' id='block_1_2' title="bbox 179 419 1773 494">
    <p class='ocr_par' dir='ltr' id='par_1_2' title="bbox 179 419 1773 494">
     <span class='ocr_line' id='line_1_2' title="bbox 179 419 1773 494; baseline -0.002 -16"><span class='ocrx_word' id='word_1_4' title='bbox 179 425 456 494; x_wconf 73' lang='lat' dir='ltr'><strong>pluresque</strong></span> <span class='ocrx_word' id='word_1_5' title='bbox 499 419 649 478; x_wconf 84' lang='lat' dir='ltr'><strong>vitiis</strong></span> <span class='ocrx_word' id='word_1_6' title='bbox 688 420 840 478; x_wconf 88' lang='lat' dir='ltr'><strong>male</strong></span> <span class='ocrx_word' id='word_1_7' title='bbox 877 420 1272 479; x_wconf 76' lang='lat' dir='ltr'><strong>blandientibus</strong></span> <span class='ocrx_word' id='word_1_8' title='bbox 1309 434 1467 492; x_wconf 90' lang='lat' dir='ltr'><strong>quam</strong></span> <span class='ocrx_word' id='word_1_9' title='bbox 1509 421 1622 476; x_wconf 91' lang='lat' dir='ltr'><strong>utili</strong></span> <span class='ocrx_word' id='word_1_10' title='bbox 1667 422 1773 476; x_wconf 88' lang='lat' dir='ltr'><strong>vir-</strong></span> 
     </span>
    </p>
   </div>
   <div class='ocr_carea' id='block_1_3' title="bbox 181 514 1772 588">
    <p class='ocr_par' dir='ltr' id='par_1_3' title="bbox 181 514 1772 588">
     <span class='ocr_line' id='line_1_3' title="bbox 181 514 1772 588; baseline 0.001 -20"><span class='ocrx_word' id='word_1_11' title='bbox 181 525 345 572; x_wconf 87' lang='lat' dir='ltr'><strong>tutum</strong></span> <span class='ocrx_word' id='word_1_12' title='bbox 387 514 668 584; x_wconf 69' lang='lat' dir='ltr'><strong>asperitati</strong></span> <span class='ocrx_word' id='word_1_13' title='bbox 688 525 820 571; x_wconf 91' lang='lat' dir='ltr'><strong>sunt</strong></span> <span class='ocrx_word' id='word_1_14' title='bbox 865 516 1143 572; x_wconf 84' lang='lat' dir='ltr'><strong>amiciores</strong></span> <span class='ocrx_word' id='word_1_15' title='bbox 1169 515 1248 588; x_wconf 91' lang='lat' dir='ltr'><strong>(a)</strong></span> <span class='ocrx_word' id='word_1_16' title='bbox 1277 532 1293 582; x_wconf 89' lang='lat'><strong>;</strong></span> <span class='ocrx_word' id='word_1_17' title='bbox 1323 515 1551 571; x_wconf 89' lang='lat' dir='ltr'><strong>tolerare</strong></span> <span class='ocrx_word' id='word_1_18' title='bbox 1577 515 1772 570; x_wconf 84' lang='lat' dir='ltr'><strong>Christi</strong></span> 
     </span>
    </p>
   </div>
   <div class='ocr_carea' id='block_1_4' title="bbox 180 605 1770 676">
    <p class='ocr_par' dir='ltr' id='par_1_4' title="bbox 180 605 1770 676">
     <span class='ocr_line' id='line_1_4' title="bbox 180 605 1770 676; baseline -0.001 -15"><span class='ocrx_word' id='word_1_19' title='bbox 180 607 360 661; x_wconf 87' lang='lat' dir='ltr'><strong>famuli</strong></span> <span class='ocrx_word' id='word_1_20' title='bbox 403 606 701 675; x_wconf 87' lang='lat' dir='ltr'><strong>jubeutur,</strong></span> <span class='ocrx_word' id='word_1_21' title='bbox 759 607 877 663; x_wconf 93' lang='lat' dir='ltr'><strong>sive</strong></span> <span class='ocrx_word' id='word_1_22' title='bbox 933 607 1040 663; x_wconf 87' lang='lat' dir='ltr'><strong>sint</strong></span> <span class='ocrx_word' id='word_1_23' title='bbox 1080 622 1272 676; x_wconf 83' lang='lat' dir='ltr'><strong>reges,</strong></span> <span class='ocrx_word' id='word_1_24' title='bbox 1321 607 1433 662; x_wconf 90' lang='lat' dir='ltr'><strong>sive</strong></span> <span class='ocrx_word' id='word_1_25' title='bbox 1482 605 1770 676; x_wconf 83' lang='lat' dir='ltr'><strong>principes,</strong></span> 
     </span>
    </p>
   </div>
   <div class='ocr_carea' id='block_1_5' title="bbox 181 695 1774 768">
    <p class='ocr_par' dir='ltr' id='par_1_5' title="bbox 181 695 1774 768">
     <span class='ocr_line' id='line_1_5' title="bbox 181 695 1774 768; baseline -0.001 -16"><span class='ocrx_word' id='word_1_26' title='bbox 181 699 290 752; x_wconf 86' lang='lat' dir='ltr'><strong>sive</strong></span> <span class='ocrx_word' id='word_1_27' title='bbox 324 695 537 767; x_wconf 75' lang='lat' dir='ltr'><strong>iudices</strong></span> <span class='ocrx_word' id='word_1_28' title='bbox 563 737 579 762; x_wconf 94' lang='lat'><strong>,</strong></span> <span class='ocrx_word' id='word_1_29' title='bbox 629 697 747 753; x_wconf 88' lang='lat' dir='ltr'><strong>sive</strong></span> <span class='ocrx_word' id='word_1_30' title='bbox 791 699 988 754; x_wconf 83' lang='lat' dir='ltr'><strong>milites</strong></span> <span class='ocrx_word' id='word_1_31' title='bbox 1013 739 1029 766; x_wconf 97' lang='lat'><strong>,</strong></span> <span class='ocrx_word' id='word_1_32' title='bbox 1074 698 1190 754; x_wconf 89' lang='lat' dir='ltr'><strong>sive</strong></span> <span class='ocrx_word' id='word_1_33' title='bbox 1227 697 1616 768; x_wconf 75' lang='lat' dir='ltr'><strong>provinciales,</strong></span> <span class='ocrx_word' id='word_1_34' title='bbox 1661 697 1774 751; x_wconf 85' lang='lat' dir='ltr'><strong>sive</strong></span> 
     </span>
    </p>
   </div>
   <div class='ocr_carea' id='block_1_6' title="bbox 177 788 1775 859">
    <p class='ocr_par' dir='ltr' id='par_1_6' title="bbox 177 788 1775 859">
     <span class='ocr_line' id='line_1_6' title="bbox 177 788 1775 859; baseline 0.001 -17"><span class='ocrx_word' id='word_1_35' title='bbox 177 788 413 854; x_wconf 75' lang='lat' dir='ltr'><strong>divites,</strong></span> <span class='ocrx_word' id='word_1_36' title='bbox 483 788 599 844; x_wconf 87' lang='lat' dir='ltr'><strong>sive</strong></span> <span class='ocrx_word' id='word_1_37' title='bbox 669 803 974 859; x_wconf 82' lang='lat' dir='ltr'><strong>pauperes,</strong></span> <span class='ocrx_word' id='word_1_38' title='bbox 1037 790 1152 844; x_wconf 85' lang='lat' dir='ltr'><strong>sive</strong></span> <span class='ocrx_word' id='word_1_39' title='bbox 1199 788 1382 854; x_wconf 88' lang='lat' dir='ltr'><strong>liberi,</strong></span> <span class='ocrx_word' id='word_1_40' title='bbox 1452 790 1566 845; x_wconf 88' lang='lat' dir='ltr'><strong>sive</strong></span> <span class='ocrx_word' id='word_1_41' title='bbox 1630 789 1775 844; x_wconf 88' lang='lat' dir='ltr'><strong>servi</strong></span> 
     </span>
    </p>
   </div>
   <div class='ocr_carea' id='block_1_7' title="bbox 180 879 1774 950">
    <p class='ocr_par' dir='ltr' id='par_1_7' title="bbox 180 879 1774 950">
     <span class='ocr_line' id='line_1_7' title="bbox 180 879 1774 950; baseline 0.001 -16"><span class='ocrx_word' id='word_1_42' title='bbox 180 879 488 935; x_wconf 79' lang='lat' dir='ltr'><strong>utriuslibet</strong></span> <span class='ocrx_word' id='word_1_43' title='bbox 532 892 698 934; x_wconf 87' lang='lat' dir='ltr'><strong>sexus</strong></span> <span class='ocrx_word' id='word_1_44' title='bbox 725 921 741 947; x_wconf 96' lang='lat'><strong>,</strong></span> <span class='ocrx_word' id='word_1_45' title='bbox 785 881 1071 950; x_wconf 87' lang='lat' dir='ltr'><strong>pessimam</strong></span> <span class='ocrx_word' id='word_1_46' title='bbox 1113 881 1296 945; x_wconf 91' lang='lat' dir='ltr'><strong>etiam,</strong></span> <span class='ocrx_word' id='word_1_47' title='bbox 1347 880 1390 934; x_wconf 92' lang='lat' dir='ltr'><strong>si</strong></span> <span class='ocrx_word' id='word_1_48' title='bbox 1434 880 1504 934; x_wconf 87' lang='lat' dir='ltr'><strong>ita</strong></span> <span class='ocrx_word' id='word_1_49' title='bbox 1553 893 1774 935; x_wconf 83' lang='lat' dir='ltr'><strong>necesse</strong></span> 
     </span>
    </p>
   </div>
   <div class='ocr_carea' id='block_1_8' title="bbox 180 970 1774 1043">
    <p class='ocr_par' dir='ltr' id='par_1_8' title="bbox 180 970 1774 1043">
     <span class='ocr_line' id='line_1_8' title="bbox 180 970 1774 1043; baseline 0.001 -16"><span class='ocrx_word' id='word_1_50' title='bbox 180 981 296 1037; x_wconf 64' lang='lat' dir='ltr'><strong>est,</strong></span> <span class='ocrx_word' id='word_1_51' title='bbox 330 970 920 1043; x_wconf 85' lang='lat' dir='ltr'><strong>ﬂagitiosissimamque</strong></span> <span class='ocrx_word' id='word_1_52' title='bbox 941 972 1360 1043; x_wconf 77' lang='lat' dir='ltr'><strong>rempublicam&quot;;</strong></span> <span class='ocrx_word' id='word_1_53' title='bbox 1383 985 1437 1028; x_wconf 89' lang='lat' dir='ltr'><strong>et</strong></span> <span class='ocrx_word' id='word_1_54' title='bbox 1459 974 1509 1027; x_wconf 92' lang='lat' dir='ltr'><strong>in</strong></span> <span class='ocrx_word' id='word_1_55' title='bbox 1537 973 1627 1028; x_wconf 87' lang='lat' dir='ltr'><strong>illa</strong></span> <span class='ocrx_word' id='word_1_56' title='bbox 1665 976 1774 1028; x_wconf 82' lang='lat' dir='ltr'><strong>An-</strong></span> 
     </span>
    </p>
   </div>
   <div class='ocr_carea' id='block_1_9' title="bbox 181 1062 1772 1136">
    <p class='ocr_par' dir='ltr' id='par_1_9' title="bbox 181 1062 1772 1136">
     <span class='ocr_line' id='line_1_9' title="bbox 181 1062 1772 1136; baseline 0.002 -19"><span class='ocrx_word' id='word_1_57' title='bbox 181 1063 417 1132; x_wconf 79' lang='lat' dir='ltr'><strong>gelorum</strong></span> <span class='ocrx_word' id='word_1_58' title='bbox 449 1062 681 1134; x_wconf 89' lang='lat' dir='ltr'><strong>quadam</strong></span> <span class='ocrx_word' id='word_1_59' title='bbox 700 1065 1035 1119; x_wconf 87' lang='lat' dir='ltr'><strong>sanctissima</strong></span> <span class='ocrx_word' id='word_1_60' title='bbox 1054 1073 1212 1134; x_wconf 90' lang='lat' dir='ltr'><strong>atque</strong></span> <span class='ocrx_word' id='word_1_61' title='bbox 1228 1065 1600 1136; x_wconf 89' lang='lat' dir='ltr'><strong>augustissima</strong></span> <span class='ocrx_word' id='word_1_62' title='bbox 1625 1067 1772 1120; x_wconf 89' lang='lat' dir='ltr'><strong>curia</strong></span> 
     </span>
    </p>
   </div>
   <div class='ocr_carea' id='block_1_10' title="bbox 181 1156 1827 1226">
    <p class='ocr_par' dir='ltr' id='par_1_10' title="bbox 181 1156 1827 1226">
     <span class='ocr_line' id='line_1_10' title="bbox 181 1156 1827 1226; baseline 0.002 -17"><span class='ocrx_word' id='word_1_63' title='bbox 181 1156 493 1226; x_wconf 70' lang='lat' dir='ltr'><strong>ete‘estique</strong></span> <span class='ocrx_word' id='word_1_64' title='bbox 531 1156 805 1225; x_wconf 84' lang='lat' dir='ltr'><strong>republica</strong></span> <span class='ocrx_word' id='word_1_65' title='bbox 830 1197 845 1220; x_wconf 95' lang='lat'><strong>,</strong></span> <span class='ocrx_word' id='word_1_66' title='bbox 879 1157 965 1211; x_wconf 92' lang='lat' dir='ltr'><strong>ubi</strong></span> <span class='ocrx_word' id='word_1_67' title='bbox 1003 1157 1092 1211; x_wconf 93' lang='lat' dir='ltr'><strong>Dei</strong></span> <span class='ocrx_word' id='word_1_68' title='bbox 1117 1156 1360 1212; x_wconf 86' lang='lat' dir='ltr'><strong>voluntas</strong></span> <span class='ocrx_word' id='word_1_69' title='bbox 1399 1156 1482 1212; x_wconf 90' lang='lat' dir='ltr'><strong>lex</strong></span> <span class='ocrx_word' id='word_1_70' title='bbox 1505 1165 1622 1223; x_wconf 91' lang='lat' dir='ltr'><strong>est,</strong></span> <span class='ocrx_word' id='word_1_71' title='bbox 1658 1158 1773 1212; x_wconf 87' lang='lat' dir='ltr'><strong>cla-</strong></span> <span class='ocrx_word' id='word_1_72' title='bbox 1814 1203 1827 1218; x_wconf 87' lang='lat'><strong>.</strong></span> 
     </span>
    </p>
   </div>
   <div class='ocr_carea' id='block_1_11' title="bbox 181 1247 1760 1320">
    <p class='ocr_par' dir='ltr' id='par_1_11' title="bbox 181 1247 1760 1320">
     <span class='ocr_line' id='line_1_11' title="bbox 181 1247 1760 1320; baseline 0.001 -19"><span class='ocrx_word' id='word_1_73' title='bbox 181 1248 454 1302; x_wconf 85' lang='lat' dir='ltr'><strong>rissimum</strong></span> <span class='ocrx_word' id='word_1_74' title='bbox 473 1247 577 1302; x_wconf 86' lang='lat' dir='ltr'><strong>sibi</strong></span> <span class='ocrx_word' id='word_1_75' title='bbox 601 1248 778 1302; x_wconf 91' lang='lat' dir='ltr'><strong>locum</strong></span> <span class='ocrx_word' id='word_1_76' title='bbox 804 1249 964 1302; x_wconf 87' lang='lat' dir='ltr'><strong>etiam</strong></span> <span class='ocrx_word' id='word_1_77' title='bbox 991 1247 1090 1302; x_wconf 90' lang='lat' dir='ltr'><strong>ista</strong></span> <span class='ocrx_word' id='word_1_78' title='bbox 1119 1247 1396 1303; x_wconf 82' lang='lat' dir='ltr'><strong>tolerantia</strong></span> <span class='ocrx_word' id='word_1_79' title='bbox 1427 1263 1760 1320; x_wconf 88' lang='lat' dir='ltr'><strong>comparare.</strong></span> 
     </span>
    </p>
   </div>
   <div class='ocr_carea' id='block_1_12' title="bbox 179 1357 1772 1429">
    <p class='ocr_par' dir='ltr' id='par_1_12' title="bbox 179 1357 1772 1429">
     <span class='ocr_line' id='line_1_12' title="bbox 179 1357 1772 1429; baseline 0 -15"><span class='ocrx_word' id='word_1_80' title='bbox 179 1357 406 1414; x_wconf 70' lang='lat' dir='ltr'><strong>CAPUT</strong></span> <span class='ocrx_word' id='word_1_81' title='bbox 429 1358 630 1412; x_wconf 75' lang='lat' dir='ltr'><strong>XX.-——</strong></span> <span class='ocrx_word' id='word_1_82' title='bbox 648 1358 801 1425; x_wconf 81' lang='lat' dir='ltr'><strong>Quali</strong></span> <span class='ocrx_word' id='word_1_83' title='bbox 825 1357 975 1412; x_wconf 74' lang='lat' dir='ltr'><strong>uelint</strong></span> <span class='ocrx_word' id='word_1_84' title='bbox 999 1359 1234 1429; x_wconf 74' lang='lat' dir='ltr'><strong>felicitate</strong></span> <span class='ocrx_word' id='word_1_85' title='bbox 1259 1359 1492 1429; x_wconf 81' lang='lat' dir='ltr'><strong>gaudere,</strong></span> <span class='ocrx_word' id='word_1_86' title='bbox 1524 1368 1573 1414; x_wconf 85' lang='lat' dir='ltr'><strong>et</strong></span> <span class='ocrx_word' id='word_1_87' title='bbox 1592 1361 1772 1429; x_wconf 85' lang='lat' dir='ltr'><strong>quibus</strong></span> 
     </span>
    </p>
   </div>
   <div class='ocr_carea' id='block_1_13' title="bbox 244 1451 1772 1522">
    <p class='ocr_par' dir='ltr' id='par_1_13' title="bbox 244 1451 1772 1522">
     <span class='ocr_line' id='line_1_13' title="bbox 244 1451 1772 1522; baseline 0 -18"><span class='ocrx_word' id='word_1_88' title='bbox 244 1453 473 1506; x_wconf 71' lang='lat' dir='ltr'><strong>mor-ibus</strong></span> <span class='ocrx_word' id='word_1_89' title='bbox 487 1453 666 1517; x_wconf 72' lang='lat' dir='ltr'><strong>vicere,</strong></span> <span class='ocrx_word' id='word_1_90' title='bbox 684 1452 773 1521; x_wconf 89' lang='lat' dir='ltr'><strong>qui</strong></span> <span class='ocrx_word' id='word_1_91' title='bbox 792 1460 1017 1522; x_wconf 84' lang='lat' dir='ltr'><strong>tempora</strong></span> <span class='ocrx_word' id='word_1_92' title='bbox 1031 1451 1321 1506; x_wconf 80' lang='lat' dir='ltr'><strong>christiana:</strong></span> <span class='ocrx_word' id='word_1_93' title='bbox 1340 1452 1596 1520; x_wconf 81' lang='lat' dir='ltr'><strong>religionis</strong></span> <span class='ocrx_word' id='word_1_94' title='bbox 1627 1452 1772 1505; x_wconf 82' lang='lat' dir='ltr'><strong>incu-</strong></span> 
     </span>
    </p>
   </div>
   <div class='ocr_carea' id='block_1_14' title="bbox 241 1555 377 1600">
    <p class='ocr_par' dir='ltr' id='par_1_14' title="bbox 241 1555 377 1600">
     <span class='ocr_line' id='line_1_14' title="bbox 241 1555 377 1600; baseline -0.015 0"><span class='ocrx_word' id='word_1_95' title='bbox 241 1555 377 1600; x_wconf 62' lang='lat' dir='ltr'><strong>8M1.</strong></span> 
     </span>
    </p>
   </div>
   <div class='ocr_carea' id='block_1_15' title="bbox 247 1635 1767 1703">
    <p class='ocr_par' dir='ltr' id='par_1_15' title="bbox 247 1635 1767 1703">
     <span class='ocr_line' id='line_1_15' title="bbox 247 1635 1767 1703; baseline -0.001 -12"><span class='ocrx_word' id='word_1_96' title='bbox 247 1637 453 1692; x_wconf 68' lang='lat' dir='ltr'><strong>Verum</strong></span> <span class='ocrx_word' id='word_1_97' title='bbox 481 1636 616 1692; x_wconf 84' lang='lat' dir='ltr'><strong>tales</strong></span> <span class='ocrx_word' id='word_1_98' title='bbox 636 1637 871 1693; x_wconf 87' lang='lat' dir='ltr'><strong>cultores</strong></span> <span class='ocrx_word' id='word_1_99' title='bbox 903 1643 961 1691; x_wconf 90' lang='lat' dir='ltr'><strong>et</strong></span> <span class='ocrx_word' id='word_1_100' title='bbox 977 1636 1259 1692; x_wconf 88' lang='lat' dir='ltr'><strong>dilectores</strong></span> <span class='ocrx_word' id='word_1_101' title='bbox 1278 1635 1499 1691; x_wconf 89' lang='lat' dir='ltr'><strong>deorum</strong></span> <span class='ocrx_word' id='word_1_102' title='bbox 1522 1635 1767 1703; x_wconf 89' lang='lat' dir='ltr'><strong>istorum,</strong></span> 
     </span>
    </p>
   </div>
   <div class='ocr_carea' id='block_1_16' title="bbox 180 1728 1769 1800">
    <p class='ocr_par' dir='ltr' id='par_1_16' title="bbox 180 1728 1769 1800">
     <span class='ocr_line' id='line_1_16' title="bbox 180 1728 1769 1800; baseline 0.001 -16"><span class='ocrx_word' id='word_1_103' title='bbox 180 1745 405 1794; x_wconf 84' lang='lat' dir='ltr'><strong>quorum</strong></span> <span class='ocrx_word' id='word_1_104' title='bbox 458 1730 621 1784; x_wconf 85' lang='lat' dir='ltr'><strong>etiam</strong></span> <span class='ocrx_word' id='word_1_105' title='bbox 665 1729 964 1785; x_wconf 89' lang='lat' dir='ltr'><strong>imitatores</strong></span> <span class='ocrx_word' id='word_1_106' title='bbox 1000 1730 1054 1784; x_wconf 91' lang='lat' dir='ltr'><strong>in</strong></span> <span class='ocrx_word' id='word_1_107' title='bbox 1099 1729 1391 1784; x_wconf 83' lang='lat' dir='ltr'><strong>sceleribus</strong></span> <span class='ocrx_word' id='word_1_108' title='bbox 1457 1737 1512 1784; x_wconf 91' lang='lat' dir='ltr'><strong>et</strong></span> <span class='ocrx_word' id='word_1_109' title='bbox 1557 1728 1769 1800; x_wconf 87' lang='lat' dir='ltr'><strong>ﬂagitiis</strong></span> 
     </span>
    </p>
   </div>
   <div class='ocr_carea' id='block_1_17' title="bbox 177 1811 1834 1892">
    <p class='ocr_par' dir='ltr' id='par_1_17' title="bbox 177 1811 1834 1892">
     <span class='ocr_line' id='line_1_17' title="bbox 177 1811 1834 1892; baseline 0 -16"><span class='ocrx_word' id='word_1_110' title='bbox 177 1835 234 1877; x_wconf 87' lang='lat' dir='ltr'><strong>se</strong></span> <span class='ocrx_word' id='word_1_111' title='bbox 295 1837 418 1876; x_wconf 87' lang='lat' dir='ltr'><strong>esse</strong></span> <span class='ocrx_word' id='word_1_112' title='bbox 482 1821 772 1886; x_wconf 66' lang='lat' dir='ltr'><strong>laetantur,</strong></span> <span class='ocrx_word' id='word_1_113' title='bbox 833 1822 979 1876; x_wconf 90' lang='lat' dir='ltr'><strong>nullo</strong></span> <span class='ocrx_word' id='word_1_114' title='bbox 1027 1821 1188 1876; x_wconf 90' lang='lat' dir='ltr'><strong>modo</strong></span> <span class='ocrx_word' id='word_1_115' title='bbox 1238 1831 1427 1876; x_wconf 86' lang='lat' dir='ltr'><strong>curant</strong></span> <span class='ocrx_word' id='word_1_116' title='bbox 1480 1822 1767 1892; x_wconf 88' lang='lat' dir='ltr'><strong>pessimaut</strong></span> <span class='ocrx_word' id='word_1_117' title='bbox 1825 1811 1834 1818; x_wconf 78' lang='grc'><em>’</em></span> 
     </span>
    </p>
   </div>
   <div class='ocr_carea' id='block_1_18' title="bbox 176 1913 1768 1984">
    <p class='ocr_par' dir='ltr' id='par_1_18' title="bbox 176 1913 1768 1984">
     <span class='ocr_line' id='line_1_18' title="bbox 176 1913 1768 1984; baseline 0.002 -17"><span class='ocrx_word' id='word_1_118' title='bbox 176 1928 234 1967; x_wconf 84' lang='lat' dir='ltr'><strong>ac</strong></span> <span class='ocrx_word' id='word_1_119' title='bbox 274 1913 760 1984; x_wconf 85' lang='lat' dir='ltr'><strong>ﬂagitiosissimam</strong></span> <span class='ocrx_word' id='word_1_120' title='bbox 805 1929 910 1970; x_wconf 93' lang='lat' dir='ltr'><strong>non</strong></span> <span class='ocrx_word' id='word_1_121' title='bbox 949 1929 1071 1968; x_wconf 83' lang='lat' dir='ltr'><strong>esse</strong></span> <span class='ocrx_word' id='word_1_122' title='bbox 1099 1913 1504 1982; x_wconf 87' lang='lat' dir='ltr'><strong>rempublicam.</strong></span> <span class='ocrx_word' id='word_1_123' title='bbox 1535 1913 1768 1970; x_wconf 91' lang='lat' dir='ltr'><strong>Tantum</strong></span> 
     </span>
    </p>
   </div>
   <div class='ocr_carea' id='block_1_19' title="bbox 177 2006 1769 2078">
    <p class='ocr_par' dir='ltr' id='par_1_19' title="bbox 177 2006 1769 2078">
     <span class='ocr_line' id='line_1_19' title="bbox 177 2006 1769 2078; baseline 0.001 -17"><span class='ocrx_word' id='word_1_124' title='bbox 177 2018 317 2072; x_wconf 89' lang='lat' dir='ltr'><strong>stet,</strong></span> <span class='ocrx_word' id='word_1_125' title='bbox 371 2008 660 2076; x_wconf 84' lang='lat' dir='ltr'><strong>inquiunt,</strong></span> <span class='ocrx_word' id='word_1_126' title='bbox 710 2017 916 2062; x_wconf 89' lang='lat' dir='ltr'><strong>tantum</strong></span> <span class='ocrx_word' id='word_1_127' title='bbox 971 2006 1159 2063; x_wconf 89' lang='lat' dir='ltr'><strong>ﬂoreat</strong></span> <span class='ocrx_word' id='word_1_128' title='bbox 1203 2008 1372 2078; x_wconf 83' lang='lat' dir='ltr'><strong>cepiis</strong></span> <span class='ocrx_word' id='word_1_129' title='bbox 1415 2008 1646 2072; x_wconf 89' lang='lat' dir='ltr'><strong>referta,</strong></span> <span class='ocrx_word' id='word_1_130' title='bbox 1691 2008 1769 2062; x_wconf 87' lang='lat' dir='ltr'><strong>vi-</strong></span> 
     </span>
    </p>
   </div>
   <div class='ocr_carea' id='block_1_20' title="bbox 186 2097 1766 2168">
    <p class='ocr_par' dir='ltr' id='par_1_20' title="bbox 186 2097 1766 2168">
     <span class='ocr_line' id='line_1_20' title="bbox 186 2097 1766 2168; baseline 0.001 -17"><span class='ocrx_word' id='word_1_131' title='bbox 186 2097 372 2152; x_wconf 85' lang='lat' dir='ltr'><strong>ctoriis</strong></span> <span class='ocrx_word' id='word_1_132' title='bbox 399 2097 674 2166; x_wconf 86' lang='lat' dir='ltr'><strong>gloriosa;</strong></span> <span class='ocrx_word' id='word_1_133' title='bbox 716 2097 801 2152; x_wconf 91' lang='lat' dir='ltr'><strong>vel</strong></span> <span class='ocrx_word' id='word_1_134' title='bbox 825 2139 840 2164; x_wconf 92' lang='lat'><strong>,</strong></span> <span class='ocrx_word' id='word_1_135' title='bbox 882 2097 1022 2168; x_wconf 90' lang='lat' dir='ltr'><strong>quod</strong></span> <span class='ocrx_word' id='word_1_136' title='bbox 1051 2108 1133 2152; x_wconf 89' lang='lat' dir='ltr'><strong>est</strong></span> <span class='ocrx_word' id='word_1_137' title='bbox 1163 2098 1398 2160; x_wconf 86' lang='lat' dir='ltr'><strong>felicius,</strong></span> <span class='ocrx_word' id='word_1_138' title='bbox 1429 2113 1558 2167; x_wconf 84' lang='lat' dir='ltr'><strong>pace</strong></span> <span class='ocrx_word' id='word_1_139' title='bbox 1579 2113 1766 2153; x_wconf 89' lang='lat' dir='ltr'><strong>secura</strong></span> 
     </span>
    </p>
   </div>
   <div class='ocr_carea' id='block_1_21' title="bbox 172 2185 1763 2258">
    <p class='ocr_par' dir='ltr' id='par_1_21' title="bbox 172 2185 1763 2258">
     <span class='ocr_line' id='line_1_21' title="bbox 172 2185 1763 2258; baseline 0.001 -18"><span class='ocrx_word' id='word_1_140' title='bbox 172 2188 256 2240; x_wconf 85' lang='lat' dir='ltr'><strong>sit.</strong></span> <span class='ocrx_word' id='word_1_141' title='bbox 305 2186 376 2240; x_wconf 86' lang='lat' dir='ltr'><strong>Et</strong></span> <span class='ocrx_word' id='word_1_142' title='bbox 424 2186 559 2257; x_wconf 85' lang='lat' dir='ltr'><strong>quid</strong></span> <span class='ocrx_word' id='word_1_143' title='bbox 607 2185 676 2240; x_wconf 86' lang='lat' dir='ltr'><strong>ad</strong></span> <span class='ocrx_word' id='word_1_144' title='bbox 719 2187 861 2241; x_wconf 86' lang='lat' dir='ltr'><strong>nos?</strong></span> <span class='ocrx_word' id='word_1_145' title='bbox 910 2187 1018 2241; x_wconf 92' lang='lat' dir='ltr'><strong>imo</strong></span> <span class='ocrx_word' id='word_1_146' title='bbox 1060 2187 1110 2241; x_wconf 91' lang='lat' dir='ltr'><strong>id</strong></span> <span class='ocrx_word' id='word_1_147' title='bbox 1161 2187 1229 2241; x_wconf 86' lang='lat' dir='ltr'><strong>ad</strong></span> <span class='ocrx_word' id='word_1_148' title='bbox 1279 2201 1378 2242; x_wconf 90' lang='lat' dir='ltr'><strong>nos</strong></span> <span class='ocrx_word' id='word_1_149' title='bbox 1431 2188 1598 2258; x_wconf 89' lang='lat' dir='ltr'><strong>magis</strong></span> <span class='ocrx_word' id='word_1_150' title='bbox 1640 2204 1763 2258; x_wconf 88' lang='lat' dir='ltr'><strong>per-</strong></span> 
     </span>
    </p>
   </div>
   <div class='ocr_carea' id='block_1_22' title="bbox 171 2278 1767 2351">
    <p class='ocr_par' dir='ltr' id='par_1_22' title="bbox 171 2278 1767 2351">
     <span class='ocr_line' id='line_1_22' title="bbox 171 2278 1767 2351; baseline 0.001 -17"><span class='ocrx_word' id='word_1_151' title='bbox 171 2280 336 2344; x_wconf 86' lang='lat' dir='ltr'><strong>tinet,</strong></span> <span class='ocrx_word' id='word_1_152' title='bbox 396 2281 450 2333; x_wconf 83' lang='lat' dir='ltr'><strong>si</strong></span> <span class='ocrx_word' id='word_1_153' title='bbox 515 2278 734 2333; x_wconf 88' lang='lat' dir='ltr'><strong>divitias</strong></span> <span class='ocrx_word' id='word_1_154' title='bbox 798 2280 1027 2350; x_wconf 85' lang='lat' dir='ltr'><strong>quisque</strong></span> <span class='ocrx_word' id='word_1_155' title='bbox 1083 2295 1295 2351; x_wconf 88' lang='lat' dir='ltr'><strong>semper</strong></span> <span class='ocrx_word' id='word_1_156' title='bbox 1369 2290 1588 2351; x_wconf 91' lang='lat' dir='ltr'><strong>augeat,</strong></span> <span class='ocrx_word' id='word_1_157' title='bbox 1646 2297 1767 2350; x_wconf 75' lang='lat' dir='ltr'><strong>qua:</strong></span> 
     </span>
    </p>
   </div>
   <div class='ocr_carea' id='block_1_23' title="bbox 171 2365 1765 2441">
    <p class='ocr_par' dir='ltr' id='par_1_23' title="bbox 171 2365 1765 2441">
     <span class='ocr_line' id='line_1_23' title="bbox 171 2365 1765 2441; baseline 0.003 -19"><span class='ocrx_word' id='word_1_158' title='bbox 171 2368 501 2438; x_wconf 79' lang='lat' dir='ltr'><strong>quotidianis</strong></span> <span class='ocrx_word' id='word_1_159' title='bbox 549 2365 908 2424; x_wconf 75' lang='lat' dir='ltr'><strong>effusionibus</strong></span> <span class='ocrx_word' id='word_1_160' title='bbox 949 2378 1268 2440; x_wconf 86' lang='lat' dir='ltr'><strong>suppetant,</strong></span> <span class='ocrx_word' id='word_1_161' title='bbox 1331 2386 1427 2440; x_wconf 88' lang='lat' dir='ltr'><strong>per</strong></span> <span class='ocrx_word' id='word_1_162' title='bbox 1486 2385 1620 2441; x_wconf 90' lang='lat' dir='ltr'><strong>quas</strong></span> <span class='ocrx_word' id='word_1_163' title='bbox 1664 2371 1765 2426; x_wconf 90' lang='lat' dir='ltr'><strong>sibi</strong></span> 
     </span>
    </p>
   </div>
   <div class='ocr_carea' id='block_1_24' title="bbox 171 2459 1794 2546">
    <p class='ocr_par' dir='ltr' id='par_1_24' title="bbox 171 2459 1794 2546">
     <span class='ocr_line' id='line_1_24' title="bbox 171 2459 1794 2546; baseline 0 -30"><span class='ocrx_word' id='word_1_164' title='bbox 171 2461 326 2516; x_wconf 83' lang='lat' dir='ltr'><strong>etiam</strong></span> <span class='ocrx_word' id='word_1_165' title='bbox 373 2461 711 2515; x_wconf 77' lang='lat' dir='ltr'><strong>infirmiores</strong></span> <span class='ocrx_word' id='word_1_166' title='bbox 757 2459 951 2514; x_wconf 89' lang='lat' dir='ltr'><strong>subdat</strong></span> <span class='ocrx_word' id='word_1_167' title='bbox 986 2461 1212 2530; x_wconf 88' lang='lat' dir='ltr'><strong>quisque</strong></span> <span class='ocrx_word' id='word_1_168' title='bbox 1269 2462 1552 2531; x_wconf 86' lang='lat' dir='ltr'><strong>potentior.</strong></span> <span class='ocrx_word' id='word_1_169' title='bbox 1591 2461 1794 2546; x_wconf 41' lang='lat' dir='ltr'><strong>Obse-l-</strong></span> 
     </span>
    </p>
   </div>
   <div class='ocr_carea' id='block_1_25' title="bbox 169 2549 1763 2622">
    <p class='ocr_par' dir='ltr' id='par_1_25' title="bbox 169 2549 1763 2622">
     <span class='ocr_line' id='line_1_25' title="bbox 169 2549 1763 2622; baseline 0.001 -17"><span class='ocrx_word' id='word_1_170' title='bbox 169 2558 398 2620; x_wconf 86' lang='lat' dir='ltr'><strong>quantur</strong></span> <span class='ocrx_word' id='word_1_171' title='bbox 449 2549 708 2605; x_wconf 87' lang='lat' dir='ltr'><strong>divitibus</strong></span> <span class='ocrx_word' id='word_1_172' title='bbox 733 2565 997 2619; x_wconf 85' lang='lat' dir='ltr'><strong>pauperes</strong></span> <span class='ocrx_word' id='word_1_173' title='bbox 1045 2565 1207 2605; x_wconf 89' lang='lat' dir='ltr'><strong>causa</strong></span> <span class='ocrx_word' id='word_1_174' title='bbox 1238 2553 1571 2615; x_wconf 86' lang='lat' dir='ltr'><strong>saturitatis;</strong></span> <span class='ocrx_word' id='word_1_175' title='bbox 1604 2561 1763 2622; x_wconf 90' lang='lat' dir='ltr'><strong>atque</strong></span> 
     </span>
    </p>
   </div>
   <div class='ocr_carea' id='block_1_26' title="bbox 172 2641 1761 2712">
    <p class='ocr_par' dir='ltr' id='par_1_26' title="bbox 172 2641 1761 2712">
     <span class='ocr_line' id='line_1_26' title="bbox 172 2641 1761 2712; baseline 0.001 -16"><span class='ocrx_word' id='word_1_176' title='bbox 172 2656 226 2696; x_wconf 88' lang='lat' dir='ltr'><strong>ut</strong></span> <span class='ocrx_word' id='word_1_177' title='bbox 248 2657 441 2696; x_wconf 87' lang='lat' dir='ltr'><strong>eorum</strong></span> <span class='ocrx_word' id='word_1_178' title='bbox 490 2643 807 2711; x_wconf 87' lang='lat' dir='ltr'><strong>patrociniis</strong></span> <span class='ocrx_word' id='word_1_179' title='bbox 849 2641 1022 2711; x_wconf 89' lang='lat' dir='ltr'><strong>quieta</strong></span> <span class='ocrx_word' id='word_1_180' title='bbox 1058 2642 1244 2697; x_wconf 81' lang='lat' dir='ltr'><strong>inertia</strong></span> <span class='ocrx_word' id='word_1_181' title='bbox 1269 2644 1611 2712; x_wconf 75' lang='lat' dir='ltr'><strong>perfruantur</strong></span> <span class='ocrx_word' id='word_1_182' title='bbox 1636 2684 1652 2710; x_wconf 95' lang='lat'><strong>,</strong></span> <span class='ocrx_word' id='word_1_183' title='bbox 1676 2643 1761 2698; x_wconf 87' lang='lat' dir='ltr'><strong>di-</strong></span> 
     </span>
    </p>
   </div>
   <div class='ocr_carea' id='block_1_27' title="bbox 165 2732 1760 2802">
    <p class='ocr_par' dir='ltr' id='par_1_27' title="bbox 165 2732 1760 2802">
     <span class='ocr_line' id='line_1_27' title="bbox 165 2732 1760 2802; baseline 0.002 -16"><span class='ocrx_word' id='word_1_184' title='bbox 165 2735 300 2787; x_wconf 63' lang='lat' dir='ltr'><strong>vites</strong></span> <span class='ocrx_word' id='word_1_185' title='bbox 358 2733 692 2802; x_wconf 80' lang='lat' dir='ltr'><strong>pauperibus</strong></span> <span class='ocrx_word' id='word_1_186' title='bbox 749 2732 816 2786; x_wconf 90' lang='lat' dir='ltr'><strong>ad</strong></span> <span class='ocrx_word' id='word_1_187' title='bbox 866 2733 1140 2788; x_wconf 82' lang='lat' dir='ltr'><strong>clientelas</strong></span> <span class='ocrx_word' id='word_1_188' title='bbox 1185 2742 1242 2788; x_wconf 91' lang='lat' dir='ltr'><strong>et</strong></span> <span class='ocrx_word' id='word_1_189' title='bbox 1287 2733 1356 2788; x_wconf 90' lang='lat' dir='ltr'><strong>ad</strong></span> <span class='ocrx_word' id='word_1_190' title='bbox 1407 2734 1760 2789; x_wconf 89' lang='lat' dir='ltr'><strong>ministerium</strong></span> 
     </span>
    </p>
   </div>
   <div class='ocr_carea' id='block_1_28' title="bbox 167 2823 1762 2894">
    <p class='ocr_par' dir='ltr' id='par_1_28' title="bbox 167 2823 1762 2894">
     <span class='ocr_line' id='line_1_28' title="bbox 167 2823 1762 2894; baseline 0.002 -17"><span class='ocrx_word' id='word_1_191' title='bbox 167 2827 247 2877; x_wconf 85' lang='lat' dir='ltr'><strong>sui</strong></span> <span class='ocrx_word' id='word_1_192' title='bbox 285 2823 458 2878; x_wconf 85' lang='lat' dir='ltr'><strong>fastus</strong></span> <span class='ocrx_word' id='word_1_193' title='bbox 490 2824 802 2878; x_wconf 86' lang='lat' dir='ltr'><strong>abutantur.</strong></span> <span class='ocrx_word' id='word_1_194' title='bbox 837 2824 1021 2893; x_wconf 89' lang='lat' dir='ltr'><strong>Populi</strong></span> <span class='ocrx_word' id='word_1_195' title='bbox 1067 2825 1352 2894; x_wconf 80' lang='lat' dir='ltr'><strong>plaudant,</strong></span> <span class='ocrx_word' id='word_1_196' title='bbox 1402 2841 1506 2880; x_wconf 92' lang='lat' dir='ltr'><strong>non</strong></span> <span class='ocrx_word' id='word_1_197' title='bbox 1546 2827 1762 2882; x_wconf 87' lang='lat' dir='ltr'><strong>consul-</strong></span> 
     </span>
    </p>
   </div>
   <div class='ocr_carea' id='block_1_29' title="bbox 172 2916 1759 2988">
    <p class='ocr_par' dir='ltr' id='par_1_29' title="bbox 172 2916 1759 2988">
     <span class='ocr_line' id='line_1_29' title="bbox 172 2916 1759 2988; baseline 0 -18"><span class='ocrx_word' id='word_1_198' title='bbox 172 2917 369 2970; x_wconf 80' lang='lat' dir='ltr'><strong>toribus</strong></span> <span class='ocrx_word' id='word_1_199' title='bbox 420 2917 716 2970; x_wconf 86' lang='lat' dir='ltr'><strong>utilitatum</strong></span> <span class='ocrx_word' id='word_1_200' title='bbox 766 2931 1022 2983; x_wconf 88' lang='lat' dir='ltr'><strong>suarum,</strong></span> <span class='ocrx_word' id='word_1_201' title='bbox 1075 2917 1170 2972; x_wconf 82' lang='lat' dir='ltr'><strong>sed</strong></span> <span class='ocrx_word' id='word_1_202' title='bbox 1199 2916 1542 2986; x_wconf 86' lang='lat' dir='ltr'><strong>largitorihus</strong></span> <span class='ocrx_word' id='word_1_203' title='bbox 1572 2919 1759 2988; x_wconf 88' lang='lat' dir='ltr'><strong>volup—</strong></span> 
     </span>
    </p>
   </div>
   <div class='ocr_carea' id='block_1_30' title="bbox 169 3007 1761 3078">
    <p class='ocr_par' dir='ltr' id='par_1_30' title="bbox 169 3007 1761 3078">
     <span class='ocr_line' id='line_1_30' title="bbox 169 3007 1761 3078; baseline 0.002 -16"><span class='ocrx_word' id='word_1_204' title='bbox 169 3018 352 3062; x_wconf 81' lang='lat' dir='ltr'><strong>tatum.</strong></span> <span class='ocrx_word' id='word_1_205' title='bbox 422 3007 541 3060; x_wconf 71' lang='lat' dir='ltr'><strong>Non</strong></span> <span class='ocrx_word' id='word_1_206' title='bbox 611 3007 902 3076; x_wconf 70' lang='lat' dir='ltr'><strong>iubeantur</strong></span> <span class='ocrx_word' id='word_1_207' title='bbox 968 3007 1139 3073; x_wconf 91' lang='lat' dir='ltr'><strong>dura,</strong></span> <span class='ocrx_word' id='word_1_208' title='bbox 1207 3023 1314 3063; x_wconf 92' lang='lat' dir='ltr'><strong>non</strong></span> <span class='ocrx_word' id='word_1_209' title='bbox 1379 3009 1761 3078; x_wconf 85' lang='lat' dir='ltr'><strong>prohibeantur</strong></span> 
     </span>
    </p>
   </div>
   <div class='ocr_carea' id='block_1_31' title="bbox 171 3097 1756 3172">
    <p class='ocr_par' dir='ltr' id='par_1_31' title="bbox 171 3097 1756 3172">
     <span class='ocr_line' id='line_1_31' title="bbox 171 3097 1756 3172; baseline 0.003 -20"><span class='ocrx_word' id='word_1_210' title='bbox 171 3098 394 3167; x_wconf 86' lang='lat' dir='ltr'><strong>impura.</strong></span> <span class='ocrx_word' id='word_1_211' title='bbox 433 3097 612 3168; x_wconf 80' lang='lat' dir='ltr'><strong>Reges</strong></span> <span class='ocrx_word' id='word_1_212' title='bbox 651 3114 761 3153; x_wconf 90' lang='lat' dir='ltr'><strong>non</strong></span> <span class='ocrx_word' id='word_1_213' title='bbox 808 3109 999 3153; x_wconf 89' lang='lat' dir='ltr'><strong>curent</strong></span> <span class='ocrx_word' id='word_1_214' title='bbox 1041 3115 1201 3170; x_wconf 87' lang='lat' dir='ltr'><strong>quam</strong></span> <span class='ocrx_word' id='word_1_215' title='bbox 1247 3099 1428 3166; x_wconf 87' lang='lat' dir='ltr'><strong>bonis,</strong></span> <span class='ocrx_word' id='word_1_216' title='bbox 1474 3101 1570 3156; x_wconf 89' lang='lat' dir='ltr'><strong>sed</strong></span> <span class='ocrx_word' id='word_1_217' title='bbox 1596 3117 1756 3172; x_wconf 91' lang='lat' dir='ltr'><strong>quam</strong></span> 
     </span>
    </p>
   </div>
   <div class='ocr_carea' id='block_1_32' title="bbox 167 3189 1758 3262">
    <p class='ocr_par' dir='ltr' id='par_1_32' title="bbox 167 3189 1758 3262">
     <span class='ocr_line' id='line_1_32' title="bbox 167 3189 1758 3262; baseline 0.003 -19"><span class='ocrx_word' id='word_1_218' title='bbox 167 3189 392 3244; x_wconf 82' lang='lat' dir='ltr'><strong>subditis</strong></span> <span class='ocrx_word' id='word_1_219' title='bbox 437 3197 687 3258; x_wconf 77' lang='lat' dir='ltr'><strong>regnent.</strong></span> <span class='ocrx_word' id='word_1_220' title='bbox 731 3189 1027 3244; x_wconf 70' lang='lat' dir='ltr'><strong>Provinciae</strong></span> <span class='ocrx_word' id='word_1_221' title='bbox 1072 3191 1287 3260; x_wconf 80' lang='lat' dir='ltr'><strong>regibus</strong></span> <span class='ocrx_word' id='word_1_222' title='bbox 1350 3207 1453 3246; x_wconf 90' lang='lat' dir='ltr'><strong>non</strong></span> <span class='ocrx_word' id='word_1_223' title='bbox 1509 3203 1758 3262; x_wconf 87' lang='lat' dir='ltr'><strong>tanquam</strong></span> 
     </span>
    </p>
   </div>
   <div class='ocr_carea' id='block_1_33' title="bbox 168 3279 1760 3350">
    <p class='ocr_par' dir='ltr' id='par_1_33' title="bbox 168 3279 1760 3350">
     <span class='ocr_line' id='line_1_33' title="bbox 168 3279 1760 3350; baseline 0.004 -17"><span class='ocrx_word' id='word_1_224' title='bbox 168 3279 469 3334; x_wconf 84' lang='lat' dir='ltr'><strong>rectoribus</strong></span> <span class='ocrx_word' id='word_1_225' title='bbox 485 3294 716 3345; x_wconf 87' lang='lat' dir='ltr'><strong>morum,</strong></span> <span class='ocrx_word' id='word_1_226' title='bbox 745 3279 840 3335; x_wconf 86' lang='lat' dir='ltr'><strong>sed</strong></span> <span class='ocrx_word' id='word_1_227' title='bbox 868 3289 1112 3350; x_wconf 85' lang='lat' dir='ltr'><strong>tanquam</strong></span> <span class='ocrx_word' id='word_1_228' title='bbox 1136 3296 1312 3336; x_wconf 89' lang='lat' dir='ltr'><strong>rerum</strong></span> <span class='ocrx_word' id='word_1_229' title='bbox 1339 3281 1760 3340; x_wconf 84' lang='lat' dir='ltr'><strong>dominatoribus</strong></span> 
     </span>
    </p>
   </div>
   <div class='ocr_carea' id='block_1_34' title="bbox 165 3370 1760 3441">
    <p class='ocr_par' dir='ltr' id='par_1_34' title="bbox 165 3370 1760 3441">
     <span class='ocr_line' id='line_1_34' title="bbox 165 3370 1760 3441; baseline 0.005 -18"><span class='ocrx_word' id='word_1_230' title='bbox 165 3381 218 3424; x_wconf 88' lang='lat' dir='ltr'><strong>et</strong></span> <span class='ocrx_word' id='word_1_231' title='bbox 243 3370 563 3425; x_wconf 84' lang='lat' dir='ltr'><strong>deliciarum</strong></span> <span class='ocrx_word' id='word_1_232' title='bbox 606 3385 830 3426; x_wconf 87' lang='lat' dir='ltr'><strong>suarum</strong></span> <span class='ocrx_word' id='word_1_233' title='bbox 891 3371 1256 3440; x_wconf 89' lang='lat' dir='ltr'><strong>provisoribos</strong></span> <span class='ocrx_word' id='word_1_234' title='bbox 1300 3373 1579 3441; x_wconf 86' lang='lat' dir='ltr'><strong>serviant;</strong></span> <span class='ocrx_word' id='word_1_235' title='bbox 1637 3391 1760 3430; x_wconf 88' lang='lat' dir='ltr'><strong>eos-</strong></span> 
     </span>
    </p>
   </div>
   <div class='ocr_carea' id='block_1_35' title="bbox 168 3461 1760 3534">
    <p class='ocr_par' dir='ltr' id='par_1_35' title="bbox 168 3461 1760 3534">
     <span class='ocr_line' id='line_1_35' title="bbox 168 3461 1760 3534; baseline 0.003 -17"><span class='ocrx_word' id='word_1_236' title='bbox 168 3477 267 3531; x_wconf 84' lang='lat' dir='ltr'><strong>que</strong></span> <span class='ocrx_word' id='word_1_237' title='bbox 341 3477 455 3516; x_wconf 89' lang='lat' dir='ltr'><strong>non</strong></span> <span class='ocrx_word' id='word_1_238' title='bbox 531 3461 815 3517; x_wconf 87' lang='lat' dir='ltr'><strong>sinceriter</strong></span> <span class='ocrx_word' id='word_1_239' title='bbox 867 3461 1162 3530; x_wconf 90' lang='lat' dir='ltr'><strong>honorent,</strong></span> <span class='ocrx_word' id='word_1_240' title='bbox 1215 3462 1311 3518; x_wconf 86' lang='lat' dir='ltr'><strong>sed</strong></span> <span class='ocrx_word' id='word_1_241' title='bbox 1391 3465 1636 3534; x_wconf 77' lang='lat' dir='ltr'><strong>nequiter</strong></span> <span class='ocrx_word' id='word_1_242' title='bbox 1695 3481 1760 3523; x_wconf 88' lang='lat' dir='ltr'><strong>ac</strong></span> 
     </span>
    </p>
   </div>
   <div class='ocr_carea' id='block_1_36' title="bbox 165 3554 1757 3630">
    <p class='ocr_par' dir='ltr' id='par_1_36' title="bbox 165 3554 1757 3630">
     <span class='ocr_line' id='line_1_36' title="bbox 165 3554 1757 3630; baseline 0.003 -20"><span class='ocrx_word' id='word_1_243' title='bbox 165 3554 444 3610; x_wconf 84' lang='lat' dir='ltr'><strong>serviliter</strong></span> <span class='ocrx_word' id='word_1_244' title='bbox 483 3555 722 3610; x_wconf 88' lang='lat' dir='ltr'><strong>timeant.</strong></span> <span class='ocrx_word' id='word_1_245' title='bbox 768 3555 907 3624; x_wconf 90' lang='lat' dir='ltr'><strong>Quid</strong></span> <span class='ocrx_word' id='word_1_246' title='bbox 951 3555 1139 3611; x_wconf 64' lang='lat' dir='ltr'><strong>alienae</strong></span> <span class='ocrx_word' id='word_1_247' title='bbox 1177 3556 1266 3612; x_wconf 85' lang='lat' dir='ltr'><strong>viti</strong></span> <span class='ocrx_word' id='word_1_248' title='bbox 1297 3558 1314 3588; x_wconf 75' lang='lat'>‘</span> <span class='ocrx_word' id='word_1_249' title='bbox 1366 3559 1541 3627; x_wconf 91' lang='lat' dir='ltr'><strong>potius</strong></span> <span class='ocrx_word' id='word_1_250' title='bbox 1597 3576 1757 3630; x_wconf 88' lang='lat' dir='ltr'><strong>quam</strong></span> 
     </span>
    </p>
   </div>
   <div class='ocr_carea' id='block_1_37' title="bbox 167 3644 1754 3718">
    <p class='ocr_par' dir='ltr' id='par_1_37' title="bbox 167 3644 1754 3718">
     <span class='ocr_line' id='line_1_37' title="bbox 167 3644 1754 3718; baseline 0.004 -20"><span class='ocrx_word' id='word_1_251' title='bbox 167 3644 290 3714; x_wconf 86' lang='lat' dir='ltr'><strong>quid</strong></span> <span class='ocrx_word' id='word_1_252' title='bbox 336 3659 455 3699; x_wconf 72' lang='lat' dir='ltr'><strong>sua:</strong></span> <span class='ocrx_word' id='word_1_253' title='bbox 477 3645 601 3699; x_wconf 75' lang='lat' dir='ltr'><strong>vitae</strong></span> <span class='ocrx_word' id='word_1_254' title='bbox 635 3645 863 3715; x_wconf 79' lang='lat' dir='ltr'><strong>quiSqne</strong></span> <span class='ocrx_word' id='word_1_255' title='bbox 904 3655 1126 3714; x_wconf 86' lang='lat' dir='ltr'><strong>noceat,</strong></span> <span class='ocrx_word' id='word_1_256' title='bbox 1177 3647 1384 3718; x_wconf 81' lang='lat' dir='ltr'><strong>legibus</strong></span> <span class='ocrx_word' id='word_1_257' title='bbox 1427 3647 1754 3705; x_wconf 87' lang='lat' dir='ltr'><strong>advertatur.</strong></span> 
     </span>
    </p>
   </div>
   <div class='ocr_carea' id='block_1_38' title="bbox 167 3737 1756 3811">
    <p class='ocr_par' dir='ltr' id='par_1_38' title="bbox 167 3737 1756 3811">
     <span class='ocr_line' id='line_1_38' title="bbox 167 3737 1756 3811; baseline 0.004 -21"><span class='ocrx_word' id='word_1_258' title='bbox 167 3737 352 3793; x_wconf 70' lang='lat' dir='ltr'><strong>Nullus</strong></span> <span class='ocrx_word' id='word_1_259' title='bbox 421 3738 649 3793; x_wconf 89' lang='lat' dir='ltr'><strong>ducatur</strong></span> <span class='ocrx_word' id='word_1_260' title='bbox 699 3737 768 3792; x_wconf 91' lang='lat' dir='ltr'><strong>ad</strong></span> <span class='ocrx_word' id='word_1_261' title='bbox 834 3738 1060 3808; x_wconf 75' lang='lat' dir='ltr'><strong>iudices,</strong></span> <span class='ocrx_word' id='word_1_262' title='bbox 1111 3741 1208 3794; x_wconf 86' lang='lat' dir='ltr'><strong>nisi</strong></span> <span class='ocrx_word' id='word_1_263' title='bbox 1256 3741 1345 3811; x_wconf 91' lang='lat' dir='ltr'><strong>qui</strong></span> <span class='ocrx_word' id='word_1_264' title='bbox 1397 3741 1586 3796; x_wconf 77' lang='lat' dir='ltr'><strong>alienze</strong></span> <span class='ocrx_word' id='word_1_265' title='bbox 1629 3744 1756 3811; x_wconf 89' lang='lat' dir='ltr'><strong>rei,</strong></span> 
     </span>
    </p>
   </div>
   <div class='ocr_carea' id='block_1_39' title="bbox 165 3827 1760 3901">
    <p class='ocr_par' dir='ltr' id='par_1_39' title="bbox 165 3827 1760 3901">
     <span class='ocr_line' id='line_1_39' title="bbox 165 3827 1760 3901; baseline 0.003 -19"><span class='ocrx_word' id='word_1_266' title='bbox 165 3827 380 3894; x_wconf 84' lang='lat' dir='ltr'><strong>domui,</strong></span> <span class='ocrx_word' id='word_1_267' title='bbox 444 3827 654 3895; x_wconf 88' lang='lat' dir='ltr'><strong>saluti,</strong></span> <span class='ocrx_word' id='word_1_268' title='bbox 714 3828 801 3882; x_wconf 85' lang='lat' dir='ltr'><strong>vel</strong></span> <span class='ocrx_word' id='word_1_269' title='bbox 848 3829 1094 3898; x_wconf 85' lang='lat' dir='ltr'><strong>cuiquam</strong></span> <span class='ocrx_word' id='word_1_270' title='bbox 1144 3829 1312 3884; x_wconf 86' lang='lat' dir='ltr'><strong>invito</strong></span> <span class='ocrx_word' id='word_1_271' title='bbox 1352 3829 1512 3884; x_wconf 89' lang='lat' dir='ltr'><strong>fuerit</strong></span> <span class='ocrx_word' id='word_1_272' title='bbox 1567 3831 1760 3901; x_wconf 90' lang='lat' dir='ltr'><strong>impor-</strong></span> 
     </span>
    </p>
   </div>
   <div class='ocr_carea' id='block_1_40' title="bbox 171 3920 1754 3991">
    <p class='ocr_par' dir='ltr' id='par_1_40' title="bbox 171 3920 1754 3991">
     <span class='ocr_line' id='line_1_40' title="bbox 171 3920 1754 3991; baseline 0.005 -19"><span class='ocrx_word' id='word_1_273' title='bbox 171 3929 361 3986; x_wconf 86' lang='lat' dir='ltr'><strong>tunus,</strong></span> <span class='ocrx_word' id='word_1_274' title='bbox 411 3930 507 3975; x_wconf 85' lang='lat' dir='ltr'><strong>aut</strong></span> <span class='ocrx_word' id='word_1_275' title='bbox 539 3920 726 3975; x_wconf 88' lang='lat' dir='ltr'><strong>noxius</strong></span> <span class='ocrx_word' id='word_1_276' title='bbox 766 3939 778 3973; x_wconf 88' lang='lat'>:</span> <span class='ocrx_word' id='word_1_277' title='bbox 811 3930 1058 3975; x_wconf 73' lang='lat' dir='ltr'><strong>eteterum</strong></span> <span class='ocrx_word' id='word_1_278' title='bbox 1088 3921 1156 3977; x_wconf 86' lang='lat' dir='ltr'><strong>de</strong></span> <span class='ocrx_word' id='word_1_279' title='bbox 1183 3922 1327 3989; x_wconf 92' lang='lat' dir='ltr'><strong>suis,</strong></span> <span class='ocrx_word' id='word_1_280' title='bbox 1357 3923 1440 3977; x_wconf 90' lang='lat' dir='ltr'><strong>vel</strong></span> <span class='ocrx_word' id='word_1_281' title='bbox 1465 3939 1584 3979; x_wconf 90' lang='lat' dir='ltr'><strong>cum</strong></span> <span class='ocrx_word' id='word_1_282' title='bbox 1613 3925 1754 3991; x_wconf 91' lang='lat' dir='ltr'><strong>suis,</strong></span> 
     </span>
    </p>
   </div>
   <div class='ocr_carea' id='block_1_41' title="bbox 173 4012 1760 4086">
    <p class='ocr_par' dir='ltr' id='par_1_41' title="bbox 173 4012 1760 4086">
     <span class='ocr_line' id='line_1_41' title="bbox 173 4012 1760 4086; baseline 0.007 -24"><span class='ocrx_word' id='word_1_283' title='bbox 173 4012 251 4066; x_wconf 87' lang='lat' dir='ltr'><strong>vel</strong></span> <span class='ocrx_word' id='word_1_284' title='bbox 298 4027 426 4065; x_wconf 86' lang='lat' dir='ltr'><strong>cum</strong></span> <span class='ocrx_word' id='word_1_285' title='bbox 457 4012 759 4082; x_wconf 86' lang='lat' dir='ltr'><strong>quibusque</strong></span> <span class='ocrx_word' id='word_1_286' title='bbox 799 4013 1102 4068; x_wconf 89' lang='lat' dir='ltr'><strong>volentibus</strong></span> <span class='ocrx_word' id='word_1_287' title='bbox 1144 4013 1302 4068; x_wconf 79' lang='lat' dir='ltr'><strong>faciat</strong></span> <span class='ocrx_word' id='word_1_288' title='bbox 1349 4015 1575 4086; x_wconf 87' lang='lat' dir='ltr'><strong>quisque</strong></span> <span class='ocrx_word' id='word_1_289' title='bbox 1615 4017 1760 4086; x_wconf 90' lang='lat' dir='ltr'><strong>quod</strong></span> 
     </span>
    </p>
   </div>
   <div class='ocr_carea' id='block_1_42' title="bbox 171 4103 1759 4175">
    <p class='ocr_par' dir='ltr' id='par_1_42' title="bbox 171 4103 1759 4175">
     <span class='ocr_line' id='line_1_42' title="bbox 171 4103 1759 4175; baseline 0.005 -19"><span class='ocrx_word' id='word_1_290' title='bbox 171 4103 316 4158; x_wconf 87' lang='lat' dir='ltr'><strong>libet.</strong></span> <span class='ocrx_word' id='word_1_291' title='bbox 347 4103 642 4158; x_wconf 83' lang='lat' dir='ltr'><strong>Abundent</strong></span> <span class='ocrx_word' id='word_1_292' title='bbox 681 4103 888 4173; x_wconf 87' lang='lat' dir='ltr'><strong>publica</strong></span> <span class='ocrx_word' id='word_1_293' title='bbox 917 4114 1092 4159; x_wconf 90' lang='lat' dir='ltr'><strong>scorta</strong></span> <span class='ocrx_word' id='word_1_294' title='bbox 1114 4145 1128 4169; x_wconf 95' lang='lat'><strong>,</strong></span> <span class='ocrx_word' id='word_1_295' title='bbox 1193 4105 1277 4160; x_wconf 87' lang='lat' dir='ltr'><strong>vel</strong></span> <span class='ocrx_word' id='word_1_296' title='bbox 1309 4116 1526 4175; x_wconf 85' lang='lat' dir='ltr'><strong>propter</strong></span> <span class='ocrx_word' id='word_1_297' title='bbox 1570 4123 1759 4164; x_wconf 90' lang='lat' dir='ltr'><strong>omnes</strong></span> 
     </span>
    </p>
   </div>
   <div class='ocr_carea' id='block_1_43' title="bbox 172 4195 1759 4271">
    <p class='ocr_par' dir='ltr' id='par_1_43' title="bbox 172 4195 1759 4271">
     <span class='ocr_line' id='line_1_43' title="bbox 172 4195 1759 4271; baseline 0.006 -24"><span class='ocrx_word' id='word_1_298' title='bbox 172 4197 361 4266; x_wconf 80' lang='lat' dir='ltr'><strong>quibus</strong></span> <span class='ocrx_word' id='word_1_299' title='bbox 395 4196 503 4250; x_wconf 89' lang='lat' dir='ltr'><strong>frui</strong></span> <span class='ocrx_word' id='word_1_300' title='bbox 552 4195 845 4263; x_wconf 88' lang='lat' dir='ltr'><strong>placuerit,</strong></span> <span class='ocrx_word' id='word_1_301' title='bbox 877 4198 958 4251; x_wconf 85' lang='lat' dir='ltr'><strong>vel</strong></span> <span class='ocrx_word' id='word_1_302' title='bbox 990 4206 1204 4266; x_wconf 90' lang='lat' dir='ltr'><strong>propter</strong></span> <span class='ocrx_word' id='word_1_303' title='bbox 1231 4212 1326 4252; x_wconf 89' lang='lat' dir='ltr'><strong>eos</strong></span> <span class='ocrx_word' id='word_1_304' title='bbox 1353 4199 1584 4254; x_wconf 85' lang='lat' dir='ltr'><strong>maxime</strong></span> <span class='ocrx_word' id='word_1_305' title='bbox 1607 4241 1622 4267; x_wconf 92' lang='lat'><strong>,</strong></span> <span class='ocrx_word' id='word_1_306' title='bbox 1667 4201 1759 4271; x_wconf 87' lang='lat' dir='ltr'><strong>qui</strong></span> 
     </span>
    </p>
   </div>
   <div class='ocr_carea' id='block_1_44' title="bbox 173 4287 1760 4360">
    <p class='ocr_par' dir='ltr' id='par_1_44' title="bbox 173 4287 1760 4360">
     <span class='ocr_line' id='line_1_44' title="bbox 173 4287 1760 4360; baseline 0.004 -19"><span class='ocrx_word' id='word_1_307' title='bbox 173 4289 370 4356; x_wconf 83' lang='lat' dir='ltr'><strong>privata</strong></span> <span class='ocrx_word' id='word_1_308' title='bbox 401 4287 605 4342; x_wconf 83' lang='lat' dir='ltr'><strong>habere</strong></span> <span class='ocrx_word' id='word_1_309' title='bbox 632 4304 739 4342; x_wconf 91' lang='lat' dir='ltr'><strong>non</strong></span> <span class='ocrx_word' id='word_1_310' title='bbox 780 4297 1018 4357; x_wconf 90' lang='lat' dir='ltr'><strong>possunt.</strong></span> <span class='ocrx_word' id='word_1_311' title='bbox 1043 4289 1397 4344; x_wconf 88' lang='lat' dir='ltr'><strong>Exstruantur</strong></span> <span class='ocrx_word' id='word_1_312' title='bbox 1417 4291 1760 4360; x_wconf 76' lang='lat' dir='ltr'><strong>amplissima:</strong></span> 
     </span>
    </p>
   </div>
   <div class='ocr_carea' id='block_1_45' title="bbox 171 4380 1758 4455">
    <p class='ocr_par' dir='ltr' id='par_1_45' title="bbox 171 4380 1758 4455">
     <span class='ocr_line' id='line_1_45' title="bbox 171 4380 1758 4455; baseline 0.004 -24"><span class='ocrx_word' id='word_1_313' title='bbox 171 4389 324 4449; x_wconf 85' lang='lat' dir='ltr'><strong>atque</strong></span> <span class='ocrx_word' id='word_1_314' title='bbox 351 4380 715 4434; x_wconf 69' lang='lat' dir='ltr'><strong>ornatissima:</strong></span> <span class='ocrx_word' id='word_1_315' title='bbox 745 4380 966 4447; x_wconf 89' lang='lat' dir='ltr'><strong>domus,</strong></span> <span class='ocrx_word' id='word_1_316' title='bbox 995 4381 1209 4452; x_wconf 88' lang='lat' dir='ltr'><strong>opipara</strong></span> <span class='ocrx_word' id='word_1_317' title='bbox 1235 4383 1478 4437; x_wconf 80' lang='lat' dir='ltr'><strong>convivia</strong></span> <span class='ocrx_word' id='word_1_318' title='bbox 1507 4382 1758 4455; x_wconf 87' lang='lat' dir='ltr'><strong>frequen-</strong></span> 
     </span>
    </p>
   </div>
   <div class='ocr_carea' id='block_1_46' title="bbox 180 4473 1760 4546">
    <p class='ocr_par' dir='ltr' id='par_1_46' title="bbox 180 4473 1760 4546">
     <span class='ocr_line' id='line_1_46' title="bbox 180 4473 1760 4546; baseline 0.003 -19"><span class='ocrx_word' id='word_1_319' title='bbox 180 4485 396 4538; x_wconf 88' lang='lat' dir='ltr'><strong>tentur;</strong></span> <span class='ocrx_word' id='word_1_320' title='bbox 429 4474 522 4529; x_wconf 89' lang='lat' dir='ltr'><strong>ubi</strong></span> <span class='ocrx_word' id='word_1_321' title='bbox 549 4473 742 4543; x_wconf 90' lang='lat' dir='ltr'><strong>cuique</strong></span> <span class='ocrx_word' id='word_1_322' title='bbox 772 4473 985 4528; x_wconf 90' lang='lat' dir='ltr'><strong>libuerit</strong></span> <span class='ocrx_word' id='word_1_323' title='bbox 1009 4483 1063 4530; x_wconf 91' lang='lat' dir='ltr'><strong>et</strong></span> <span class='ocrx_word' id='word_1_324' title='bbox 1090 4476 1352 4544; x_wconf 81' lang='lat' dir='ltr'><strong>potuerit,</strong></span> <span class='ocrx_word' id='word_1_325' title='bbox 1384 4475 1473 4530; x_wconf 90' lang='lat' dir='ltr'><strong>die</strong></span> <span class='ocrx_word' id='word_1_326' title='bbox 1496 4486 1760 4546; x_wconf 89' lang='lat' dir='ltr'><strong>noctuque</strong></span> 
     </span>
    </p>
   </div>
   <div class='ocr_carea' id='block_1_47' title="bbox 178 4565 1759 4633">
    <p class='ocr_par' dir='ltr' id='par_1_47' title="bbox 178 4565 1759 4633">
     <span class='ocr_line' id='line_1_47' title="bbox 178 4565 1759 4633; baseline 0.002 -13"><span class='ocrx_word' id='word_1_327' title='bbox 178 4567 421 4633; x_wconf 82' lang='lat' dir='ltr'><strong>ludatur,</strong></span> <span class='ocrx_word' id='word_1_328' title='bbox 468 4565 719 4633; x_wconf 88' lang='lat' dir='ltr'><strong>bibatur,</strong></span> <span class='ocrx_word' id='word_1_329' title='bbox 761 4575 1041 4630; x_wconf 89' lang='lat' dir='ltr'><strong>vomatur,</strong></span> <span class='ocrx_word' id='word_1_330' title='bbox 1088 4567 1378 4621; x_wconf 85' lang='lat' dir='ltr'><strong>diffluatnr.</strong></span> <span class='ocrx_word' id='word_1_331' title='bbox 1437 4568 1759 4624; x_wconf 84' lang='lat' dir='ltr'><strong>Saltationes</strong></span> 
     </span>
    </p>
   </div>
   <div class='ocr_carea' id='block_1_48' title="bbox 175 4657 1760 4728">
    <p class='ocr_par' dir='ltr' id='par_1_48' title="bbox 175 4657 1760 4728">
     <span class='ocr_line' id='line_1_48' title="bbox 175 4657 1760 4728; baseline 0 -16"><span class='ocrx_word' id='word_1_332' title='bbox 175 4659 409 4728; x_wconf 86' lang='lat' dir='ltr'><strong>undique</strong></span> <span class='ocrx_word' id='word_1_333' title='bbox 455 4664 823 4726; x_wconf 87' lang='lat' dir='ltr'><strong>concrepent,</strong></span> <span class='ocrx_word' id='word_1_334' title='bbox 869 4657 1072 4710; x_wconf 87' lang='lat' dir='ltr'><strong>theatra</strong></span> <span class='ocrx_word' id='word_1_335' title='bbox 1118 4657 1634 4713; x_wconf 68' lang='lat' dir='ltr'><strong>inbonestzeltetitize</strong></span> <span class='ocrx_word' id='word_1_336' title='bbox 1664 4673 1760 4712; x_wconf 83' lang='lat' dir='ltr'><strong>vo-</strong></span> 
     </span>
    </p>
   </div>
   <div class='ocr_carea' id='block_1_49' title="bbox 174 4749 1758 4820">
    <p class='ocr_par' dir='ltr' id='par_1_49' title="bbox 174 4749 1758 4820">
     <span class='ocr_line' id='line_1_49' title="bbox 174 4749 1758 4820; baseline -0.001 -14"><span class='ocrx_word' id='word_1_337' title='bbox 174 4753 318 4806; x_wconf 80' lang='lat' dir='ltr'><strong>cibus</strong></span> <span class='ocrx_word' id='word_1_338' title='bbox 347 4761 518 4820; x_wconf 89' lang='lat' dir='ltr'><strong>atquc</strong></span> <span class='ocrx_word' id='word_1_339' title='bbox 538 4750 683 4802; x_wconf 90' lang='lat' dir='ltr'><strong>omni</strong></span> <span class='ocrx_word' id='word_1_340' title='bbox 726 4763 922 4819; x_wconf 87' lang='lat' dir='ltr'><strong>genere</strong></span> <span class='ocrx_word' id='word_1_341' title='bbox 951 4749 1063 4803; x_wconf 87' lang='lat' dir='ltr'><strong>sive</strong></span> <span class='ocrx_word' id='word_1_342' title='bbox 1089 4749 1472 4804; x_wconf 61' lang='lat' dir='ltr'><strong>crudelissima:</strong></span> <span class='ocrx_word' id='word_1_343' title='bbox 1503 4749 1615 4804; x_wconf 83' lang='lat' dir='ltr'><strong>sive</strong></span> <span class='ocrx_word' id='word_1_344' title='bbox 1646 4758 1758 4804; x_wconf 89' lang='lat' dir='ltr'><strong>tur-</strong></span> 
     </span>
    </p>
   </div>
   <div class='ocr_carea' id='block_1_50' title="bbox 176 4841 1760 4915">
    <p class='ocr_par' dir='ltr' id='par_1_50' title="bbox 176 4841 1760 4915">
     <span class='ocr_line' id='line_1_50' title="bbox 176 4841 1760 4915; baseline 0 -18"><span class='ocrx_word' id='word_1_345' title='bbox 176 4847 408 4915; x_wconf 64' lang='lat' dir='ltr'><strong>pissimae</strong></span> <span class='ocrx_word' id='word_1_346' title='bbox 479 4843 768 4913; x_wconf 87' lang='lat' dir='ltr'><strong>voluptatis</strong></span> <span class='ocrx_word' id='word_1_347' title='bbox 841 4851 1153 4896; x_wconf 72' lang='lat' dir='ltr'><strong>exarstuent.</strong></span> <span class='ocrx_word' id='word_1_348' title='bbox 1225 4841 1316 4896; x_wconf 88' lang='lat' dir='ltr'><strong>Ille</strong></span> <span class='ocrx_word' id='word_1_349' title='bbox 1387 4843 1456 4896; x_wconf 82' lang='lat' dir='ltr'><strong>sit</strong></span> <span class='ocrx_word' id='word_1_350' title='bbox 1516 4842 1760 4913; x_wconf 89' lang='lat' dir='ltr'><strong>publicus</strong></span> 
     </span>
    </p>
   </div>
   <div class='ocr_carea' id='block_1_51' title="bbox 177 4931 1760 5003">
    <p class='ocr_par' dir='ltr' id='par_1_51' title="bbox 177 4931 1760 5003">
     <span class='ocr_line' id='line_1_51' title="bbox 177 4931 1760 5003; baseline -0.002 -12"><span class='ocrx_word' id='word_1_351' title='bbox 177 4939 459 5000; x_wconf 80' lang='lat' dir='ltr'><strong>inimicus,</strong></span> <span class='ocrx_word' id='word_1_352' title='bbox 512 4935 599 4990; x_wconf 90' lang='lat' dir='ltr'><strong>cui</strong></span> <span class='ocrx_word' id='word_1_353' title='bbox 637 4935 748 4988; x_wconf 75' lang='lat' dir='ltr'><strong>lure</strong></span> <span class='ocrx_word' id='word_1_354' title='bbox 795 4931 1017 4987; x_wconf 82' lang='lat' dir='ltr'><strong>felicitas</strong></span> <span class='ocrx_word' id='word_1_355' title='bbox 1046 4932 1322 5002; x_wconf 81' lang='lat' dir='ltr'><strong>displicet;</strong></span> <span class='ocrx_word' id='word_1_356' title='bbox 1372 4933 1614 5003; x_wconf 88' lang='lat' dir='ltr'><strong>quisquis</strong></span> <span class='ocrx_word' id='word_1_357' title='bbox 1641 4949 1760 4988; x_wconf 89' lang='lat' dir='ltr'><strong>eam</strong></span> 
     </span>
    </p>
   </div>
   <div class='ocr_carea' id='block_1_52' title="bbox 177 5023 1761 5090">
    <p class='ocr_par' dir='ltr' id='par_1_52' title="bbox 177 5023 1761 5090">
     <span class='ocr_line' id='line_1_52' title="bbox 177 5023 1761 5090; baseline -0.002 -8"><span class='ocrx_word' id='word_1_358' title='bbox 177 5040 378 5084; x_wconf 88' lang='lat' dir='ltr'><strong>mutare</strong></span> <span class='ocrx_word' id='word_1_359' title='bbox 409 5027 494 5082; x_wconf 87' lang='lat' dir='ltr'><strong>vel</strong></span> <span class='ocrx_word' id='word_1_360' title='bbox 525 5026 738 5081; x_wconf 88' lang='lat' dir='ltr'><strong>auferre</strong></span> <span class='ocrx_word' id='word_1_361' title='bbox 776 5024 1054 5079; x_wconf 88' lang='lat' dir='ltr'><strong>tentaverit</strong></span> <span class='ocrx_word' id='word_1_362' title='bbox 1080 5065 1096 5090; x_wconf 95' lang='lat'><strong>,</strong></span> <span class='ocrx_word' id='word_1_363' title='bbox 1129 5039 1249 5078; x_wconf 91' lang='lat' dir='ltr'><strong>eum</strong></span> <span class='ocrx_word' id='word_1_364' title='bbox 1283 5023 1447 5078; x_wconf 89' lang='lat' dir='ltr'><strong>libera</strong></span> <span class='ocrx_word' id='word_1_365' title='bbox 1478 5025 1761 5079; x_wconf 88' lang='lat' dir='ltr'><strong>multitudo</strong></span> 
     </span>
    </p>
   </div>
   <div class='ocr_carea' id='block_1_53' title="bbox 181 5115 1760 5182">
    <p class='ocr_par' dir='ltr' id='par_1_53' title="bbox 181 5115 1760 5182">
     <span class='ocr_line' id='line_1_53' title="bbox 181 5115 1760 5182; baseline -0.002 -8"><span class='ocrx_word' id='word_1_366' title='bbox 181 5131 392 5176; x_wconf 85' lang='lat' dir='ltr'><strong>avertat</strong></span> <span class='ocrx_word' id='word_1_367' title='bbox 441 5119 508 5174; x_wconf 86' lang='lat' dir='ltr'><strong>ab</strong></span> <span class='ocrx_word' id='word_1_368' title='bbox 553 5117 814 5181; x_wconf 89' lang='lat' dir='ltr'><strong>auribus,</strong></span> <span class='ocrx_word' id='word_1_369' title='bbox 862 5124 1065 5171; x_wconf 90' lang='lat' dir='ltr'><strong>evertat</strong></span> <span class='ocrx_word' id='word_1_370' title='bbox 1106 5130 1135 5169; x_wconf 92' lang='lat' dir='ltr'><strong>a</strong></span> <span class='ocrx_word' id='word_1_371' title='bbox 1163 5115 1416 5182; x_wconf 82' lang='lat' dir='ltr'><strong>sedibus,</strong></span> <span class='ocrx_word' id='word_1_372' title='bbox 1472 5115 1680 5170; x_wconf 82' lang='lat' dir='ltr'><strong>auferat</strong></span> <span class='ocrx_word' id='word_1_373' title='bbox 1729 5132 1760 5171; x_wconf 93' lang='lat' dir='ltr'><strong>a</strong></span> 
     </span>
    </p>
   </div>
   <div class='ocr_carea' id='block_1_54' title="bbox 179 5207 1757 5277">
    <p class='ocr_par' dir='ltr' id='par_1_54' title="bbox 179 5207 1757 5277">
     <span class='ocr_line' id='line_1_54' title="bbox 179 5207 1757 5277; baseline -0.001 -13"><span class='ocrx_word' id='word_1_374' title='bbox 179 5213 494 5268; x_wconf 77' lang='lat' dir='ltr'><strong>viventibus.</strong></span> <span class='ocrx_word' id='word_1_375' title='bbox 529 5209 605 5264; x_wconf 89' lang='lat' dir='ltr'><strong>llli</strong></span> <span class='ocrx_word' id='word_1_376' title='bbox 637 5209 938 5264; x_wconf 89' lang='lat' dir='ltr'><strong>habeantur</strong></span> <span class='ocrx_word' id='word_1_377' title='bbox 981 5207 1074 5262; x_wconf 88' lang='lat' dir='ltr'><strong>dii.</strong></span> <span class='ocrx_word' id='word_1_378' title='bbox 1109 5207 1216 5262; x_wconf 86' lang='lat' dir='ltr'><strong>veri</strong></span> <span class='ocrx_word' id='word_1_379' title='bbox 1245 5247 1260 5272; x_wconf 90' lang='lat'><strong>,</strong></span> <span class='ocrx_word' id='word_1_380' title='bbox 1309 5207 1400 5277; x_wconf 92' lang='lat' dir='ltr'><strong>qui</strong></span> <span class='ocrx_word' id='word_1_381' title='bbox 1431 5207 1566 5261; x_wconf 89' lang='lat' dir='ltr'><strong>hanc</strong></span> <span class='ocrx_word' id='word_1_382' title='bbox 1591 5208 1757 5277; x_wconf 77' lang='lat' dir='ltr'><strong>adipi-</strong></span> 
     </span>
    </p>
   </div>
   <div class='ocr_carea' id='block_1_55' title="bbox 177 5297 1761 5372">
    <p class='ocr_par' dir='ltr' id='par_1_55' title="bbox 177 5297 1761 5372">
     <span class='ocr_line' id='line_1_55' title="bbox 177 5297 1761 5372; baseline -0.002 -15"><span class='ocrx_word' id='word_1_383' title='bbox 177 5302 422 5357; x_wconf 83' lang='lat' dir='ltr'><strong>scendam</strong></span> <span class='ocrx_word' id='word_1_384' title='bbox 454 5301 664 5372; x_wconf 86' lang='lat' dir='ltr'><strong>populis</strong></span> <span class='ocrx_word' id='word_1_385' title='bbox 699 5298 1138 5370; x_wconf 89' lang='lat' dir='ltr'><strong>proeuraverint,</strong></span> <span class='ocrx_word' id='word_1_386' title='bbox 1183 5297 1534 5368; x_wconf 87' lang='lat' dir='ltr'><strong>adeptamque</strong></span> <span class='ocrx_word' id='word_1_387' title='bbox 1577 5313 1761 5354; x_wconf 88' lang='lat' dir='ltr'><strong>serva-</strong></span> 
     </span>
    </p>
   </div>
   <div class='ocr_carea' id='block_1_56' title="bbox 230 5412 1764 5484">
    <p class='ocr_par' dir='ltr' id='par_1_56' title="bbox 230 5412 1764 5484">
     <span class='ocr_line' id='line_1_56' title="bbox 230 5412 1764 5484; baseline -0.005 -15"><span class='ocrx_word' id='word_1_388' title='bbox 230 5420 252 5453; x_wconf 79' lang='grc'>²</span> <span class='ocrx_word' id='word_1_389' title='bbox 287 5418 468 5484; x_wconf 78' lang='lat' dir='ltr'><strong>Aliquot</strong></span> <span class='ocrx_word' id='word_1_390' title='bbox 509 5426 644 5484; x_wconf 56' lang='lat' dir='ltr'><strong>Mss,</strong></span> <span class='ocrx_word' id='word_1_391' title='bbox 669 5416 804 5467; x_wconf 66' lang='grc' dir='ltr'><strong>ιοίαε.</strong></span> <span class='ocrx_word' id='word_1_392' title='bbox 830 5413 962 5463; x_wconf 81' lang='lat' dir='ltr'><strong>vim].</strong></span> <span class='ocrx_word' id='word_1_393' title='bbox 998 5420 1097 5462; x_wconf 79' lang='lat' dir='ltr'><strong>Am.</strong></span> <span class='ocrx_word' id='word_1_394' title='bbox 1122 5419 1194 5462; x_wconf 78' lang='lat' dir='ltr'><strong>Er.</strong></span> <span class='ocrx_word' id='word_1_395' title='bbox 1221 5419 1329 5462; x_wconf 86' lang='lat' dir='ltr'><strong>Lov.</strong></span> <span class='ocrx_word' id='word_1_396' title='bbox 1351 5445 1366 5472; x_wconf 97' lang='lat'><strong>,</strong></span> <span class='ocrx_word' id='word_1_397' title='bbox 1390 5412 1555 5464; x_wconf 74' lang='lat' dir='ltr'><strong>vineta.</strong></span> <span class='ocrx_word' id='word_1_398' title='bbox 1588 5438 1650 5449; x_wconf 88' lang='lat'><strong>--</strong></span> <span class='ocrx_word' id='word_1_399' title='bbox 1690 5413 1764 5462; x_wconf 88' lang='lat' dir='ltr'><strong>sic</strong></span> 
     </span>
    </p>
   </div>
   <div class='ocr_carea' id='block_1_57' title="bbox 178 5482 1701 5548">
    <p class='ocr_par' dir='ltr' id='par_1_57' title="bbox 178 5482 1701 5548">
     <span class='ocr_line' id='line_1_57' title="bbox 178 5482 1701 5548; baseline -0.001 0"><span class='ocrx_word' id='word_1_400' title='bbox 178 5482 639 5548; x_wconf 55' lang='lat' dir='ltr'><strong>mnWTin_-</strong></span> <span class='ocrx_word' id='word_1_401' title='bbox 715 5484 815 5548; x_wconf 61' lang='grc' dir='ltr'><strong>δίς..</strong></span> <span class='ocrx_word' id='word_1_402' title='bbox 1140 5544 1149 5548; x_wconf 81' lang='lat'><strong>-</strong></span> <span class='ocrx_word' id='word_1_403' title='bbox 1328 5539 1338 5548; x_wconf 93' lang='lat'><strong>.</strong></span> <span class='ocrx_word' id='word_1_404' title='bbox 1691 5536 1701 5547; x_wconf 92' lang='lat'><strong>.</strong></span> 
     </span>
    </p>
   </div>
   <div class='ocr_carea' id='block_1_58' title="bbox 228 5537 1762 5608">
    <p class='ocr_par' dir='ltr' id='par_1_58' title="bbox 228 5537 1762 5608">
     <span class='ocr_line' id='line_1_58' title="bbox 228 5537 1762 5608; baseline -0.003 -22"><span class='ocrx_word' id='word_1_405' title='bbox 228 5547 292 5608; x_wconf 70' lang='grc' dir='ltr'><strong>(τι)</strong></span> <span class='ocrx_word' id='word_1_406' title='bbox 318 5548 483 5599; x_wconf 61' lang='lat' dir='ltr'><strong>unum</strong></span> <span class='ocrx_word' id='word_1_407' title='bbox 509 5546 574 5596; x_wconf 69' lang='lat' dir='ltr'><strong>ad</strong></span> <span class='ocrx_word' id='word_1_408' title='bbox 599 5544 738 5608; x_wconf 58' lang='lat' dir='ltr'><strong>duas</strong></span> <span class='ocrx_word' id='word_1_409' title='bbox 762 5537 877 5608; x_wconf 83' lang='lat' dir='ltr'><strong>illas</strong></span> <span class='ocrx_word' id='word_1_410' title='bbox 891 5540 1082 5608; x_wconf 71' lang='lat' dir='ltr'><strong>virtutis</strong></span> <span class='ocrx_word' id='word_1_411' title='bbox 1105 5544 1156 5587; x_wconf 90' lang='lat' dir='ltr'><strong>et</strong></span> <span class='ocrx_word' id='word_1_412' title='bbox 1176 5537 1416 5608; x_wconf 44' lang='lat' dir='ltr'><strong>vitiivias,</strong></span> <span class='ocrx_word' id='word_1_413' title='bbox 1448 5547 1570 5608; x_wconf 85' lang='lat' dir='ltr'><strong>quas</strong></span> <span class='ocrx_word' id='word_1_414' title='bbox 1594 5537 1762 5608; x_wconf 59' lang='lat' dir='ltr'><strong>[lesio-</strong></span> 
     </span>
    </p>
   </div>
   <div class='ocr_carea' id='block_1_59' title="bbox 174 5597 1763 5674">
    <p class='ocr_par' dir='ltr' id='par_1_59' title="bbox 174 5597 1763 5674">
     <span class='ocr_line' id='line_1_59' title="bbox 174 5597 1763 5674; baseline 0.001 -2"><span class='ocrx_word' id='word_1_415' title='bbox 174 5597 244 5658; x_wconf 67' lang='grc' dir='ltr'><strong>αιέ</strong></span> <span class='ocrx_word' id='word_1_416' title='bbox 261 5597 751 5674; x_wconf 48' lang='lat' dir='ltr'><strong>adiiciamus</strong></span> <span class='ocrx_word' id='word_1_417' title='bbox 785 5599 1067 5674; x_wconf 53' lang='lat' dir='ltr'><strong>caecus</strong></span> <span class='ocrx_word' id='word_1_418' title='bbox 1358 5597 1500 5674; x_wconf 61' lang='lat' dir='ltr'><strong>seu</strong></span> <span class='ocrx_word' id='word_1_419' title='bbox 1527 5597 1763 5674; x_wconf 57' lang='lat' dir='ltr'><strong>egeni:</strong></span> 
     </span>
    </p>
   </div>
   <div class='ocr_carea' id='block_1_60' title="bbox 161 5657 1761 5740">
    <p class='ocr_par' dir='ltr' id='par_1_60' title="bbox 161 5657 1761 5740">
     <span class='ocr_line' id='line_1_60' title="bbox 161 5657 1761 5740; baseline 0.003 -36"><span class='ocrx_word' id='word_1_420' title='bbox 161 5657 235 5723; x_wconf 59' lang='lat' dir='ltr'><strong>abi</strong></span> <span class='ocrx_word' id='word_1_421' title='bbox 247 5657 826 5740; x_wconf 42' lang='grc' dir='ltr'><strong>ἧξίᾶᾔὲᾱάειιορὲθπξ,</strong></span> <span class='ocrx_word' id='word_1_422' title='bbox 854 5660 939 5708; x_wconf 85' lang='lat' dir='ltr'><strong>lib.</strong></span> <span class='ocrx_word' id='word_1_423' title='bbox 965 5660 1406 5740; x_wconf 35' lang='lat' dir='ltr'><strong>ﬁgieniorahilium,</strong></span> <span class='ocrx_word' id='word_1_424' title='bbox 1432 5657 1536 5722; x_wconf 75' lang='lat' dir='ltr'><strong>cap.</strong></span> <span class='ocrx_word' id='word_1_425' title='bbox 1562 5657 1608 5707; x_wconf 77' lang='grc'><strong>2.</strong></span> <span class='ocrx_word' id='word_1_426' title='bbox 1630 5658 1761 5707; x_wconf 67' lang='lat' dir='ltr'><strong>[Inde</strong></span> 
     </span>
    </p>
   </div>
   <div class='ocr_carea' id='block_1_61' title="bbox 147 5721 1164 5808">
    <p class='ocr_par' dir='ltr' id='par_1_61' title="bbox 147 5721 1164 5808">
     <span class='ocr_line' id='line_1_61' title="bbox 147 5721 1164 5808; baseline -0.03 -11"><span class='ocrx_word' id='word_1_427' title='bbox 147 5721 622 5808; x_wconf 45' lang='lat' dir='ltr'><strong>deﬁniant&quot;</strong></span> <span class='ocrx_word' id='word_1_428' title='bbox 654 5728 755 5776; x_wconf 74' lang='lat' dir='ltr'><strong>tm.</strong></span> <span class='ocrx_word' id='word_1_429' title='bbox 785 5724 828 5784; x_wconf 86' lang='lat' dir='ltr'><strong>l,</strong></span> <span class='ocrx_word' id='word_1_430' title='bbox 855 5733 958 5783; x_wconf 80' lang='lat' dir='ltr'><strong>cap.</strong></span> <span class='ocrx_word' id='word_1_431' title='bbox 985 5721 1060 5770; x_wconf 74' lang='lat' dir='ltr'><strong>se.</strong></span> 
     </span>
    </p>
   </div>
   <div class='ocr_carea' id='block_1_62' title="bbox 1885 418 3464 508">
    <p class='ocr_par' dir='ltr' id='par_1_62' title="bbox 1885 418 3464 508">
     <span class='ocr_line' id='line_1_62' title="bbox 1885 418 3464 508; baseline 0.016 -37"><span class='ocrx_word' id='word_1_432' title='bbox 1885 419 2076 474; x_wconf 87' lang='lat' dir='ltr'><strong>verint.</strong></span> <span class='ocrx_word' id='word_1_433' title='bbox 2103 418 2366 477; x_wconf 87' lang='lat' dir='ltr'><strong>Colantur</strong></span> <span class='ocrx_word' id='word_1_434' title='bbox 2388 429 2446 478; x_wconf 93' lang='lat' dir='ltr'><strong>ut</strong></span> <span class='ocrx_word' id='word_1_435' title='bbox 2471 423 2756 493; x_wconf 87' lang='lat' dir='ltr'><strong>voluerint,</strong></span> <span class='ocrx_word' id='word_1_436' title='bbox 2788 427 2940 486; x_wconf 90' lang='lat' dir='ltr'><strong>ludos</strong></span> <span class='ocrx_word' id='word_1_437' title='bbox 2964 445 3255 504; x_wconf 71' lang='lat' dir='ltr'><strong>exposcunt</strong></span> <span class='ocrx_word' id='word_1_438' title='bbox 3282 441 3464 508; x_wconf 87' lang='lat' dir='ltr'><strong>quales</strong></span> 
     </span>
    </p>
   </div>
   <div class='ocr_carea' id='block_1_63' title="bbox 1882 509 3533 593">
    <p class='ocr_par' dir='ltr' id='par_1_63' title="bbox 1882 509 3533 593">
     <span class='ocr_line' id='line_1_63' title="bbox 1882 509 3533 593; baseline 0.017 -30"><span class='ocrx_word' id='word_1_439' title='bbox 1882 509 2186 577; x_wconf 86' lang='lat' dir='ltr'><strong>voluerint,</strong></span> <span class='ocrx_word' id='word_1_440' title='bbox 2231 527 2366 581; x_wconf 88' lang='lat' dir='ltr'><strong>quos</strong></span> <span class='ocrx_word' id='word_1_441' title='bbox 2411 528 2530 569; x_wconf 90' lang='lat' dir='ltr'><strong>cum</strong></span> <span class='ocrx_word' id='word_1_442' title='bbox 2559 517 2671 572; x_wconf 90' lang='lat' dir='ltr'><strong>suis</strong></span> <span class='ocrx_word' id='word_1_443' title='bbox 2694 518 2778 575; x_wconf 89' lang='lat' dir='ltr'><strong>vel</strong></span> <span class='ocrx_word' id='word_1_444' title='bbox 2805 519 2874 576; x_wconf 90' lang='lat' dir='ltr'><strong>de</strong></span> <span class='ocrx_word' id='word_1_445' title='bbox 2897 523 3008 576; x_wconf 89' lang='lat' dir='ltr'><strong>suis</strong></span> <span class='ocrx_word' id='word_1_446' title='bbox 3033 526 3241 593; x_wconf 80' lang='lat' dir='ltr'><strong>possint</strong></span> <span class='ocrx_word' id='word_1_447' title='bbox 3268 528 3463 588; x_wconf 82' lang='lat' dir='ltr'><strong>habere</strong></span> <span class='ocrx_word' id='word_1_448' title='bbox 3499 527 3533 590; x_wconf 68' lang='grc' dir='ltr'><em>τ</em></span> 
     </span>
    </p>
   </div>
   <div class='ocr_carea' id='block_1_64' title="bbox 1880 599 3462 677">
    <p class='ocr_par' dir='ltr' id='par_1_64' title="bbox 1880 599 3462 677">
     <span class='ocr_line' id='line_1_64' title="bbox 1880 599 3462 677; baseline 0.015 -24"><span class='ocrx_word' id='word_1_449' title='bbox 1880 599 2225 655; x_wconf 88' lang='lat' dir='ltr'><strong>cultoribus:</strong></span> <span class='ocrx_word' id='word_1_450' title='bbox 2275 610 2480 659; x_wconf 89' lang='lat' dir='ltr'><strong>tantum</strong></span> <span class='ocrx_word' id='word_1_451' title='bbox 2531 605 2766 664; x_wconf 82' lang='lat' dir='ltr'><strong>efficiant</strong></span> <span class='ocrx_word' id='word_1_452' title='bbox 2815 621 2870 666; x_wconf 91' lang='lat' dir='ltr'><strong>ut</strong></span> <span class='ocrx_word' id='word_1_453' title='bbox 2915 614 3003 668; x_wconf 86' lang='lat' dir='ltr'><strong>tali</strong></span> <span class='ocrx_word' id='word_1_454' title='bbox 3050 614 3286 674; x_wconf 81' lang='lat' dir='ltr'><strong>felicitati</strong></span> <span class='ocrx_word' id='word_1_455' title='bbox 3332 621 3462 677; x_wconf 90' lang='lat' dir='ltr'><strong>nihil</strong></span> 
     </span>
    </p>
   </div>
   <div class='ocr_carea' id='block_1_65' title="bbox 1879 689 3459 769">
    <p class='ocr_par' dir='ltr' id='par_1_65' title="bbox 1879 689 3459 769">
     <span class='ocr_line' id='line_1_65' title="bbox 1879 689 3459 769; baseline 0.016 -27"><span class='ocrx_word' id='word_1_456' title='bbox 1879 689 1948 744; x_wconf 87' lang='lat' dir='ltr'><strong>ab</strong></span> <span class='ocrx_word' id='word_1_457' title='bbox 1979 689 2130 746; x_wconf 89' lang='lat' dir='ltr'><strong>hoste</strong></span> <span class='ocrx_word' id='word_1_458' title='bbox 2154 731 2170 757; x_wconf 94' lang='lat'><strong>,</strong></span> <span class='ocrx_word' id='word_1_459' title='bbox 2198 692 2330 747; x_wconf 87' lang='lat' dir='ltr'><strong>nihil</strong></span> <span class='ocrx_word' id='word_1_460' title='bbox 2358 709 2388 748; x_wconf 93' lang='lat' dir='ltr'><strong>a</strong></span> <span class='ocrx_word' id='word_1_461' title='bbox 2417 703 2590 764; x_wconf 90' lang='lat' dir='ltr'><strong>peste,</strong></span> <span class='ocrx_word' id='word_1_462' title='bbox 2625 699 2755 754; x_wconf 90' lang='lat' dir='ltr'><strong>nihil</strong></span> <span class='ocrx_word' id='word_1_463' title='bbox 2784 701 2853 756; x_wconf 91' lang='lat' dir='ltr'><strong>ab</strong></span> <span class='ocrx_word' id='word_1_464' title='bbox 2873 703 2979 758; x_wconf 91' lang='lat' dir='ltr'><strong>ulla</strong></span> <span class='ocrx_word' id='word_1_465' title='bbox 3009 705 3161 763; x_wconf 90' lang='lat' dir='ltr'><strong>clade</strong></span> <span class='ocrx_word' id='word_1_466' title='bbox 3188 709 3459 769; x_wconf 90' lang='lat' dir='ltr'><strong>timeatur.</strong></span> 
     </span>
    </p>
   </div>
   <div class='ocr_carea' id='block_1_66' title="bbox 1879 778 3462 859">
    <p class='ocr_par' dir='ltr' id='par_1_66' title="bbox 1879 778 3462 859">
     <span class='ocr_line' id='line_1_66' title="bbox 1879 778 3462 859; baseline 0.018 -28"><span class='ocrx_word' id='word_1_467' title='bbox 1879 778 2010 846; x_wconf 87' lang='lat' dir='ltr'><strong>Quis</strong></span> <span class='ocrx_word' id='word_1_468' title='bbox 2047 779 2186 837; x_wconf 89' lang='lat' dir='ltr'><strong>hanc</strong></span> <span class='ocrx_word' id='word_1_469' title='bbox 2210 783 2595 853; x_wconf 65' lang='lat' dir='ltr'><strong>remtiublicam</strong></span> <span class='ocrx_word' id='word_1_470' title='bbox 2635 803 2833 858; x_wconf 89' lang='lat' dir='ltr'><strong>sanus,</strong></span> <span class='ocrx_word' id='word_1_471' title='bbox 2867 809 2972 850; x_wconf 90' lang='lat' dir='ltr'><strong>non</strong></span> <span class='ocrx_word' id='word_1_472' title='bbox 3017 795 3190 854; x_wconf 89' lang='lat' dir='ltr'><strong>dicam</strong></span> <span class='ocrx_word' id='word_1_473' title='bbox 3221 799 3462 859; x_wconf 79' lang='lat' dir='ltr'><strong>Romano</strong></span> 
     </span>
    </p>
   </div>
   <div class='ocr_carea' id='block_1_67' title="bbox 1879 869 3458 966">
    <p class='ocr_par' dir='ltr' id='par_1_67' title="bbox 1879 869 3458 966">
     <span class='ocr_line' id='line_1_67' title="bbox 1879 869 3458 966; baseline 0.016 -42"><span class='ocrx_word' id='word_1_474' title='bbox 1879 869 2105 966; x_wconf 76' lang='lat' dir='ltr'><strong>imperio</strong></span> <span class='ocrx_word' id='word_1_475' title='bbox 2127 913 2142 938; x_wconf 96' lang='lat'><strong>,</strong></span> <span class='ocrx_word' id='word_1_476' title='bbox 2191 873 2284 928; x_wconf 89' lang='lat' dir='ltr'><strong>sed</strong></span> <span class='ocrx_word' id='word_1_477' title='bbox 2310 873 2488 931; x_wconf 90' lang='lat' dir='ltr'><strong>domui</strong></span> <span class='ocrx_word' id='word_1_478' title='bbox 2525 877 2872 952; x_wconf 87' lang='lat' dir='ltr'><strong>Sardanapali</strong></span> <span class='ocrx_word' id='word_1_479' title='bbox 2910 894 3342 959; x_wconf 85' lang='lat' dir='ltr'><strong>comparaverit?</strong></span> <span class='ocrx_word' id='word_1_480' title='bbox 3369 911 3458 966; x_wconf 87' lang='lat' dir='ltr'><strong>qut</strong></span> 
     </span>
    </p>
   </div>
   <div class='ocr_carea' id='block_1_68' title="bbox 1878 961 3459 1050">
    <p class='ocr_par' dir='ltr' id='par_1_68' title="bbox 1878 961 3459 1050">
     <span class='ocr_line' id='line_1_68' title="bbox 1878 961 3459 1050; baseline 0.018 -36"><span class='ocrx_word' id='word_1_481' title='bbox 1878 961 2146 1031; x_wconf 89' lang='lat' dir='ltr'><strong>quondam</strong></span> <span class='ocrx_word' id='word_1_482' title='bbox 2192 981 2287 1020; x_wconf 83' lang='lat' dir='ltr'><strong>rex</strong></span> <span class='ocrx_word' id='word_1_483' title='bbox 2326 967 2398 1022; x_wconf 90' lang='lat' dir='ltr'><strong>ita</strong></span> <span class='ocrx_word' id='word_1_484' title='bbox 2448 967 2546 1025; x_wconf 88' lang='lat' dir='ltr'><strong>fuit</strong></span> <span class='ocrx_word' id='word_1_485' title='bbox 2590 973 2948 1044; x_wconf 88' lang='lat' dir='ltr'><strong>voluptatibus</strong></span> <span class='ocrx_word' id='word_1_486' title='bbox 2997 980 3243 1050; x_wconf 89' lang='lat' dir='ltr'><strong>deditus,</strong></span> <span class='ocrx_word' id='word_1_487' title='bbox 3295 996 3352 1041; x_wconf 90' lang='lat' dir='ltr'><strong>ut</strong></span> <span class='ocrx_word' id='word_1_488' title='bbox 3387 961 3459 1042; x_wconf 30' lang='lat' dir='ltr'><strong>vin</strong></span> 
     </span>
    </p>
   </div>
   <div class='ocr_carea' id='block_1_69' title="bbox 1878 1052 3456 1134">
    <p class='ocr_par' dir='ltr' id='par_1_69' title="bbox 1878 1052 3456 1134">
     <span class='ocr_line' id='line_1_69' title="bbox 1878 1052 3456 1134; baseline 0.019 -31"><span class='ocrx_word' id='word_1_489' title='bbox 1878 1052 2128 1122; x_wconf 91' lang='lat' dir='ltr'><strong>sepulcro</strong></span> <span class='ocrx_word' id='word_1_490' title='bbox 2197 1069 2297 1110; x_wconf 91' lang='lat' dir='ltr'><strong>suo</strong></span> <span class='ocrx_word' id='word_1_491' title='bbox 2345 1059 2506 1113; x_wconf 85' lang='lat' dir='ltr'><strong>scribi</strong></span> <span class='ocrx_word' id='word_1_492' title='bbox 2570 1061 2791 1130; x_wconf 87' lang='lat' dir='ltr'><strong>fecerit,</strong></span> <span class='ocrx_word' id='word_1_493' title='bbox 2847 1081 2910 1122; x_wconf 88' lang='lat' dir='ltr'><strong>ea</strong></span> <span class='ocrx_word' id='word_1_494' title='bbox 2974 1070 3088 1126; x_wconf 88' lang='lat' dir='ltr'><strong>sola</strong></span> <span class='ocrx_word' id='word_1_495' title='bbox 3152 1087 3212 1129; x_wconf 86' lang='lat' dir='ltr'><strong>se</strong></span> <span class='ocrx_word' id='word_1_496' title='bbox 3260 1075 3456 1134; x_wconf 79' lang='lat' dir='ltr'><strong>habere</strong></span> 
     </span>
    </p>
   </div>
   <div class='ocr_carea' id='block_1_70' title="bbox 1877 1148 3454 1237">
    <p class='ocr_par' dir='ltr' id='par_1_70' title="bbox 1877 1148 3454 1237">
     <span class='ocr_line' id='line_1_70' title="bbox 1877 1148 3454 1237; baseline 0.02 -43"><span class='ocrx_word' id='word_1_497' title='bbox 1877 1149 2185 1237; x_wconf 80' lang='lat' dir='ltr'><strong>mortuum,</strong></span> <span class='ocrx_word' id='word_1_498' title='bbox 2247 1161 2367 1216; x_wconf 65' lang='lat' dir='ltr'><strong>quas</strong></span> <span class='ocrx_word' id='word_1_499' title='bbox 2423 1148 2586 1205; x_wconf 91' lang='lat' dir='ltr'><strong>libido</strong></span> <span class='ocrx_word' id='word_1_500' title='bbox 2637 1154 2753 1223; x_wconf 78' lang='lat' dir='ltr'><strong>ejus</strong></span> <span class='ocrx_word' id='word_1_501' title='bbox 2813 1157 2974 1212; x_wconf 83' lang='lat' dir='ltr'><strong>etiam</strong></span> <span class='ocrx_word' id='word_1_502' title='bbox 3025 1175 3145 1216; x_wconf 91' lang='lat' dir='ltr'><strong>cum</strong></span> <span class='ocrx_word' id='word_1_503' title='bbox 3213 1167 3454 1237; x_wconf 89' lang='lat' dir='ltr'><strong>viveret,</strong></span> 
     </span>
    </p>
   </div>
   <div class='ocr_carea' id='block_1_71' title="bbox 1878 1230 3458 1322">
    <p class='ocr_par' dir='ltr' id='par_1_71' title="bbox 1878 1230 3458 1322">
     <span class='ocr_line' id='line_1_71' title="bbox 1878 1230 3458 1322; baseline 0.019 -37"><span class='ocrx_word' id='word_1_504' title='bbox 1878 1230 2195 1300; x_wconf 89' lang='lat' dir='ltr'><strong>hauriendo,</strong></span> <span class='ocrx_word' id='word_1_505' title='bbox 2226 1251 2634 1310; x_wconf 88' lang='lat' dir='ltr'><strong>consumpserat</strong></span> <span class='ocrx_word' id='word_1_506' title='bbox 2659 1243 2758 1316; x_wconf 84' lang='lat' dir='ltr'><strong>(a).</strong></span> <span class='ocrx_word' id='word_1_507' title='bbox 2781 1246 2951 1312; x_wconf 89' lang='lat' dir='ltr'><strong>Quem</strong></span> <span class='ocrx_word' id='word_1_508' title='bbox 2978 1265 3155 1322; x_wconf 83' lang='lat' dir='ltr'><strong>regem</strong></span> <span class='ocrx_word' id='word_1_509' title='bbox 3184 1254 3267 1310; x_wconf 89' lang='lat' dir='ltr'><strong>isti</strong></span> <span class='ocrx_word' id='word_1_510' title='bbox 3291 1259 3336 1312; x_wconf 87' lang='lat' dir='ltr'><strong>si</strong></span> <span class='ocrx_word' id='word_1_511' title='bbox 3363 1230 3458 1314; x_wconf 58' lang='lat' dir='ltr'><strong>ha;</strong></span> 
     </span>
    </p>
   </div>
   <div class='ocr_carea' id='block_1_72' title="bbox 1876 1322 3458 1410">
    <p class='ocr_par' dir='ltr' id='par_1_72' title="bbox 1876 1322 3458 1410">
     <span class='ocr_line' id='line_1_72' title="bbox 1876 1322 3458 1410; baseline 0.019 -32"><span class='ocrx_word' id='word_1_512' title='bbox 1876 1322 2067 1380; x_wconf 87' lang='lat' dir='ltr'><strong>herent</strong></span> <span class='ocrx_word' id='word_1_513' title='bbox 2127 1327 2232 1383; x_wconf 87' lang='lat' dir='ltr'><strong>sibi</strong></span> <span class='ocrx_word' id='word_1_514' title='bbox 2279 1329 2332 1384; x_wconf 90' lang='lat' dir='ltr'><strong>in</strong></span> <span class='ocrx_word' id='word_1_515' title='bbox 2398 1332 2590 1388; x_wconf 89' lang='lat' dir='ltr'><strong>talibus</strong></span> <span class='ocrx_word' id='word_1_516' title='bbox 2652 1336 3053 1410; x_wconf 83' lang='lat' dir='ltr'><strong>indulgentem,</strong></span> <span class='ocrx_word' id='word_1_517' title='bbox 3115 1360 3215 1400; x_wconf 88' lang='lat' dir='ltr'><strong>nec</strong></span> <span class='ocrx_word' id='word_1_518' title='bbox 3274 1350 3326 1402; x_wconf 90' lang='lat' dir='ltr'><strong>in</strong></span> <span class='ocrx_word' id='word_1_519' title='bbox 3377 1351 3458 1408; x_wconf 83' lang='lat' dir='ltr'><strong>eis</strong></span> 
     </span>
    </p>
   </div>
   <div class='ocr_carea' id='block_1_73' title="bbox 1874 1414 3458 1499">
    <p class='ocr_par' dir='ltr' id='par_1_73' title="bbox 1874 1414 3458 1499">
     <span class='ocr_line' id='line_1_73' title="bbox 1874 1414 3458 1499; baseline 0.017 -31"><span class='ocrx_word' id='word_1_520' title='bbox 1874 1414 2121 1485; x_wconf 87' lang='lat' dir='ltr'><strong>cuiquam</strong></span> <span class='ocrx_word' id='word_1_521' title='bbox 2177 1417 2282 1473; x_wconf 89' lang='lat' dir='ltr'><strong>ulla</strong></span> <span class='ocrx_word' id='word_1_522' title='bbox 2337 1423 2626 1479; x_wconf 89' lang='lat' dir='ltr'><strong>severitate</strong></span> <span class='ocrx_word' id='word_1_523' title='bbox 2669 1425 3082 1499; x_wconf 84' lang='lat' dir='ltr'><strong>adversantem;</strong></span> <span class='ocrx_word' id='word_1_524' title='bbox 3136 1436 3260 1490; x_wconf 91' lang='lat' dir='ltr'><strong>huic</strong></span> <span class='ocrx_word' id='word_1_525' title='bbox 3287 1438 3458 1494; x_wconf 37' lang='lat' dir='ltr'><strong>libent</strong></span> 
     </span>
    </p>
   </div>
   <div class='ocr_carea' id='block_1_74' title="bbox 1876 1504 3456 1598">
    <p class='ocr_par' dir='ltr' id='par_1_74' title="bbox 1876 1504 3456 1598">
     <span class='ocr_line' id='line_1_74' title="bbox 1876 1504 3456 1598; baseline 0.019 -41"><span class='ocrx_word' id='word_1_526' title='bbox 1876 1504 2016 1598; x_wconf 80' lang='lat' dir='ltr'><strong>tius,</strong></span> <span class='ocrx_word' id='word_1_527' title='bbox 2050 1523 2210 1577; x_wconf 90' lang='lat' dir='ltr'><strong>quam</strong></span> <span class='ocrx_word' id='word_1_528' title='bbox 2265 1509 2495 1567; x_wconf 82' lang='lat' dir='ltr'><strong>Romani</strong></span> <span class='ocrx_word' id='word_1_529' title='bbox 2541 1524 2752 1573; x_wconf 86' lang='lat' dir='ltr'><strong>veteres</strong></span> <span class='ocrx_word' id='word_1_530' title='bbox 2802 1519 3068 1592; x_wconf 76' lang='lat' dir='ltr'><strong>Romulo,</strong></span> <span class='ocrx_word' id='word_1_531' title='bbox 3120 1527 3374 1598; x_wconf 77' lang='lat' dir='ltr'><strong>templum</strong></span> <span class='ocrx_word' id='word_1_532' title='bbox 3402 1539 3456 1588; x_wconf 85' lang='lat' dir='ltr'><strong>et</strong></span> 
     </span>
    </p>
   </div>
   <div class='ocr_carea' id='block_1_75' title="bbox 1873 1595 2596 1662">
    <p class='ocr_par' dir='ltr' id='par_1_75' title="bbox 1873 1595 2596 1662">
     <span class='ocr_line' id='line_1_75' title="bbox 1873 1595 2596 1662; baseline 0.017 -12"><span class='ocrx_word' id='word_1_533' title='bbox 1873 1595 2146 1654; x_wconf 88' lang='lat' dir='ltr'><strong>ﬂaminem</strong></span> <span class='ocrx_word' id='word_1_534' title='bbox 2195 1616 2596 1662; x_wconf 61' lang='lat' dir='ltr'><strong>consecrarunt.</strong></span> 
     </span>
    </p>
   </div>
   <div class='ocr_carea' id='block_1_76' title="bbox 1909 1707 3422 1796">
    <p class='ocr_par' dir='ltr' id='par_1_76' title="bbox 1909 1707 3422 1796">
     <span class='ocr_line' id='line_1_76' title="bbox 1909 1707 3422 1796; baseline 0.019 -33"><span class='ocrx_word' id='word_1_535' title='bbox 1909 1707 2136 1767; x_wconf 85' lang='lat' dir='ltr'><strong>CAPUT</strong></span> <span class='ocrx_word' id='word_1_536' title='bbox 2177 1711 2412 1768; x_wconf 80' lang='lat' dir='ltr'><strong>XXl.—-</strong></span> <span class='ocrx_word' id='word_1_537' title='bbox 2443 1718 2570 1784; x_wconf 70' lang='lat' dir='ltr'><strong>Quae</strong></span> <span class='ocrx_word' id='word_1_538' title='bbox 2611 1724 2854 1777; x_wconf 88' lang='lat' dir='ltr'><strong>sententia</strong></span> <span class='ocrx_word' id='word_1_539' title='bbox 2888 1729 3039 1796; x_wconf 81' lang='lat' dir='ltr'><strong>fuerit</strong></span> <span class='ocrx_word' id='word_1_540' title='bbox 3078 1727 3330 1789; x_wconf 84' lang='lat' dir='ltr'><strong>Ciceronis</strong></span> <span class='ocrx_word' id='word_1_541' title='bbox 3357 1736 3422 1791; x_wconf 85' lang='lat' dir='ltr'><strong>de</strong></span> 
     </span>
    </p>
   </div>
   <div class='ocr_carea' id='block_1_77' title="bbox 2385 1808 2921 1884">
    <p class='ocr_par' dir='ltr' id='par_1_77' title="bbox 2385 1808 2921 1884">
     <span class='ocr_line' id='line_1_77' title="bbox 2385 1808 2921 1884; baseline 0.017 -21"><span class='ocrx_word' id='word_1_542' title='bbox 2385 1808 2620 1866; x_wconf 85' lang='lat' dir='ltr'><strong>Romana</strong></span> <span class='ocrx_word' id='word_1_543' title='bbox 2645 1815 2921 1884; x_wconf 80' lang='lat' dir='ltr'><strong>republica.</strong></span> 
     </span>
    </p>
   </div>
   <div class='ocr_carea' id='block_1_78' title="bbox 1945 1892 3452 1988">
    <p class='ocr_par' dir='ltr' id='par_1_78' title="bbox 1945 1892 3452 1988">
     <span class='ocr_line' id='line_1_78' title="bbox 1945 1892 3452 1988; baseline 0.024 -43"><span class='ocrx_word' id='word_1_544' title='bbox 1945 1892 2011 1988; x_wconf 32' lang='grc' dir='ltr'><strong>Ι.-</strong></span> <span class='ocrx_word' id='word_1_545' title='bbox 2039 1893 2144 1950; x_wconf 89' lang='lat' dir='ltr'><strong>Sed</strong></span> <span class='ocrx_word' id='word_1_546' title='bbox 2175 1897 2219 1952; x_wconf 88' lang='lat' dir='ltr'><strong>si</strong></span> <span class='ocrx_word' id='word_1_547' title='bbox 2249 1903 2613 1959; x_wconf 90' lang='lat' dir='ltr'><strong>contemnitur</strong></span> <span class='ocrx_word' id='word_1_548' title='bbox 2639 1908 2725 1976; x_wconf 88' lang='lat' dir='ltr'><strong>qui</strong></span> <span class='ocrx_word' id='word_1_549' title='bbox 2754 1907 3046 1968; x_wconf 82' lang='lat' dir='ltr'><strong>Romanam</strong></span> <span class='ocrx_word' id='word_1_550' title='bbox 3075 1919 3452 1988; x_wconf 84' lang='lat' dir='ltr'><strong>rempublicam</strong></span> 
     </span>
    </p>
   </div>
   <div class='ocr_carea' id='block_1_79' title="bbox 1871 1985 3452 2069">
    <p class='ocr_par' dir='ltr' id='par_1_79' title="bbox 1871 1985 3452 2069">
     <span class='ocr_line' id='line_1_79' title="bbox 1871 1985 3452 2069; baseline 0.021 -33"><span class='ocrx_word' id='word_1_551' title='bbox 1871 1985 2158 2053; x_wconf 89' lang='lat' dir='ltr'><strong>pessimam</strong></span> <span class='ocrx_word' id='word_1_552' title='bbox 2208 2004 2271 2044; x_wconf 91' lang='lat' dir='ltr'><strong>ac</strong></span> <span class='ocrx_word' id='word_1_553' title='bbox 2307 1990 2774 2062; x_wconf 80' lang='lat' dir='ltr'><strong>flagitiosissimam</strong></span> <span class='ocrx_word' id='word_1_554' title='bbox 2806 2001 2971 2067; x_wconf 82' lang='lat' dir='ltr'><strong>dixit,</strong></span> <span class='ocrx_word' id='word_1_555' title='bbox 3008 2020 3105 2061; x_wconf 90' lang='lat' dir='ltr'><strong>nec</strong></span> <span class='ocrx_word' id='word_1_556' title='bbox 3136 1985 3322 2065; x_wconf 80' lang='lat' dir='ltr'><strong>curant</strong></span> <span class='ocrx_word' id='word_1_557' title='bbox 3365 2014 3452 2069; x_wconf 88' lang='lat' dir='ltr'><strong>isti</strong></span> 
     </span>
    </p>
   </div>
   <div class='ocr_carea' id='block_1_80' title="bbox 1871 2083 3453 2162">
    <p class='ocr_par' dir='ltr' id='par_1_80' title="bbox 1871 2083 3453 2162">
     <span class='ocr_line' id='line_1_80' title="bbox 1871 2083 3453 2162; baseline 0.02 -35"><span class='ocrx_word' id='word_1_558' title='bbox 1871 2083 2067 2142; x_wconf 87' lang='lat' dir='ltr'><strong>quanta</strong></span> <span class='ocrx_word' id='word_1_559' title='bbox 2095 2092 2302 2133; x_wconf 90' lang='lat' dir='ltr'><strong>morum</strong></span> <span class='ocrx_word' id='word_1_560' title='bbox 2334 2085 2688 2150; x_wconf 89' lang='lat' dir='ltr'><strong>pessimorum</strong></span> <span class='ocrx_word' id='word_1_561' title='bbox 2724 2104 2784 2143; x_wconf 90' lang='lat' dir='ltr'><strong>ac</strong></span> <span class='ocrx_word' id='word_1_562' title='bbox 2815 2090 3192 2162; x_wconf 83' lang='lat' dir='ltr'><strong>ﬂagitiosorum</strong></span> <span class='ocrx_word' id='word_1_563' title='bbox 3243 2100 3360 2157; x_wconf 89' lang='lat' dir='ltr'><strong>labe</strong></span> <span class='ocrx_word' id='word_1_564' title='bbox 3389 2119 3453 2160; x_wconf 88' lang='lat' dir='ltr'><strong>ac</strong></span> 
     </span>
    </p>
   </div>
   <div class='ocr_carea' id='block_1_81' title="bbox 1871 2164 3453 2250">
    <p class='ocr_par' dir='ltr' id='par_1_81' title="bbox 1871 2164 3453 2250">
     <span class='ocr_line' id='line_1_81' title="bbox 1871 2164 3453 2250; baseline 0.018 -30"><span class='ocrx_word' id='word_1_565' title='bbox 1871 2164 2134 2224; x_wconf 84' lang='lat' dir='ltr'><strong>dedecore</strong></span> <span class='ocrx_word' id='word_1_566' title='bbox 2162 2171 2467 2241; x_wconf 88' lang='lat' dir='ltr'><strong>impleatur,</strong></span> <span class='ocrx_word' id='word_1_567' title='bbox 2491 2177 2584 2230; x_wconf 92' lang='lat' dir='ltr'><strong>sed</strong></span> <span class='ocrx_word' id='word_1_568' title='bbox 2626 2183 2992 2238; x_wconf 86' lang='lat' dir='ltr'><strong>tantummodo</strong></span> <span class='ocrx_word' id='word_1_569' title='bbox 3021 2193 3077 2240; x_wconf 91' lang='lat' dir='ltr'><strong>ut</strong></span> <span class='ocrx_word' id='word_1_570' title='bbox 3114 2191 3372 2247; x_wconf 89' lang='lat' dir='ltr'><strong>consistat</strong></span> <span class='ocrx_word' id='word_1_571' title='bbox 3397 2203 3453 2250; x_wconf 90' lang='lat' dir='ltr'><strong>et</strong></span> 
     </span>
    </p>
   </div>
   <div class='ocr_carea' id='block_1_82' title="bbox 1871 2263 3450 2352">
    <p class='ocr_par' dir='ltr' id='par_1_82' title="bbox 1871 2263 3450 2352">
     <span class='ocr_line' id='line_1_82' title="bbox 1871 2263 3450 2352; baseline 0.017 -41"><span class='ocrx_word' id='word_1_572' title='bbox 1871 2268 2122 2325; x_wconf 86' lang='lat' dir='ltr'><strong>maneat;</strong></span> <span class='ocrx_word' id='word_1_573' title='bbox 2152 2263 2370 2318; x_wconf 85' lang='lat' dir='ltr'><strong>audiant</strong></span> <span class='ocrx_word' id='word_1_574' title='bbox 2398 2280 2540 2332; x_wconf 87' lang='lat' dir='ltr'><strong>eam,</strong></span> <span class='ocrx_word' id='word_1_575' title='bbox 2561 2284 2690 2330; x_wconf 90' lang='lat' dir='ltr'><strong>non.</strong></span> <span class='ocrx_word' id='word_1_576' title='bbox 2714 2279 2768 2324; x_wconf 89' lang='lat' dir='ltr'><strong>ut</strong></span> <span class='ocrx_word' id='word_1_577' title='bbox 2790 2271 3070 2331; x_wconf 88' lang='lat' dir='ltr'><strong>Sallustius</strong></span> <span class='ocrx_word' id='word_1_578' title='bbox 3098 2289 3295 2346; x_wconf 84' lang='lat' dir='ltr'><strong>narrat,</strong></span> <span class='ocrx_word' id='word_1_579' title='bbox 3329 2298 3450 2352; x_wconf 87' lang='lat' dir='ltr'><strong>pes-</strong></span> 
     </span>
    </p>
   </div>
   <div class='ocr_carea' id='block_1_83' title="bbox 1869 2351 3452 2433">
    <p class='ocr_par' dir='ltr' id='par_1_83' title="bbox 1869 2351 3452 2433">
     <span class='ocr_line' id='line_1_83' title="bbox 1869 2351 3452 2433; baseline 0.015 -27"><span class='ocrx_word' id='word_1_580' title='bbox 1869 2351 2058 2409; x_wconf 87' lang='lat' dir='ltr'><strong>simam</strong></span> <span class='ocrx_word' id='word_1_581' title='bbox 2099 2369 2160 2409; x_wconf 93' lang='lat' dir='ltr'><strong>ac</strong></span> <span class='ocrx_word' id='word_1_582' title='bbox 2186 2355 2653 2426; x_wconf 86' lang='lat' dir='ltr'><strong>flagitiosissimam</strong></span> <span class='ocrx_word' id='word_1_583' title='bbox 2684 2362 2873 2418; x_wconf 85' lang='lat' dir='ltr'><strong>factam</strong></span> <span class='ocrx_word' id='word_1_584' title='bbox 2898 2407 2914 2432; x_wconf 96' lang='lat'><strong>,</strong></span> <span class='ocrx_word' id='word_1_585' title='bbox 2947 2367 3071 2433; x_wconf 91' lang='lat' dir='ltr'><strong>sed,</strong></span> <span class='ocrx_word' id='word_1_586' title='bbox 3103 2370 3239 2426; x_wconf 89' lang='lat' dir='ltr'><strong>sicut</strong></span> <span class='ocrx_word' id='word_1_587' title='bbox 3263 2371 3452 2429; x_wconf 89' lang='lat' dir='ltr'><strong>Cicero</strong></span> 
     </span>
    </p>
   </div>
   <div class='ocr_carea' id='block_1_84' title="bbox 1868 2443 3451 2525">
    <p class='ocr_par' dir='ltr' id='par_1_84' title="bbox 1868 2443 3451 2525">
     <span class='ocr_line' id='line_1_84' title="bbox 1868 2443 3451 2525; baseline 0.015 -28"><span class='ocrx_word' id='word_1_588' title='bbox 1868 2443 2144 2515; x_wconf 88' lang='lat' dir='ltr'><strong>disputat,</strong></span> <span class='ocrx_word' id='word_1_589' title='bbox 2172 2448 2282 2517; x_wconf 88' lang='lat' dir='ltr'><strong>jam</strong></span> <span class='ocrx_word' id='word_1_590' title='bbox 2329 2458 2454 2506; x_wconf 90' lang='lat' dir='ltr'><strong>tunc</strong></span> <span class='ocrx_word' id='word_1_591' title='bbox 2501 2467 2717 2522; x_wconf 88' lang='lat' dir='ltr'><strong>prorsus</strong></span> <span class='ocrx_word' id='word_1_592' title='bbox 2747 2457 2950 2525; x_wconf 89' lang='lat' dir='ltr'><strong>perisse</strong></span> <span class='ocrx_word' id='word_1_593' title='bbox 2973 2501 2987 2522; x_wconf 87' lang='lat'><strong>,</strong></span> <span class='ocrx_word' id='word_1_594' title='bbox 3019 2469 3073 2515; x_wconf 93' lang='lat' dir='ltr'><strong>et</strong></span> <span class='ocrx_word' id='word_1_595' title='bbox 3108 2464 3305 2518; x_wconf 90' lang='lat' dir='ltr'><strong>nullam</strong></span> <span class='ocrx_word' id='word_1_596' title='bbox 3335 2481 3451 2520; x_wconf 90' lang='lat' dir='ltr'><strong>om-</strong></span> 
     </span>
    </p>
   </div>
   <div class='ocr_carea' id='block_1_85' title="bbox 1867 2537 3450 2627">
    <p class='ocr_par' dir='ltr' id='par_1_85' title="bbox 1867 2537 3450 2627">
     <span class='ocr_line' id='line_1_85' title="bbox 1867 2537 3450 2627; baseline 0.016 -39"><span class='ocrx_word' id='word_1_597' title='bbox 1867 2537 1995 2590; x_wconf 89' lang='lat' dir='ltr'><strong>nino</strong></span> <span class='ocrx_word' id='word_1_598' title='bbox 2021 2540 2344 2596; x_wconf 82' lang='lat' dir='ltr'><strong>remansisse</strong></span> <span class='ocrx_word' id='word_1_599' title='bbox 2393 2545 2798 2613; x_wconf 86' lang='lat' dir='ltr'><strong>rempublicam.</strong></span> <span class='ocrx_word' id='word_1_600' title='bbox 2825 2548 3034 2605; x_wconf 89' lang='lat' dir='ltr'><strong>lnducit</strong></span> <span class='ocrx_word' id='word_1_601' title='bbox 3062 2554 3203 2608; x_wconf 91' lang='lat' dir='ltr'><strong>enim</strong></span> <span class='ocrx_word' id='word_1_602' title='bbox 3244 2555 3450 2627; x_wconf 90' lang='lat' dir='ltr'><strong>Scipio-</strong></span> 
     </span>
    </p>
   </div>
   <div class='ocr_carea' id='block_1_86' title="bbox 1867 2631 3449 2713">
    <p class='ocr_par' dir='ltr' id='par_1_86' title="bbox 1867 2631 3449 2713">
     <span class='ocr_line' id='line_1_86' title="bbox 1867 2631 3449 2713; baseline 0.015 -32"><span class='ocrx_word' id='word_1_603' title='bbox 1867 2642 2013 2696; x_wconf 88' lang='lat' dir='ltr'><strong>nem,</strong></span> <span class='ocrx_word' id='word_1_604' title='bbox 2041 2643 2163 2684; x_wconf 91' lang='lat' dir='ltr'><strong>eum</strong></span> <span class='ocrx_word' id='word_1_605' title='bbox 2189 2631 2359 2700; x_wconf 89' lang='lat' dir='ltr'><strong>ipsum</strong></span> <span class='ocrx_word' id='word_1_606' title='bbox 2387 2638 2474 2704; x_wconf 90' lang='lat' dir='ltr'><strong>qui</strong></span> <span class='ocrx_word' id='word_1_607' title='bbox 2495 2634 2865 2708; x_wconf 85' lang='lat' dir='ltr'><strong>Carthaginem</strong></span> <span class='ocrx_word' id='word_1_608' title='bbox 2895 2643 3240 2713; x_wconf 76' lang='lat' dir='ltr'><strong>exstinxerat,</strong></span> <span class='ocrx_word' id='word_1_609' title='bbox 3264 2646 3330 2702; x_wconf 91' lang='lat' dir='ltr'><strong>de</strong></span> <span class='ocrx_word' id='word_1_610' title='bbox 3357 2664 3449 2704; x_wconf 84' lang='lat' dir='ltr'><strong>re-</strong></span> 
     </span>
    </p>
   </div>
   <div class='ocr_carea' id='block_1_87' title="bbox 1866 2719 3446 2803">
    <p class='ocr_par' dir='ltr' id='par_1_87' title="bbox 1866 2719 3446 2803">
     <span class='ocr_line' id='line_1_87' title="bbox 1866 2719 3446 2803; baseline 0.015 -29"><span class='ocrx_word' id='word_1_611' title='bbox 1866 2719 2077 2796; x_wconf 74' lang='lat' dir='ltr'><strong>publica</strong></span> <span class='ocrx_word' id='word_1_612' title='bbox 2142 2722 2540 2795; x_wconf 86' lang='lat' dir='ltr'><strong>disputantem,</strong></span> <span class='ocrx_word' id='word_1_613' title='bbox 2591 2732 2800 2800; x_wconf 85' lang='lat' dir='ltr'><strong>quando</strong></span> <span class='ocrx_word' id='word_1_614' title='bbox 2873 2737 3315 2803; x_wconf 73' lang='lat' dir='ltr'><strong>przesentiebatur</strong></span> <span class='ocrx_word' id='word_1_615' title='bbox 3383 2757 3446 2798; x_wconf 87' lang='lat' dir='ltr'><strong>ea</strong></span> 
     </span>
    </p>
   </div>
   <div class='ocr_carea' id='block_1_88' title="bbox 1864 2813 3448 2903">
    <p class='ocr_par' dir='ltr' id='par_1_88' title="bbox 1864 2813 3448 2903">
     <span class='ocr_line' id='line_1_88' title="bbox 1864 2813 3448 2903; baseline 0.016 -38"><span class='ocrx_word' id='word_1_616' title='bbox 1864 2813 2229 2882; x_wconf 90' lang='lat' dir='ltr'><strong>corruptione,</strong></span> <span class='ocrx_word' id='word_1_617' title='bbox 2263 2831 2419 2885; x_wconf 82' lang='lat' dir='ltr'><strong>quam</strong></span> <span class='ocrx_word' id='word_1_618' title='bbox 2461 2818 2716 2876; x_wconf 89' lang='lat' dir='ltr'><strong>describit</strong></span> <span class='ocrx_word' id='word_1_619' title='bbox 2741 2823 3025 2881; x_wconf 89' lang='lat' dir='ltr'><strong>Sallustius</strong></span> <span class='ocrx_word' id='word_1_620' title='bbox 3049 2871 3063 2894; x_wconf 94' lang='lat'><strong>,</strong></span> <span class='ocrx_word' id='word_1_621' title='bbox 3090 2828 3200 2899; x_wconf 89' lang='lat' dir='ltr'><strong>jam</strong></span> <span class='ocrx_word' id='word_1_622' title='bbox 3227 2831 3448 2903; x_wconf 89' lang='lat' dir='ltr'><strong>jamque</strong></span> 
     </span>
    </p>
   </div>
   <div class='ocr_carea' id='block_1_89' title="bbox 1863 2906 3447 2994">
    <p class='ocr_par' dir='ltr' id='par_1_89' title="bbox 1863 2906 3447 2994">
     <span class='ocr_line' id='line_1_89' title="bbox 1863 2906 3447 2994; baseline 0.015 -36"><span class='ocrx_word' id='word_1_623' title='bbox 1863 2906 2120 2975; x_wconf 85' lang='lat' dir='ltr'><strong>peritura.</strong></span> <span class='ocrx_word' id='word_1_624' title='bbox 2167 2909 2242 2962; x_wconf 89' lang='lat' dir='ltr'><strong>Eo</strong></span> <span class='ocrx_word' id='word_1_625' title='bbox 2295 2911 2491 2980; x_wconf 87' lang='lat' dir='ltr'><strong>quippe</strong></span> <span class='ocrx_word' id='word_1_626' title='bbox 2544 2921 2784 2984; x_wconf 90' lang='lat' dir='ltr'><strong>tempore</strong></span> <span class='ocrx_word' id='word_1_627' title='bbox 2830 2916 3161 2989; x_wconf 75' lang='lat' dir='ltr'><strong>disputatur,</strong></span> <span class='ocrx_word' id='word_1_628' title='bbox 3204 2939 3310 2994; x_wconf 90' lang='lat' dir='ltr'><strong>quo</strong></span> <span class='ocrx_word' id='word_1_629' title='bbox 3335 2925 3447 2994; x_wconf 81' lang='lat' dir='ltr'><strong>jam</strong></span> 
     </span>
    </p>
   </div>
   <div class='ocr_carea' id='block_1_90' title="bbox 1861 2996 3447 3079">
    <p class='ocr_par' dir='ltr' id='par_1_90' title="bbox 1861 2996 3447 3079">
     <span class='ocr_line' id='line_1_90' title="bbox 1861 2996 3447 3079; baseline 0.015 -30"><span class='ocrx_word' id='word_1_630' title='bbox 1861 3011 2000 3051; x_wconf 90' lang='lat' dir='ltr'><strong>unus</strong></span> <span class='ocrx_word' id='word_1_631' title='bbox 2028 2996 2390 3054; x_wconf 88' lang='lat' dir='ltr'><strong>Gracchorum</strong></span> <span class='ocrx_word' id='word_1_632' title='bbox 2423 3002 2635 3058; x_wconf 90' lang='lat' dir='ltr'><strong>occisus</strong></span> <span class='ocrx_word' id='word_1_633' title='bbox 2662 3003 2757 3059; x_wconf 90' lang='lat' dir='ltr'><strong>fuit</strong></span> <span class='ocrx_word' id='word_1_634' title='bbox 2782 3049 2797 3071; x_wconf 88' lang='lat'><strong>,</strong></span> <span class='ocrx_word' id='word_1_635' title='bbox 2827 3021 2858 3061; x_wconf 92' lang='lat' dir='ltr'><strong>a</strong></span> <span class='ocrx_word' id='word_1_636' title='bbox 2888 3025 2993 3079; x_wconf 90' lang='lat' dir='ltr'><strong>quo</strong></span> <span class='ocrx_word' id='word_1_637' title='bbox 3020 3012 3202 3067; x_wconf 91' lang='lat' dir='ltr'><strong>scribit</strong></span> <span class='ocrx_word' id='word_1_638' title='bbox 3223 3015 3447 3073; x_wconf 88' lang='lat' dir='ltr'><strong>seditio-</strong></span> 
     </span>
    </p>
   </div>
   <div class='ocr_carea' id='block_1_91' title="bbox 1862 3090 3447 3177">
    <p class='ocr_par' dir='ltr' id='par_1_91' title="bbox 1862 3090 3447 3177">
     <span class='ocr_line' id='line_1_91' title="bbox 1862 3090 3447 3177; baseline 0.015 -37"><span class='ocrx_word' id='word_1_639' title='bbox 1862 3100 1960 3142; x_wconf 90' lang='lat' dir='ltr'><strong>nes</strong></span> <span class='ocrx_word' id='word_1_640' title='bbox 1989 3102 2178 3158; x_wconf 86' lang='lat' dir='ltr'><strong>graves</strong></span> <span class='ocrx_word' id='word_1_641' title='bbox 2223 3090 2452 3159; x_wconf 83' lang='lat' dir='ltr'><strong>cmpisse</strong></span> <span class='ocrx_word' id='word_1_642' title='bbox 2495 3091 2775 3150; x_wconf 84' lang='lat' dir='ltr'><strong>Sallustius</strong></span> <span class='ocrx_word' id='word_1_643' title='bbox 2803 3096 2902 3168; x_wconf 89' lang='lat' dir='ltr'><strong>(b).</strong></span> <span class='ocrx_word' id='word_1_644' title='bbox 2933 3099 3063 3155; x_wconf 85' lang='lat' dir='ltr'><strong>Nam</strong></span> <span class='ocrx_word' id='word_1_645' title='bbox 3104 3105 3291 3160; x_wconf 79' lang='lat' dir='ltr'><strong>mortis</strong></span> <span class='ocrx_word' id='word_1_646' title='bbox 3329 3109 3447 3177; x_wconf 89' lang='lat' dir='ltr'><strong>ejus</strong></span> 
     </span>
    </p>
   </div>
   <div class='ocr_carea' id='block_1_92' title="bbox 1863 3179 3446 3268">
    <p class='ocr_par' dir='ltr' id='par_1_92' title="bbox 1863 3179 3446 3268">
     <span class='ocr_line' id='line_1_92' title="bbox 1863 3179 3446 3268; baseline 0.015 -36"><span class='ocrx_word' id='word_1_647' title='bbox 1863 3179 1923 3234; x_wconf 93' lang='lat' dir='ltr'><strong>fit</strong></span> <span class='ocrx_word' id='word_1_648' title='bbox 1955 3180 2005 3234; x_wconf 93' lang='lat' dir='ltr'><strong>in</strong></span> <span class='ocrx_word' id='word_1_649' title='bbox 2029 3181 2228 3236; x_wconf 91' lang='lat' dir='ltr'><strong>eisdem</strong></span> <span class='ocrx_word' id='word_1_650' title='bbox 2248 3183 2399 3238; x_wconf 91' lang='lat' dir='ltr'><strong>libris</strong></span> <span class='ocrx_word' id='word_1_651' title='bbox 2428 3190 3031 3246; x_wconf 90' lang='lat' dir='ltr'><strong>commemoratio.Cum</strong></span> <span class='ocrx_word' id='word_1_652' title='bbox 3062 3206 3238 3251; x_wconf 90' lang='lat' dir='ltr'><strong>autem</strong></span> <span class='ocrx_word' id='word_1_653' title='bbox 3267 3199 3446 3268; x_wconf 90' lang='lat' dir='ltr'><strong>Scipio</strong></span> 
     </span>
    </p>
   </div>
   <div class='ocr_carea' id='block_1_93' title="bbox 1863 3269 3446 3354">
    <p class='ocr_par' dir='ltr' id='par_1_93' title="bbox 1863 3269 3446 3354">
     <span class='ocr_line' id='line_1_93' title="bbox 1863 3269 3446 3354; baseline 0.014 -30"><span class='ocrx_word' id='word_1_654' title='bbox 1863 3269 1915 3324; x_wconf 90' lang='lat' dir='ltr'><strong>in</strong></span> <span class='ocrx_word' id='word_1_655' title='bbox 1949 3272 2168 3327; x_wconf 89' lang='lat' dir='ltr'><strong>secundi</strong></span> <span class='ocrx_word' id='word_1_656' title='bbox 2217 3273 2336 3328; x_wconf 88' lang='lat' dir='ltr'><strong>libri</strong></span> <span class='ocrx_word' id='word_1_657' title='bbox 2377 3275 2482 3331; x_wconf 87' lang='lat' dir='ltr'><strong>fine</strong></span> <span class='ocrx_word' id='word_1_658' title='bbox 2529 3277 2786 3344; x_wconf 82' lang='lat' dir='ltr'><strong>dixisset,</strong></span> <span class='ocrx_word' id='word_1_659' title='bbox 2824 3281 2891 3335; x_wconf 82' lang='lat' dir='ltr'><strong>Ut</strong></span> <span class='ocrx_word' id='word_1_660' title='bbox 2919 3284 2969 3337; x_wconf 89' lang='lat' dir='ltr'><strong>in</strong></span> <span class='ocrx_word' id='word_1_661' title='bbox 2999 3285 3184 3354; x_wconf 78' lang='lat' dir='ltr'><strong>ﬁdibus</strong></span> <span class='ocrx_word' id='word_1_662' title='bbox 3225 3307 3285 3343; x_wconf 89' lang='lat' dir='ltr'><strong>ac</strong></span> <span class='ocrx_word' id='word_1_663' title='bbox 3313 3293 3446 3349; x_wconf 85' lang='lat' dir='ltr'><strong>tibiis</strong></span> 
     </span>
    </p>
   </div>
   <div class='ocr_carea' id='block_1_94' title="bbox 1861 3365 3444 3445">
    <p class='ocr_par' dir='ltr' id='par_1_94' title="bbox 1861 3365 3444 3445">
     <span class='ocr_line' id='line_1_94' title="bbox 1861 3365 3444 3445; baseline 0.013 -30"><span class='ocrx_word' id='word_1_664' title='bbox 1861 3371 2011 3432; x_wconf 80' lang='lat' dir='ltr'><strong>atque</strong></span> <span class='ocrx_word' id='word_1_665' title='bbox 2032 3373 2185 3418; x_wconf 87' lang='lat' dir='ltr'><strong>cantu</strong></span> <span class='ocrx_word' id='word_1_666' title='bbox 2211 3365 2321 3436; x_wconf 84' lang='lat' dir='ltr'><strong>ipso</strong></span> <span class='ocrx_word' id='word_1_667' title='bbox 2340 3383 2400 3420; x_wconf 89' lang='lat' dir='ltr'><strong>ac</strong></span> <span class='ocrx_word' id='word_1_668' title='bbox 2419 3368 2624 3423; x_wconf 82' lang='lat' dir='ltr'><strong>vocibus</strong></span> <span class='ocrx_word' id='word_1_669' title='bbox 2651 3381 2917 3428; x_wconf 80' lang='lat' dir='ltr'><strong>concentus</strong></span> <span class='ocrx_word' id='word_1_670' title='bbox 2943 3384 3012 3430; x_wconf 83' lang='lat' dir='ltr'><strong>est</strong></span> <span class='ocrx_word' id='word_1_671' title='bbox 3040 3378 3246 3445; x_wconf 87' lang='lat' dir='ltr'><strong>quidam</strong></span> <span class='ocrx_word' id='word_1_672' title='bbox 3269 3389 3444 3435; x_wconf 82' lang='lat' dir='ltr'><strong>tenen-</strong></span> 
     </span>
    </p>
   </div>
   <div class='ocr_carea' id='block_1_95' title="bbox 1861 3452 3442 3541">
    <p class='ocr_par' dir='ltr' id='par_1_95' title="bbox 1861 3452 3442 3541">
     <span class='ocr_line' id='line_1_95' title="bbox 1861 3452 3442 3541; baseline 0.014 -36"><span class='ocrx_word' id='word_1_673' title='bbox 1861 3452 1957 3507; x_wconf 85' lang='lat' dir='ltr'><strong>dus</strong></span> <span class='ocrx_word' id='word_1_674' title='bbox 1982 3469 2045 3507; x_wconf 83' lang='lat' dir='ltr'><strong>ea:</strong></span> <span class='ocrx_word' id='word_1_675' title='bbox 2068 3454 2317 3510; x_wconf 77' lang='lat' dir='ltr'><strong>distinctis</strong></span> <span class='ocrx_word' id='word_1_676' title='bbox 2339 3459 2496 3527; x_wconf 82' lang='lat' dir='ltr'><strong>sonis,</strong></span> <span class='ocrx_word' id='word_1_677' title='bbox 2519 3476 2665 3531; x_wconf 83' lang='lat' dir='ltr'><strong>quem</strong></span> <span class='ocrx_word' id='word_1_678' title='bbox 2691 3461 3007 3519; x_wconf 87' lang='lat' dir='ltr'><strong>immutatum</strong></span> <span class='ocrx_word' id='word_1_679' title='bbox 3032 3478 3118 3521; x_wconf 90' lang='lat' dir='ltr'><strong>aut</strong></span> <span class='ocrx_word' id='word_1_680' title='bbox 3147 3469 3442 3541; x_wconf 83' lang='lat' dir='ltr'><strong>discrepan-</strong></span> 
     </span>
    </p>
   </div>
   <div class='ocr_carea' id='block_1_96' title="bbox 1863 3546 3446 3627">
    <p class='ocr_par' dir='ltr' id='par_1_96' title="bbox 1863 3546 3446 3627">
     <span class='ocr_line' id='line_1_96' title="bbox 1863 3546 3446 3627; baseline 0.013 -32"><span class='ocrx_word' id='word_1_681' title='bbox 1863 3550 1963 3595; x_wconf 87' lang='lat' dir='ltr'><strong>tem</strong></span> <span class='ocrx_word' id='word_1_682' title='bbox 1991 3559 2142 3598; x_wconf 84' lang='lat' dir='ltr'><strong>aures</strong></span> <span class='ocrx_word' id='word_1_683' title='bbox 2183 3546 2397 3600; x_wconf 77' lang='lat' dir='ltr'><strong>erudita:</strong></span> <span class='ocrx_word' id='word_1_684' title='bbox 2421 3552 2556 3618; x_wconf 82' lang='lat' dir='ltr'><strong>ferre</strong></span> <span class='ocrx_word' id='word_1_685' title='bbox 2578 3567 2679 3605; x_wconf 87' lang='lat' dir='ltr'><strong>non</strong></span> <span class='ocrx_word' id='word_1_686' title='bbox 2711 3565 2919 3621; x_wconf 85' lang='lat' dir='ltr'><strong>possunt</strong></span> <span class='ocrx_word' id='word_1_687' title='bbox 2942 3571 2961 3618; x_wconf 89' lang='lat'><strong><em>;</em></strong></span> <span class='ocrx_word' id='word_1_688' title='bbox 2991 3557 3131 3627; x_wconf 82' lang='lat' dir='ltr'><strong>isque</strong></span> <span class='ocrx_word' id='word_1_689' title='bbox 3180 3571 3446 3616; x_wconf 78' lang='lat' dir='ltr'><strong>concentus</strong></span> 
     </span>
    </p>
   </div>
   <div class='ocr_carea' id='block_1_97' title="bbox 1862 3633 3442 3704">
    <p class='ocr_par' dir='ltr' id='par_1_97' title="bbox 1862 3633 3442 3704">
     <span class='ocr_line' id='line_1_97' title="bbox 1862 3633 3442 3704; baseline 0.011 -18"><span class='ocrx_word' id='word_1_690' title='bbox 1862 3648 1927 3686; x_wconf 78' lang='lat' dir='ltr'><strong>ea:</strong></span> <span class='ocrx_word' id='word_1_691' title='bbox 1955 3633 2414 3688; x_wconf 85' lang='lat' dir='ltr'><strong>dissimillimarum</strong></span> <span class='ocrx_word' id='word_1_692' title='bbox 2436 3653 2612 3692; x_wconf 74' lang='lat' dir='ltr'><strong>vocum</strong></span> <span class='ocrx_word' id='word_1_693' title='bbox 2652 3641 2996 3698; x_wconf 88' lang='lat' dir='ltr'><strong>moderatione</strong></span> <span class='ocrx_word' id='word_1_694' title='bbox 3035 3663 3240 3702; x_wconf 84' lang='lat' dir='ltr'><strong>concors</strong></span> <span class='ocrx_word' id='word_1_695' title='bbox 3275 3659 3442 3704; x_wconf 83' lang='lat' dir='ltr'><strong>tamen</strong></span> 
     </span>
    </p>
   </div>
   <div class='ocr_carea' id='block_1_98' title="bbox 1862 3723 3436 3803">
    <p class='ocr_par' dir='ltr' id='par_1_98' title="bbox 1862 3723 3436 3803">
     <span class='ocr_line' id='line_1_98' title="bbox 1862 3723 3436 3803; baseline 0.013 -29"><span class='ocrx_word' id='word_1_696' title='bbox 1862 3723 2072 3792; x_wconf 73' lang='lat' dir='ltr'><strong>efﬁcitur</strong></span> <span class='ocrx_word' id='word_1_697' title='bbox 2096 3733 2144 3777; x_wconf 84' lang='lat' dir='ltr'><strong>et</strong></span> <span class='ocrx_word' id='word_1_698' title='bbox 2172 3741 2453 3796; x_wconf 80' lang='lat' dir='ltr'><strong>congruens</strong></span> <span class='ocrx_word' id='word_1_699' title='bbox 2473 3743 2491 3780; x_wconf 87' lang='lat'><strong><em>:</em></strong></span> <span class='ocrx_word' id='word_1_700' title='bbox 2513 3728 2585 3782; x_wconf 88' lang='lat' dir='ltr'><strong>sic</strong></span> <span class='ocrx_word' id='word_1_701' title='bbox 2609 3746 2672 3783; x_wconf 81' lang='lat' dir='ltr'><strong>ea:</strong></span> <span class='ocrx_word' id='word_1_702' title='bbox 2708 3733 2916 3787; x_wconf 81' lang='lat' dir='ltr'><strong>summis</strong></span> <span class='ocrx_word' id='word_1_703' title='bbox 2945 3743 2991 3787; x_wconf 84' lang='lat' dir='ltr'><strong>et</strong></span> <span class='ocrx_word' id='word_1_704' title='bbox 3018 3736 3206 3803; x_wconf 80' lang='lat' dir='ltr'><strong>inﬁmis</strong></span> <span class='ocrx_word' id='word_1_705' title='bbox 3246 3748 3293 3792; x_wconf 83' lang='lat' dir='ltr'><strong>et</strong></span> <span class='ocrx_word' id='word_1_706' title='bbox 3328 3757 3436 3795; x_wconf 85' lang='lat' dir='ltr'><strong>me-</strong></span> 
     </span>
    </p>
   </div>
   <div class='ocr_carea' id='block_1_99' title="bbox 1862 3805 3441 3890">
    <p class='ocr_par' dir='ltr' id='par_1_99' title="bbox 1862 3805 3441 3890">
     <span class='ocr_line' id='line_1_99' title="bbox 1862 3805 3441 3890; baseline 0.013 -25"><span class='ocrx_word' id='word_1_707' title='bbox 1862 3814 1962 3866; x_wconf 87' lang='lat' dir='ltr'><strong>diis</strong></span> <span class='ocrx_word' id='word_1_708' title='bbox 1977 3815 2252 3884; x_wconf 87' lang='lat' dir='ltr'><strong>interjectis</strong></span> <span class='ocrx_word' id='word_1_709' title='bbox 2279 3817 2540 3872; x_wconf 84' lang='lat' dir='ltr'><strong>ordinibus</strong></span> <span class='ocrx_word' id='word_1_710' title='bbox 2560 3862 2574 3884; x_wconf 91' lang='lat'><strong>,</strong></span> <span class='ocrx_word' id='word_1_711' title='bbox 2603 3830 2657 3873; x_wconf 90' lang='lat' dir='ltr'><strong>ut</strong></span> <span class='ocrx_word' id='word_1_712' title='bbox 2695 3823 2831 3876; x_wconf 83' lang='lat' dir='ltr'><strong>sonis</strong></span> <span class='ocrx_word' id='word_1_713' title='bbox 2851 3865 2866 3890; x_wconf 93' lang='lat'><strong>,</strong></span> <span class='ocrx_word' id='word_1_714' title='bbox 2891 3825 3148 3880; x_wconf 86' lang='lat' dir='ltr'><strong>moderata</strong></span> <span class='ocrx_word' id='word_1_715' title='bbox 3196 3831 3387 3884; x_wconf 84' lang='lat' dir='ltr'><strong>ratione</strong></span> <span class='ocrx_word' id='word_1_716' title='bbox 3422 3805 3441 3862; x_wconf 60' lang='grc' dir='ltr'><strong>ί</strong></span> 
     </span>
    </p>
   </div>
   <div class='ocr_carea' id='block_1_100' title="bbox 1863 3903 3446 3992">
    <p class='ocr_par' dir='ltr' id='par_1_100' title="bbox 1863 3903 3446 3992">
     <span class='ocr_line' id='line_1_100' title="bbox 1863 3903 3446 3992; baseline 0.013 -36"><span class='ocrx_word' id='word_1_717' title='bbox 1863 3903 2110 3957; x_wconf 85' lang='lat' dir='ltr'><strong>civitatem</strong></span> <span class='ocrx_word' id='word_1_718' title='bbox 2152 3921 2396 3960; x_wconf 83' lang='lat' dir='ltr'><strong>consensu</strong></span> <span class='ocrx_word' id='word_1_719' title='bbox 2433 3909 2892 3966; x_wconf 84' lang='lat' dir='ltr'><strong>dissimillimorum</strong></span> <span class='ocrx_word' id='word_1_720' title='bbox 2935 3918 3234 3986; x_wconf 86' lang='lat' dir='ltr'><strong>concinere;</strong></span> <span class='ocrx_word' id='word_1_721' title='bbox 3259 3930 3304 3974; x_wconf 87' lang='lat' dir='ltr'><strong>et</strong></span> <span class='ocrx_word' id='word_1_722' title='bbox 3331 3937 3446 3992; x_wconf 66' lang='lat' dir='ltr'><strong>qua:</strong></span> 
     </span>
    </p>
   </div>
   <div class='ocr_carea' id='block_1_101' title="bbox 1861 3995 3441 4074">
    <p class='ocr_par' dir='ltr' id='par_1_101' title="bbox 1861 3995 3441 4074">
     <span class='ocr_line' id='line_1_101' title="bbox 1861 3995 3441 4074; baseline 0.014 -27"><span class='ocrx_word' id='word_1_723' title='bbox 1861 3995 2125 4050; x_wconf 77' lang='lat' dir='ltr'><strong>harmonia</strong></span> <span class='ocrx_word' id='word_1_724' title='bbox 2144 4013 2176 4051; x_wconf 90' lang='lat' dir='ltr'><strong>a</strong></span> <span class='ocrx_word' id='word_1_725' title='bbox 2207 3998 2412 4055; x_wconf 82' lang='lat' dir='ltr'><strong>musicis</strong></span> <span class='ocrx_word' id='word_1_726' title='bbox 2441 4001 2628 4056; x_wconf 86' lang='lat' dir='ltr'><strong>dicitur</strong></span> <span class='ocrx_word' id='word_1_727' title='bbox 2652 4005 2706 4058; x_wconf 88' lang='lat' dir='ltr'><strong>in</strong></span> <span class='ocrx_word' id='word_1_728' title='bbox 2739 4017 2888 4058; x_wconf 86' lang='lat' dir='ltr'><strong>cantu</strong></span> <span class='ocrx_word' id='word_1_729' title='bbox 2909 4049 2923 4074; x_wconf 95' lang='lat'><strong>,</strong></span> <span class='ocrx_word' id='word_1_730' title='bbox 2962 4025 3074 4063; x_wconf 85' lang='lat' dir='ltr'><strong>eam</strong></span> <span class='ocrx_word' id='word_1_731' title='bbox 3104 4028 3210 4066; x_wconf 81' lang='lat' dir='ltr'><strong>esse</strong></span> <span class='ocrx_word' id='word_1_732' title='bbox 3238 4014 3290 4066; x_wconf 91' lang='lat' dir='ltr'><strong>in</strong></span> <span class='ocrx_word' id='word_1_733' title='bbox 3319 4015 3441 4069; x_wconf 87' lang='lat' dir='ltr'><strong>civi-</strong></span> 
     </span>
    </p>
   </div>
   <div class='ocr_carea' id='block_1_102' title="bbox 1863 4090 3443 4168">
    <p class='ocr_par' dir='ltr' id='par_1_102' title="bbox 1863 4090 3443 4168">
     <span class='ocr_line' id='line_1_102' title="bbox 1863 4090 3443 4168; baseline 0.014 -29"><span class='ocrx_word' id='word_1_734' title='bbox 1863 4095 1963 4140; x_wconf 84' lang='lat' dir='ltr'><strong>tate</strong></span> <span class='ocrx_word' id='word_1_735' title='bbox 2006 4090 2325 4142; x_wconf 87' lang='lat' dir='ltr'><strong>concordiam</strong></span> <span class='ocrx_word' id='word_1_736' title='bbox 2345 4132 2359 4156; x_wconf 93' lang='lat'><strong>,</strong></span> <span class='ocrx_word' id='word_1_737' title='bbox 2388 4096 2720 4148; x_wconf 80' lang='lat' dir='ltr'><strong>arctissintum</strong></span> <span class='ocrx_word' id='word_1_738' title='bbox 2747 4107 2892 4166; x_wconf 84' lang='lat' dir='ltr'><strong>atque</strong></span> <span class='ocrx_word' id='word_1_739' title='bbox 2926 4103 3167 4168; x_wconf 85' lang='lat' dir='ltr'><strong>optimum</strong></span> <span class='ocrx_word' id='word_1_740' title='bbox 3207 4107 3345 4160; x_wconf 90' lang='lat' dir='ltr'><strong>omni</strong></span> <span class='ocrx_word' id='word_1_741' title='bbox 3389 4108 3443 4162; x_wconf 84' lang='lat' dir='ltr'><strong>in</strong></span> 
     </span>
    </p>
   </div>
   <div class='ocr_carea' id='block_1_103' title="bbox 1861 4179 3444 4267">
    <p class='ocr_par' dir='ltr' id='par_1_103' title="bbox 1861 4179 3444 4267">
     <span class='ocr_line' id='line_1_103' title="bbox 1861 4179 3444 4267; baseline 0.013 -35"><span class='ocrx_word' id='word_1_742' title='bbox 1861 4179 2121 4248; x_wconf 82' lang='lat' dir='ltr'><strong>republica</strong></span> <span class='ocrx_word' id='word_1_743' title='bbox 2149 4181 2400 4234; x_wconf 85' lang='lat' dir='ltr'><strong>vinculum</strong></span> <span class='ocrx_word' id='word_1_744' title='bbox 2430 4185 2792 4240; x_wconf 82' lang='lat' dir='ltr'><strong>incolumitatis</strong></span> <span class='ocrx_word' id='word_1_745' title='bbox 2811 4231 2826 4256; x_wconf 89' lang='lat'><strong>,</strong></span> <span class='ocrx_word' id='word_1_746' title='bbox 2867 4206 3073 4261; x_wconf 85' lang='lat' dir='ltr'><strong>eamque</strong></span> <span class='ocrx_word' id='word_1_747' title='bbox 3111 4195 3218 4248; x_wconf 83' lang='lat' dir='ltr'><strong>sine</strong></span> <span class='ocrx_word' id='word_1_748' title='bbox 3241 4198 3444 4267; x_wconf 83' lang='lat' dir='ltr'><strong>jnstitia</strong></span> 
     </span>
    </p>
   </div>
   <div class='ocr_carea' id='block_1_104' title="bbox 1863 4271 3444 4356">
    <p class='ocr_par' dir='ltr' id='par_1_104' title="bbox 1863 4271 3444 4356">
     <span class='ocr_line' id='line_1_104' title="bbox 1863 4271 3444 4356; baseline 0.014 -32"><span class='ocrx_word' id='word_1_749' title='bbox 1863 4271 2006 4325; x_wconf 90' lang='lat' dir='ltr'><strong>nullo</strong></span> <span class='ocrx_word' id='word_1_750' title='bbox 2033 4281 2180 4341; x_wconf 80' lang='lat' dir='ltr'><strong>pacto</strong></span> <span class='ocrx_word' id='word_1_751' title='bbox 2205 4290 2312 4327; x_wconf 82' lang='lat' dir='ltr'><strong>esse</strong></span> <span class='ocrx_word' id='word_1_752' title='bbox 2339 4292 2522 4344; x_wconf 81' lang='lat' dir='ltr'><strong>posse:</strong></span> <span class='ocrx_word' id='word_1_753' title='bbox 2545 4292 2606 4332; x_wconf 86' lang='lat' dir='ltr'><strong>ac</strong></span> <span class='ocrx_word' id='word_1_754' title='bbox 2627 4278 2820 4335; x_wconf 89' lang='lat' dir='ltr'><strong>deinde</strong></span> <span class='ocrx_word' id='word_1_755' title='bbox 2847 4297 2967 4336; x_wconf 90' lang='lat' dir='ltr'><strong>cum</strong></span> <span class='ocrx_word' id='word_1_756' title='bbox 2994 4285 3263 4356; x_wconf 87' lang='lat' dir='ltr'><strong>aliquanto</strong></span> <span class='ocrx_word' id='word_1_757' title='bbox 3288 4291 3444 4346; x_wconf 83' lang='lat' dir='ltr'><strong>latius</strong></span> 
     </span>
    </p>
   </div>
   <div class='ocr_carea' id='block_1_105' title="bbox 1863 4362 3438 4450">
    <p class='ocr_par' dir='ltr' id='par_1_105' title="bbox 1863 4362 3438 4450">
     <span class='ocr_line' id='line_1_105' title="bbox 1863 4362 3438 4450; baseline 0.013 -34"><span class='ocrx_word' id='word_1_758' title='bbox 1863 4371 1917 4416; x_wconf 89' lang='lat' dir='ltr'><strong>et</strong></span> <span class='ocrx_word' id='word_1_759' title='bbox 1961 4362 2173 4417; x_wconf 88' lang='lat' dir='ltr'><strong>uberius</strong></span> <span class='ocrx_word' id='word_1_760' title='bbox 2217 4363 2590 4429; x_wconf 88' lang='lat' dir='ltr'><strong>disseruisset,</strong></span> <span class='ocrx_word' id='word_1_761' title='bbox 2624 4380 2876 4438; x_wconf 85' lang='lat' dir='ltr'><strong>quantum</strong></span> <span class='ocrx_word' id='word_1_762' title='bbox 2921 4376 3198 4443; x_wconf 83' lang='lat' dir='ltr'><strong>prodesset</strong></span> <span class='ocrx_word' id='word_1_763' title='bbox 3231 4380 3438 4450; x_wconf 84' lang='lat' dir='ltr'><strong>justitia</strong></span> 
     </span>
    </p>
   </div>
   <div class='ocr_carea' id='block_1_106' title="bbox 1863 4453 3435 4543">
    <p class='ocr_par' dir='ltr' id='par_1_106' title="bbox 1863 4453 3435 4543">
     <span class='ocr_line' id='line_1_106' title="bbox 1863 4453 3435 4543; baseline 0.014 -36"><span class='ocrx_word' id='word_1_764' title='bbox 1863 4453 2061 4508; x_wconf 87' lang='lat' dir='ltr'><strong>civitati</strong></span> <span class='ocrx_word' id='word_1_765' title='bbox 2087 4498 2102 4517; x_wconf 88' lang='lat'><strong>,</strong></span> <span class='ocrx_word' id='word_1_766' title='bbox 2133 4464 2495 4528; x_wconf 88' lang='lat' dir='ltr'><strong>quantumque</strong></span> <span class='ocrx_word' id='word_1_767' title='bbox 2524 4459 2740 4516; x_wconf 80' lang='lat' dir='ltr'><strong>obesset</strong></span> <span class='ocrx_word' id='word_1_768' title='bbox 2765 4504 2778 4526; x_wconf 93' lang='lat'><strong>,</strong></span> <span class='ocrx_word' id='word_1_769' title='bbox 2807 4465 2849 4517; x_wconf 90' lang='lat' dir='ltr'><strong>si</strong></span> <span class='ocrx_word' id='word_1_770' title='bbox 2872 4465 3164 4532; x_wconf 86' lang='lat' dir='ltr'><strong>abfuisset;</strong></span> <span class='ocrx_word' id='word_1_771' title='bbox 3196 4477 3435 4543; x_wconf 84' lang='lat' dir='ltr'><strong>suscepit</strong></span> 
     </span>
    </p>
   </div>
   <div class='ocr_carea' id='block_1_107' title="bbox 1863 4546 3438 4633">
    <p class='ocr_par' dir='ltr' id='par_1_107' title="bbox 1863 4546 3438 4633">
     <span class='ocr_line' id='line_1_107' title="bbox 1863 4546 3438 4633; baseline 0.013 -32"><span class='ocrx_word' id='word_1_772' title='bbox 1863 4546 2056 4602; x_wconf 82' lang='lat' dir='ltr'><strong>deinde</strong></span> <span class='ocrx_word' id='word_1_773' title='bbox 2079 4548 2261 4603; x_wconf 89' lang='lat' dir='ltr'><strong>Philus</strong></span> <span class='ocrx_word' id='word_1_774' title='bbox 2291 4551 2333 4616; x_wconf 76' lang='lat'><strong>’,</strong></span> <span class='ocrx_word' id='word_1_775' title='bbox 2353 4566 2486 4605; x_wconf 91' lang='lat' dir='ltr'><strong>unus</strong></span> <span class='ocrx_word' id='word_1_776' title='bbox 2508 4567 2692 4608; x_wconf 88' lang='lat' dir='ltr'><strong>eorum</strong></span> <span class='ocrx_word' id='word_1_777' title='bbox 2717 4558 2803 4624; x_wconf 90' lang='lat' dir='ltr'><strong>qui</strong></span> <span class='ocrx_word' id='word_1_778' title='bbox 2827 4557 3171 4626; x_wconf 86' lang='lat' dir='ltr'><strong>disputationi</strong></span> <span class='ocrx_word' id='word_1_779' title='bbox 3196 4564 3438 4633; x_wconf 89' lang='lat' dir='ltr'><strong>aderant,</strong></span> 
     </span>
    </p>
   </div>
   <div class='ocr_carea' id='block_1_108' title="bbox 1865 4639 3443 4717">
    <p class='ocr_par' dir='ltr' id='par_1_108' title="bbox 1865 4639 3443 4717">
     <span class='ocr_line' id='line_1_108' title="bbox 1865 4639 3443 4717; baseline 0.013 -25"><span class='ocrx_word' id='word_1_780' title='bbox 1865 4647 1918 4692; x_wconf 89' lang='lat' dir='ltr'><strong>et</strong></span> <span class='ocrx_word' id='word_1_781' title='bbox 1941 4639 2181 4708; x_wconf 92' lang='lat' dir='ltr'><strong>poposcit</strong></span> <span class='ocrx_word' id='word_1_782' title='bbox 2210 4650 2267 4693; x_wconf 91' lang='lat' dir='ltr'><strong>ut</strong></span> <span class='ocrx_word' id='word_1_783' title='bbox 2295 4639 2408 4694; x_wconf 80' lang='lat' dir='ltr'><strong>haec</strong></span> <span class='ocrx_word' id='word_1_784' title='bbox 2437 4642 2546 4711; x_wconf 88' lang='lat' dir='ltr'><strong>ipsa</strong></span> <span class='ocrx_word' id='word_1_785' title='bbox 2590 4646 2813 4713; x_wconf 66' lang='lat' dir='ltr'><strong>qumstio</strong></span> <span class='ocrx_word' id='word_1_786' title='bbox 2843 4647 3146 4717; x_wconf 85' lang='lat' dir='ltr'><strong>diligentius</strong></span> <span class='ocrx_word' id='word_1_787' title='bbox 3187 4662 3443 4711; x_wconf 85' lang='lat' dir='ltr'><strong>tractare-</strong></span> 
     </span>
    </p>
   </div>
   <div class='ocr_carea' id='block_1_109' title="bbox 1868 4731 3440 4813">
    <p class='ocr_par' dir='ltr' id='par_1_109' title="bbox 1868 4731 3440 4813">
     <span class='ocr_line' id='line_1_109' title="bbox 1868 4731 3440 4813; baseline 0.012 -31"><span class='ocrx_word' id='word_1_788' title='bbox 1868 4739 1986 4797; x_wconf 91' lang='lat' dir='ltr'><strong>tur,</strong></span> <span class='ocrx_word' id='word_1_789' title='bbox 2018 4745 2081 4785; x_wconf 92' lang='lat' dir='ltr'><strong>ac</strong></span> <span class='ocrx_word' id='word_1_790' title='bbox 2126 4731 2194 4786; x_wconf 92' lang='lat' dir='ltr'><strong>de</strong></span> <span class='ocrx_word' id='word_1_791' title='bbox 2217 4731 2419 4801; x_wconf 88' lang='lat' dir='ltr'><strong>justitia</strong></span> <span class='ocrx_word' id='word_1_792' title='bbox 2458 4733 2610 4803; x_wconf 92' lang='lat' dir='ltr'><strong>plura</strong></span> <span class='ocrx_word' id='word_1_793' title='bbox 2657 4736 2981 4803; x_wconf 90' lang='lat' dir='ltr'><strong>dicerentur,</strong></span> <span class='ocrx_word' id='word_1_794' title='bbox 3027 4753 3245 4813; x_wconf 87' lang='lat' dir='ltr'><strong>propter</strong></span> <span class='ocrx_word' id='word_1_795' title='bbox 3275 4747 3400 4800; x_wconf 87' lang='lat' dir='ltr'><strong>illud</strong></span> <span class='ocrx_word' id='word_1_796' title='bbox 3425 4788 3440 4812; x_wconf 92' lang='lat'><strong>,</strong></span> 
     </span>
    </p>
   </div>
   <div class='ocr_carea' id='block_1_110' title="bbox 1866 4820 3444 4903">
    <p class='ocr_par' dir='ltr' id='par_1_110' title="bbox 1866 4820 3444 4903">
     <span class='ocr_line' id='line_1_110' title="bbox 1866 4820 3444 4903; baseline 0.01 -29"><span class='ocrx_word' id='word_1_797' title='bbox 1866 4820 2007 4890; x_wconf 91' lang='lat' dir='ltr'><strong>quod</strong></span> <span class='ocrx_word' id='word_1_798' title='bbox 2052 4820 2162 4890; x_wconf 87' lang='lat' dir='ltr'><strong>jam</strong></span> <span class='ocrx_word' id='word_1_799' title='bbox 2206 4823 2362 4894; x_wconf 88' lang='lat' dir='ltr'><strong>vulgo</strong></span> <span class='ocrx_word' id='word_1_800' title='bbox 2404 4823 2696 4894; x_wconf 86' lang='lat' dir='ltr'><strong>ferebatur,</strong></span> <span class='ocrx_word' id='word_1_801' title='bbox 2727 4829 3112 4899; x_wconf 87' lang='lat' dir='ltr'><strong>rempublicam</strong></span> <span class='ocrx_word' id='word_1_802' title='bbox 3139 4835 3249 4903; x_wconf 87' lang='lat' dir='ltr'><strong>regi</strong></span> <span class='ocrx_word' id='word_1_803' title='bbox 3279 4836 3300 4865; x_wconf 84' lang='grc'>³</span> <span class='ocrx_word' id='word_1_804' title='bbox 3326 4837 3444 4890; x_wconf 88' lang='lat' dir='ltr'><strong>sine</strong></span> 
     </span>
    </p>
   </div>
   <div class='ocr_carea' id='block_1_111' title="bbox 1931 4980 3444 5045">
    <p class='ocr_par' dir='ltr' id='par_1_111' title="bbox 1931 4980 3444 5045">
     <span class='ocr_line' id='line_1_111' title="bbox 1931 4980 3444 5045; baseline 0.009 -18"><span class='ocrx_word' id='word_1_805' title='bbox 1931 4981 1955 5045; x_wconf 59' lang='lat'><strong>*_</strong></span> <span class='ocrx_word' id='word_1_806' title='bbox 1983 4980 2116 5045; x_wconf 67' lang='lat' dir='ltr'><strong>vind.</strong></span> <span class='ocrx_word' id='word_1_807' title='bbox 2144 4989 2239 5030; x_wconf 79' lang='lat' dir='ltr'><strong>Am.</strong></span> <span class='ocrx_word' id='word_1_808' title='bbox 2267 4987 2342 5030; x_wconf 75' lang='lat' dir='ltr'><strong>Er.</strong></span> <span class='ocrx_word' id='word_1_809' title='bbox 2361 4987 2422 5045; x_wconf 81' lang='lat' dir='ltr'><strong>et</strong></span> <span class='ocrx_word' id='word_1_810' title='bbox 2443 4980 2624 5045; x_wconf 84' lang='lat' dir='ltr'><strong>aliquot</strong></span> <span class='ocrx_word' id='word_1_811' title='bbox 2645 4991 2770 5045; x_wconf 80' lang='lat' dir='ltr'><strong>Mss.,</strong></span> <span class='ocrx_word' id='word_1_812' title='bbox 2792 4985 3090 5037; x_wconf 80' lang='lat' dir='ltr'><strong>moderatam</strong></span> <span class='ocrx_word' id='word_1_813' title='bbox 3119 4987 3317 5040; x_wconf 78' lang='lat' dir='ltr'><strong>ratione.</strong></span> <span class='ocrx_word' id='word_1_814' title='bbox 3341 4994 3444 5040; x_wconf 68' lang='lat' dir='ltr'><strong>Cte-</strong></span> 
     </span>
    </p>
   </div>
   <div class='ocr_carea' id='block_1_112' title="bbox 1865 5041 2598 5102">
    <p class='ocr_par' dir='ltr' id='par_1_112' title="bbox 1865 5041 2598 5102">
     <span class='ocr_line' id='line_1_112' title="bbox 1865 5041 2598 5102; baseline 0.003 -12"><span class='ocrx_word' id='word_1_815' title='bbox 1865 5043 1957 5090; x_wconf 86' lang='lat' dir='ltr'><strong>teri</strong></span> <span class='ocrx_word' id='word_1_816' title='bbox 1981 5041 2086 5091; x_wconf 87' lang='lat' dir='ltr'><strong>fere</strong></span> <span class='ocrx_word' id='word_1_817' title='bbox 2112 5051 2235 5102; x_wconf 86' lang='lat' dir='ltr'><strong>Mss.,</strong></span> <span class='ocrx_word' id='word_1_818' title='bbox 2259 5041 2598 5094; x_wconf 78' lang='lat' dir='ltr'><strong>moderatione.</strong></span> 
     </span>
    </p>
   </div>
   <div class='ocr_carea' id='block_1_113' title="bbox 1864 5104 3447 5216">
    <p class='ocr_par' dir='ltr' id='par_1_113' title="bbox 1864 5104 3447 5216">
     <span class='ocr_line' id='line_1_113' title="bbox 1864 5104 3447 5216; baseline 0.008 -66"><span class='ocrx_word' id='word_1_819' title='bbox 1864 5104 1950 5216; x_wconf 62' lang='lat' dir='ltr'><strong>lu;</strong></span> <span class='ocrx_word' id='word_1_820' title='bbox 1983 5104 2060 5213; x_wconf 55' lang='lat' dir='ltr'><strong>Si:l</strong></span> <span class='ocrx_word' id='word_1_821' title='bbox 2093 5105 2238 5154; x_wconf 87' lang='lat' dir='ltr'><strong>etiam</strong></span> <span class='ocrx_word' id='word_1_822' title='bbox 2279 5109 2385 5154; x_wconf 79' lang='lat' dir='ltr'><strong>Mss.</strong></span> <span class='ocrx_word' id='word_1_823' title='bbox 2420 5107 2572 5156; x_wconf 83' lang='lat' dir='ltr'><strong>nostri</strong></span> <span class='ocrx_word' id='word_1_824' title='bbox 2605 5119 2792 5157; x_wconf 90' lang='lat' dir='ltr'><strong>omnes.</strong></span> <span class='ocrx_word' id='word_1_825' title='bbox 2830 5114 2966 5158; x_wconf 80' lang='lat' dir='ltr'><strong>Forte</strong></span> <span class='ocrx_word' id='word_1_826' title='bbox 3001 5108 3282 5173; x_wconf 84' lang='lat' dir='ltr'><strong>legendum,</strong></span> <span class='ocrx_word' id='word_1_827' title='bbox 3331 5111 3447 5164; x_wconf 83' lang='lat' dir='ltr'><strong>Phi-</strong></span> 
     </span>
    </p>
   </div>
   <div class='ocr_carea' id='block_1_114' title="bbox 1932 5225 3446 5298">
    <p class='ocr_par' dir='ltr' id='par_1_114' title="bbox 1932 5225 3446 5298">
     <span class='ocr_line' id='line_1_114' title="bbox 1932 5225 3446 5298; baseline 0.009 -25"><span class='ocrx_word' id='word_1_828' title='bbox 1932 5227 1952 5258; x_wconf 87' lang='grc'>³</span> <span class='ocrx_word' id='word_1_829' title='bbox 1986 5225 2153 5298; x_wconf 78' lang='lat' dir='ltr'><strong>Plures</strong></span> <span class='ocrx_word' id='word_1_830' title='bbox 2173 5227 2284 5298; x_wconf 55' lang='lat' dir='ltr'><strong>libri</strong></span> <span class='ocrx_word' id='word_1_831' title='bbox 2307 5227 2452 5298; x_wconf 59' lang='lat' dir='ltr'><strong>uiget</strong></span> <span class='ocrx_word' id='word_1_832' title='bbox 2473 5227 2738 5298; x_wconf 54' lang='lat' dir='ltr'><strong>infrajoco,</strong></span> <span class='ocrx_word' id='word_1_833' title='bbox 2766 5229 2886 5293; x_wconf 81' lang='lat' dir='ltr'><strong>regi,</strong></span> <span class='ocrx_word' id='word_1_834' title='bbox 2915 5229 3116 5293; x_wconf 84' lang='lat' dir='ltr'><strong>habent,</strong></span> <span class='ocrx_word' id='word_1_835' title='bbox 3135 5234 3261 5298; x_wconf 86' lang='lat' dir='ltr'><strong>geri.</strong></span> <span class='ocrx_word' id='word_1_836' title='bbox 3287 5261 3348 5273; x_wconf 90' lang='lat'><strong>—-</strong></span> <span class='ocrx_word' id='word_1_837' title='bbox 3371 5236 3446 5287; x_wconf 85' lang='lat' dir='ltr'><strong>Sic</strong></span> 
     </span>
    </p>
   </div>
   <div class='ocr_carea' id='block_1_115' title="bbox 1868 5288 2796 5344">
    <p class='ocr_par' dir='ltr' id='par_1_115' title="bbox 1868 5288 2796 5344">
     <span class='ocr_line' id='line_1_115' title="bbox 1868 5288 2796 5344; baseline 0 -6"><span class='ocrx_word' id='word_1_838' title='bbox 1868 5288 2013 5338; x_wconf 85' lang='lat' dir='ltr'><strong>etiam</strong></span> <span class='ocrx_word' id='word_1_839' title='bbox 2031 5289 2168 5336; x_wconf 84' lang='lat' dir='ltr'><strong>codd.</strong></span> <span class='ocrx_word' id='word_1_840' title='bbox 2195 5288 2304 5344; x_wconf 85' lang='lat'><strong>766,</strong></span> <span class='ocrx_word' id='word_1_841' title='bbox 2329 5289 2442 5338; x_wconf 72' lang='lat' dir='ltr'><strong>205i</strong></span> <span class='ocrx_word' id='word_1_842' title='bbox 2467 5298 2518 5338; x_wconf 85' lang='lat' dir='ltr'><strong>et.</strong></span> <span class='ocrx_word' id='word_1_843' title='bbox 2539 5290 2676 5339; x_wconf 71' lang='lat'><strong>2032.</strong></span> <span class='ocrx_word' id='word_1_844' title='bbox 2726 5288 2796 5338; x_wconf 60' lang='lat' dir='ltr'><strong>nt.</strong></span> 
     </span>
    </p>
   </div>
   <div class='ocr_carea' id='block_1_116' title="bbox 1928 5348 3448 5421">
    <p class='ocr_par' dir='ltr' id='par_1_116' title="bbox 1928 5348 3448 5421">
     <span class='ocr_line' id='line_1_116' title="bbox 1928 5348 3448 5421; baseline 0.009 -26"><span class='ocrx_word' id='word_1_845' title='bbox 1928 5350 1999 5421; x_wconf 78' lang='grc' dir='ltr'><strong>(ιι)</strong></span> <span class='ocrx_word' id='word_1_846' title='bbox 2022 5348 2360 5421; x_wconf 47' lang='lat' dir='ltr'><strong>Saglauapalus</strong></span> <span class='ocrx_word' id='word_1_847' title='bbox 2377 5349 2578 5421; x_wconf 68' lang='lat' dir='ltr'><strong>r_ex__fnit</strong></span> <span class='ocrx_word' id='word_1_848' title='bbox 2599 5350 3121 5421; x_wconf 31' lang='lat' dir='ltr'><strong>assvriorum‘ultimus,</strong></span> <span class='ocrx_word' id='word_1_849' title='bbox 3144 5359 3448 5421; x_wconf 71' lang='lat' dir='ltr'><strong>cujusepita-</strong></span> 
     </span>
    </p>
   </div>
   <div class='ocr_carea' id='block_1_117' title="bbox 1865 5409 3320 5480">
    <p class='ocr_par' dir='ltr' id='par_1_117' title="bbox 1865 5409 3320 5480">
     <span class='ocr_line' id='line_1_117' title="bbox 1865 5409 3320 5480; baseline 0.007 -22"><span class='ocrx_word' id='word_1_850' title='bbox 1865 5409 2032 5480; x_wconf 74' lang='lat' dir='ltr'><strong>pllium</strong></span> <span class='ocrx_word' id='word_1_851' title='bbox 2051 5411 2191 5480; x_wconf 71' lang='lat' dir='ltr'><strong>affert</strong></span> <span class='ocrx_word' id='word_1_852' title='bbox 2210 5409 2374 5461; x_wconf 74' lang='lat' dir='ltr'><strong>Cicero</strong></span> <span class='ocrx_word' id='word_1_853' title='bbox 2395 5413 2444 5480; x_wconf 90' lang='lat' dir='ltr'><strong>in_</strong></span> <span class='ocrx_word' id='word_1_854' title='bbox 2459 5409 2733 5480; x_wconf 67' lang='lat' dir='ltr'><strong>Tusculanis</strong></span> <span class='ocrx_word' id='word_1_855' title='bbox 2754 5417 2928 5480; x_wconf 66' lang='grc' dir='ltr'><strong>ρυωει.</strong></span> <span class='ocrx_word' id='word_1_856' title='bbox 3050 5409 3220 5480; x_wconf 63' lang='lat' dir='ltr'><strong>5,eap&#39;.</strong></span> <span class='ocrx_word' id='word_1_857' title='bbox 3240 5420 3320 5468; x_wconf 78' lang='lat'><strong>&#39;55.</strong></span> 
     </span>
    </p>
   </div>
   <div class='ocr_carea' id='block_1_118' title="bbox 1931 5471 3448 5542">
    <p class='ocr_par' dir='ltr' id='par_1_118' title="bbox 1931 5471 3448 5542">
     <span class='ocr_line' id='line_1_118' title="bbox 1931 5471 3448 5542; baseline 0.007 -22"><span class='ocrx_word' id='word_1_858' title='bbox 1931 5471 2000 5542; x_wconf 71' lang='grc' dir='ltr'><strong>(ὁ)</strong></span> <span class='ocrx_word' id='word_1_859' title='bbox 2025 5473 2265 5542; x_wconf 67' lang='lat' dir='ltr'><strong>tiberium</strong></span> <span class='ocrx_word' id='word_1_860' title='bbox 2287 5471 2814 5542; x_wconf 58' lang='lat' dir='ltr'><strong>Graceltunrintelligit,</strong></span> <span class='ocrx_word' id='word_1_861' title='bbox 2843 5484 2871 5520; x_wconf 92' lang='lat' dir='ltr'><strong>a</strong></span> <span class='ocrx_word' id='word_1_862' title='bbox 2894 5471 3113 5542; x_wconf 72' lang='lat' dir='ltr'><strong>scipione</strong></span> <span class='ocrx_word' id='word_1_863' title='bbox 3137 5471 3315 5542; x_wconf 75' lang='lat' dir='ltr'><strong>Nasica,</strong></span> <span class='ocrx_word' id='word_1_864' title='bbox 3341 5481 3448 5542; x_wconf 77' lang='lat' dir='ltr'><strong>ejus</strong></span> 
     </span>
    </p>
   </div>
   <div class='ocr_carea' id='block_1_119' title="bbox 1867 5531 3448 5601">
    <p class='ocr_par' dir='ltr' id='par_1_119' title="bbox 1867 5531 3448 5601">
     <span class='ocr_line' id='line_1_119' title="bbox 1867 5531 3448 5601; baseline 0.004 -21"><span class='ocrx_word' id='word_1_865' title='bbox 1867 5531 1949 5601; x_wconf 82' lang='lat' dir='ltr'><strong>qui</strong></span> <span class='ocrx_word' id='word_1_866' title='bbox 1967 5531 2175 5601; x_wconf 65' lang='lat' dir='ltr'><strong>Optimus</strong></span> <span class='ocrx_word' id='word_1_867' title='bbox 2198 5534 2318 5601; x_wconf 58' lang='lat' dir='ltr'><strong>viro</strong></span> <span class='ocrx_word' id='word_1_868' title='bbox 2342 5541 2515 5582; x_wconf 87' lang='lat' dir='ltr'><strong>senatu</strong></span> <span class='ocrx_word' id='word_1_869' title='bbox 2546 5531 2785 5601; x_wconf 70' lang='lat' dir='ltr'><strong>judicatus</strong></span> <span class='ocrx_word' id='word_1_870' title='bbox 2809 5541 2916 5601; x_wconf 75' lang='lat' dir='ltr'><strong>erat.</strong></span> <span class='ocrx_word' id='word_1_871' title='bbox 2933 5531 3144 5601; x_wconf 74' lang='lat' dir='ltr'><strong>nepote,</strong></span> <span class='ocrx_word' id='word_1_872' title='bbox 3163 5541 3291 5601; x_wconf 88' lang='lat' dir='ltr'><strong>quod</strong></span> <span class='ocrx_word' id='word_1_873' title='bbox 3303 5531 3448 5601; x_wconf 63' lang='grc' dir='ltr'><strong>’θεῖ-³-</strong></span> 
     </span>
    </p>
   </div>
   <div class='ocr_carea' id='block_1_120' title="bbox 1867 5593 3446 5661">
    <p class='ocr_par' dir='ltr' id='par_1_120' title="bbox 1867 5593 3446 5661">
     <span class='ocr_line' id='line_1_120' title="bbox 1867 5593 3446 5661; baseline 0.004 -18"><span class='ocrx_word' id='word_1_874' title='bbox 1867 5597 1986 5661; x_wconf 80' lang='lat' dir='ltr'><strong>riam</strong></span> <span class='ocrx_word' id='word_1_875' title='bbox 2013 5593 2176 5656; x_wconf 83' lang='lat' dir='ltr'><strong>legem</strong></span> <span class='ocrx_word' id='word_1_876' title='bbox 2201 5593 2492 5661; x_wconf 80' lang='lat' dir='ltr'><strong>_tnlisset,_e_t</strong></span> <span class='ocrx_word' id='word_1_877' title='bbox 2528 5594 2822 5661; x_wconf 78' lang='lat' dir='ltr'><strong>tribtmatum</strong></span> <span class='ocrx_word' id='word_1_878' title='bbox 2853 5595 2945 5661; x_wconf 76' lang='lat' dir='ltr'><strong>sibi</strong></span> <span class='ocrx_word' id='word_1_879' title='bbox 2984 5593 3250 5661; x_wconf 75' lang='lat' dir='ltr'><strong>continuari</strong></span> <span class='ocrx_word' id='word_1_880' title='bbox 3274 5593 3446 5661; x_wconf 72' lang='lat' dir='ltr'><strong>vellet,</strong></span> 
     </span>
    </p>
   </div>
   <div class='ocr_carea' id='block_1_121' title="bbox 1867 5651 3446 5723">
    <p class='ocr_par' dir='ltr' id='par_1_121' title="bbox 1867 5651 3446 5723">
     <span class='ocr_line' id='line_1_121' title="bbox 1867 5651 3446 5723; baseline 0.004 -20"><span class='ocrx_word' id='word_1_881' title='bbox 1867 5651 2090 5723; x_wconf 53' lang='lat' dir='ltr'><strong>oecisuni</strong></span> <span class='ocrx_word' id='word_1_882' title='bbox 2104 5669 2116 5703; x_wconf 90' lang='lat'><strong>:</strong></span> <span class='ocrx_word' id='word_1_883' title='bbox 2143 5657 2357 5723; x_wconf 64' lang='lat' dir='ltr'><strong>Scipione</strong></span> <span class='ocrx_word' id='word_1_884' title='bbox 2377 5651 2597 5723; x_wconf 13' lang='lat' dir='ltr'><strong>VAfrican‘o</strong></span> <span class='ocrx_word' id='word_1_885' title='bbox 2633 5655 2838 5715; x_wconf 90' lang='lat' dir='ltr'><strong>minore,</strong></span> <span class='ocrx_word' id='word_1_886' title='bbox 2871 5655 2936 5705; x_wconf 86' lang='lat' dir='ltr'><strong>de</strong></span> <span class='ocrx_word' id='word_1_887' title='bbox 2972 5671 3070 5720; x_wconf 89' lang='lat' dir='ltr'><strong>quo</strong></span> <span class='ocrx_word' id='word_1_888' title='bbox 3105 5660 3184 5710; x_wconf 89' lang='lat' dir='ltr'><strong>hic</strong></span> <span class='ocrx_word' id='word_1_889' title='bbox 3217 5651 3446 5723; x_wconf 67' lang='lat' dir='ltr'><strong>loquitur;</strong></span> 
     </span>
    </p>
   </div>
   <div class='ocr_carea' id='block_1_122' title="bbox 1873 5714 3413 5778">
    <p class='ocr_par' dir='ltr' id='par_1_122' title="bbox 1873 5714 3413 5778">
     <span class='ocr_line' id='line_1_122' title="bbox 1873 5714 3413 5778; baseline 0 -14"><span class='ocrx_word' id='word_1_890' title='bbox 1873 5717 2059 5765; x_wconf 87' lang='lat' dir='ltr'><strong>bellum</strong></span> <span class='ocrx_word' id='word_1_891' title='bbox 2079 5714 2272 5765; x_wconf 86' lang='lat' dir='ltr'><strong>interim</strong></span> <span class='ocrx_word' id='word_1_892' title='bbox 2297 5714 2353 5763; x_wconf 90' lang='lat' dir='ltr'><strong>ad</strong></span> <span class='ocrx_word' id='word_1_893' title='bbox 2373 5714 2665 5764; x_wconf 66' lang='lat' dir='ltr'><strong>{minantium</strong></span> <span class='ocrx_word' id='word_1_894' title='bbox 2696 5714 2922 5778; x_wconf 75' lang='lat' dir='ltr'><strong>gerente.</strong></span> <span class='ocrx_word' id='word_1_895' title='bbox 2991 5714 3005 5720; x_wconf 82' lang='grc'><em>’</em></span> <span class='ocrx_word' id='word_1_896' title='bbox 3281 5714 3296 5723; x_wconf 91' lang='grc'><strong><em>“</em></strong></span> <span class='ocrx_word' id='word_1_897' title='bbox 3410 5760 3413 5764; x_wconf 90' lang='grc'>.</span> 
     </span>
    </p>
   </div>
  </div>
