4038 6482
597 302 665 363 ω
1122 254 1126 260 ’
1634 291 1720 348 ne
1756 289 2076 354 cwmre
2117 288 2248 357 om,
2279 290 2338 346 s.
2380 287 2745 346 aucusrnu
3798 296 3874 352 as

596 401 792 488 injuria
830 429 940 470 non
970 425 1146 482 posse.
1171 409 1322 464 lianc
1361 405 1587 477 proinde
1624 407 1975 476 quaestionem
2003 404 2182 458 discu-

595 507 833 564 tiendam
861 514 918 560 et
961 501 1294 559 cnodandam
1341 513 1461 553 esse
1484 539 1499 563 ,
1529 511 1782 551 assensus
1829 506 1913 551 est
1964 495 2143 564 Scipio
2166 534 2181 558 ,

597 595 977 666 rcSponditque
1015 591 1140 646 nihil
1168 605 1274 644 esse
1293 627 1308 654 ,
1356 587 1491 658 quod
1533 587 1699 641 adhuc
1728 587 1790 640 de
1818 586 2073 654 republica
2106 585 2186 638 di-

595 700 737 743 ctum
786 695 1020 758 putaret,
1063 693 1108 736 et
1153 697 1253 750 quo
1295 691 1494 750 possent
1521 680 1720 750 longius
1771 679 2037 748 progredi,
2090 678 2188 730 nisi

599 789 725 835 esset
771 777 1123 847 con/innatum
1150 817 1164 840 ,
1197 790 1297 826 non
1335 771 1485 826 modo
1510 770 1700 841 falsam
1739 785 1845 823 esse
1882 769 2011 822 illud
2033 810 2046 835 ,
2078 769 2187 823 sine

519 923 522 931 ,
600 869 795 940 injuria
825 883 926 920 non
955 879 1136 936 posse;
1158 863 1246 916 sed
1283 864 1378 916 hoc
1406 861 1722 915 verissimum
1766 875 1894 941 esse,
1918 859 2025 912 sine
2049 875 2187 911 sum-

599 979 684 1017 ma
704 959 910 1032 justitia
937 955 1298 1028 rempublicam
1318 955 1422 1024 regi
1449 954 1466 984 ¹
1491 969 1590 1006 non
1615 968 1762 1022 posse
1786 949 1964 1011 (Libro
1986 949 2042 1014 ἓ,
2068 951 2182 1018 cap.

601 1052 718 1120 45).
750 1048 912 1119 Cujus
938 1045 1248 1117 quaestionis
1274 1042 1556 1113 explicatio
1597 1055 1716 1095 eum
1751 1041 1804 1094 in
1829 1040 1968 1095 diem
1999 1054 2188 1094 conse-

599 1148 854 1212 quentcm
876 1137 1037 1193 dilata
1062 1144 1224 1199 esset,
1254 1135 1308 1190 in
1335 1133 1490 1189 tertio
1527 1131 1664 1187 libro
1688 1146 1878 1201 magna
1916 1131 2188 1186 conﬂicta-

599 1232 746 1288 tione
768 1233 789 1262 ²
819 1246 907 1286 res
925 1238 1042 1285 acta
1073 1237 1176 1284 est.
1202 1225 1451 1296 Suscepit
1477 1224 1618 1280 enim
1648 1223 1831 1278 Philus
1862 1223 1974 1293 ipse
2001 1221 2188 1291 dispu-

601 1323 855 1379 tationem
881 1335 1065 1377 eorum
1091 1319 1178 1390 qui
1204 1319 1464 1373 sentirent
1490 1315 1606 1371 sine
1626 1313 1880 1384 injustitia
1910 1314 2022 1383 regi
2041 1312 2061 1343 ³
2082 1328 2188 1367 non

601 1427 759 1484 posse
787 1411 1168 1483 rempublicam
1214 1421 1444 1478 purgans
1470 1446 1486 1472 ,
1509 1406 1774 1478 praecipue
1793 1443 1810 1469 ,
1841 1418 1907 1458 ne
1935 1403 2038 1458 hoc
2076 1403 2189 1472 ipse

600 1504 801 1561 sentire
826 1502 1154 1559 crederetur.
1179 1499 1406 1570 Egitque
1447 1496 1634 1553 sedqu
1658 1511 1754 1566 pro
1783 1495 2040 1565 iniustitia
2063 1509 2192 1550 con-

602 1605 686 1653 tra
722 1595 984 1668 justitiam
1004 1635 1018 1658 ,
1049 1603 1108 1649 ut
1127 1593 1266 1648 hanc
1297 1605 1417 1646 esse
1441 1589 1625 1646 utilem
1672 1589 1977 1660 reipubliea:
1999 1631 2016 1656 ,
2043 1588 2189 1643 illam

600 1701 732 1744 vero
775 1686 1051 1751 inutilem,
1080 1681 1457 1739 verisimilibus
1497 1680 1794 1737 rationibus
1832 1687 1887 1735 et
1931 1678 2193 1749 exemplis

601 1778 750 1834 velut
787 1785 1072 1834 conaretur
1117 1772 1418 1829 ostendere.
1447 1771 1588 1826 Tum
1634 1769 1831 1825 Laelius
1883 1769 2228 1840 rogantibus-

601 1867 850 1924 omnibus
870 1907 886 1933 ,
912 1865 1166 1936 justitiam
1187 1861 1474 1919 defendere
1493 1875 1776 1932 aggressus
1794 1870 1876 1916 est
1895 1877 1910 1926 ;
1937 1860 2192 1915 asseruit-

603 1975 709 2030 que
733 1966 990 2029 quantum
1023 1956 1214 2028 potuit,
1241 1954 1372 2009 nihil
1402 1963 1509 2009 tam
1543 1953 1814 2008 inimicum
1851 1967 2008 2022 quam
2054 1951 2192 2021 inju-

577 2049 802 2114 ,stitiam
831 2048 1064 2112 civitati,
1092 2060 1193 2102 nec
1232 2043 1452 2100 omnino
1497 2044 1597 2099 nisi
1637 2058 1824 2115 niagna
1851 2043 2054 2114 justitia
2075 2043 2191 2114 geri

604 2152 699 2198 aut
726 2152 870 2200 stare
897 2154 1055 2212 posse
1078 2138 1455 2208 rempublicam
1491 2136 1592 2208 (a).

675 2234 733 2288 2.
771 2233 884 2302 Qua
910 2231 1209 2300 quaestione
1228 2272 1244 2295 ,
1275 2237 1531 2300 quantum
1559 2227 1688 2283 satis
1715 2227 1885 2282 visum
1916 2234 1999 2281 est
2020 2266 2036 2293 ,
2071 2241 2192 2296 per.

609 2333 831 2379 tractata
849 2363 865 2388 ,
894 2320 1077 2391 Scipio
1105 2320 1172 2374 ad
1215 2319 1515 2374 intermissa
1553 2318 1872 2384 revertitur,
1900 2316 2193 2397 recolitqne

601 2429 753 2469 suam
783 2422 940 2484 atque
967 2409 1305 2466 commendat
1330 2410 1546 2464 brevem
1589 2408 1896 2479 reipublica:
1923 2407 2191 2464 definitio-

603 2520 750 2574 nem,
781 2519 885 2573 qua
907 2501 1115 2557 dixerat
1139 2516 1256 2556 eam
1287 2515 1407 2556 esse
1443 2515 1554 2555 rem
1597 2501 1773 2571 populi
1797 2499 1971 2569 (Libro
1999 2501 2051 2566 l,
2073 2517 2188 2571 cap.

599 2594 718 2665 9.5).
744 2593 1001 2662 Populum
1026 2600 1201 2647 autem
1229 2606 1332 2645 non
1353 2604 1566 2646 omnem
1590 2598 1787 2645 cretum
1811 2590 2190 2654 multitudinis,

600 2685 700 2742 sed
737 2694 933 2740 eretum
971 2683 1108 2754 juris
1150 2697 1413 2738 consensu
1444 2689 1498 2736 et
1525 2681 1763 2736 utilitatis
1815 2681 2192 2737 communione

600 2776 863 2831 sociatum
889 2789 1008 2830 esse
1036 2773 1377 2830 determinat.
1406 2773 1572 2828 Docet
1597 2772 1788 2828 deinde
1816 2784 2014 2843 quanta
2042 2775 2110 2827 sit
2139 2773 2190 2829 in

601 2865 926 2936 disputando
980 2863 1308 2920 deﬁnitionis
1364 2864 1564 2920 utilitas
1596 2883 1610 2912 :
1641 2874 1803 2934 atque
1839 2879 1904 2920 ex
1931 2865 2038 2920 illis
2081 2867 2192 2921 suis

602 2955 998 3012 definitionibus
1019 2957 1220 3026 colligit
1272 2965 1399 3010 tunc
1441 2971 1562 3011 esse
1597 2956 1998 3024 rempublicam,
2030 2955 2081 3012 id
2111 2969 2192 3014 est

604 3064 720 3105 rem
753 3049 964 3120 populi,
994 3063 1112 3103 cum
1159 3047 1297 3103 bene
1322 3063 1385 3103 ac
1407 3048 1548 3117 juste
1589 3049 1822 3120 geritur,
1846 3049 1959 3105 sive
1992 3050 2058 3104 ab
2085 3067 2192 3107 uno

605 3140 897 3211 rege,sirc
951 3153 982 3193 a
1024 3139 1204 3208 paucis
1249 3137 1620 3208 optimatibus,
1665 3139 1777 3194 sive
1825 3139 1892 3194 ab
1941 3140 2192 3196 universo

601 3234 819 3305 populo.
838 3233 972 3289 Cum
997 3247 1128 3287 vero
1157 3231 1386 3302 injustus
1411 3241 1493 3287 est
1512 3247 1605 3286 rex
1626 3274 1642 3297 ,
1669 3247 1828 3302 quem
1882 3241 2187 3305 tyrannum,

602 3339 754 3380 more
793 3339 970 3395 graeco
989 3365 1003 3388 ,
1033 3323 1361 3394 appellavit;
1389 3333 1482 3378 aut
1503 3325 1680 3394 injusti
1704 3325 1990 3394 Optimates
2011 3367 2025 3390 ,
2058 3341 2192 3396 quo-

601 3432 720 3473 rum
767 3431 1093 3472 consensum
1140 3415 1274 3470 dixit
1312 3431 1432 3470 esse
1479 3416 1797 3482 factionem;
1842 3426 1934 3472 aut
1962 3417 2190 3488 injustus

604 3509 722 3580 ipse
751 3508 998 3579 populus,
1028 3507 1114 3562 cui
1153 3520 1349 3562 nomen
1398 3506 1651 3561 usitatum
1697 3522 1802 3562 non
1835 3508 2062 3578 reperit,
2089 3509 2189 3564 nisi

603 3606 664 3653 ut
687 3598 849 3652 etiam
873 3596 1046 3684 ipsum
1070 3604 1354 3668 tyrannum
1382 3605 1600 3651 vocaret
1623 3613 1636 3650 :
1661 3611 1766 3651 nou
1788 3599 1898 3667 jam
1920 3599 2187 3662 vitiosam,

503 3689 507 3696 '
599 3690 744 3743 sicut
782 3689 954 3759 pridie
1005 3687 1182 3744 fuerat
1232 3687 1600 3758 disputatum;
1631 3687 1762 3756 sed,
1793 3689 1938 3744 sicut
1958 3691 2094 3746 ratio
2123 3707 2190 3772 ex

602 3779 710 3838 illis
737 3779 1134 3834 (leniiitionibus
1179 3793 1423 3834 connexa
1472 3778 1776 3843 docuisset,
1812 3779 2036 3835 omnino
2073 3781 2189 3834 nul-

607 3870 714 3927 lam
759 3882 880 3922 esse
931 3868 1314 3937 rempublicam
1342 3886 1356 3922 :
1384 3872 1636 3937 quoniam
1667 3883 1773 3922 non
1811 3880 1957 3924 esset
1982 3885 2069 3924 res
2098 3886 2190 3938 po—

603 3957 752 4030 puli,
782 3971 902 4011 cum
931 3965 1189 4029 tyrannus
1225 3971 1341 4010 eam
1370 3956 1596 4012 factiove
1623 3957 1694 4030 (b)
1723 3969 2061 4029 capesseret;
2092 3977 2190 4016 nec

606 4052 721 4121 ipse
748 4052 970 4122 populus
985 4049 1094 4120 jam
1115 4049 1344 4120 populus
1370 4059 1531 4116 esset,
1555 4048 1599 4104 si
1624 4059 1766 4106 esset
1790 4051 2034 4121 injustus,
2058 4069 2190 4123 quo-

609 4143 755 4196 niam
797 4157 900 4195 non
930 4147 1076 4196 esset
1103 4139 1387 4195 multitudo
1408 4139 1548 4210 juris
1573 4154 1839 4196 consensu
1868 4152 1922 4198 et
1948 4144 2189 4199 utilitatis

597 4231 979 4290 communione
1005 4231 1224 4298 sociata,
1245 4231 1382 4286 sicut
1398 4230 1622 4300 populus
1636 4230 1804 4287 fuerat
1821 4232 2087 4288 deﬁnitus.

675 4326 729 4380 5.
771 4323 995 4395 Quando
1021 4339 1149 4394 ergo
1175 4323 1474 4393 respublica
1502 4324 1735 4379 Romana
1760 4325 1880 4381 talis
1905 4337 2040 4394 erat,
2059 4344 2189 4398 qua-

603 4416 709 4474 lem
741 4415 885 4469 illam
911 4414 1165 4470 describit
1205 4414 1529 4480 Sallustius;
1555 4431 1663 4472 non
1704 4417 1814 4487 jam
1855 4419 2086 4488 pessima
2127 4437 2188 4474 ac

605 4505 1036 4576 ﬂagitiosissima,
1061 4505 1197 4560 sicut
1223 4506 1334 4575 ipse
1363 4507 1436 4560 ait
1463 4547 1478 4573 ,
1508 4506 1600 4562 sed
1627 4509 1845 4563 omnino
1873 4508 2011 4563 nulla
2039 4522 2149 4564 erat
2169 4552 2184 4578 ,

606 4596 897 4652 secundum
921 4596 1074 4651 istam
1102 4597 1360 4653 rationem
1380 4640 1396 4663 ,
1427 4613 1585 4668 quam
1613 4598 1902 4668 disputatio
1930 4601 1999 4656 de
2025 4617 2185 4671 repu-

603 4689 738 4744 blica
770 4689 910 4744 inter
935 4704 1153 4759 magnos
1182 4690 1298 4760 ejus
1331 4699 1442 4744 tum
1483 4692 1752 4761 principes
1777 4691 1848 4763 (c)
1886 4693 2062 4749 habita
2096 4711 2186 4766 pa—

609 4779 807 4838 tefecit.
841 4779 992 4834 Sicut
1012 4780 1171 4835 etiam
1203 4780 1318 4850 ipse
1351 4779 1592 4848 Tullius,
1620 4797 1724 4837 non
1758 4782 2022 4853 Scipionis
2045 4825 2060 4850 ,
2090 4801 2187 4840 nec

603 4872 917 4943 cujusquam
952 4869 1172 4925 alterius
1195 4912 1212 4938 ,
1247 4870 1340 4926 sed
1381 4885 1480 4926 suo
1522 4885 1769 4928 sermone
1794 4873 2019 4944 loquens
2044 4875 2066 4906 ⁸
2087 4917 2100 4942 ,
2135 4876 2185 4930 in

666 5045 685 5110 ξ
719 5045 794 5093 Sic
815 5039 1122 5110 etiam_codd.
1145 5039 1258 5102 766,
1283 5040 1402 5110 2051
1409 5049 1490 5110 Aet.
1495 5041 1652 5110 mss._
1661 5042 1764 5110 alii,
1777 5043 1911 5110 geri.
1998 5051 2056 5094 tl.

665 5106 687 5167 ξ
722 5113 848 5167 διδει,
868 5097 1256 5167 sortitam-,5
1268 5110 1352 5167 MS;
1532 5097 1892 5167 εοηΙΙίςιίιὶῖὂηεο
1914 5113 1974 5155 M-

666 5165 688 5231 3
719 5166 792 5231 sic
812 5163 1313 5231 meammeam
1327 5164 1475 5225 2053;
1497 5163 1633 5215 codd.
1647 5166 1768 5216 20:50
1785 5175 1836 5216 et
1849 5168 1961 5231 rce,
1977 5169 2098 5231 geri.
2127 5176 2181 5231 Μ.

667 5225 691 5256 ⁸
724 5227 807 5288 [tie
829 5226 964 5275 Vind.
987 5231 1174 5288 Am.£r.
1201 5225 1398 5288 addunt,
1423 5233 1655 5288 testatur;
1679 5225 2181 5288 tov.,demotistrarit.

583 5294 704 5344 -Quo
727 5285 832 5334 loco
869 5288 917 5334 in
941 5287 1276 5356 nunuseriptis
1296 5285 2030 5354 supplendum'relinquiquitur
2071 5305 2184 5340 ver-

604 5347 740 5404 bum,
763 5348 1004 5408 patefecit.

639 5360 740 5404 um,
763 5359 1004 5404 paterecu.

689 5360 741 5475 ἓξ
763 5359 1308 5475 ἔξέὲῗοῇοεηιειὶοηὶε
1328 5411 1546 5475 meminit
1561 5412 1733 5475 Cicero,
1749 5412 1797 5475 in
1815 5411 1973 5471 Lmlio,
2005 5426 2108 5475 cap.
2135 5414 2181 5461 4.

694 5467 744 5538 b)
767 5467 847 5517 sic
874 5468 1056 5538 Ito-rel,
1072 5469 1308 5538 Element.
1341 5471 1501 5538 critic.
1539 5486 1650 5535 pag.
1694 5471 1800 5522 152.
1827 5479 1876 5522 ιη
1900 5481 1948 5522 Β.
1960 5467 2020 5525 ἐι
2037 5467 2084 5524 in
2103 5489 2185 5524 co-

603 5528 791 5579 dicibus
809 5531 1003 5588 nostris,
1026 5529 1242 5591 factione.
1341 5536 1398 5580 Μ.

669 5591 741 5652 (c)
763 5599 886 5656 quos
906 5591 958 5656 in
982 5601 1043 5639 ea
1062 5591 1384 5656 disputatione
1402 5591 1665 5656 loquentes
1682 5595 1847 5645 Cicero
1869 5595 2066 5647 inducit.
2087 5597 2160 5645 Sci
2181 5623 2186 5631 -

641 5653 803 5702 ionem
826 5652 1093 5703 Africanum
1124 5653 1386 5717 minorem,
1406 5652 1674 5706 CfLatlium
1713 5663 1765 5706 et
1786 5663 1834 5706 l..
1867 5663 2054 5707 Burrum
2079 5660 2186 5707 Plu.

2292 403 2553 472 principio
2605 403 2776 472 quinti
2834 401 2994 470 libri,
3045 415 3464 464 commemorato
3524 410 3670 480 prius
3715 411 3868 470 Ennii

2290 503 2461 564 poeta:
2487 510 2649 548 versu
2669 535 2683 558 ,
2713 509 2819 564 quo
2845 494 3084 561 dixerat,

2412 608 2618 657 Moribus
2641 609 2852 670 antiquis
2872 621 2957 658 res
2979 615 3074 658 stat
3097 617 3300 660 Romana
3331 613 3570 676 virisque:

2293 708 2451 774 Quem
2475 709 2675 778 quidem
2700 711 2786 764 ille
2814 725 3028 775 versum,
3062 711 3229 782 inquit
3260 755 3273 779 ,
3305 715 3384 768 vel
3411 715 3648 769 brevitate
3670 719 3744 771 rel
3787 735 3872 774 ve-

2288 802 2439 855 ritate
2468 812 2708 870 tanquam
2738 819 2800 856 ea:
2848 805 3053 857 oraculo
3101 807 3226 859 mihi
3274 808 3493 877 quatiant
3541 825 3646 863 esse
3691 811 3873 876 e/I’atus

2287 894 2504 947 videtur.
2531 893 2669 947 Nam
2696 911 2852 966 neque
2875 897 2989 963 viri,
3011 897 3108 950 nisi
3134 899 3204 951 ita
3230 909 3426 952 morata
3455 901 3630 954 civitas
3660 903 3833 971 {uisset
3851 945 3868 968 ,

2293 1001 2452 1054 neque
2474 1002 2658 1052 mores,
2685 987 2782 1040 nisi
2811 987 2864 1040 hi
2891 989 2983 1040 viri
3006 989 3327 1059 praefuissent
3351 1032 3367 1056 ,
3399 1001 3485 1044 aut
3512 991 3729 1060 fundare
3750 1032 3763 1054 ,
3788 1003 3872 1046 aut

2293 1083 2396 1128 tam
2423 1076 2512 1129 diu
2537 1086 2704 1130 tenere
2744 1079 3023 1148 potuissent
3060 1091 3253 1134 tantam
3289 1093 3337 1137 et
3368 1091 3468 1136 tam
3503 1084 3644 1153 juste
3683 1083 3875 1149 lateque

2227 1193 2235 1203 -
2292 1170 2624 1239 imperantem
2648 1173 3031 1242 rempublicam.
3061 1172 3245 1244 Itaque
3276 1184 3392 1229 ante
3417 1186 3643 1230 nostram
3681 1193 3872 1230 memo-

2290 1261 2494 1316 riamct
2516 1278 2624 1316 mos
2653 1263 2761 1334 ipse
2788 1265 2983 1334 patrius
3006 1275 3305 1334 praestantes
3326 1267 3461 1320 uiros
3490 1267 3792 1332 adhibebat,
3825 1277 3873 1321 et

2293 1361 2512 1406 veterem
2547 1369 2738 1408 morem
2778 1371 2839 1408 ac
2867 1357 3118 1428 majorum
3144 1356 3374 1412 instituta
3411 1358 3686 1412 retinebant
3709 1360 3870 1413 excel-

2289 1441 2450 1498 lentes
2476 1445 2594 1499 uiri.
2629 1445 2822 1501 Nostra
2867 1463 2981 1502 vero
3023 1457 3149 1502 tetas
3186 1464 3303 1502 cum
3337 1450 3698 1518 rempublicam
3747 1451 3872 1504 sicut

2297 1537 2547 1605 picturam
2572 1540 2844 1609 accepisset
2875 1541 3158 1610 egregiam,
3195 1541 3284 1594 sed
3326 1551 3696 1596 evanescentem
3725 1553 3876 1596 aetu-

2293 1634 2424 1681 state
2446 1667 2462 1693 ,
2504 1643 2606 1681 non
2634 1629 2785 1683 modo
2814 1646 2925 1683 eaiu
2953 1631 3206 1685 coloribus
3233 1630 3409 1685 iisdem
3428 1670 3444 1697 ,
3471 1631 3649 1701 quibus
3673 1636 3836 1702 fuerat
3859 1673 3873 1697 ,

2291 1735 2536 1774 renouare
2557 1720 2775 1791 neglexit
2798 1738 2816 1787 ;
2844 1721 2932 1776 sed
2954 1739 3016 1776 ne
3039 1722 3094 1776 id
3113 1722 3313 1793 quidem
3333 1723 3525 1776 curavit
3539 1764 3554 1789 ,
3583 1733 3638 1776 ut
3663 1726 3877 1794 formant

2297 1810 2476 1864 saltem
2515 1811 2627 1880 ejus
2670 1820 2719 1866 et
2754 1822 2978 1867 extrema
3017 1822 3256 1882 tanquam
3301 1814 3600 1868 lineamenta
3637 1824 3873 1868 servaret.

2299 1901 2436 1968 Quid
2460 1903 2592 1958 enim
2621 1913 2788 1959 manet
2808 1906 3117 1976 “antiquis
3143 1905 3366 1960 moribus
3383 1946 3400 1974 ,
3427 1907 3606 1976 quibus
3634 1907 3722 1960 ille
3749 1906 3877 1960 dixit

2295 2013 2403 2051 unt
2427 2006 2563 2052 stare
2590 1998 2913 2066 Romanam,
2941 2015 3067 2069 quos
3099 2000 3173 2053 ita
3207 1999 3454 2054 oblivione
3474 1999 3720 2054 obsoletos
3738 2000 3878 2054 uide-

2293 2102 2426 2153 mus,
2457 2097 2632 2141 utnon
2658 2088 2806 2141 modo
2829 2104 2930 2142 non
2956 2088 3208 2154 colantur,
3232 2089 3320 2142 sed
3337 2090 3488 2144 etiam
3515 2090 3833 2160 ignorentur‘
3853 2089 3876 2142 τ

2297 2177 2437 2232 Nam
2479 2178 2542 2232 de
2571 2179 2691 2234 uiris
2725 2179 2849 2251 quid
2875 2180 3078 2234 dicam?
3099 2179 3268 2234 Mores
3291 2181 3426 2234 enim
3463 2181 3562 2250 ipsi
3587 2180 3878 2239 interierunt

2295 2272 2517 2324 virorum
2543 2273 2786 2340 penuria,
2817 2272 2963 2340 cujus
2992 2273 3121 2324 tanti
3144 2272 3268 2325 mali
3297 2287 3402 2325 non
3445 2272 3596 2324 modo
3621 2271 3879 2326 reddenda

2296 2363 2430 2416 ratio
2452 2363 2594 2416 nobis
2608 2401 2623 2427 ,
2647 2362 2734 2417 sed
2753 2364 2903 2417 etiam
2928 2373 3165 2434 tanquam
3185 2365 3284 2419 reis
3307 2365 3492 2436 capitis
3511 2365 3879 2434 quodammodo

2297 2454 2509 2508 dicenda
2537 2469 2692 2510 causa
2715 2463 2809 2509 est.
2841 2454 3047 2510 Nostris
3067 2457 3201 2508 enim
3228 2456 3382 2521 uitiis,
3411 2472 3514 2508 non
3541 2471 3660 2509 casu
3683 2455 3875 2525 aliqua,

2295 2545 2660 2615 rempublicam
2688 2545 2834 2600 uerbo
2876 2547 3148 2601 retinemus
3170 2563 3190 2610 ;
3218 2546 3388 2615 reipsa
3415 2561 3529 2600 vero
3545 2547 3658 2616 jam
3684 2545 3879 2617 pridem

2295 2638 2578 2692 amisimus.

2365 2729 2420 2783 4.
2462 2727 2588 2782 Haec
2617 2725 2808 2782 Cicero
2833 2727 3099 2784 fatebatur
3133 2728 3290 2798 longe
3319 2728 3533 2800 quidem
3578 2739 3699 2800 post
3729 2743 3880 2785 mor-

2296 2829 2404 2876 tem
2435 2821 2668 2876 Africani
2697 2821 2776 2892 (α)
2807 2837 2966 2892 quem
2997 2822 3050 2876 in
3079 2825 3192 2878 suis
3238 2822 3387 2877 libris
3434 2821 3560 2877 fecit
3603 2823 3671 2877 de
3716 2839 3880 2893 repu-

2295 2914 2432 2969 blica
2463 2914 2770 2984 disputare,
2800 2913 2976 2969 adhuc
3011 2924 3186 2969 tamen
3233 2924 3358 2968 ante
3409 2915 3693 2968 adventum
3722 2913 3882 2970 Chri-

2295 3006 2362 3061 SIi
2395 3005 2471 3076 (b)
2497 3022 2511 3059 :
2539 3021 2659 3076 quae
2690 3005 2734 3060 si
2765 3005 3038 3060 dilfamata
3067 3013 3122 3060 et
3162 3005 3578 3074 praevalescente
3620 3004 3880 3075 religione

2292 3097 2580 3152 christiana
2636 3097 2968 3152 sentirentur
3016 3103 3178 3165 atque
3227 3095 3568 3162 dicerentur,
3608 3095 3728 3166 quis
3771 3111 3879 3151 non

2294 3192 2517 3248 istorum
2569 3206 2631 3246 ea
2685 3190 3006 3246 Christianis
3057 3188 3362 3259 imputanda
3411 3203 3536 3244 esse
3586 3187 3879 3244 censeret?

2293 3282 2652 3350 Quamobrem
2673 3295 2770 3336 cur
2794 3295 2898 3335 non
2925 3277 3270 3334 curaruntdii
3288 3293 3494 3344 eorum,
3518 3292 3587 3333 ne
3613 3287 3737 3332 tunc
3761 3293 3881 3348 per-

2294 3375 2396 3430 iret
2437 3384 2596 3446 atque
2649 3374 2981 3428 amitteretur
3004 3372 3090 3426 illa
3139 3371 3436 3440 respublica
3457 3411 3472 3437 ,
3501 3385 3660 3440 quam
3685 3366 3879 3426 Cicero

2295 3465 2452 3537 longe
2481 3475 2767 3536 antequam
2794 3464 3038 3519 Christus
3078 3463 3130 3519 in
3177 3477 3340 3518 carne
3365 3463 3636 3528 venisset,
3662 3473 3770 3517 tam
3802 3463 3884 3518 lu-

2291 3557 2531 3627 gubriter
2549 3557 2795 3626 deplorat
2823 3553 3116 3610 amissam?
3139 3553 3378 3608 Viderint
3403 3553 3709 3608 laudatores
3738 3553 3879 3622 ejus,

2291 3648 2452 3704 etiam
2497 3648 2602 3703 illis
2639 3648 2873 3717 antiquis
2920 3647 3048 3701 viris
3084 3655 3139 3701 et
3180 3645 3422 3700 moribus
3462 3646 3635 3716 qualis
3677 3645 3880 3713 fuerit,

2294 3751 2473 3796 utrum
2504 3739 2555 3792 in
2583 3754 2643 3792 ea
2672 3736 2900 3808 viguerit
2929 3751 3056 3792 vera
3084 3735 3328 3806 justitia;
3359 3751 3429 3791 an
3462 3737 3604 3790 forte
3625 3751 3723 3790 nec
3753 3746 3883 3792 tunc

2294 3832 2454 3886 fuerit
2481 3832 2600 3885 viva
2623 3830 2880 3893 moribus,
2907 3828 2998 3885 sed
3026 3829 3162 3897 picta
3193 3827 3483 3882 coloribus.
3509 3827 3660 3893 Quod
3687 3837 3743 3881 ct
3768 3829 3883 3896 ipse

2292 3921 2486 3977 Cicero
2513 3920 2759 3976 nesciens
2782 3961 2797 3987 ,
2829 3935 2948 3974 cum
2980 3934 3098 3974 eam
3125 3919 3430 3989 prmiecret,
3461 3919 3741 3987 expressit.
3775 3918 3882 3975 Sed

2293 4015 2447 4082 alias,
2471 4015 2514 4069 si
2557 4014 2697 4069 Deus
2727 4013 2995 4077 voluerit,
3027 4012 3128 4066 hoc
3155 4011 3470 4066 videbimus.
3501 4011 3689 4065 Enitar
3733 4014 3882 4067 enim

2293 4124 2392 4164 suo
2418 4109 2557 4174 loco,
2585 4115 2644 4162 ut
2672 4106 2950 4160 osmndam
2981 4105 3276 4160 secundum
3328 4103 3666 4159 definitiones
3710 4104 3883 4172 ipsius

2292 4199 2570 4255 Ciceronis
2591 4239 2605 4263 ,
2635 4199 2830 4268 quibus
2859 4196 2982 4266 quid
3011 4197 3079 4249 sit
3105 4195 3402 4264 respublica
3425 4237 3440 4261 ,
3466 4204 3519 4249 et
3543 4195 3667 4264 quid
3693 4195 3766 4250 sit
3788 4211 3884 4265 po-

2292 4290 2472 4362 pulus,
2509 4292 2758 4360 loquente
2789 4289 3044 4358 Scipione
3064 4327 3078 4354 ,
3112 4287 3347 4342 breviter
3373 4287 3551 4356 posuit
3581 4289 3882 4356 (attestau-

2295 4385 2436 4438 tibus
2486 4383 2644 4437 etiam
2691 4382 2872 4436 multis
2900 4424 2915 4448 ,
2948 4381 3062 4436 sive
3107 4381 3270 4450 ipsius
3293 4419 3308 4444 ,
3341 4379 3455 4434 sive
3491 4395 3673 4434 eorum
3694 4421 3710 4447 ,
3741 4395 3883 4450 quos

2294 4475 2438 4546 loqui
2485 4472 2608 4528 fecit
2651 4474 2704 4528 in
2746 4473 2934 4527 eadem
2977 4471 3360 4542 disputatione,
3387 4470 3712 4540 sententiis),
3741 4487 3882 4525 nun-

2293 4583 2451 4636 quam
2485 4566 2626 4620 illam
2660 4565 2822 4619 fuisse
2853 4563 3254 4632 rempublicam,
3284 4562 3406 4632 quia
3435 4577 3704 4632 nunquam
3734 4562 3788 4617 in
3817 4577 3879 4616 ca

2294 4658 2392 4714 fuit
2417 4672 2546 4713 vera
2580 4655 2786 4726 justitia
2811 4654 2905 4725 (c).
2937 4653 3240 4708 Secundum
3282 4653 3668 4723 probabiliores
3693 4665 3877 4710 autem

2291 4748 2630 4805 definitiones
2652 4787 2667 4812 ,
2697 4761 2793 4815 pro
2822 4759 2920 4800 suo
2942 4745 3100 4799 modo
3121 4744 3348 4814 quodam
3367 4745 3386 4776 ²
3415 4745 3711 4814 respublica
3735 4743 3840 4800 fuit
3864 4765 3876 4800 :

2291 4849 2347 4895 et
2375 4839 2566 4894 melius
2597 4837 2665 4892 ab
2706 4836 3093 4907 antiquioribus
3122 4836 3402 4902 Romanis,
3451 4851 3609 4906 quam
3638 4852 3667 4890 a
3695 4848 3880 4907 poste-

2291 4929 2523 4986 rioribus
2549 4928 2917 4984 administrata
2937 4936 3039 4982 est.
3058 4927 3189 4982 Vera
3211 4936 3387 4982 autem
3405 4927 3609 4997 justitia
3635 4942 3742 4982 non
3769 4937 3877 4994 est,

2357 5109 2376 5175 ξ
2409 5087 2579 5175 plures
2593 5111 2726 5175 am”
2749 5102 2835 5154 sed
2859 5101 2970 5164 jam
2992 5099 3116 5164 (vel,
3139 5100 3226 5151 sed
3247 5107 3292 5151 et
3316 5101 3528 5164 jam).—-
3543 5103 3692 5153 Nostri
3709 5103 3879 5165 c0dd.,

2291 5169 2713 5292 potigres
2735 5233 2840 5275 Mss.
2868 5232 2923 5274 At
2947 5224 3080 5274 \‘ind.
3120 5231 3170 5273 et
3193 5230 3286 5286 Er.,
3314 5225 3688 5287 qua:dam.Lov.,
3728 5238 3878 5287 quon-

2291 5293 2428 5414 dang
2444 5351 2595 5414 pannis
2604 5356 2726 5414 post
2751 5346 2950 5414 Africani
2972 5353 3196 5407 mortem,
3217 5359 3327 5409 quae
3351 5347 3410 5396 ad
3427 5347 3562 5396 Urbis
3575 5346 3779 5397 conditm
3797 5362 3880 5398 an-

2290 5409 2518 5464 num'624
2540 5409 2772 5471 refertur,
2797 5409 2990 5458 circiter
3012 5414 3338 5471 septuaginta.
3884 5429 3891 5471 ί

2353 5475 2424 5538 (b)
2453 5468 2794 5538 Anno_seilicet
2814 5468 3126 5538 sexagesimo
3143 5468 3258 5538 ante
3281 5471 3532 5538 Christum.
3557 5478 3667 5538 nam
3690 5482 3717 5518 a
3739 5473 3880 5538 (ice-

2288 5530 2422 5585 ι’οὴἰὲ
2439 5532 2707 5595 consulatu,
2744 5545 2842 5594 quo
2865 5530 2989 5580 anno
3010 5534 3116 5595 ipse
3159 5530 3309 5581 libros
3328 5533 3392 5580 de
3428 5533 3680 5595 Republica
3702 5533 3880 5591 edidit,

2289 5597 2349 5647 ad
2369 5609 2544 5666 annum
2569 5594 2872 5666 trigesimum
2896 5594 3160 5666 secundum
3178 5595 3368 5666 imperii
3383 5594 3600 5666 Augusti,
3616 5606 3713 5656 quo
3731 5603 3879 5644 natu-5

2292 5666 2370 5709 est
2389 5658 2620 5713 Christus,
2640 5658 3028 5718 intercesserunt
3043 5658 3154 5718 anili
3172 5658 3447 5718 δθέίὲίὲίηιθο
3896 5673 3900 5677 Ἴ

2355 5718 2428 5779 (ε)
2452 5717 2565 5768 Vide
2582 5715 2724 5780 infra,
2742 5716 2830 5769 lib.
2857 5717 2933 5778 19,
2955 5727 3093 5780 capp.
3118 5715 3195 5778 ‘2],
3223 5714 3301 5766 2i.
