4038 6492
173 303 252 363 '6‘.)
1519 311 1740 372 iam
1773 313 2148 375 SECUNDUS.
2431 283 2446 298 ”
3419 325 3492 391 το

192 420 298 475 nisi
341 419 394 474 in
421 433 484 474 ea
509 419 791 490 republica
815 463 832 488 ,
865 421 1020 494 cujus
1048 423 1294 480 conditor
1315 433 1598 498 rectorque
1641 429 1794 508 Chri-

192 521 310 566 stus
337 521 452 574 est;
479 512 522 566 si
549 523 604 566 et
627 513 802 583 ipsam
825 515 1210 585 rempublicam
1233 517 1405 587 placet
1431 517 1629 586 dicere,
1647 507 1798 590 ’φια-

191 603 340 658 niam
365 618 486 659 eam
519 619 636 659 rem
667 605 852 676 populi
882 621 1003 662 esse
1047 621 1240 678 negare
1270 623 1376 662 non
1409 623 1714 680 possumus.
1739 609 1797 666 Si

191 703 376 748 autem
400 691 508 748 hoc
535 709 758 762 nomen,
787 695 934 766 quod
960 696 1084 750 alibi
1112 697 1373 768 aliterque
1397 699 1668 769 vulgatum
1691 709 1794 769 est,

189 785 258 838 ab
285 801 390 840 usu
437 794 640 840 nostra:
681 785 968 842 locutionis
1007 795 1090 842 est
1133 785 1272 844 forte
1313 791 1606 856 remotius;
1637 791 1688 844 in
1729 805 1794 846 ca

187 885 344 932 certe
397 878 622 933 civitate
668 887 752 932 est
797 893 922 934 vera
961 877 1205 948 justitia,
1259 879 1328 935 de
1375 897 1474 950 qua
1521 881 1796 952 Scriptura

173 979 386 1024 rsancta
425 969 593 1035 dicit,
628 969 866 1024 Gloriosa
918 970 1054 1023 dicta
1083 981 1200 1024 sunt
1249 971 1312 1025 de
1353 981 1400 1026 te
1425 1013 1442 1040 ,
1478 972 1653 1027 civitas
1703 972 1798 1028 Dei

171 1059 368 1130 -(Paal.
403 1077 604 1114 LXXXVI
624 1102 639 1126 ,
669 1060 746 1132 3).

183 1173 424 1228 CAPUT
461 1171 626 1228 XXII.
651 1202 724 1214 --
741 1171 891 1239 Quod
917 1172 1014 1227 diis
1038 1173 1384 1228 Romanorum
1409 1173 1550 1228 nulla
1575 1192 1796 1246 unquam

259 1283 390 1320 cura
421 1265 602 1334 fuerit,
627 1282 688 1318 ne
712 1265 860 1318 malis
891 1266 1111 1320 moribus
1137 1266 1418 1337 respublica
1452 1268 1720 1337 deperiret.

257 1359 318 1412 ι.
345 1356 464 1414 Sed
485 1356 632 1427 quod
664 1357 896 1426 pertinet
939 1357 1004 1412 ad
1053 1368 1370 1428 praesentem
1401 1366 1750 1430 qumstionem
1776 1405 1794 1432 ,

175 1449 496 1520 quamlibet
553 1447 873 1504 laudabilem
923 1449 1102 1504 dicant
1137 1450 1294 1504 istam
1341 1450 1504 1507 fuisse
1551 1453 1636 1510 vel
1677 1469 1797 1512 esse

191 1540 588 1610 rempublicam
606 1579 621 1606 ,
649 1538 946 1594 secundum
973 1554 1160 1594 eorum
1189 1551 1436 1597 auctores
1455 1543 1796 1602 doctissimos

185 1631 298 1702 jam
353 1633 519 1700 longe
543 1638 670 1686 ante
693 1629 890 1686 Christi
915 1629 1204 1686 adventum
1257 1635 1484 1704 pessima
1533 1651 1596 1692 ac
1642 1635 1798 1708 flagi-

179 1723 490 1778 tiosissima
515 1720 659 1776 facta
699 1729 816 1778 erat
864 1739 878 1776 :
931 1725 1039 1778 imo
1077 1739 1203 1780 vero
1247 1725 1391 1780 nulla
1441 1738 1590 1795 erat,
1635 1739 1797 1802 atque

189 1814 418 1869 omnino
445 1813 684 1882 perierat
723 1812 1099 1882 perditissimis
1135 1814 1394 1870 moribus.
1429 1817 1496 1874 Ut
1523 1833 1653 1892 ergo
1688 1837 1796 1878 non

185 1907 440 1978 periret,
491 1903 568 1960 dii
607 1904 860 1960 custodes
898 1905 1015 1975 ejus
1059 1905 1255 1976 p0pulo
1301 1909 1492 1964 cultori
1531 1925 1631 1966 suo
1669 1911 1797 1972 dare

189 1997 486 2070 ιιι-κάρυξε
513 1997 640 2056 vitai
663 2011 730 2051 ac
753 2012 964 2052 morum
991 2009 1258 2070 praecepta
1285 1999 1605 2072 debuerunt,
1633 2019 1662 2058 a
1691 2021 1797 2076 quo

190 2099 268 2144 tot
295 2087 560 2158 templis,
606 2095 686 2142 tot
721 2086 1090 2144 sacerdotibus
1119 2097 1174 2144 et
1211 2090 1592 2148 sacriﬁciorum
1635 2109 1796 2166 gene-

181 2177 337 2232 ribus
359 2217 378 2244 ,
411 2185 524 2232 tam
555 2175 940 2246 multiplicibus
981 2175 1246 2248 variisque
1271 2179 1439 2236 sacris
1465 2222 1482 2248 ,
1521 2189 1600 2238 tat
1647 2182 1796 2240 festis

187 2267 638 2325 solemnitatibus
657 2308 678 2334 ,
707 2277 786 2322 tot
815 2275 1188 2340 tantorumque
1228 2269 1470 2326 ludorum
1517 2273 1796 2330 celebrita-

185 2362 330 2418 tibus
355 2360 726 2415 colebantur:
760 2359 852 2416 ubi
895 2359 1028 2415 nihil
1081 2360 1354 2420 darinones
1383 2365 1484 2420 nisi
1525 2369 1794 2438 negotium

189 2469 342 2508 suum
381 2461 655 2522 egerunt,
685 2466 792 2506 non
821 2439 1072 2507 curantes
1106 2453 1554 2524 quemadmodum
1587 2459 1662 2514 illi
1711 2460 1794 2516 vi-

189 2554 374 2598 verent
397 2584 414 2608 ,
450 2544 564 2596 imo
591 2553 844 2596 curantes
873 2552 930 2598 ut
955 2543 1112 2598 etiam
1141 2545 1348 2614 perdite
1379 2547 1636 2617 viverent,
1665 2551 1792 2608 dum

195 2647 366 2692 tamen
398 2635 602 2690 honori
626 2649 728 2689 suo
761 2635 850 2688 illa
881 2636 1058 2690 omnia
1087 2645 1231 2691 metu
1273 2637 1472 2694 subditi
1517 2643 1792 2700 ministra-

189 2741 324 2786 rent.
379 2735 491 2786 Aut
541 2732 592 2787 si
658 2731 963 2799 dederunt,
1032 2733 1332 2802 proferatur
1359 2777 1376 2800 ,
1447 2737 1792 2808 ostendatur,

193 2823 420 2894 legatur,
449 2837 590 2894 quas
639 2823 864 2880 deorum
913 2825 1056 2894 leges
1101 2825 1174 2880 illi
1205 2827 1410 2882 civitati
1464 2828 1616 2886 datas
1665 2847 1795 2888 con-

189 2917 514 2986 tempserint
543 2914 774 2972 Gracchi
805 2912 906 2988 (a),
937 2925 995 2970 ut
1022 2915 1371 2972 seditionibus
1395 2930 1586 2976 cuncta
1613 2921 1794 2976 turba-

187 3017 348 3074 rent;
377 3023 520 3080 quas
567 3005 766 3062 Marius
808 3007 902 3080 (ὁ),
935 3017 987 3062 et
1010 3007 1178 3064 Cinna
1229 3009 1326 3080 (ε),
1357 3021 1412 3066 et
1462 3012 1634 3068 Carbo
1679 3012 1786 3088 (ά),

199 3103 334 3158 utin
361 3103 510 3158 bella
539 3103 702 3157 etiam
733 3101 1184 3172 progrederemur
1225 3103 1434 3170 civilia,
1472 3109 1646 3162 causis
1689 3108 1792 3164 ini-

189 3193 472 3263 quissimis
519 3201 796 3262 suscepta,
827 3203 884 3247 et
911 3193 1196 3248 crudeliter
1219 3204 1368 3263 gesta
1415 3197 1790 3270 crudeliusque

193 3284 372 3348 finita;
427 3297 568 3354 quas
621 3283 854 3354 denique
899 3281 1046 3354 Sylla
1097 3283 1210 3353 ipse
1251 3283 1364 3354 (ε),
1401 3285 1555 3356 cujus
1601 3289 1784 3358 vitam,

197 3374 580 3442 mores,facta,
603 3373 945 3428 describente
985 3373 1236 3428 Sallustio
1271 3374 1496 3446 aliisque
1553 3376 1788 3436 historia:

191 3465 580 3534 scriptoribus,
607 3465 728 3535 quis
767 3477 874 3518 non
920 3463 1246 3518 exhorreat?
1272 3463 1400 3530 Quis
1443 3467 1588 3521 illaut
1637 3483 1784 3524 rem-

185 3554 464 3625 publicam
501 3568 602 3608 non
633 3564 759 3608 tunc
785 3553 990 3622 perisse
1013 3551 1284 3608 fateatur?

248 3643 308 3700 2.
351 3643 436 3698 An
494 3643 632 3698 forte
685 3651 904 3714 propter
949 3641 1311 3714 huiuscemodi
1365 3645 1558 3700 civium
1605 3663 1785 3704 mores

187 3735 534 3808 Virgilianam
563 3735 708 3790 illam
741 3735 1090 3800 sententiam,
1130 3735 1268 3790 sicut
1292 3733 1500 3798 solent,
1549 3753 1644 3808 pro
1685 3739 1784 3794 de-

181 3827 428 3884 fensione
454 3841 682 3882 suorum
709 3825 932 3880 deorum
959 3839 1230 3894 Opponere
1254 3824 1560 3894 audebunt,

239 3920 531 3968 Discessere
555 3929 730 3966 omnes
746 3916 900 3978 adytis
921 3915 1116 3978 arisque
1137 3914 1325 3978 relictis

237 3983 308 4040 οι,
331 3981 518 4044 quibus
539 3975 912 4046 iuiperiutnboe
927 3975 1128 4046 steterat
1142 3975 1166 4024 ?

741 4037 964 4102 (tam.
991 4036 1073 4087 tib.
1097 4037 1146 4096 2,
1165 4049 1288 4088 vers.
1311 4037 1422 4099 55!,
1440 4037 1583 4101 552.)

183 4123 424 4180 Primum
463 4124 514 4178 si
545 4127 618 4178 ita
647 4133 732 4178 est
753 4163 767 4186 ,
802 4138 907 4176 non
936 4119 1134 4174 habent
1161 4135 1256 4174 cur
1282 4133 1572 4190 querantur
1595 4121 1662 4177 de
1689 4137 1778 4178 re-

179 4215 374 4287 ιξὶοΜ
399 4215 696 4270 christiana
721 4253 738 4280 ,
767 4212 908 4282 quod
939 4212 1035 4266 hac
1058 4211 1244 4265 offensi
1276 4225 1368 4265 eos
1388 4210 1460 4266 dii
1501 4211 1584 4267 sui
1617 4212 1778 4270 dese-

179 4311 386 4366 ruerint
419 4326 434 4362 :
461 4307 722 4379 quoniam
749 4305 960 4375 quidem
987 4303 1216 4373 majores
1233 4317 1420 4358 eorum
1441 4303 1550 4372 jam
1573 4303 1776 4374 pridem

180 4403 422 4456 moribus
453 4399 572 4454 suis
607 4397 678 4452 ab
699 4396 856 4452 Urbis
881 4395 1135 4450 altaribus
1166 4401 1270 4448 tam
1297 4394 1493 4448 multos
1513 4408 1576 4449 ac
1595 4394 1776 4450 minu-

181 4503 260 4548 tus
305 4493 484 4556 deus,
527 4499 780 4559 tanquam
836 4501 1045 4542 muscas
1086 4485 1398 4555 abegerunt.
1440 4485 1545 4542 Sed
1597 4495 1774 4544 tamen

181 4585 290 4640 hac
315 4583 606 4638 numinum
657 4579 809 4636 turba
850 4577 938 4632 ubi
985 4587 1130 4644 erat,
1155 4593 1278 4632 cum
1311 4577 1464 4654 longe
1489 4585 1773 4648 antequam

231 4699 314 4758 (ιι)
341 4697 582 4746 Tiberius
613 4693 850 4743 Gracchus
881 4697 934 4741 et
967 4691 1103 4740 Caius
1131 4691 1240 4752 ejus
1274 4687 1442 4740 frater.
1484 4689 1596 4740 vide
1627 4703 1774 4755 supra

177 4761 518 4882 wibibtiarius
539 4818 790 4878 municeps
813 4813 1009 4886 Arpinas
1041 4813 1250 4886 fuit,_qui
1273 4820 1430 4886 Romae
1453 4815 1640 4886 septies
1661 4829 1774 4886 coin-

177 4876 254 4932 ml
289 4876 370 4932 est
391 4887 614 4938 creatus,
655 4891 712 4928 ac
731 4876 1032 4939 Jugurtbam,
1047 4877 1276 4947 Δεξᾳιιξινυξ¹
1299 4881 1615 4947 ειςΐρμῑομειε
1637 4879 1768 4947 vicit.

179 4947 238 4992 ad
257 4953 552 4993 extremum
571 4935 736 4990 autem
751 4935 881 4988 Inoo
903 4951 1012 4987 cum
1033 4937 1154 5000 Sylla
1179 4935 1310 4986 bello
1328 4937 1473 4996 civili,
1493 4937 1650 4986 victus
1663 4939 1770 5000 ipse

178 5001 798 5072 δμθιίεισεῖιῖίφπῐιτιιείιο
865 5059 916 5072 ..
970 5059 1002 5072 ..

239 5067 312 5129 (c)
339 5073 364 5112 ἰ
379 5069 480 5116 icto
501 5067 662 5124 Mario,
687 5057 796 5132 eum
819 5059 880 5132 ad
905 5059 1088 5132 bellum
1116 5057 1490 5132 pitltridatjcum
1511 5057 1640 5132 Sylla
1656 5071 1769 5132 pro-

179 5119 506 5182 ﬁcisceretur.
531 5119 805 5174 Cornelium
827 5124 1019 5194 cinnam
1037 5129 1092 5170 et
1108 5128 1192 5170 Cn.
1211 5121 1454 5194 Octavium
1475 5119 1770 5194 «insulosin

181 5193 300 5240 [ὼε
323 5179 550 5254 reliquit.
579 5189 724 5236 Cinna
759 5185 919 5254 studio
957 5196 1121 5254 rerum
1145 5195 1373 5252 novarum
1405 5193 1435 5254 _a
1458 5179 1644 5254 collega
1669 5182 1768 5254 dis-

179 5253 328 5302 sensit
349 5247 624 5316 pulsusque
648 5255 726 5298 est
741 5250 882 5298 abeo
905 5257 972 5316 εξ
991 5247 1153 5316 urbe:
1180 5255 1322 5316 quam
1337 5247 1576 5316 iniuriam
1595 5247 1769 5316 utvinf

183 5301 558 5372 third-Cinna,-
573 5319 804 5376 revocato
827 5320 892 5356 ex
919 5301 1244 5376 Africaalario,
1269 5301 1451 5374 bellum
1473 5305 1578 5376 υτίιί
1609 5303 1768 5376 intulit

187 5377 229 5425 ia
247 5388 462 5437 eamut:
485 5364 680 5423 tandem
705 5373 965 5437 ingressus
986 5367 1196 5437 callibus
1211 5364 1686 5437 omnia‘complevit.“
1711 5427 1721 5437 _

241 5438 320 5509 (ά)
343 5427 600 5495 carbones.
627 5443 684 5485 ιιι
705 5427 881 5504 ciiier
899 5429 1050 5509 “312‘.”
1065 5431 1206 5509 alia;
1223 5428 1476 5509 seetse"!
1489 5427 1764 5509 ﬁliifilii},

189 5489 316 5548 tntilli
341 5501 530 5549 fuerunt
553 5489 619 5550 er
648 5494 852 5558 Papyria
881 5497 1032 5558 gente
1071 5489 1206 5538 :bic
1226 5489 1290 5537 de
1319 5501 1418 5558 quo
1454 5489 1762 5558 Augustinus,

193 5547 336 5612 αιθίιε
355 5547 578 5627 animi
592 5547 769 5627 eos:
801 5547 1052 5627 “@935,
1069 5558 1234 5627 rules
1263 5547 1556 5627 §‘E‘5‘E.lt'§.__ei
1569 5547 1765 5627 ,_“.,:".3'l'_a

195 5625 349 5689 rictus,
385 5612 504 5694 tegit
546 5627 596 5677 in
631 5618 855 5673 siciliam
895 5612 1274 5676 ibique'lilybzei
1307 5623 1335 5658 a
1368 5612 1592 5672 Pompeio
1617 5612 1764 5659 inter-

195 5685 426 5812 ’Ἕξδοῗιῗῗ
447 5763 502 5808 ut
521 5753 714 5802 cicero
735 5737 878 5790 lib-5
893 5736 1164 5812 daremus
1187 5732 1762 5812 9*E‘.':~.E’iit‘_'?£??€i{ﬁiiﬁ‘

229 5767 284 5823 te}
312 5767 408 5820 Qui,
447 5767 502 5808 ut
521 5767 878 5814 cncewyu-U
893 5767 960 5808 υι.
977 5767 1164 5807 ι’·ηυυδ
1187 5767 1317 5804 “¹’”⁴.¹¹”
1343 5767 1374 5804 '.'
1514 5767 1694 5832 ιίιννηςτ
1708 5767 1756 5802 γ-

173 5829 254 5878 m,
269 5822 508 5885 nuarum,
535 5815 808 5869 [Mm-1w,
822 5804 1056 5862 (tuamne,
1084 5795 1384 5848 crudelitatis
1401 5802 1625 5856 magister
1669 5802 1756 5845 Ml.

1906 443 2085 486 mores
2113 441 2574 504 eorrumperentm
2609 437 2810 509 antiqui
2836 483 2851 504 .
2883 455 2912 495 a
2934 439 3100 500 Gallis
3123 441 3293 502 Roma
3324 454 3484 518 capta

1896 527 1960 574 et
2004 519 2222 576 incensa
2275 523 2400 578 est?
2454 539 2524 579 an
2569 537 2860 598 pmsetttes
2909 530 3044 587 forte
3105 533 3485 590 dormiebant?

1903 609 2052 668 Tunc
2079 613 2222 667 enim
2253 623 2362 670 tota
2391 613 2534 672 Urbe
2561 619 2612 674 in
2645 619 2874 677 hostium
2902 633 3218 694 potestatem
3245 626 3484 692 redacta,

1903 701 2049 759 solus
2077 705 2228 761 collis
2255 695 2584 780 Capitolinus
2627 725 2990 784 remanserat;
3047 717 3136 788 qui
3185 718 3344 775 etiam
3372 719 3486 789 ipse

1901 805 2204 864 Caperetur,
2237 799 2340 853 nisi
2372 801 2558 858 saltem
2599 817 2816 861 anseres
2859 807 2960 864 diis
2985 807 3372 865 dormientibus
3401 810 3482 864 vi-

1901 885 2128 954 gilarent
2165 887 2264 958 (a).
2307 889 2458 946 Unde
2488 907 2620 962 pene
2647 895 2697 948 in
2728 897 3158 966 superstitionem
3201 899 3486 972 Egyptio—

1902 987 2017 1029 rum
2049 975 2246 1033 bestias
2271 993 2502 1052 avesque
2527 986 2811 1041 colentium
2835 987 3002 1043 Roma
3030 991 3336 1059 deciderat,
3359 1007 3482 1047 cum

1900 1067 2080 1121 anseri
2140 1069 2398 1126 solemnia
2477 1075 2834 1133 celebrabant.
2889 1079 3082 1136 Verum
3135 1083 3202 1138 de
3257 1083 3339 1138 his
3383 1083 3482 1138 ad-

1899 1157 2135 1212 ventitiis
2158 1199 2173 1226 ,
2203 1169 2256 1214 et
2281 1165 2522 1232 corporis
2563 1167 2737 1235 potius
2764 1185 2920 1239 quam
2951 1172 3112 1226 animi
3150 1175 3302 1229 malis
3321 1216 3335 1240 ,
3363 1189 3482 1246 quae

1901 1249 1986 1304 vel
2015 1250 2082 1306 ab
2107 1251 2346 1310 hostibus
2372 1257 2454 1312 vel
2483 1257 2584 1314 alia
2614 1259 2764 1316 clade
2809 1263 3056 1319 accidunt
3082 1307 3097 1332 ,
3131 1265 3366 1321 nondum
3395 1267 3482 1322 in-

1897 1340 2056 1396 terim
2107 1343 2366 1415 disputo:
2400 1365 2540 1406 nunc
2588 1355 2688 1423 ago
2733 1353 2800 1410 de
2847 1355 2965 1411 labe
3003 1371 3210 1412 morum
3235 1400 3250 1424 ,
3290 1357 3483 1429 quibus

1901 1431 2128 1502 primum
2171 1438 2419 1506 paulatim
2451 1441 2770 1501 decoloratis
2789 1489 2803 1512 ,
2833 1447 3024 1504 deinde
3047 1450 3298 1506 torrentis
3321 1451 3483 1508 modo

1898 1523 2243 1594 prteeipitatis
2267 1569 2283 1596 ,
2313 1539 2454 1586 tanta
2471 1574 2486 1598 ,
2516 1537 2754 1602 quamvis
2778 1537 2996 1609 integris
3021 1539 3173 1594 tectis
3193 1540 3486 1596 moenibus-

1899 1625 2004 1682 que
2024 1655 2040 1680 ,
2074 1613 2210 1672 facta
2238 1629 2322 1675 est
2361 1623 2512 1678 ruina
2551 1627 2892 1696 reipublicze,
2925 1639 2983 1684 ut
3010 1631 3185 1700 magni
3238 1639 3485 1688 auctores

1899 1716 2084 1760 eorum
2111 1721 2228 1762 eam
2259 1719 2385 1766 tunc
2409 1715 2660 1772 amissam
2694 1734 2799 1772 non
2829 1719 3073 1776 dubitent
3097 1721 3294 1777 dicere.
3321 1721 3488 1778 Recte

1899 1805 2076 1854 autem
2126 1799 2536 1876 abscesserant,
2583 1819 2641 1865 ut
2689 1812 3060 1880 amitteretur,
3101 1829 3271 1870 omnes
3316 1815 3486 1886 adytis

1897 1885 2098 1979 ανέιτιυε
2123 1891 2307 1949 relictis
2331 1895 2436 1964 dii,
2467 1899 2512 1954 si
2539 1914 2724 1956 eorum
2749 1903 2816 1959 de
2843 1903 2978 1960 bona
3018 1909 3125 1964 vita
3151 1909 3169 1940 ί
3216 1915 3376 1978 atque
3391 1885 3487 1979 ξι..

1899 1977 2041 2032 stitia
2067 1981 2258 2040 civitas
2285 1999 2550 2060 prazcepta
2576 2001 2991 2066 contempserat.
3021 1999 3174 2056 Nunc
3195 1977 3323 2058 vero
3345 1977 3484 2074 qua-

1898 2067 2017 2138 les,
2045 2087 2260 2144 quaeso,
2315 2079 2388 2134 dii
2445 2081 2688 2151 fuerunt,
2719 2086 2762 2141 si
2809 2089 3095 2147 noluerunt
3136 2108 3257 2150 cum
3283 2067 3484 2168 popqu

1898 2163 2104 2221 cultore
2133 2183 2231 2224 suo
2270 2171 2450 2230 vivere
2471 2216 2489 2244 ,
2519 2191 2678 2248 quem
2705 2179 2844 2238 male
2871 2183 3136 2242 viventem
3166 2163 3482 2247 non—docu-

1898 2265 2051 2310 erant
2075 2256 2212 2314 bene
2239 2261 2457 2319 vivere?

1899 2357 2125 2427 CAPUT
2153 2369 2342 2430 XXIII.
2369 2405 2442 2417 —
2481 2375 2752 2439 Varietater
2771 2400 2936 2441 rerum
2961 2391 3314 2460 tanparalium
3337 2433 3352 2459 ,
3379 2411 3482 2452 non

1968 2477 2034 2516 ea:
2058 2463 2232 2533 [auore
2267 2478 2355 2522 aut
2397 2469 2775 2544 impugnatione
2811 2477 3098 2536 dwmonum
3121 2521 3138 2550 ,
3181 2485 3271 2540 sed
3294 2502 3357 2544 ea:
3379 2488 3480 2544 veri

1973 2551 2070 2608 Dei
2098 2558 2313 2626 pendere
2327 2561 2548 2630 judicio.

1969 2667 2024 2722 l.
2063 2665 2199 2732 Quid
2219 2709 2238 2736 ,
2259 2672 2402 2740 quod
2431 2674 2590 2728 etiam
2617 2676 2865 2734 videntur
2909 2695 3098 2738 eorum
3125 2683 3362 2740 adfuisse
3375 2695 3478 2738 cu-

1897 2756 2206 2826 piditatibus
2242 2761 2522 2832 implendis
2542 2806 2560 2832 ,
2607 2776 2663 2822 et
2695 2771 3048 2828 ostenduntur
3075 2789 3180 2830 non
3205 2777 3484 2845 prmfuisse

1895 2846 2274 2906 refrenandis?
2311 2853 2412 2920 Qui
2439 2856 2582 2910 enim
2611 2857 2832 2916 Marium
2857 2901 2872 2925 ,
2905 2857 3096 2920 novum
3126 2865 3394 2924 hominem
3429 2882 3489 2928 et

1895 2936 2180 3006 ignobilem
2205 2983 2222 3008 ,
2255 2947 2690 3004 cruentissimum
2736 2961 3008 3010 auctorem
3038 2957 3302 3014 bellorum
3343 2961 3480 3016 civi-

1894 3026 2022 3084 lium
2051 3041 2210 3102 atque
2245 3044 2512 3104 gestarem
2537 3075 2554 3104 ,
2583 3047 2640 3094 ut
2681 3045 2882 3112 septies
2917 3047 3103 3102 consul
3135 3047 3287 3104 fieret
3325 3049 3479 3120 adju-

1891 3129 2116 3189 verunt,
2149 3133 2306 3192 atque
2335 3135 2392 3180 ut
2411 3127 2462 3182 in
2492 3129 2724 3199 septimo
2750 3147 2850 3188 suo
2869 3137 3150 3194 consulatu
3177 3150 3478 3198 moreretur

1891 3225 2052 3268 senex
2077 3253 2094 3278 ,
2141 3229 2240 3270 nec
2283 3215 2335 3270 in
2361 3232 2550 3274 manus
2585 3219 2744 3292 Syllae
2795 3223 2954 3280 futuri
2985 3242 3108 3282 mox
3141 3231 3360 3288 victoris
3403 3233 3478 3288 ir-

1891 3313 2072 3360 rueret
2096 3305 2161 3358 "l
2212 3305 2268 3364 Si
2293 3308 2434 3364 enim
2459 3311 2526 3366 ad
2555 3311 2672 3368 haec
2695 3329 2818 3370 eum
2855 3316 2928 3372 dii
2957 3333 3144 3376 eorum
3171 3336 3276 3377 non
3315 3324 3474 3394 jure»

1891 3403 2034 3458 runt,
2057 3411 2166 3452 non
2187 3412 2372 3467 parum
2399 3411 2482 3456 est
2508 3402 2650 3472 quod
2671 3403 2904 3462 fatentur
2917 3409 3076 3464 etiam
3097 3425 3200 3468 non
3228 3415 3492 3486 propitiis‘

1889 3487 1994 3544 diis
2018 3489 2130 3546 suis
2157 3505 2312 3559 posse
2348 3493 2589 3549 accidere
2637 3493 2836 3552 homini
2889 3499 3042 3554 istam
3083 3507 3428 3576 temporalem
3451 3549 3469 3576 ,

1887 3595 2048 3650 quam
2073 3582 2232 3638 nimis
2257 3583 2516 3654 diligunt,
2569 3595 2766 3642 tantam
2815 3588 3162 3660 felicitatem;
3215 3605 3272 3651 et
3310 3613 3472 3667 posse

1887 3672 2134 3730 homines
2154 3715 2170 3740 ,
2201 3677 2338 3730 sicut
2367 3676 2466 3730 fuit
2493 3677 2687 3734 Marius
2711 3717 2726 3744 ,
2753 3681 2924 3736 salute
2946 3723 2960 3746 ,
2993 3683 3192 3740 viribus
3209 3727 3225 3753 ,
3251 3689 3466 3760 opibus,

1887 3763 2502 3836 honoribus,diguitate,
2523 3767 2854 3838 longccvitate
2875 3773 3132 3834 cumulari
3163 3787 3216 3831 et
3247 3779 3466 3847 perfrui,

1885 3853 1988 3908 diis
2017 3855 2164 3910 iratis
2192 3873 2208 3912 :
2237 3871 2394 3925 posse
2417 3857 2580 3912 etiam
2609 3857 2886 3926 homines,
2917 3862 3054 3918 sicut
3079 3863 3176 3920 fuit
3203 3867 3464 3940 Regulus,

1885 3947 2228 4016 captivitate,
2282 3949 2574 4017 servitute,
2629 3949 2842 4020 inopia,
2895 3954 3086 4024 vigiliis
3125 3995 3142 4022 ,
3193 3958 3468 4020 doloribus

1884 4038 2184 4094 excruciari
2227 4047 2282 4094 et
2325 4041 2536 4104 emori,
2581 4039 2684 4095 diis
2729 4042 2936 4098 amicis.
2977 4043 3128 4112 Quod
3170 4047 3214 4102 si
3245 4048 3314 4102 ita
3345 4065 3467 4108 esse

1885 4130 2220 4198 concedunt,
2261 4132 2582 4200 compendio
2605 4173 2620 4198 ,
2670 4133 2802 4189 nihil
2831 4149 2924 4188 eos
2954 4136 3206 4206 prodesse
3233 4179 3248 4204 ,
3279 4151 3334 4196 et
3361 4143 3466 4204 coli

1883 4227 2190 4296 superfluo,
2231 4229 2571 4284 confitentur.
2623 4230 2754 4286 Nam
2802 4233 2846 4286 si
2893 4233 3172 4290 virtutibus
3199 4235 3362 4292 animi
3411 4247 3466 4294 ct

1883 4319 2132 4387 probitati
2163 4321 2282 4373 vita:
2301 4361 2316 4386 ,
2343 4321 2494 4390 cujus
2537 4323 2750 4390 praemia
2795 4333 2914 4392 post
2944 4333 3169 4380 mortem
3197 4327 3464 4395 speranda

1881 4420 2006 4466 sunt
2025 4453 2040 4480 ,
2073 4413 2240 4482 magis
2265 4404 2528 4468 contraria
2553 4421 2612 4468 ut
2637 4415 2861 4485 populus
2880 4415 3110 4472 disceret
3129 4418 3458 4486 institerunt;

1881 4503 1924 4556 si
1957 4503 2084 4556 nihil
2111 4505 2268 4558 etiam
2299 4503 2348 4556 in
2398 4503 2482 4558 his
2539 4505 2932 4559 transeuntibus
2976 4517 3029 4560 et
3084 4510 3463 4578 temporalibus

1879 4593 2034 4648 bonis
2057 4635 2073 4660 ,
2101 4593 2184 4648 vel
2205 4593 2283 4648 eis
2309 4608 2442 4664 quos
2467 4594 2695 4648 oderunt
2720 4603 2912 4648 nocent
2940 4635 2954 4659 ,
2983 4595 3070 4650 vel
3095 4597 3174 4651 eis
3199 4613 3334 4669 quos
3373 4599 3460 4654 di-

1880 4685 2047 4756 ligunt
2077 4695 2297 4754 prosunt
2326 4703 2337 4738 :
2371 4684 2550 4755 utquid
2574 4685 2860 4738 coluntur?
2891 4685 3074 4756 utquid
3109 4697 3254 4742 tanto
3280 4689 3458 4746 studio

1877 4779 2086 4834 colendi
2113 4776 2490 4848 requiruntur?
2528 4775 2635 4830 Cur
2656 4775 2936 4832 laboriosis
2962 4779 3304 4849 tristibusque
3325 4789 3459 4834 tem.

1879 4869 2096 4940 poribus
2113 4909 2130 4934 ,
2155 4878 2406 4938 tanquam
2431 4866 2619 4922 offensi
2645 4865 3005 4922 abscesserint
3027 4909 3044 4936 ,
3073 4877 3454 4936 mut-inuratur;

1876 4973 1930 5018 et
1959 4971 2175 5031 propter
2219 4973 2318 5018 eos
2345 4960 2634 5014 christiana
2684 4959 2871 5028 religio
2898 4960 3151 5014 conviciis
3201 4959 3458 5028 indignis-

1875 5053 2024 5108 simis
2055 5051 2302 5106 l:rditur?
2329 5049 2382 5105 Si
2411 5058 2588 5103 autem
2622 5049 2820 5104 habent
2845 5051 2896 5103 in
2927 5051 3008 5104 his
3035 5049 3227 5114 rebus,
3258 5049 3338 5104 vel
3363 5050 3458 5106 be-

1873 5142 2050 5198 neficii
2071 5183 2086 5203 ,
2117 5142 2200 5196 vel
2230 5140 2472 5196 maleficii
2503 5147 2855 5210 potestatem;
2886 5155 2982 5194 cur
3002 5141 3052 5192 in
3075 5139 3150 5192 eis
3174 5139 3458 5197 adfuerunt

1873 5233 2108 5305 pessimo
2137 5232 2252 5285 viro
2269 5230 2465 5297 Mario,
2495 5239 2551 5284 et
2582 5230 2786 5300 optimo
2813 5227 3014 5297 Regulo
3037 5227 3346 5286 defuerunt?
3371 5233 3454 5288 An

1874 5340 1943 5382 ex
1973 5323 2076 5378 hoc
2095 5323 2192 5394 ipsi
2219 5321 2581 5392 intelliguntur
2607 5319 2936 5390 injustissimi
2956 5329 3010 5374 et
3037 5321 3280 5390 pessimi?
3299 5321 3454 5390 Quod

1937 5483 1956 5514 ι
1991 5489 2120 5540 Lov.,
2133 5479 2222 5538 dii,
2239 5490 2442 5540 quorum
2467 5477 2528 5527 de
2549 5476 2670 5526 bona
2687 5473 2799 5540 rita.
2819 5475 3116 5540 Dissentiunt
3138 5479 3302 5528 caeteri
3321 5476 3451 5526 libri.

1935 5546 1964 5577 "
1989 5545 2072 5594 Hic
2096 5535 2217 5592 editi
2235 5535 2430 5598 addunt,
2445 5549 2542 5588 (την
2563 5551 2655 5586 non
2677 5535 2818 5598 etiam
2831 5536 3076 5598 jurenmt,
3097 5545 3147 5586 ut
3163 5551 3193 5588 a
3215 5545 3453 5589 tantorum

1870 5617 1921 5657 se
1943 5611 2258 5670 compesceret
2293 5597 2584 5670 innniuritate
2617 5597 2886 5670 facinorum:
2943 5600 3034 5670 secl
3059 5600 3164 5648 haec
3196 5599 3370 5648 absunt
3391 5599 3454 5648 ab

1871 5665 2095 5718 omnibus
2113 5665 2363 5713 Gallicanis
2387 5671 2436 5710 et
2459 5665 2676 5708 Romanis
2697 5665 3044 5720 manuscriptis.

1935 5729 2008 5790 (ιι)
2033 5715 2148 5795 vide
2173 5727 2367 5795 Livium,
2395 5723 2476 5772 lib.
2501 5723 2551 5783 5,
2575 5733 2680 5784 cap.
2705 5720 2766 5770 58
2787 5715 3004 5784 seqqfet
3025 5733 3160 5782 capp.
3183 5719 3263 5781 47,
3286 5715 3368 5784 48,
3393 5723 3448 5770 et

1871 5785 2105 5842 nutat-cli.
2133 5789 2184 5840 in
2208 5785 2385 5837 Camill.
