4038 6474
571 283 636 345 7i
1638 285 1725 342 DE
1763 281 2086 344 CIVITATE
2115 281 2247 350 DEI,
2290 281 2348 339 S.
2387 281 2758 341 AUGUSTINI
3776 297 3849 354 τε

572 401 622 456 si
645 409 922 473 propterea
947 403 1113 474 magis
1135 401 1356 458 timendi
1371 410 1424 455 et
1447 399 1653 455 colendi
1676 409 1944 469 putantur,
1976 413 2148 467 neque

575 493 674 546 hoc
705 501 954 562 putentur
984 513 996 548 :
1031 509 1199 562 neque
1228 493 1366 546 enim
1396 493 1569 546 minus
1613 507 1706 545 eos
1748 490 2014 544 invenitur
2040 489 2148 543 Re-

572 584 724 651 gulus
755 583 982 638 coluisse
1005 624 1020 647 ,
1048 599 1202 653 quam
1228 582 1440 636 Marius.
1493 581 1600 636 Nec
1625 581 1746 635 ideo
1771 580 1877 634 vita
1922 579 2150 648 pessima

573 676 814 745 eligenda
841 676 1099 740 videatur,
1130 675 1247 744 quia
1283 675 1448 744 magis
1472 674 1633 728 Mario
1663 688 1820 744 quam
1850 671 2051 742 Regulo
2077 670 2152 724 dii

574 767 766 820 favisse
828 766 1229 832 existimantur.“
1271 765 1510 820 Metellus
1557 764 1736 830 enim,
1790 763 2150 816 Romanorum

574 853 967 910 laudatissimus
991 898 1004 921 ,
1035 857 1124 927 qui
1153 857 1335 911 habuit
1371 858 1604 926 quinque
1661 855 1796 909 filios
1842 855 2150 910 consulares

573 944 666 1016 (τι),
699 949 854 999 etiam
885 962 1060 1000 rerum
1108 947 1477 1016 temporalium
1519 946 1642 1000 felix
1674 944 1807 1009 fuit;
1851 953 1906 999 et
1929 943 2152 999 Catilina

576 1037 837 1106 pessimus
859 1079 872 1102 ,
905 1053 1194 1107 oppressus
1239 1039 1411 1107 inopia
1439 1047 1493 1092 et
1529 1038 1581 1091 in
1610 1036 1752 1091 bello
1799 1037 1882 1090 sui
1929 1035 2151 1089 sceleris

574 1137 868 1198 prostratus
896 1129 1078 1184 infelix
1105 1148 1120 1186 :
1146 1139 1200 1186 et
1225 1130 1497 1184 verissima
1529 1140 1686 1198 atque
1711 1129 2003 1184 certissima
2033 1126 2152 1181 feli-

571 1219 730 1274 citate
774 1221 1089 1289 prrcpollent
1141 1221 1268 1276 boni
1298 1221 1464 1276 Deum
1513 1221 1786 1286 colentes,
1818 1235 1847 1273 a
1891 1233 1996 1288 quo
2036 1218 2152 1272 solo

569 1309 796 1363 conferri
825 1319 1019 1380 potest.

640 1400 696 1454 τὶ.
727 1400 817 1454 Illa
848 1400 1005 1471 igitur
1026 1400 1322 1470 respublica
1350 1401 1504 1455 malis
1527 1399 1763 1454 moribus
1783 1414 1901 1454 cum
1931 1399 2149 1469 periret,

569 1489 702 1545 nihil
729 1491 801 1546 dii
847 1506 1031 1546 eorum
1087 1507 1183 1561 pro
1236 1489 1528 1562 dirigendis
1554 1492 1636 1545 vel
1689 1505 1784 1560 pro
1823 1489 2152 1560 corrigendis

570 1591 793 1652 egerunt
821 1583 1091 1649 moribus,
1143 1597 1211 1638 ne
1261 1582 1499 1652 periret,
1549 1580 1655 1634 imo
1707 1578 2058 1649 depravandis
2100 1585 2153 1632 et

569 1671 973 1743 corrumpendis
1012 1673 1328 1728 addiderunt
1357 1673 1626 1739 moribus,
1667 1681 1726 1726 ut
1775 1672 1992 1741 periret.
2043 1670 2152 1725 Nec

569 1779 631 1820 se
658 1764 827 1820 bonos
859 1766 1057 1836 fingant
1075 1806 1089 1832 ,
1119 1764 1260 1835 quod
1285 1765 1429 1820 velut
1456 1763 1644 1818 offensi
1663 1763 1855 1817 civium
1879 1762 2152 1832 iniquitate

569 1859 932 1914 discesserint.
964 1859 1187 1913 Prorsus
1236 1858 1307 1913 ibi
1348 1867 1539 1922 erant;
1572 1856 1885 1926 produntur,
1927 1854 2150 1909 convin-

569 1961 761 2004 cuntur
792 1969 806 2004 :
834 1966 932 2006 nec
980 1951 1265 2006 subvenire
1294 1950 1683 2021 prmcipiendo,
1715 1965 1813 2005 nec
1861 1949 2026 2002 latere
2074 1957 2152 2000 ta-

571 2039 742 2093 cendo
767 2049 1068 2109 potuerunt.
1093 2040 1292 2094 Omitto
1319 2039 1458 2110 quod
1487 2039 1680 2093 Marius
1717 2054 1744 2092 a
1775 2037 2150 2093 miserantibus

572 2129 1020 2188 Minturnensibus
1050 2133 1258 2188 Maricre
1307 2131 1424 2187 deae
1473 2133 1523 2186 iu
1575 2132 1696 2185 luco
1725 2131 1840 2200 ejus
1874 2144 2149 2185 commen-

570 2224 727 2279 datus
755 2232 869 2292 est,
903 2233 959 2279 ut
978 2225 1026 2280 ei
1053 2225 1227 2280 omnia
1273 2233 1612 2294 pr05peraret
1639 2223 1736 2295 (b);
1769 2231 1823 2277 et
1848 2237 1912 2277 ex
1943 2236 2150 2277 summa

569 2315 943 2384 desperatione
989 2330 1236 2371 reversus
1290 2314 1604 2377 incolumis,
1661 2314 1712 2368 in
1764 2313 1956 2369 Urbem
2003 2311 2153 2366 duxit

571 2409 840 2465 crudelem
889 2409 1120 2464 crudelis
1168 2409 1504 2464 exercitum:
1553 2407 1647 2464 ubi.
1682 2422 1838 2476 quam
1889 2411 2146 2474 cruenta',

570 2517 728 2572 quam
783 2503 1048 2568 incivilis,
1099 2502 1380 2571 hostilique
1429 2499 1710 2556 immanior
1761 2499 1877 2565 ejus
1931 2498 2150 2553 victoria

571 2594 764 2657 fuerit;
795 2609 888 2648 eos
916 2593 1005 2662 qui
1035 2593 1384 2663 scripserunt,
1432 2592 1610 2662 legant
1637 2592 1724 2660 qui
1751 2591 1936 2644 volunt
1977 2591 2016 2642 ¹.
2043 2589 2150 2644 Sed

569 2682 707 2749 hoc,
739 2693 796 2737 ut
821 2683 964 2748 dixi,
993 2683 1179 2737 omitto
1207 2699 1220 2736 :
1271 2697 1370 2737 nec
1393 2682 1603 2738 Maricae
1635 2682 1816 2736 nescio
1843 2681 1928 2736 cui
1971 2681 2150 2736 tribuo

569 2772 722 2833 Marii
773 2774 1114 2844 sanguineam
1164 2774 1507 2840 felicitatem,
1558 2773 1655 2829 sed
1707 2773 1929 2828 occulta:
1974 2773 2150 2843 potius

569 2864 914 2933 providentize
963 2865 1056 2919 Dei
1085 2863 1149 2918 ad
1188 2865 1408 2918 istorum
1445 2878 1539 2918 ora
1587 2862 1880 2918 claudenda
1904 2903 1920 2930 ,
1952 2877 2150 2932 eosque

569 2955 638 3009 ab
661 2969 846 3010 errore
877 2954 1180 3009 liberandos
1207 2955 1297 3024 qui
1329 2969 1432 3008 non
1463 2953 1654 3008 studiis
1683 2963 1884 3024 agunt,
1915 2953 2010 3008 sed
2037 2953 2150 3007 haec

567 3045 862 3115 prudenter
885 3045 1182 3100 advertunt.
1233 3044 1366 3112 Quia
1395 3052 1451 3098 et
1479 3045 1521 3096 si
1548 3043 1744 3112 aliquid
1772 3043 1822 3096 in
1871 3042 1953 3097 his
1988 3043 2149 3098 rebus

571 3136 842 3191 daemones
871 3147 1112 3206 possunt,
1141 3143 1343 3189 tantum
1366 3141 1625 3204 possunt,
1657 3139 1913 3204 quantum
1939 3142 2148 3188 secreto

566 3226 959 3297 Omnipoteutis
989 3225 1212 3282 arbitrio
1253 3229 1668 3295 permittuntur;
1720 3239 1789 3280 ne
1840 3226 2151 3296 magnipeu-

565 3317 756 3373 damus
780 3325 1044 3374 terrenam
1077 3316 1378 3373 felicitatem
1399 3359 1414 3382 ,
1445 3333 1584 3388 quae,
1615 3318 1752 3372 sicut
1781 3317 1968 3381 Mario,
1994 3319 2148 3374 malis

566 3408 725 3462 etiam
755 3407 1070 3478 plerumque
1097 3407 1430 3473 conceditur;
1476 3422 1577 3463 nec
1623 3423 1741 3463 eam
1785 3423 1972 3464 rursus
1997 3410 2149 3480 quasi

566 3499 762 3553 malam
782 3498 1122 3562 arbitremur,
1146 3512 1270 3553 cum
1285 3512 1349 3554 ea
1365 3498 1560 3554 multos
1583 3498 1742 3553 etiam
1768 3499 1884 3568 pios
1904 3507 1960 3554 et
1980 3500 2148 3556 bonos

567 3588 724 3644 unius
748 3589 841 3644 Dei
866 3589 976 3644 veri
1021 3587 1258 3643 cultores
1282 3629 1297 3655 ,
1330 3587 1509 3642 invitis
1559 3587 1892 3644 dzemonibus
1920 3591 2150 3660 praepol-

567 3678 731 3734 luisse
754 3679 1063 3744 videamus;
1096 3693 1195 3734 nec
1215 3679 1432 3734 eosdem
1458 3679 1909 3736 immundissimos
1933 3681 2148 3751 spiritus

570 3771 655 3824 vel
687 3779 902 3841 propter
930 3770 1045 3826 haec
1074 3771 1185 3840 ipsa
1215 3769 1352 3826 bona
1392 3770 1595 3826 malave
1621 3779 1831 3826 terrena
1859 3774 2149 3843 propitian-

567 3861 667 3914 dos
694 3869 784 3914 aut
814 3860 1077 3914 timendos
1104 3862 1492 3916 existimemus.
1539 3861 1673 3927 Quia
1701 3863 1841 3918 sicut
1884 3864 1982 3933 ipsi
2023 3865 2146 3919 mali

569 3951 813 4006 homines
857 3952 909 4006 in
946 3961 1086 4006 terra
1109 3992 1124 4018 ,
1155 3952 1233 4006 sic
1261 3953 1419 4008 etiam
1447 3953 1522 4007 illi
1551 3969 1656 4008 non
1686 3957 1864 4010 omnia
1892 3971 2012 4026 qua:
2057 3974 2150 4011 vo-

569 4043 685 4096 lunt
711 4042 883 4098 facere
911 4052 1132 4113 possunt
1155 4085 1170 4111 ,
1201 4042 1304 4098 nisi
1329 4052 1582 4113 quantum
1607 4043 1770 4115 [illius
1815 4045 2148 4102 ordinatione

567 4135 812 4188 sinuntur
838 4135 880 4201 ³,
913 4133 1063 4203 cujus
1092 4134 1247 4204 plene
1287 4133 1482 4204 judicia
1525 4149 1684 4190 nemo
1723 4137 2144 4207 comprehendit,

566 4227 706 4294 iuste
735 4238 894 4282 nemo
931 4226 1293 4297 reprehendit.
1924 4212 1928 4216 ’

601 4340 828 4398 CAPUT
864 4341 1055 4398 XXIV.
1085 4371 1158 4382 -—
1180 4342 1257 4397 De
1296 4341 1525 4413 Syllam's
1562 4343 1774 4410 actibus,
1820 4360 2032 4414 quarunt
2057 4362 2111 4400 se

873 4433 1126 4488 daamones
1163 4442 1536 4488 ostentaverant
1561 4433 1840 4502 adjutores.

637 4545 690 4599 ‘l.
720 4544 865 4614 Sylla
893 4552 1038 4600 certe
1062 4543 1197 4614 ipse,
1223 4544 1374 4614 cujus
1403 4553 1642 4615 tempora
1677 4545 1798 4599 talia
1829 4544 2063 4612 fuerunt,
2089 4559 2146 4604 ut

567 4637 882 4707 superiora,
933 4651 1157 4706 quorum
1203 4636 1398 4690 vindex
1445 4651 1566 4691 esse
1609 4636 1884 4691 videbatur
1933 4638 2143 4696 illorum

566 4727 963 4798 comparatione
1007 4735 1395 4798 quaererentur,
1427 4741 1546 4782 cum
1585 4727 1816 4797 primum
1850 4727 1917 4782 ad
1945 4727 2142 4785 Urbem

629 4865 646 4930 ξ
684 4861 817 4912 vind.
844 4868 944 4910 Am.
969 4867 1023 4911 et
1041 4866 1138 4930 ῐξι·Ὦ
1165 4859 1323 4923 legant
1344 4859 1428 4922 qui
1448 4858 1574 4910 scire
1596 4859 1773 4912 uolunt.

627 4927 649 4956 ¹
683 4932 862 4973 Omnes
884 4931 1006 4982 Mss,
1031 4927 1219 4982 emitur.

628 4986 702 5048 (α)
727 4987 830 5048 Fuit
864 4982 946 5032 ille
969 4980 1029 5048 Q_._
1045 4981 1267 5048 Metellus
1295 4980 1582 5048 tjumidicus,
1616 4987 1671 5048 L._
1689 4983 1867 5048 Metelli
1908 4983 2145 5048 pontificis

565 5043 736 5108 nepos,
761 5046 826 5095 de
849 5059 946 5108 quo
968 5045 1161 5108 Plinius,
1190 5043 1486 5108 lib._7,_dcap4.
1510 5044 1604 5104 44;
1628 5046 1812 5108 (icero,
1835 5043 2142 5108 detinibus,

566 5105 650 5169 libi
675 5105 729 5166 5,
746 5105 884 5169 capp:
910 5106 991 5166 27,
1015 5105 1102 5166 28;
1126 5105 1316 5156 Tuscul.
1345 5105 1428 5153 lib.
1454 5106 1498 5165 l,
1525 5117 1630 5167 cap.
1655 5107 1742 5169 33;
1766 5105 1987 5169 Valerius
2020 5114 2138 5156 Max.

566 5143 650 5230 iii}:
670 5143 724 5226 -ἵζ
744 5143 893 5230 ἔέὗῖὶ
912 5143 2144 5230 ἴξᾷὦόηὶιῖἑὲ’ἔιιιὶἰᾛτόἐῖῶωἵέἔοιιὲίἶᾰίίζειὶὶῇὖί

565 5228 646 5288 plo
669 5227 868 5288 ponunt.
903 5227 1042 5278 Filios
1065 5241 1180 5278 eum
1212 5234 1418 5290 quatuor
1441 5234 1624 5276 tantum
1649 5228 1906 5285 habuisse,
1947 5241 2010 5278 ex
2047 5229 2144 5282 illis

564 5289 880 5349 scriptoribus
896 5289 1322 5352 observantyives
1359 5295 1410 5336 et
1424 5296 1682 5352 _Coqutc_us.
1717 5290 1801 5338 Hic
1831 5296 1996 5352 tamen
2033 5289 2142 5341 libri

565 5348 738 5397 omnes
759 5361 880 5411 quos
901 5351 1142 5412 inspicere
1167 5349 1325 5409 licuit,
1351 5348 1558 5413 quinque
1587 5349 1713 5414 ﬁlios
1735 5348 2040 5411 consulares,
2073 5353 2143 5400 t‘c-

564 5416 696 5458 runt.

629 5469 983 5534 (b)_ttinturnas
1015 5472 1277 5534 Campaniae
1316 5472 1542 5534 oppidum
1561 5471 1802 5534 deductus
1821 5473 2008 5531 uarius,
2031 5485 2141 5522 cum

566 5531 805 5596 ex'prima
830 5543 988 5596 pugna
1023 5531 1150 5581 civili
1176 5535 1328 5583 victus
1349 5531 1518 5596 a'sylla
1549 5533 1764 5596 fugeret,
1791 5547 1886 5596 qua
1902 5536 2088 5582 ratione
2112 5549 2140 5584 a

563 5593 977 5656 ltiuturueusibus
1001 5600 1242 5656 exceptus
1263 5597 1342 5655 sit,
1375 5593 1627 5656 discesex
1665 5593 1914 5656 Plutarcho
1953 5597 2001 5642 in
2036 5596 2142 5656 ejus

565 5654 686 5760 nia,
713 5652 899 5704 Velleio
934 5653 1017 5704 lib.
1042 5652 1106 5714 ‘3,
1135 5652 1344 5716 Appiano
1380 5657 1443 5706 de
1469 5655 1610 5706 Bellis
1631 5655 1855 5706 civilibus
1895 5654 1975 5704 lib.
2007 5652 2137 5716 l,'ct

611 5725 684 5760 us.
1381 5729 1396 5735 -
1541 5725 1546 5729 ‘

565 5723 684 5768 alus.
1381 5729 1396 5735 ⁵
1541 5725 1546 5729 ’

1481 5784 1523 5815 ο
1631 5819 1652 5828 ,τ
1671 5789 1693 5826 ,λι

2260 402 2443 450 contra
2491 397 2714 452 Marium
2753 405 2925 453 castra
2967 399 3256 464 movisset,
3283 400 3416 459 adeo
3447 403 3563 458 beta
3595 415 3714 462 exta
3743 409 3850 464 im-

2259 488 2480 542 molanti
2507 487 2669 544 fuisse
2699 489 2883 543 scribit
2908 489 3110 554 Livius,
3139 498 3196 545 ut
3245 493 3500 548 custodiri
3548 511 3607 550 se
3648 497 3847 554 Postu-

2260 578 2400 633 mius
2438 593 2665 650 aruspex
2709 580 2935 634 voluerit
2971 581 3159 649 capitis
3195 583 3510 652 supplicium
3549 586 3845 655 subiturus,

2260 669 2364 724 nisi
2396 684 2457 724 ea
2501 686 2619 740 qua:
2669 672 2720 726 in
2759 672 2938 726 animo
2965 672 3107 743 Sylla
3137 674 3376 742 haberet,
3410 676 3511 732 diis
3535 680 3850 749 juvantibus

2262 758 2606 828 implevisset.
2639 763 2774 818 Ecce
2805 778 2909 818 non
2940 764 3298 820 discesserant
3326 767 3500 839 adytis
3519 772 3730 841 arisque
3756 791 3849 829 reo

2261 849 2398 905 lictis
2422 851 2515 917 dii,
2538 853 2749 922 quando
2773 854 2840 908 de
2861 871 3036 909 rerum
3066 865 3258 912 eventu
3282 859 3656 930 prmdicebant,
3684 864 3852 919 nihil-

2259 958 2364 1012 que
2392 943 2458 999 de
2489 944 2654 1014 ipsius
2683 945 2843 1016 Syllae
2879 949 3214 1003 correctione
3248 949 3523 1005 curabant.
3556 952 3850 1010 Promitte-

2260 1033 2388 1088 bant
2417 1034 2782 1106 praesagiendo
2805 1039 2820 1067 ¹
2856 1036 3162 1092 felicitatem
3192 1055 3434 1110 magnam
3456 1084 3471 1108 ,
3519 1059 3618 1099 nec
3647 1046 3850 1100 malam

2259 1125 2604 1196 cupiditatem
2648 1129 2902 1184 minando
2948 1129 3279 1200 frangebant.
3333 1133 3531 1190 Deinde
3554 1151 3672 1192 cum
3700 1148 3852 1194 esset

2261 1214 2315 1270 in
2362 1217 2486 1271 Asia
2530 1218 2728 1273 bellum
2775 1219 3186 1276 Mithridaticum
3235 1239 3445 1294 gerens,
3495 1242 3589 1296 per
3617 1227 3848 1284 Lucium

2259 1306 2456 1362 Titium
2488 1308 2536 1362 ei
2567 1310 2871 1366 mandatum
2896 1321 2976 1366 est
3003 1329 3031 1366 a
3058 1313 3209 1379 Jove,
3232 1316 3372 1386 quod
3403 1327 3544 1372 esset
3569 1319 3850 1376 Mithrida-

2261 1405 2366 1451 tem
2392 1407 2737 1469 superaturus
2769 1412 2871 1457 :'ct
2907 1403 3100 1458 factum
3128 1415 3229 1459 est.
3285 1408 3360 1460 Ac
3393 1417 3570 1477 postea
3603 1413 3849 1466 molienti

2260 1489 2434 1545 redire
2475 1491 2524 1544 in
2569 1491 2783 1556 Urbem,
2816 1501 2871 1548 et
2895 1509 3020 1549 suas
3049 1496 3445 1568 amicorumque
3472 1500 3691 1570 injurias
3711 1505 3732 1534 ²
3759 1505 3847 1558 ci-

2259 1583 2348 1636 vili
2379 1585 2634 1653 sanguine
2669 1585 2871 1652 ulcisci,
2903 1585 3093 1642 iterum
3121 1589 3422 1644 mandatum
3452 1602 3532 1646 est
3557 1593 3622 1648 ab
3646 1594 3846 1650 eodem

2259 1671 2390 1728 Jove
2435 1689 2529 1743 per
2571 1675 2790 1730 militem
2831 1677 3112 1746 quemdam
3143 1680 3364 1748 legionis
3389 1691 3577 1746 sextze,
3609 1685 3752 1752 prius
3783 1703 3850 1742 se

2197 1803 2218 1818 .
2258 1764 2328 1821 de
2357 1765 2658 1822 Mithridate
2705 1769 3090 1836 praenuntiasse
3120 1769 3417 1838 victoriam,
3462 1781 3516 1826 et
3559 1783 3683 1829 tunc
3714 1791 3848 1844 pro-

2259 1857 2472 1912 mittere
2512 1857 2758 1912 daturum
2797 1873 2856 1914 se
2900 1868 3233 1929 potestatem,
3264 1877 3365 1931 qua
3393 1875 3732 1933 recuperaret
3772 1868 3849 1923 ab

2259 1947 2489 2003 inimicis
2512 1948 2891 2018 rempublicam
2919 1965 3024 2004 non
3050 1952 3166 2007 sine
3191 1954 3357 2007 multo
3385 1957 3660 2024 sanguine.
3689 1956 3850 2014 Tunc

2259 2049 2601 2109 percontatus
2630 2041 2796 2111 Sylla,
2828 2058 2946 2112 qua:
2972 2041 3140 2098 forma
3173 2045 3324 2100 militi
3352 2047 3460 2100 visa
3489 2046 3676 2115 fuerit;
3718 2064 3849 2104 cum

2259 2129 2346 2184 ille
2376 2129 2683 2196 indicasset,
2710 2147 2826 2186 eam
2859 2133 3168 2189 recordatus
3197 2144 3279 2210 est
3302 2151 3458 2207 quam
3483 2137 3627 2207 prius
3653 2139 3719 2193 ab
3747 2140 3850 2195 illo

2257 2222 2518 2287 audierat,
2548 2223 2636 2292 qui
2665 2224 2731 2278 de
2754 2223 3104 2279 Mitliridatica
3134 2227 3354 2280 victoria
3383 2228 3448 2282 ab
3469 2228 3655 2283 eodem
3685 2246 3848 2284 man-

2256 2310 2378 2367 data
2406 2313 2718 2384 pertulerat.
2744 2313 2880 2382 Quid
2909 2313 2994 2369 hic
3020 2317 3330 2385 responderi
3361 2326 3553 2387 potest,
3577 2329 3740 2390 quare
3765 2321 3849 2376 dii

2255 2403 2560 2459 curaverint
2581 2404 2723 2458 velut
2750 2404 2920 2460 felicia
2947 2405 3045 2460 ista
3074 2407 3338 2474 nuntiare,
3370 2419 3422 2463 et
3450 2410 3624 2464 nullus
3653 2426 3848 2467 eorum

2255 2495 2522 2550 curaverit
2548 2494 2749 2566 Syllam
2781 2495 3049 2550 mouendo
3077 2497 3366 2568 corrigere,
3394 2499 3533 2553 mala
3571 2508 3712 2554 tanta
3758 2500 3850 2555 fa-

2255 2596 2466 2641 cturum
2496 2586 2739 2642 scelestis
2763 2587 2928 2641 armis
2945 2587 3205 2654 civilibus,
3233 2588 3405 2658 qualia
3429 2605 3533 2643 non
3558 2590 3849 2661 foedarent,

2255 2676 2351 2733 sed
2380 2676 2649 2733 auferrent
2673 2678 2890 2732 omnino
2923 2677 3345 2746 rempublicam?
3391 2679 3590 2750 Nempe
3634 2682 3845 2737 intelli-

2254 2779 2450 2841 guntur
2470 2769 2764 2838 daemones,
2787 2769 2924 2825 sicut
2942 2784 3084 2840 saepe
3108 2769 3238 2836 dixi,
3263 2780 3552 2842 notumque
3578 2773 3731 2828 nobis
3756 2785 3850 2831 est

2254 2861 2308 2916 in
2331 2860 2546 2916 Litteris
2569 2861 2754 2928 sacris,
2779 2874 2970 2931 resque
2991 2861 3118 2930 ipsa:
3139 2861 3270 2916 satis
3288 2862 3543 2930 indicant,
3565 2866 3847 2935 negotium

2253 2965 2406 3006 suum
2437 2965 2632 3022 agere,
2685 2959 2743 3006 ut
2779 2965 2877 3022 pro
2913 2951 3015 3006 diis
3051 2950 3346 3006 habeantur
3371 2965 3423 3007 et
3464 2955 3738 3023 colantur,
3787 2967 3851 3013 ct

2255 3058 2316 3098 ea
2355 3042 2462 3098 illis
2487 3043 2856 3110 exhibeantur,
2891 3042 3079 3112 quibus
3116 3043 3151 3097 ii
3189 3043 3276 3114 qui
3319 3043 3570 3100 exhibent
3613 3048 3800 3102 sociati
3826 3092 3847 3113 ,

2253 3147 2412 3188 unam
2451 3133 2736 3204 pessimam
2771 3147 2989 3188 causam
3031 3149 3153 3189 cum
3179 3135 3257 3190 eis
3291 3133 3520 3192 habeant
3556 3137 3608 3193 in
3637 3138 3850 3208 judicio

2254 3225 2371 3280 Dei.

2323 3317 2378 3370 2.
2422 3315 2624 3372 Deinde
2662 3330 2784 3372 cum
2814 3315 3048 3373 venisset
3072 3317 3360 3373 Tarentum
3387 3318 3549 3391 Sylla,
3579 3329 3739 3390 atque
3767 3321 3847 3378 ibi

2253 3410 2627 3479 sacrificasset,
2655 3411 2786 3466 vidit
2819 3411 2872 3466 in
2905 3412 3079 3481 capite
3109 3411 3312 3466 vitulini
3351 3411 3548 3481 jecoris
3585 3414 3849 3468 similitu-

2253 3502 2429 3558 dinem
2460 3517 2673 3558 coronae
2697 3519 2892 3559 aureae.
2943 3503 3095 3558 Tunc
3143 3503 3446 3559 Postumius
3483 3521 3710 3575 aruspex
3749 3507 3850 3564 ille

2252 3596 2556 3667 respondit,
2581 3597 2891 3667 praeclaram
2918 3597 2967 3651 ei
2999 3596 3296 3667 significare
3325 3598 3623 3664 victoriam,
3646 3599 3847 3669 jussit-

2253 3704 2354 3760 que
2380 3699 2438 3744 ut
2466 3689 2602 3745 extis
2622 3689 2726 3744 illis
2745 3690 2892 3743 solus
2913 3698 3239 3743 vesceretur.
3267 3687 3457 3744 Postea
3486 3704 3648 3758 parvo
3672 3692 3850 3746 inter-

2251 3779 2391 3834 vallo
2423 3795 2608 3835 servus
2634 3778 2908 3848 cujusdam
2939 3777 3086 3833 Lucii
3133 3778 3306 3833 Pontii
3347 3780 3685 3836 vaticinando
3727 3781 3849 3837 cla-

2254 3871 2525 3926 mavitzA
2570 3871 2789 3926 Bellona
2835 3870 3054 3925 nuntius
3100 3863 3287 3936 venio;
3337 3871 3556 3926 victoria
3604 3882 3688 3927 tua
3732 3885 3847 3942 est,

2255 3961 2419 4032 Sylla.
2447 3961 2650 4017 Deinde
2685 3961 2900 4031 adjecit,
2921 3976 3165 4017 arsurum
3193 3977 3313 4018 esse
3340 3961 3678 4032 Capitolium.
3726 3964 3848 4022 lloc

2253 4068 2372 4110 cum
2401 4053 2645 4121 dixisset,
2677 4055 2929 4109 continuo
2948 4069 3195 4122 egressus
3219 4071 3249 4110 e
3277 4056 3486 4122 castris,
3512 4067 3721 4126 postera
3751 4057 3849 4115 die

2253 4147 2568 4202 concitatior
2596 4161 2844 4203 reversus
2871 4157 2973 4211 est,
2998 4156 3052 4202 et
3081 4147 3397 4217 Capitolium
3426 4150 3620 4204 arsisse
3639 4150 3850 4205 clama-

2252 4239 2348 4292 vit.
2386 4240 2602 4294 Arserat
2627 4249 2804 4294 autem
2832 4253 3016 4293 revera
3047 4239 3387 4309 Capitolium.
3431 4238 3584 4304 Quod
3620 4241 3847 4310 quidem

2253 4330 2482 4385 dmmoni
2522 4341 2576 4386 et
2614 4331 2913 4400 praevidere
2956 4332 3110 4387 facile
3155 4332 3268 4400 fuit,
3293 4342 3347 4388 et
3383 4334 3660 4390 celerrime
3695 4350 3848 4389 nuu-

2254 4422 2406 4476 tiare.
2433 4421 2564 4477 Illud
2581 4437 2710 4477 sane
2733 4422 2964 4485 intende,
2983 4423 3124 4492 quod
3145 4423 3210 4477 ad
3231 4439 3443 4478 causam
3462 4426 3693 4480 maxime
3717 4441 3846 4496 per-

2255 4514 2406 4580 tinet,
2435 4515 2536 4570 sub
2565 4515 2809 4585 qualibus
2833 4514 2934 4568 diis
2963 4530 3082 4570 esse
3101 4516 3314 4585 cupiant
3340 4518 3428 4587 qui
3461 4517 3844 4587 blasphemant

2253 4603 2582 4660 Salvatoran
2628 4605 2926 4660 voluntates
2973 4605 3202 4660 fidelium
3240 4621 3269 4660 a
3312 4607 3582 4662 dominatu
3631 4607 3844 4665 dmum-

2254 4712 2378 4751 num
2405 4697 2740 4752 liberantem.
2769 4695 3029 4750 Clamavit
3049 4696 3208 4751 homo
3226 4698 3575 4764 vaticinando,
3599 4699 3842 4758 Victoria

2256 4801 2341 4844 tua
2368 4799 2468 4856 est,
2499 4789 2680 4861 Sylla;
2707 4799 2864 4859 atque
2886 4798 2943 4844 ut
2963 4789 3013 4843 id
3043 4790 3222 4846 divino
3246 4792 3433 4860 spiritu
3462 4793 3691 4849 clamare
3714 4811 3842 4853 cre-

2251 4881 2497 4946 deretur,
2537 4881 2798 4936 nuntiavit
2823 4881 2980 4935 etiam
3009 4881 3203 4950 aliquid
3239 4890 3295 4936 et
3324 4895 3486 4953 prepe
3515 4885 3751 4940 futurum
3785 4899 3842 4947 et

2253 4987 2378 5025 mox
2411 4971 2626 5035 factum,
2648 4970 2788 5025 unde
2813 4971 2968 5040 longe
2987 4971 3169 5025 aberat
3197 4986 3289 5042 per
3318 4988 3476 5042 quem
3499 4973 3587 5030 ille
3612 4977 3843 5046 spiritus

2253 5062 2564 5132 loquebatur
2587 5078 2600 5114 :
2622 5076 2726 5115 non
2750 5069 2922 5115 tamen
2945 5060 3211 5125 clamavit,
3235 5063 3316 5116 Ab
3337 5063 3626 5120 sceleribus
3647 5081 3839 5136 parce,

2251 5151 2430 5224 Sylla;
2472 5167 2591 5221 qum
2633 5152 2739 5205 illic
2768 5151 2936 5206 victor
2976 5159 3081 5206 tam
3118 5149 3381 5208 horrenda
3423 5155 3708 5217 commisit,
3746 5161 3839 5213 cui

2249 5259 2445 5300 corona
2491 5257 2650 5298 aurea
2702 5243 2867 5313 ipsius
2913 5243 3148 5297 victoria:
3179 5243 3591 5304 illustrissimum
3618 5247 3838 5318 signum

2249 5339 2302 5391 in
2334 5331 2770 5406 vitulino'jecore
2797 5335 3054 5406 apparuit.
3100 5336 3288 5405 Qualia
3318 5339 3466 5410 signa
3506 5343 3552 5398 si
3587 5342 3659 5399 dii
3697 5343 3836 5415 justi

2310 5536 2325 5566 ι
2356 5533 2496 5598 vind.
2523 5540 2624 5582 Am.
2659 5540 2711 5584 et
2743 5535 3079 5597 manuscripti,
3121 5534 3458 5598 pnesagmtdo.
3492 5561 3552 5573 --
3588 5536 3660 5585 sic
3683 5537 3830 5589 etiam

2245 5603 2328 5688 “St.
2516 5601 2730 5706 sliihortas
2753 5654 2973 5722 injurias.
2994 5657 3152 5721 Abest,
3170 5657 3405 5722 subortas,
3435 5672 3462 5711 a
3485 5658 3619 5710 Vind.
3635 5667 3729 5710 sm.
3752 5667 3827 5714 Er.

2247 5725 2295 5768 et
2318 5731 2343 5765 a
2371 5717 2616 5781 plerisque
2635 5719 2981 5780 manuscriptis.
