4038 6550
193 508 253 568 π,
1528 481 1732 541 LIBER
1769 477 1814 534 S

1926 474 2142 533 lNDUS.
3403 475 3476 534 7b

214 622 311 680 dare
331 617 599 683 solerent,
636 630 709 672 ac
738 629 849 671 non
882 611 1156 668 daemones
1195 601 1373 674 impii,
1399 598 1642 671 proiecto
1671 595 1775 650 illis

219 717 322 775 extis
345 711 540 768 nefaria
573 711 770 780 potius
799 716 956 777 atque
999 701 1098 772 ipsi
1143 697 1304 771 Sylla
1349 694 1582 766 graviter
1622 689 1781 745 noxia

225 807 522 868 malaiutura
555 809 949 859 monstrarent.
996 796 1178 866 Neque
1217 791 1360 847 enim
1398 789 1515 857 ejus
1539 783 1780 857 dignitati

227 915 388 961 tantum
428 897 633 971 profuit
662 897 756 952 illa
790 893 1026 956 victoria,
1054 897 1308 961 quantum
1355 883 1534 939 nocuit
1575 877 1783 949 cupidi-

226 997 323 1061 tati;
344 1007 434 1062 qua
456 991 661 1046 factum
685 997 770 1044 est
791 995 849 1042 ut
869 981 1231 1041 immoderatis
1259 976 1490 1039 inhians,
1517 981 1570 1028 et
1594 985 1786 1027 secun-

228 1087 296 1141 dis
314 1059 458 1139 rebus
481 1082 662 1136 elatus
686 1093 750 1134 ac
779 1075 1157 1146 przecipitatus,
1186 1069 1352 1138 magis
1374 1066 1486 1135 ipse
1511 1062 1708 1134 periret
1732 1059 1784 1114 in

225 1177 449 1240 moribus,
477 1187 642 1244 quam
675 1169 920 1224 inimicos
951 1167 1003 1220 in
1030 1161 1344 1232 corporibus
1367 1155 1636 1227 perderet.
1663 1151 1790 1206 [hac

227 1270 288 1325 illi
309 1267 370 1324 dii
398 1281 528 1320 vere
551 1264 724 1319 tristia
755 1273 987 1328 vereque
1034 1252 1282 1325 lugenda,
1330 1264 1436 1305 non
1478 1245 1637 1312 extis,
1678 1257 1786 1297 non

226 1361 425 1434 auguriis
448 1401 463 1423 ,
518 1374 628 1414 non
669 1355 981 1426 cujusquam
1024 1347 1233 1402 somnio
1262 1343 1345 1399 vel
1375 1339 1622 1396 vaticinia
1650 1351 1790 1407 pra:-

226 1453 538 1512 nunttabant.
581 1448 748 1519 Magis
799 1446 940 1502 enim
987 1441 1245 1497 timebant
1284 1451 1352 1492 ne
1396 1434 1789 1503 corrigeretur,

226 1565 357 1622 quam
383 1563 452 1602 ne
475 1545 804 1600 vinceretur.
854 1539 966 1594 lmo
989 1536 1118 1592 satis
1140 1533 1388 1605 agebant,
1414 1538 1473 1584 ut
1510 1527 1682 1582 victor
1712 1523 1792 1578 ci-

227 1615 346 1697 vium
368 1624 660 1710 gloriosus,
693 1636 864 1688 victus
889 1639 1048 1701 atque
1073 1625 1316 1696 captivus
1341 1618 1582 1676 nefandis
1612 1615 1752 1671 vitiis
1772 1656 1788 1681 ,

224 1747 271 1793 et
293 1751 378 1808 per
412 1733 534 1788 hzec
566 1730 698 1802 ipsis
725 1728 884 1784 etiam
927 1721 1257 1781 daemonibus
1295 1716 1462 1772 multo
1489 1710 1795 1769 obstrictius

225 1827 547 1884 subdentur.

225 1957 430 2018 CAPUT
467 1955 642 2012 XXV.
669 1983 743 1996 —
770 1951 1029 2020 Quantum
1053 1945 1262 2018 maligni
1288 1943 1496 2016 spiritus
1514 1939 1584 1993 ad
1602 1935 1799 2010 ﬂagitia

289 2052 479 2105 incitent
499 2047 753 2112 homines,
775 2060 890 2098 cum
909 2044 960 2096 iit
985 2034 1350 2095 committendis
1369 2031 1634 2089 sceleribus
1656 2025 1800 2098 quasi

286 2146 497 2200 diuinam
526 2139 749 2209 exempli
776 2138 855 2192 sui
885 2137 1204 2205 interponunt
1231 2127 1596 2184 auctoritatem.

282 2258 330 2312 1.
372 2255 524 2309 Illinc
548 2267 676 2309 vero
701 2251 822 2322 quis
855 2264 963 2304 non
989 2246 1266 2316 intelligat,
1296 2243 1414 2313 quis
1452 2254 1558 2294 non
1593 2235 1797 2301 videat,

226 2349 314 2405 nisi
336 2347 426 2417 qui
468 2346 606 2400 tales
648 2343 779 2398 deos
817 2338 1012 2396 imitari
1042 2337 1209 2408 magis
1233 2333 1414 2403 elegit,
1439 2344 1596 2400 quam
1621 2326 1803 2384 divina

229 2447 380 2518 gratia
406 2443 476 2497 ab
502 2454 695 2494 eorum
724 2438 984 2491 societate
1007 2434 1266 2503 separari,
1290 2443 1543 2502 quantum
1573 2431 1799 2485 molian-

233 2550 306 2594 tur
329 2535 556 2604 maligni
587 2533 675 2588 isti
699 2532 920 2601 spiritus
961 2529 1206 2598 exemplo
1243 2542 1342 2581 suo
1378 2527 1524 2580 velut
1565 2524 1802 2580 divinam

232 2632 598 2686 auctoritatem
629 2625 870 2695 praebere
897 2621 1212 2683 sceleribus,
1235 2618 1376 2690 quod
1404 2618 1564 2672 etiam
1593 2617 1646 2672 in
1674 2631 1804 2685 qua-

234 2724 338 2778 dam
364 2719 681 2789 Campania:
708 2717 813 2770 lata
845 2713 1097 2784 planitie,
1135 2711 1226 2766 ubi
1258 2726 1362 2765 non
1393 2710 1560 2763 multo
1584 2717 1702 2778 post
1725 2707 1806 2760 ci-

235 2813 354 2868 viles
380 2812 531 2866 acies
563 2807 770 2863 nefario
798 2804 983 2875 prmlio
1012 2801 1398 2868 conflixerunt,
1440 2800 1540 2868 ipsi
1586 2799 1722 2853 inter
1748 2811 1808 2852 se

236 2906 369 2976 prius
400 2915 650 2972 pugnare
677 2898 776 2953 visi
807 2906 932 2952 sunt
962 2895 1076 2967 (rt)?
1125 2893 1362 2962 Namque
1391 2892 1462 2947 ibi
1490 2889 1655 2944 auditi
1686 2896 1810 2942 sunt

235 3001 451 3068 primum
489 2996 742 3064 ingentes
772 2990 1046 3058 fragores:
1080 3003 1309 3056 moxque
1335 2985 1489 3040 multi
1525 2999 1586 3040 se
1611 2983 1811 3037 vidisse

237 3090 542 3145 nuntiarunt
572 3100 670 3155 per
700 3083 904 3151 aliquot
930 3080 1045 3134 dies
1067 3079 1199 3133 duas
1227 3077 1369 3132 acies
1399 3075 1653 3146 prreliari.
1683 3073 1812 3139 Qua:

237 3198 399 3253 pugna
441 3179 534 3234 ubi
574 3175 814 3240 destitit,
855 3173 1078 3257 vestigia
1120 3184 1329 3239 quoque
1355 3169 1502 3222 velut
1536 3166 1811 3221 hominum

235 3283 285 3329 et
305 3285 593 3343 equorum,
620 3274 818 3336 quanta
840 3265 908 3320 de
931 3265 1019 3318 illa
1043 3261 1437 3317 conﬂictatione
1467 3257 1690 3328 exprimi
1716 3271 1814 3326 po-

237 3374 424 3428 terant,
448 3363 799 3416 invenerunt.
831 3358 887 3413 Si
910 3372 1038 3426 ergo
1059 3356 1322 3410 veraciter
1344 3355 1482 3408 inter
1507 3366 1567 3407 se
1596 3349 1813 3405 numina

233 3463 626 3528 pugnaverunt,
653 3452 764 3523 jam
793 3451 933 3506 bella
959 3449 1132 3505 civilia
1161 3453 1484 3502 excusantur
1511 3443 1740 3498 humana
1763 3445 1812 3504 ¹;

233 3548 610 3602 consideretur
638 3552 818 3598 tamen
847 3556 967 3611 qua:
994 3540 1061 3594 sit
1091 3539 1272 3594 talium
1305 3537 1526 3590 deorum
1553 3534 1636 3587 vel
1667 3531 1819 3586 mali-

231 3640 327 3703 tia,
375 3637 465 3691 vel
507 3637 712 3690 miseria
745 3651 761 3688 :
806 3633 852 3686 si
893 3641 1073 3686 autem
1117 3644 1176 3684 se
1215 3641 1476 3699 pugnasse
1514 3626 1814 3686 tinxerunt,

224 3722 352 3794 quid
377 3719 526 3774 aliud
549 3727 795 3790 egerunt,
820 3718 922 3773 nisi
947 3717 1120 3772 utsibi
1144 3715 1368 3770 Romani
1389 3713 1636 3768 bellando
1654 3712 1823 3769 civili-

225 3823 321 3882 ter,
348 3825 609 3884 tanquam
636 3812 860 3868 deorum
881 3810 1125 3881 exemplo
1148 3807 1350 3863 nullum
1372 3806 1520 3862 nefas
1540 3805 1822 3861 admittere

225 3903 576 3961 viderentur?
604 3903 721 3958 Jam
748 3902 892 3957 enim
917 3908 1190 3970 coeperant
1228 3899 1365 3953 bella
1407 3897 1604 3963 civilia,
1640 3905 1695 3951 et
1722 3896 1824 3951 ali-

225 4009 348 4068 quot
369 4000 392 4030 ²
425 3997 783 4052 nefandorum
807 3994 1108 4065 praeliorum
1131 4001 1334 4062 strages
1354 3988 1680 4046 exsecranda
1699 4004 1826 4060 prte-

227 4099 509 4145 cesserat:
532 4087 648 4158 jam
691 4086 886 4140 multos
933 4091 1175 4140 moverat
1218 4081 1358 4153 quod
1400 4082 1553 4136 miles
1588 4081 1823 4152 quidam,

228 4180 348 4235 dum
388 4181 582 4236 occiso
618 4178 789 4248 spolia
824 4175 1160 4238 detraheret,
1200 4174 1418 4228 fratrem
1449 4172 1646 4227 nudato
1672 4171 1830 4226 cada-

225 4286 348 4327 vere
377 4271 626 4341 agnovit,
660 4284 724 4324 ac
751 4268 1045 4323 detestatus
1073 4265 1210 4321 bella
1237 4265 1407 4320 civilia
1425 4306 1439 4328 ,
1469 4280 1527 4320 se
1557 4264 1730 4333 ipsum
1756 4262 1828 4318 ibi

222 4364 504 4434 perimens
535 4363 777 4416 fraterno
797 4360 1008 4430 corpori
1034 4359 1275 4426 adjunxit
1301 4358 1395 4427 (ὁ).
1445 4357 1512 4412 Ut
1539 4373 1670 4426 ergo
1697 4356 1828 4411 tanti

223 4454 384 4524 hujus
407 4455 538 4509 mali
565 4454 788 4508 minime
810 4453 1048 4516 tmderet,
1069 4451 1161 4505 sed
1186 4465 1456 4505 armorum
1480 4451 1829 4505 scelestorum

223 4548 398 4617 magis
427 4545 718 4616 magisque
743 4543 906 4597 ardor
943 4543 1290 4608 incresceret,
1322 4540 1466 4596 noxii
1495 4540 1767 4594 daemones
1788 4539 1829 4604 ⁸,

222 4643 358 4709 quos
399 4640 488 4695 illi
531 4638 667 4694 deos
696 4645 944 4708 putantes
969 4634 1222 4690 colendos
1246 4642 1302 4688 et
1329 4634 1662 4689 venerandos
1687 4632 1833 4688 arbi-

221 4735 537 4798 trabantur,
587 4730 730 4786 inter
778 4745 838 4786 se
885 4738 1182 4800 pugnantes
1229 4727 1534 4783 hominibus
1577 4741 1836 4796 apparere

222 4828 559 4889 voluerunt;
608 4839 674 4877 ne
709 4821 906 4877 imitari
947 4821 1080 4876 tales
1119 4835 1321 4892 pugnas
1349 4818 1514 4874 civica
1548 4818 1839 4888 trepidaret

219 4919 484 4980 aﬂ’ectio,
518 4915 618 4971 sed
649 4917 825 4986 potius
855 4913 1143 4969 humanum
1175 4913 1350 4968 scelus
1388 4911 1570 4966 divino
1611 4926 1838 4966 excusa-

219 5021 376 5066 retur
405 5008 692 5078 exemplo.
738 5007 845 5062 llac
873 5007 1066 5061 astutia
1096 5005 1310 5075 maligni
1336 5004 1554 5075 spiritus
1573 5005 1731 5059 etiam
1761 5003 1842 5058 lu-

216 5103 341 5170 dos,
379 5102 543 5157 unde
571 5102 735 5155 multa
757 5100 867 5171 jam
895 5099 1024 5164 dixi,
1047 5098 1291 5154 scenicos
1308 5097 1406 5152 sibi
1429 5095 1590 5150 dicari
1614 5096 1842 5149 sacrari-

215 5211 326 5267 que
370 5198 671 5267 jusserunt
701 5210 716 5248 :
744 5193 832 5245 ubi
881 5191 1102 5246 deorum
1142 5199 1286 5244 tanta
1325 5189 1522 5260 ﬂagitia
1572 5189 1844 5244 theatricis

215 5288 469 5343 canticis
521 5293 686 5355 atque
735 5283 1028 5339 fabularum
1085 5282 1382 5337 actionibus
1434 5281 1738 5347 celebrata,
1792 5291 1846 5337 et

215 5381 491 5453 quisquis
527 5391 627 5433 eos
667 5376 788 5432 talia
840 5377 1031 5431 iecisse
1073 5374 1334 5442 crederet,
1372 5383 1426 5430 et
1455 5373 1698 5446 quisquis
1739 5391 1843 5429 non

276 5562 300 5592 ι
345 5557 510 5609 “nd.
549 5566 648 5604 sm.
693 5559 766 5603 Er.
794 5560 847 5602 et
875 5552 986 5602 libri
1018 5560 1146 5611 Mss,
1181 5557 1474 5604 excusantur
1514 5551 1743 5602 humana.
1788 5579 1850 5591 -

211 5627 264 5671 In
289 5629 373 5681 3.,
399 5623 714 5682 excusatur
730 5616 960 5664 hrmana.
981 5616 1053 5682 sic
1077 5617 1220 5664 etiam
1249 5623 1324 5682 ais.
1345 5612 1482 5682 20.32.
1526 5622 1580 5682 M.

274 5685 300 5750 ξ
339 5675 515 5750 hijti,
537 5678 806 5750 aliquit...“
824 5685 950 5735 Mss,
976 5676 1170 5750 aliquot.
1187 5675 1337 5749 “Refer
1357 5677 1433 5750 ad,
1458 5675 1754 5750 prtel‘iortmt:

273 5748 300 5778 ³
340 5737 518 5802 miti,
541 5737 1030 5802 ntoicrbirdcemones.
1058 5737 1302 5802 Plerique
1336 5737 1500 5788 autem
1541 5747 1593 5788 et
1635 5738 1852 5802 melioris

205 5814 357 5857 noue
385 5798 544 5863 Issi,
566 5800 704 5852 noxii
723 5801 988 5864 άαῑηιοηιεεςἒ
1028 5803 1144 5849 Huic
1166 5798 1362 5864 lectioni
1399 5802 1622 5864 congruit
1648 5798 1767 5851 illud
1801 5804 1852 5852 in

200 5861 693 5934 nquenticipite,
719 5877 768 5912 ιι.
797 5863 842 5922 1,
868 5861 1123 5934 spirituum
1133 5862 1416 5934 uariorum.

269 5922 362 5988 ('a)
395 5922 1020 5988 Julius'obsequens'libr.
1045 5923 1110 5973 de
1132 5925 1378 5987 Prodigiis.

269 5935 334 5988 (α
395 5934 578 5978 Julius
593 5934 861 5988 Obsequen

267 5934 362 6059 {bi
385 5998 482 6042 Bx
507 5989 618 6040 Livii
639 5987 765 6037 libro
780 5987 861 6040 79.

585 6073 816 6142 Sacr.
845 6071 1128 6135 Ausus'r.
1162 6069 1301 6137 VII.

1891 591 2156 655 crederet,
2188 591 2282 647 sed
2306 598 2480 646 tamen
2509 589 2628 645 illos
2653 588 3004 646 libentissime
3032 590 3132 646 sibi
3159 590 3282 646 talia
3303 590 3478 648 velle'

1891 683 2131 738 exhiberi
2161 691 2424 747 cerneret,
2454 697 2672 738 securus
2695 681 3016 738 imitaretur.
3046 682 3121 738 Ne
3147 683 3272 754 quis
3299 683 3481 753 itaque

1891 776 2222 830 existimaret
2252 775 2303 828 in
2331 773 2462 830 deos
2482 774 2717 828 convicia
2746 773 2939 842 potius,
2963 789 3121 844 quam
3151 775 3231 829 eis
3256 773 3479 845 dignum

1891 866 2089 938 aliquid
2117 866 2465 937 scriptitasse,
2483 865 2803 934 ubicumque
2829 864 2948 919 illos
2969 865 3108 920 inter
3128 880 3188 922 se
3216 878 3482 936 pugnasse

1897 967 2069 1029 poetae
2089 965 2612 1023 commemorarunt;
2643 957 2745 1027 ipsi
2765 956 2831 1011 ad
2858 956 3203 1027 decipiendos
3233 956 3480 1014 homines

1895 1060 2173 1123 poetarum
2200 1050 2436 1106 carmina
2465 1049 2832 1116 ﬁrmaverunt,
2855 1063 3058 1120 pugnas
3077 1048 3330 1120 videlicet
3355 1063 3483 1106 suas

1896 1160 2003 1201 non
2040 1144 2211 1200 solum
2253 1158 2349 1214 per
2383 1143 2626 1199 scenicos
2655 1143 2708 1198 in
2737 1143 2965 1206 theatro,
2994 1159 3175 1198 verum
3201 1144 3361 1200 etiam
3387 1159 3485 1216 per

1898 1251 1958 1294 se
1991 1239 2135 1308 ipsos
2165 1238 2217 1293 in
2251 1251 2442 1308 campo
2469 1236 2715 1291 humanis
2741 1236 2908 1291 oculis
2934 1235 3266 1291 exhibentes.

1968 1333 2024 1387 2.
2070 1332 2197 1387 Haec
2222 1331 2401 1386 dicere
2425 1329 2682 1400 compulsi
2713 1343 2918 1394 sumus,
2949 1329 3197 1396 quoniam
3239 1327 3486 1398 pessimis

1899 1426 2140 1481 moribus
2179 1424 2373 1480 civium
2415 1423 2708 1478 Romanam
2756 1421 3136 1492 rempublicam
3174 1421 3285 1490 jam
3330 1431 3485 1476 antea

1901 1518 2159 1589 perditam
2200 1515 2384 1580 fuisse,
2415 1514 2721 1584 nullamque
2763 1513 3086 1569 remansisse
3124 1521 3249 1568 ante
3291 1512 3490 1570 adven-

1903 1620 2014 1666 tum
2051 1609 2260 1665 Domini
2290 1607 2458 1663 nostri
2497 1607 2622 1663 Jesu
2675 1606 2895 1673 ChriSti,
2919 1616 3165 1662 auctores
3191 1621 3375 1663 eorum
3403 1608 3488 1662 di-

1902 1716 2028 1758 cere
2052 1709 2105 1756 et
2129 1699 2365 1755 scribere
2400 1698 2621 1753 minime
2661 1697 2989 1753 dubitarunt.
3031 1698 3200 1765 Quam
3235 1698 3490 1768 perditio-

1904 1810 2026 1850 nem
2065 1793 2168 1849 diis
2211 1793 2321 1848 suis
2365 1806 2471 1847 non
2517 1791 2797 1861 imputant,
2838 1791 2927 1861 qui
2981 1791 3116 1846 mala
3161 1793 3490 1859 transitoria,

1903 1885 2096 1957 quibus
2135 1885 2284 1950 boni,
2314 1900 2410 1940 seu
2439 1884 2640 1949 vivant,
2673 1898 2767 1938 seu
2812 1883 3132 1948 moriantur,
3167 1885 3341 1953 perire
3385 1900 3491 1940 non

1906 1985 2149 2048 possunt,
2181 1975 2396 2033 Christo
2423 1985 2608 2032 nostro
2634 1977 2900 2046 imputant
2927 1994 2939 2030 :
2967 1992 3090 2032 cum
3121 1975 3365 2034 Christus
3398 1994 3496 2032 no-

1905 2080 2017 2126 ster
2045 2077 2186 2124 tanta
2216 2070 2517 2139 frequentet
2539 2070 2560 2101 ’
2587 2083 2685 2139 pro
2719 2068 2955 2123 moribus
2982 2068 3197 2138 optimis
3225 2077 3494 2138 prurcepta

1905 2169 2088 2216 contra
2119 2160 2354 2231 perditos
2375 2175 2586 2224 mores;
2615 2159 2686 2214 dii
2708 2174 2836 2216 vero
2857 2159 3092 2230 ipsorum
3119 2161 3280 2215 nullis
3301 2160 3496 2215 talibus

1907 2253 2190 2322 przeceptis
2219 2253 2423 2323 egerint
2441 2251 2638 2322 aliquid
2659 2267 2779 2307 cum
2809 2267 2906 2306 suo
2930 2253 3133 2307 cultore
3154 2252 3371 2322 p0pulo,
3396 2268 3496 2323 pro

1908 2343 1995 2400 illa
2023 2343 2316 2414 republica,
2348 2358 2417 2398 ne
2451 2344 2688 2414 periret;
2740 2343 2848 2398 imo
2889 2342 3106 2399 eosdem
3146 2358 3323 2398 mores
3349 2343 3499 2399 velut

1909 2435 2020 2490 suis
2059 2434 2320 2504 exemplis
2365 2435 2681 2489 auctoritate
2722 2434 2880 2488 noxia
2923 2433 3338 2505 corrumpendo,
3369 2449 3495 2505 ege-

1910 2535 2036 2580 rttnt
2065 2525 2241 2596 potius
2270 2534 2330 2580 ut
2353 2525 2571 2596 periret.
2613 2526 2780 2592 Quam
2825 2541 2930 2580 non
2964 2525 3084 2581 ideo
3109 2535 3237 2582 tunc
3271 2526 3494 2596 periisse

1911 2618 2212 2688 quisquam,
2243 2625 2301 2672 ttt
2329 2617 2581 2683 arbitror,
2606 2617 2718 2688 jam
2739 2616 2919 2672 dicere
2941 2615 3178 2684 audebit,
3205 2616 3333 2687 quia

1972 2734 2254 2855 gliscessere
2285 2745 2458 2784 omnes
2478 2733 2633 2797 adytis
2653 2734 2849 2798 arisque
2869 2733 3058 2784 relictis

1915 2899 2063 2956 velut
2112 2900 2270 2956 amici
2314 2901 2620 2966 virtutibus,
2649 2916 2771 2956 cum
2796 2902 2940 2956 vitiis
2967 2902 3238 2958 hominum
3269 2902 3508 2961 offende-

1918 3001 2136 3051 rentur;
2178 2993 2300 3063 quia
2331 3000 2409 3046 tot
2435 2992 2602 3062 signis
2629 3005 2896 3060 extorum,
2924 2995 3286 3064 auguriorum,
3313 2997 3508 3053 vatici-

1917 3085 2126 3140 niorum
2157 3085 2348 3155 quibus
2379 3100 2437 3140 se
2470 3096 2719 3156 tanquam
2750 3088 3003 3156 praescios
3032 3089 3324 3144 futurorum
3352 3089 3508 3159 adju-

1920 3185 2168 3246 toresque
2193 3177 2493 3246 praeliorum
2505 3178 2708 3247 jactare
2723 3186 2776 3232 et
2791 3179 3170 3235 commendare
3191 3181 3508 3250 gestiebant,

1871 3317 1882 3326 .
1919 3268 2308 3322 convincuntur
2329 3268 2490 3322 fuisse
2514 3277 2805 3339 praesentes
2837 3288 2850 3322 :
2883 3269 2970 3338 qui
3001 3270 3046 3322 si
3070 3284 3196 3324 vere
3215 3271 3512 3326 abscessis-

1921 3367 2058 3423 sent,
2083 3359 2263 3413 mitius
2288 3359 2512 3413 Romani
2539 3359 2592 3414 in
2625 3359 2760 3414 bella
2787 3359 2963 3413 civilia
2995 3360 3106 3414 suis
3135 3360 3512 3430 cupiditatibus

1922 3467 2079 3521 quam
2110 3452 2318 3507 illorum
2347 3451 2776 3524 instigationibus
2803 3453 3151 3508 exarsissent.

1922 3545 2150 3601 CAPUT
2191 3544 2380 3600 XXVI.
2398 3576 2469 3586 —
2494 3545 2572 3602 De
2589 3547 2792 3602 secretis
2817 3546 3105 3602 damonum
3135 3547 3337 3602 monitis
3355 3589 3371 3614 ,
3399 3563 3516 3618 qua

1998 3637 2310 3707 pertinebant
2347 3638 2416 3691 ad
2455 3637 2612 3694 bonos
2651 3655 2845 3706 mores,
2889 3656 3005 3692 cum
3047 3640 3218 3710 palam
3259 3640 3314 3694 in
3354 3641 3516 3695 sacris

1997 3745 2168 3785 eorum
2197 3731 2360 3784 omnis
2386 3731 2609 3799 nequitia
2635 3730 2932 3784 disceretur.

1997 3825 2052 3882 1.
2093 3824 2221 3892 Quae
2252 3837 2372 3877 cum
2413 3822 2483 3876 ita
2513 3822 2653 3891 sint,
2684 3837 2806 3877 cum
2835 3823 3007 3893 palam
3033 3831 3325 3894 aperteque
3349 3825 3520 3896 turpi-

1932 3913 2145 3970 tudines
2170 3912 2571 3969 crudelitatibus
2597 3913 2779 3968 mixta:
2804 3954 2820 3979 ,
2850 3912 3137 3984 opprobria
3160 3915 3438 3970 numinum
3463 3925 3520 3972 et

1929 4009 2182 4076 crimina,
2212 4008 2324 4064 sive
2351 4007 2560 4078 prodita
2580 4049 2596 4074 ,
2636 4006 2750 4062 sive
2773 4008 3002 4062 contlcta
3024 4048 3039 4072 ,
3068 4007 3199 4078 ipsis
3223 4021 3522 4078 exposcen-

1931 4100 2096 4164 tibus,
2129 4108 2183 4154 et
2213 4098 2313 4153 nisi
2344 4097 2499 4153 ﬁeret
2524 4097 2899 4164 irascentibus,
2922 4098 3084 4151 etiam
3112 4097 3273 4152 certis
3298 4109 3352 4153 et
3371 4099 3522 4154 statis

1933 4192 2357 4248 solemnitatibus
2380 4200 2693 4246 consecrata
2721 4189 2828 4245 illis
2847 4199 2900 4246 et
2923 4190 3164 4246 dedicata
3194 4192 3488 4247 claruerint
3505 4236 3521 4261 ,

1935 4298 2095 4359 atque
2125 4287 2191 4341 ad
2235 4286 2473 4341 omnium
2513 4285 2728 4351 oculos,
2775 4292 2835 4339 ut
2860 4283 3117 4339 imitanda
3158 4299 3525 4355 proponeren-

1936 4389 2042 4445 tur,
2084 4376 2370 4450 spectanda
2417 4377 2782 4448 processerint
2817 4393 2831 4430 :
2863 4374 2990 4446 quid
3022 4383 3142 4442 est,
3183 4376 3324 4445 quod
3364 4377 3524 4431 iidem

1937 4471 2036 4542 ipsi
2064 4473 2372 4535 daamones,
2417 4469 2506 4539 qui
2536 4483 2594 4523 se
2631 4466 3000 4537 hujuscemodi
3037 4467 3399 4537 voluptatibus
3427 4470 3530 4522 im-

1939 4565 2166 4620 mundos
2196 4563 2413 4632 spiritus
2437 4576 2558 4617 esse
2593 4560 2938 4624 confitentur,
2970 4561 3060 4630 qui
3091 4561 3203 4615 suis
3243 4560 3455 4630 ﬂagitiis
3475 4569 3530 4616 et

1941 4657 2265 4713 facinoribus
2289 4697 2303 4719 ,
2335 4655 2448 4709 sive
2473 4653 2718 4708 indicatis
2739 4695 2754 4719 ,
2785 4654 2898 4706 sive
2924 4653 3207 4720 simulatis,
3234 4667 3529 4724 eorumque

1941 4749 2041 4804 sibi
2072 4747 2427 4802 celebratione
2454 4745 2617 4815 petita
2641 4743 2663 4774 ³
2694 4745 2762 4799 ab
2802 4743 3198 4814 impudentibus
3218 4786 3232 4808 ,
3265 4754 3468 4800 extorta
3496 4761 3524 4799 a

1943 4839 2264 4912 pudentibus
2287 4879 2300 4903 ,
2349 4845 2596 4890 auctores
2621 4850 2680 4889 se
2717 4835 2838 4889 vita:
2867 4834 3109 4889 scelesta:
3140 4835 3531 4904 immumhrque

1946 4939 2244 4995 testantur;
2277 4927 2626 4998 perhibentur
2655 4935 2832 4981 tamen
2863 4926 2916 4980 in
2946 4926 3121 4998 adytis
3147 4927 3256 4980 suis
3285 4926 3532 4980 secretis-

1945 5041 2048 5095 que
2095 5022 2456 5094 penetralibus
2498 5020 2625 5074 dare
2667 5019 2910 5090 quaedam
2965 5019 3102 5073 bona
3149 5029 3412 5088 praecepta
3461 5019 3530 5073 de

1948 5117 2187 5174 moribus
2209 5159 2224 5184 ,
2268 5114 2583 5185 quihusdam
2615 5115 2760 5168 velut
2804 5113 2991 5168 electis
3017 5112 3239 5168 sacratis
3278 5113 3390 5167 suis
3420 5112 3535 5185 (rt)?

2014 5234 2028 5264 ²
2066 5233 2229 5291 Abest,
2253 5228 2390 5290 velle,
2422 5239 2449 5276 a
2481 5233 2589 5276 Mss.
2609 5228 2756 5277 —sic
2780 5227 2925 5276 etiam
2961 5225 3011 5272 in
3043 5229 3124 5271 Ms.
3163 5222 3272 5282 766,
3308 5224 3396 5273 sed
3434 5238 3516 5275 cor

1947 5302 2140 5408 mytgic
2163 5300 2264 5404 δ’δὲ.
2291 5354 2442 5404 nostri
2465 5359 2677 5415 excepto
2705 5349 2814 5400 766.
2843 5355 2892 5396 tu
2916 5354 2985 5407 8.,
3009 5346 3301 5410 frequenter,
3339 5349 3523 5398 mendo

2017 5484 2037 5515 ³
2069 5481 2172 5532 Sola
2194 5480 2343 5528 editio
2363 5484 2495 5536 l.ov.,
2519 5473 2744 5539 expetita.

2018 5545 2089 5607 (a)
2115 5542 2437 5607 Heraldus__ad
2466 5533 2658 5607 ftrudbii
2686 5536 2856 5607 librum
2888 5534 3040 5607 5Apro
3062 5533 3357 5607 glossemate
3395 5533 3543 5607 habet

1953 5595 2060 5658 huic
2074 5595 2248 5663 verba,
2270 5602 2556 5666 quibusdam
2574 5597 2696 5666 velut
2718 5595 2889 5666 electis.
2916 5595 3008 5646 Sed
3026 5595 3190 5666 iri—sunt
3208 5597 3544 5666 manuscriptis

1955 5657 2197 5724 omnibus,
2224 5657 2495 5726 iaciuntque
2520 5661 2743 5726 apprime
2783 5659 2842 5706 ad
2869 5658 3472 5726 propositumAugustini,
3495 5657 3542 5704 in

1955 5734 2073 5782 insis
2094 5721 2220 5779 forte
2245 5730 2389 5778 etiam
2412 5721 2673 5774 alludentis
2686 5722 2744 5770 ad
2762 5722 3126 5771 Manichaeorum
3147 5721 3350 5777 Eiectos,
3369 5721 3549 5782 quibus

1957 5781 2088 5844 illius
2108 5799 2257 5842 sectae
2270 5789 2484 5838 doctrina
2505 5784 2741 5834 secretior
2765 5786 3067 5834 servabatur.
3095 5791 3204 5831 satu
3225 5783 3351 5844 quod
3370 5781 3546 5844 subse-

1958 5843 2141 5920 quitur,
2159 5852 2363 5920 sacratis
2386 5848 2617 5920 {iamnon
2641 5847 2774 5920 ipsos
2798 5859 2980 5920 plores,
3007 5854 3061 5895 ut
3082 5843 3318 5920 heraldus
3332 5843 3544 5920 putavit,

1959 5902 2174 5981 Egebat
2180 5916 2321 5981 quasi
2345 5902 2632 5981 adjectivum
2647 5902 3024 5981 sedhomines
3053 5906 3289 5970 signiﬁcat
3313 5902 3406 5955 diis
3426 5902 3547 5951 rell-

1961 5972 2112 6050 g'ione
2133 5972 2364 6038 addictos,
2386 5972 2442 6026 tit
2462 5974 2638 6039 passim
2661 5972 2753 6024 hoc
2773 5972 2825 6022 tu
2847 5982 3020 6034 Opere.

2927 6043 3181 6135 tuba.)
