4038 6500
198 379 262 443 ἠ

217 506 276 566 ad
325 502 599 562 ecclesias
655 513 815 562 casta
869 502 1176 562 celebritate
1203 541 1217 566 ,
1268 498 1489 554 honesta
1544 493 1817 561 utriusque

227 615 379 662 sexus
426 598 778 654 discretione
808 617 822 652 :
857 598 944 652 ubi
990 593 1207 650 audiant
1244 602 1402 661 quam
1452 587 1590 642 bene
1628 581 1718 638 hic
1752 583 1820 638 ad

243 877 557 950 iustitiaeque
597 872 853 928 doctrina
895 868 961 925 de
1000 863 1276 938 superiore
1299 863 1418 918 loco
1455 861 1504 915 in
1533 865 1824 929 conspectu

245 971 474 1028 omnium
499 975 832 1040 personante
852 1005 867 1030 ,
911 971 964 1019 et
988 961 1074 1033 qui
1095 959 1325 1024 faciunt,
1353 955 1568 1011 audiant
1591 953 1656 1007 ad
1684 966 1823 1022 prae-

247 1064 438 1128 mium;
465 1067 521 1116 et
547 1058 640 1129 qui
670 1072 780 1112 non
813 1054 1044 1120 faciunt,
1073 1050 1288 1106 audiant
1317 1047 1383 1103 ad
1405 1045 1679 1116 judicium.
1707 1042 1824 1110 Quo

248 1155 341 1212 esi
367 1153 595 1210 veniunt
636 1147 856 1222 quidam
898 1143 1076 1202 talium
1115 1147 1501 1214 praeceptorum
1546 1137 1789 1194 lrrisores
1807 1175 1823 1202 ,
1855 1171 1863 1176 -

209 1241 213 1243 ’
248 1246 416 1304 omnis
460 1256 652 1302 eorum
696 1239 988 1313 petulantia
1011 1244 1103 1292 aut
1137 1232 1417 1306 repentina
1461 1227 1826 1285 immutatione

249 1339 554 1410 deponitur,
598 1343 688 1391 aut
710 1335 904 1390 timore
927 1330 1008 1386 vel
1038 1328 1240 1400 pudore
1275 1324 1660 1395 comprimitur.
1686 1319 1828 1377 Nihil

250 1433 387 1488 enim
411 1431 494 1486 eis
526 1437 682 1498 turpe
702 1440 767 1481 ac
787 1423 1103 1495 ﬂagitiosum
1124 1417 1468 1492 spectandum
1489 1413 1828 1471 imitandum-

250 1539 348 1594 que
381 1519 729 1593 proponitur,
772 1517 863 1574 ubi
889 1515 1000 1572 veri
1030 1513 1122 1569 Del
1151 1521 1241 1567 aut
1267 1517 1528 1582 prarcepta
1554 1509 1829 1564 insinuan-

254 1626 354 1681 tur,
379 1621 477 1667 aut
503 1608 766 1666 miracula
795 1613 1102 1673 narrantur,
1127 1610 1219 1660 aut
1245 1600 1383 1660 dona
1413 1600 1710 1664 laudantur,
1743 1611 1832 1657 aut

255 1707 512 1762 beneﬁcia
537 1704 891 1775 postulantur.

254 1795 481 1854 CAPUT
519 1794 716 1852 XXIX.
739 1824 811 1836 —
835 1789 912 1849 De
936 1791 1215 1864 abjiciendo
1245 1789 1618 1846 cultu'deorum
1653 1787 1833 1843 cohon-

789 1887 912 1941 tatio
934 1885 1002 1939 ad
1033 1884 1309 1941 Romanos.

332 1987 387 2040 t.
429 1984 558 2038 llaec
575 1981 755 2053 potius
781 1979 1098 2050 concupisce
1121 2019 1136 2045 ,
1166 1991 1202 2033 ο
1231 1975 1434 2032 indoles
1461 1971 1697 2029 Romana
1726 1973 1836 2026 lau-

257 2077 451 2133 dabilis
470 2119 488 2144 ,
516 2090 551 2129 o
576 2074 861 2146 progenies
907 2071 1230 2144 Regulorum
1250 2113 1265 2138 ,
1297 2067 1653 2125 Sczevolarum
1675 2109 1690 2134 ,
1722 2065 1836 2122 Sci-

256 2171 473 2238 pionum
495 2206 512 2231 ,
557 2163 958 2220 Fabriciorum:
990 2161 1106 2218 haec
1145 2161 1317 2232 potius
1339 2159 1656 2230 concupisce
1675 2199 1692 2225 ,
1724 2157 1838 2212 haec

258 2261 321 2315 ab
345 2259 438 2313 illa
485 2257 795 2327 turpissima
828 2255 1058 2310 vanitate
1088 2262 1141 2310 et
1172 2253 1509 2309 fallacissima
1536 2249 1838 2306 dmmonum

259 2349 593 2420 malignitate
615 2347 886 2404 discerne.
928 2345 984 2402 Si
1021 2345 1146 2416 quid
1173 2346 1226 2401 in
1258 2353 1308 2401 te
1335 2342 1600 2401 laudabile
1628 2355 1842 2398 natura-

261 2443 378 2496 liter
419 2441 658 2507 eminet,
713 2437 926 2494 nonnisi
970 2452 1096 2494 vera
1142 2437 1335 2506 pietate
1382 2445 1635 2508 purgatur
1684 2442 1848 2504 atque

262 2529 567 2601 perﬁcitur;
609 2529 882 2600 impietate
919 2535 1098 2584 autem
1125 2525 1447 2598 disperditur
1469 2527 1486 2559 ⁸
1517 2534 1574 2584 et
1605 2526 1842 2597 punitur.

264 2624 412 2681 Nunc
434 2622 556 2695 jam
581 2623 720 2694 elige
761 2621 884 2692 quid
913 2620 1156 2691 sequaris
1175 2659 1192 2684 ,
1224 2627 1283 2674 ut
1309 2633 1415 2674 non
1458 2618 1512 2674 in
1541 2625 1593 2675 te
1613 2659 1629 2685 ,
1667 2616 1761 2672 sed
1790 2617 1849 2672 in

270 2715 376 2770 beo
399 2728 531 2770 vero
568 2713 688 2770 sine
724 2712 832 2767 Illo
873 2726 1058 2767 errore
1092 2709 1346 2766 lauderis.
1371 2709 1520 2764 Tunc
1566 2709 1707 2764 enim
1749 2706 1847 2762 tibi

268 2804 429 2876 gloria
466 2803 742 2874 popularis
783 2801 978 2869 adfuit,
1019 2801 1113 2857 sed
1160 2799 1370 2856 occulto
1415 2799 1616 2869 judicio
1655 2797 1850 2854 divinae

272 2894 618 2968 providentiae
647 2907 774 2950 vera
813 2891 996 2963 religio
1015 2931 1029 2958 ,
1057 2906 1216 2961 quam
1243 2891 1466 2961 eligeres
1486 2932 1502 2958 ,
1533 2889 1722 2944 defuit.
1751 2889 1846 2944 Ex-

273 2989 604 3059 pergiscere,
655 2985 770 3041 dies
811 2993 922 3050 est;
954 2985 1092 3040 sicut
1115 2992 1422 3052 experrecta
1457 2997 1515 3038 es
1558 2982 1609 3038 in
1634 2981 1848 3052 quibus-

273 3081 424 3147 dam,
465 3079 540 3134 de
580 3093 805 3149 quorum
851 3077 1047 3132 virtute
1074 3075 1342 3146 perfecta,
1371 3085 1424 3129 et
1462 3088 1557 3144 pro
1594 3073 1700 3129 title
1724 3085 1850 3128 vera

274 3174 426 3228 etiam
471 3169 815 3242 passionibus
852 3169 1162 3240 gloriamur,
1207 3165 1298 3237 qui
1339 3178 1716 3236 usquequaque
1756 3162 1852 3217 ad-

279 3278 462 3322 versus
501 3270 795 3334 potestates
831 3260 1223 3316 inimicissimas
1251 3257 1623 3329 conﬂigentes,
1653 3270 1852 3326 easque

279 3356 486 3414 fortiter
535 3353 814 3410 moriendo
859 3353 1161 3420 vincentes,
1219 3351 1472 3422 sanguine
1515 3350 1668 3405 nobis
1714 3349 1852 3404 hanc

277 3449 504 3520 patriam
545 3461 802 3518 peperere
829 3460 948 3502 suo.
992 3445 1072 3500 Ad
1108 3460 1266 3514 quam
1304 3445 1526 3514 patriam
1568 3451 1620 3498 te
1659 3443 1850 3497 invita-

277 3555 430 3605 mus,
455 3549 512 3594 et
530 3540 868 3594 exhortamur
888 3546 948 3593 ut
970 3537 1085 3607 ejus
1106 3536 1374 3608 adjiciaris
1388 3549 1609 3590 numero
1635 3535 1850 3599 civium,

282 3631 440 3703 cujus
480 3629 866 3702 quodammodo
913 3631 1116 3702 asylum
1165 3638 1249 3685 est
1304 3629 1378 3700 (ιι)
1433 3642 1554 3682 vera
1607 3626 1853 3683 remissio

280 3734 640 3795 peccatorum.
663 3722 779 3779 Non
800 3723 985 3779 audias
1008 3722 1298 3792 degeneres
1325 3729 1442 3776 tuos
1467 3718 1680 3774 Christo
1700 3717 1852 3774 Chri-

281 3817 537 3874 stianisve
560 3816 910 3874 detrahentes
932 3856 948 3881 ,
995 3823 1050 3869 et
1087 3822 1396 3869 accusantes
1421 3812 1566 3866 velut
1616 3819 1853 3879 tempora

282 3909 448 3975 mala,
477 3924 603 3965 cum
631 3917 875 3979 quaerant
915 3914 1154 3977 tempora
1182 3905 1373 3976 quibus
1415 3920 1520 3958 non
1562 3902 1633 3958 sit
1677 3900 1854 3970 quieta

283 4001 424 4069 vita,
455 3999 554 4057 sed
592 4000 774 4072 potius
811 4012 995 4055 secura
1023 3997 1275 4068 nequitia.
1316 3996 1441 4052 llrec
1471 3995 1563 4050 tibi
1587 4005 1857 4063 nunquam

281 4107 380 4149 nec
405 4107 506 4163 pro
550 4100 762 4148 terrena
789 4090 956 4162 patria
997 4089 1330 4160 placuerunt.
1373 4088 1524 4145 Nunc
1554 4089 1665 4158 jam
1692 4089 1857 4146 etule-

283 4195 417 4242 stem
454 4184 672 4256 arripe,
715 4198 811 4254 pro
836 4197 941 4254 qua
979 4182 1253 4237 minimum
1292 4180 1589 4248 laborabis,
1631 4189 1684 4237 et
1714 4181 1766 4236 in
1794 4194 1858 4238 ea

284 4277 548 4334 veraciter
596 4288 913 4346 semperque
949 4274 1213 4345 regnabis.
1257 4273 1368 4328 Illic
1417 4272 1564 4329 enim
1617 4273 1707 4328 tibi
1749 4288 1858 4330 non

287 4368 516 4423 Vestalis
568 4367 720 4422 focus
748 4365 864 4438 (ὁ),
916 4379 1022 4421 non
1069 4365 1203 4435 lapis
1245 4363 1572 4435 Capitolinus
1615 4364 1719 4436 (c),
1763 4364 1859 4423 sed

344 4545 360 4574 ι
396 4545 472 4593 sic
491 4548 568 4592 Er.
598 4551 651 4594 et
667 4549 774 4592 Mss.
814 4547 871 4590 Αι
893 4539 1026 4590 vind.
1063 4547 1164 4590 Am.
1190 4546 1242 4592 et
1278 4547 1408 4603 Lov.,
1433 4538 1744 4606 dispergitur.

343 4624 827 4738 Ekaauﬁczneuleum
850 4624 1031 4689 asylum
1065 4623 1250 4684 alludit,
1290 4623 1352 4672 de
1392 4637 1489 4686 quo
1523 4624 1659 4684 infra,
1687 4621 1774 4673 lib.
1811 4623 1862 4687 5,

284 4699 857 4822 cafi)!igiiisu‘jizfrpetuus
876 4755 1029 4822 Yestte
1045 4743 1246 4822 dicatus,
1271 4748 1353 4822 qui
1375 4749 1414 4795 si
1438 4760 1563 4822 casu
1577 4748 1862 4821 crstingue-

285 4807 437 4869 retur,
455 4807 778 4860 inarmati-nm
803 4808 1036 4859 malorum
1052 4807 1400 4871 imminentium
1425 4811 1710 4871 praesagium
1729 4807 1860 4871 esse,

286 4873 449 4934 scibit
466 4874 564 4924 liv.
587 4872 658 4923 lib
677 4875 744 4932 εὔ,
772 4884 881 4934 cap.
907 4871 986 4931 58,
1003 4878 1056 4922 et
1077 4870 1168 4934 lib,
1190 4870 1267 4934 28,
1291 4883 1396 4934 cap.
1420 4871 1495 4920 ll.

346 4933 416 4996 (ε)
440 4936 566 4987 Jovis
581 4931 899 4985 simulacrum
922 4934 981 4996 in
994 4931 1219 4996 Capitolio
1237 4931 1494 4996 lapideum,
1513 4932 1640 4996 _Hinc_
1657 4938 1767 4982 nata
1785 4931 1866 4983 illa

286 4994 502 5048 ιιαιιῠιίι
517 4999 826 5049 nuetisima
841 4995 1034 5058 juratio,
1057 4994 1091 5044 ἰ
1107 5002 1197 5046 Per
1209 5001 1377 5046 Jovem
1401 4994 1608 5057 lapidem
1631 4994 1644 5044 ε
1667 5007 1690 5039 ι

1543 371 1743 432 LIBER
1783 365 2156 427 SECUNDUS.
3428 382 3498 442 7³

1927 485 2068 541 Deus
2092 497 2230 542 unus
2257 493 2310 542 et
2335 500 2490 542 verus

2077 585 2190 655 Nec.
2201 585 2356 655 mag
2375 589 2557 655 rerum,
2575 594 2682 655 nec
2691 590 2907 648 tempora
2929 594 3095 649 ponet,

2020 641 2787 768 ’Ἢδῗῗῶῗθυξῗέῖηὲγα
2822 706 2954 771 279.)

1998 827 2525 886 2.1’iolldeosialsos
2542 830 2859 905 lallacesquc
2877 837 3174 906 requirere;
3205 839 3376 910 abjice
3405 854 3500 912 po-

1930 921 2038 976 tius
2061 929 2219 991 atque
2243 932 2523 978 contemne
2545 967 2558 992 ,
2592 923 2643 979 in
2672 940 2850 981 veram
2901 930 3134 985 emicans
3178 931 3498 992 libertatem.

1930 1009 2046 1066 Non
2079 1020 2202 1068 sunt
2230 1013 2336 1082 dii,
2365 1015 2580 1087 maligni
2625 1026 2750 1072 sunt
2792 1019 3043 1089 spiritus,
3075 1023 3264 1092 quibus
3303 1035 3500 1081 :cterna

1931 1113 2023 1161 tua
2048 1106 2274 1164 felicitas
2299 1121 2457 1178 pretia
2479 1119 2580 1165 est.
2610 1110 2726 1166 Non
2757 1121 2863 1166 tam
2883 1112 3024 1169 Juno
3042 1115 3306 1185 Trojanis,
3329 1131 3358 1172 a
3382 1120 3502 1188 qui-

1933 1201 2033 1258 bus
2059 1202 2327 1259 carnalem
2357 1204 2615 1274 originem
2643 1205 2994 1269 dticis,.arces
3023 1208 3232 1264 videtur
3253 1210 3504 1266 invidisse

1935 1291 2201 1347 Romanas
2221 1335 2236 1360 ,
2265 1308 2424 1363 quam
2457 1294 2542 1348 isti
2573 1294 2843 1351 daemones
2863 1339 2877 1363 ,
2902 1312 3033 1367 quos
3059 1297 3229 1356 adhuc
3248 1300 3376 1355 deos
3404 1315 3504 1370 pu-

1936 1393 2047 1450 tas,
2080 1383 2222 1438 omni
2251 1384 2434 1454 generi
2465 1384 2742 1441 hominum
2771 1387 2928 1442 sedes
2958 1388 3194 1443 invident
3223 1391 3505 1462 sempiter-

1937 1489 2053 1530 nas.
2103 1475 2167 1528 Et
2195 1483 2250 1529 tu
2282 1475 2393 1546 ipsa
2421 1489 2529 1530 non
2563 1492 2722 1546 parva
2757 1492 2819 1532 ex
2865 1488 3013 1549 parte
3043 1480 3111 1535 de
3141 1481 3330 1536 talibus
3365 1481 3507 1552 judi-

1937 1568 2090 1634 casti,
2114 1568 2324 1639 quando
2352 1568 2490 1625 ludis
2521 1584 2614 1626 eos
2643 1571 2887 1640 placasti,
2923 1580 2976 1626 et
2999 1588 3092 1642 per
3112 1587 3245 1641 quos
3265 1573 3509 1630 homines

1939 1658 2155 1714 eosdem
2188 1659 2338 1715 ludos
2365 1659 2573 1726 fecisti,
2619 1660 2842 1716 infames
2884 1677 3002 1718 essc
3045 1663 3272 1717 voluisti.
3322 1663 3511 1720 Patere

1940 1753 2106 1809 asseri
2137 1751 2433 1808 libertatem
2465 1761 2606 1809 tuam
2637 1753 2892 1810 adversus
2923 1755 3222 1811 immundos
3259 1757 3506 1827 spiritus,

1940 1846 2032 1917 qni
2070 1847 2174 1902 tuis
2216 1848 2509 1903 cervicibus
2556 1850 2920 1918 imposuerant
2963 1849 3274 1905 sacrandam
3318 1852 3419 1907 sibi
3458 1863 3512 1906 et

1942 1938 2312 1995 celebrandam
2334 1939 2675 2010 ignominiam
2701 1955 2868 1995 suam.
2893 1943 3112 1996 Actorcs
3131 1943 3410 1996 criminum
3435 1944 3514 1997 di-

1943 2030 2187 2086 vinorum
2215 2032 2486 2086 removisti
2527 2032 2594 2086 ab
2637 2031 2931 2088 honoribus
2959 2033 3100 2087 tuis:
3126 2036 3360 2105 supplica
3405 2033 3512 2089 Deo

1942 2135 2092 2189 vero,
2126 2131 2182 2175 ut
2210 2136 2237 2175 a
2267 2130 2318 2177 te
2346 2131 2616 2178 removeat
2643 2123 2758 2177 illos
2780 2123 2930 2190 deos,
2955 2124 3044 2194 qui
3070 2123 3397 2178 delectantur
3420 2125 3513 2178 cri-

1945 2211 2178 2268 minibus
2196 2211 2328 2280 suis,
2351 2226 2448 2269 seu
2466 2212 2626 2278 veris,
2651 2211 2792 2281 quod
2819 2211 3376 2282 ignominiosissimum
3400 2221 3512 2280 est;

1947 2318 2044 2360 seu
2069 2302 2238 2368 falsis,
2268 2304 2408 2373 quod
2436 2303 2913 2358 malitiosissimum
2944 2314 3046 2358 est.
3078 2302 3241 2369 Bene,
3265 2305 3403 2373 quod
3431 2314 3514 2357 tua

1949 2407 2139 2466 sponte
2175 2397 2520 2452 histrionibus
2568 2405 2620 2452 et
2666 2396 2894 2452 scenicis
2937 2397 3242 2452 societatem
3289 2395 3517 2452 civitatis

1949 2499 2131 2560 patere
2162 2489 2405 2553 noluisti;
2436 2488 2622 2559 evigila
2653 2487 2854 2558 plenius
2880 2505 2891 2539 :
2917 2488 3064 2542 nullo
3091 2486 3249 2545 modo
3279 2487 3362 2542 bis
3385 2489 3514 2542 arti-

1949 2583 2048 2639 bus
2092 2581 2326 2652 placatur
2350 2581 2525 2636 divina
2556 2580 2828 2649 majestas,
2857 2580 3049 2650 quibus
3089 2579 3312 2635 humana
3344 2579 3517 2650 (ligni-

1951 2682 2032 2729 tas
2058 2674 2379 2743 inquinatur.
2409 2673 2525 2739 Quo
2549 2671 2705 2741 igitur
2733 2681 2888 2741 pacto
2913 2671 3065 2738 deos,
3095 2671 3182 2741 qui
3209 2669 3399 2725 talibus
3427 2669 3519 2724 dc-

1952 2767 2212 2823 leclantur
2241 2766 2530 2836 obsequiis,
2557 2765 2740 2820 haberi
2769 2773 2921 2832 putas
2949 2764 2997 2818 in
3027 2778 3246 2817 numero
3270 2765 3284 2794 ί
3307 2771 3520 2818 salicta-

1952 2877 2072 2916 rum
2108 2859 2404 2916 ccclestium
2439 2867 2796 2927 potestatum;
2825 2869 2944 2910 cum
2989 2855 3228 2909 homines
3270 2871 3360 2923 per
3390 2870 3522 2923 quos

1954 2953 2138 3008 eadem
2189 2961 2414 3022 aguntur
2461 2949 2711 3020 obsequia
2737 2992 2749 3014 ,
2795 2964 2896 3001 non
2937 2949 3129 3019 putasti
3172 2947 3440 3002 habendos
3470 2948 3523 3001 in

1954 3058 2177 3100 numero
2197 3043 2658 3114 qualiumcumque
2683 3040 2872 3094 civium
2905 3039 3295 3094 Romanorum?
3314 3037 3522 3092 incom-

1955 3134 2257 3204 parabiliter
2290 3149 2517 3202 superna
2562 3141 2643 3186 est
2683 3131 2867 3185 civitas
2906 3129 3116 3192 clarior,
3153 3131 3237 3182 ubi
3268 3129 3522 3195 victoria,

1956 3228 2179 3287 veritas;
2209 3226 2296 3280 ubi
2341 3224 2567 3294 dignitas
2590 3265 2602 3289 ,
2635 3223 2914 3285 sanctitas;
2948 3222 3033 3274 ubi
3091 3237 3224 3291 pax,
3265 3220 3522 3286 felicitas;
3593 3203 3599 3205 ’

1954 3318 2040 3372 ubi
2070 3318 2209 3384 vita,
2239 3316 2525 3370 :rtemitas.
2565 3314 2723 3368 Multo
2753 3314 2928 3366 minus
2961 3313 3117 3366 habet
3146 3314 3196 3365 in
3226 3328 3319 3366 sua
3351 3314 3522 3366 socie-

1957 3418 2062 3465 tate
2093 3408 2224 3463 tales
2253 3407 2401 3471 deos,
2426 3408 2468 3460 si
2497 3414 2550 3460 tu
2581 3405 2632 3459 in
2663 3413 2746 3459 tua
2771 3405 2898 3458 tales
2923 3403 3164 3458 homines
3189 3403 3384 3458 habere
3405 3420 3526 3458 eruo

1957 3499 2134 3554 buisti.
2169 3497 2396 3554 Proinde
2422 3496 2464 3550 si
2495 3496 2560 3550 ad
2590 3497 2794 3550 beatam
2828 3494 3105 3562 pervenire
3142 3492 3412 3549 desideras
3445 3497 3524 3546 ci-

1958 3591 2194 3657 vitatem,
2218 3589 2391 3644 devita
2413 3587 2710 3641 darmomim
2736 3587 3065 3640 societatem.
3092 3583 3308 3655 lndigne
3335 3585 3400 3638 ab
3432 3584 3526 3638 bo-

1960 3682 2123 3738 ncstis
2154 3681 2414 3744 coluntur,
2447 3680 2535 3748 qui
2577 3693 2668 3748 per
2707 3685 2884 3746 turpes
2924 3676 3218 3744 placantur.
3262 3673 3347 3729 Sic
3380 3674 3463 3727 isti
3494 3691 3526 3728 a

1960 3784 2046 3830 tua
2077 3774 2270 3843 pietate
2291 3773 2311 3803 ¹
2333 3777 2705 3826 removeantur
2731 3767 3038 3838 purgatione
3065 3764 3372 3832 christiana,
3395 3780 3528 3834 quo-

1959 3865 2117 3922 modo
2147 3865 2224 3919 illi
2254 3881 2282 3918 a
2311 3874 2396 3918 tua
2428 3863 2683 3932 dignitate
2713 3860 2903 3915 remoti
2933 3868 3055 3913 sunt
3093 3857 3364 3912 notatione
3394 3871 3526 3912 cen-

1963 3960 2122 4015 soria.
2171 3957 2247 4012 De
2278 3954 2431 4010 bonis
2459 3961 2635 4008 autem
2661 3950 2995 4017 carnalibus,
3028 3949 3217 4019 quibus
3241 3948 3370 4003 solis
3404 3947 3529 4002 mali

1961 4049 2161 4121 perfrui
2191 4048 2392 4112 volunt,
2422 4054 2475 4100 et
2504 4044 2570 4099 de
2599 4042 2752 4098 malis
2781 4040 3100 4106 carnalibus,
3127 4055 3243 4110 qua:
3266 4039 3379 4094 sola
3406 4053 3531 4108 per-

1963 4140 2070 4211 peti
2099 4138 2300 4202 nolunt,
2325 4134 2463 4205 quod
2494 4148 2667 4202 neque
2693 4133 2747 4186 in
2777 4129 2860 4184 bis
2887 4129 3137 4194 habeant,
3162 4143 3318 4198 quam
3341 4137 3532 4198 putan-

1965 4241 2050 4288 tur
2079 4230 2275 4285 habere
2308 4228 2392 4282 isti
2423 4225 2727 4290 daemones,
2761 4230 3106 4292 potestatem;
3141 4235 3441 4291 quanquam
3485 4217 3532 4276 si

1967 4323 2256 4384 haberent,
2285 4318 2602 4373 deberemus
2631 4313 2805 4385 potius
2831 4312 2990 4367 etiam
3023 4311 3121 4365 ista
3150 4318 3492 4364 contemnere
3513 4350 3530 4374 ,

1965 4427 2121 4484 quam
2150 4418 2364 4481 propter
2389 4409 2488 4462 ista
2519 4406 2635 4462 illos
2655 4405 2856 4470 colere,
2882 4411 2937 4458 et
2960 4417 3052 4458 eos
3076 4400 3303 4456 colendo
3329 4399 3394 4455 ad
3423 4399 3530 4468 illa,

1966 4520 2083 4576 qua:
2111 4501 2266 4557 nobis
2292 4499 2545 4563 invident,
2571 4497 2852 4568 pervenire
2879 4509 2984 4550 non
3009 4508 3165 4564 posse
3190 4511 3203 4547 :
3232 4501 3402 4546 tamen
3435 4505 3536 4547 nec

1969 4598 2021 4650 in
2051 4595 2163 4650 istis
2188 4609 2282 4650 eos
2306 4591 2407 4647 hoc
2433 4591 2608 4646 valere
2629 4632 2644 4656 ,
2673 4588 2813 4660 quod
2853 4588 2904 4641 bi
2937 4594 3156 4656 putant,
3189 4584 3277 4656 qui
3317 4591 3534 4655 propter

1969 4686 2083 4741 haec
2122 4700 2214 4740 eos
2249 4683 2351 4739 coli
2387 4691 2635 4752 oportere
2671 4678 3030 4745 contendunt,
3061 4675 3308 4747 deinceps
3333 4673 3535 4731 videbi-

1970 4791 2106 4841 mus,
2137 4785 2192 4829 ιιι
2219 4773 2303 4828 hic
2331 4772 2398 4827 sit
2426 4771 2583 4842 hujus
2612 4769 2896 4827 voluminis
2922 4765 3132 4824 modus.

2034 4931 2052 4964 ι
2087 4934 2217 4989 ιρι,
2239 4926 2669 4978 (nonnemo.
2699 4924 2862 4989 Abest,
2885 4919 3033 4984 οηυιὶ,
3062 4914 3474 4972 awtertsltbrb.

2032 4995 2053 5026 ι
2087 4993 2279 5044 senss.
2303 4990 2422 5040 [diti
2441 4994 2620 5051 autem,
2646 4989 2868 5040 societate
