4038 6492
501 325 574 388 79
1572 331 1661 389 DE
1698 330 2020 391 ClVlTATE
2060 331 2191 400 DEI,
2233 333 2291 391 S.
2332 335 2698 395 AUGUSTlNl
3702 359 3777 420 εδ

503 460 3772 510 ——-——————————_—__——____________._____

1516 544 1999 655 LIBER
2083 543 2571 650 TERTI
2593 549 2795 658 US.

502 729 561 776 υι
576 726 895 804 laetatam
913 727 1045 804 libis
1065 727 1133 804 de
1315 741 1503 804 more!!!
1537 737 1591 804 et
1611 730 1883 804 ,δηίωῐκείο
1920 729 1973 779 in
2002 726 2319 804 esseesse
2349 730 2857 804 φνροτίερκιετυπιξ

564 788 886 865 angustiam,
906 798 1140 865 infimanos
1160 790 1402 865 a‘condita
1426 794 1554 865 urbe
1574 791 1654 865 his
1682 788 1877 865 assidite
1897 788 2302 865 vesatosAfuisse,
2345 788 2494 853 atque
2527 790 2589 844 ad
2623 800 2890 851 avertenda

564 858 683 901 ante
896 851 1159 901 adventum
1192 852 1351 903 libere
1380 851 1682 914 colerentur,
1705 852 1823 903 nihil
1845 852 2147 917 praestitisse.

2992 814 3153 867 genus
3173 804 3299 855 mala
3319 807 3444 858 deos
3472 808 3633 873 falsos,
3668 825 3784 864 cum

1955 955 2326 1012 WB,

498 1083 729 1141 CAPUT
767 1084 1050 1143 PRIMUM.
1073 1116 1148 1130 -—
1173 1085 1254 1141 De
1281 1087 1663 1142 adversitatibus
1684 1103 1811 1158 quas
1836 1085 1935 1141 soli
1961 1085 2082 1139 mali

570 1187 835 1246 metuunt,
864 1189 913 1234 et
949 1197 1077 1251 quas
1108 1184 1318 1251 'semper
1359 1197 1536 1253 passus
1580 1190 1653 1237 est
1690 1179 1905 1235 mundus
1923 1220 1939 1244 ,
1965 1195 2083 1233 cum

451 1254 468 1295 ¹
570 1270 692 1326 deos
717 1272 923 1326 coleret.

458 1364 470 1388 ⁸
570 1383 689 1439 Jam
720 1385 853 1439 satis
876 1383 1078 1439 dictum
1109 1385 1345 1440 arbitror
1376 1384 1443 1440 de
1470 1400 1678 1439 morum
1703 1385 1859 1439 malis
1885 1391 1939 1439 et
1965 1383 2079 1439 ani-

494 1488 729 1541 morum,
750 1491 869 1545 quas
896 1477 1166 1546 praecipue
1186 1476 1423 1531 cavenda
1449 1485 1591 1543 sunt,
1614 1475 1745 1530 nihil
1768 1475 1898 1530 deos
1919 1475 2079 1531 falsos

493 1567 695 1637 populo
717 1569 908 1622 cultori
933 1582 1052 1630 suo,
1075 1569 1360 1638 quominus
1380 1583 1568 1624 eorum
1596 1568 2078 1638 malorum‘aggere

494 1671 850 1731 premeretur,
881 1661 1166 1717 subvenire
1190 1676 1441 1724 curasse;
1473 1661 1567 1718 sed
1599 1664 1799 1731 potius,
1827 1670 1885 1715 ut
1912 1660 2080 1715 maxi-

494 1767 585 1808 me
611 1763 976 1825 premeretur,
1010 1754 1204 1824 egisse.
1228 1753 1381 1808 Nunc
1408 1753 1477 1809 de
1503 1754 1607 1809 illis
1631 1753 1785 1808 malis
1810 1753 1964 1808 video
1992 1751 2076 1807 di~

493 1843 743 1908 cendum,
771 1860 891 1914 qure
915 1845 1027 1898 sola
1057 1844 1142 1898 isti
1175 1844 1376 1914 perpeti
1409 1846 1615 1909 nolunt,
1646 1844 1822 1915 qualia
1852 1854 1976 1899 sunt
2000 1843 2079 1897 la-

493 1948 632 2001 mes,
661 1934 877 1987 morbus
896 1974 911 2001 ,
940 1934 1133 1988 bellum
1152 1976 1168 2002 ,
1192 1936 1537 2006 exSpoliatio,
1565 1935 1875 2005 captivitas,
1906 1936 2074 1991 truci-

491 2025 659 2089 datio.
690 2034 744 2080 et
769 2027 812 2080 si
840 2042 941 2097 qua
969 2027 1159 2081 similia
1187 2027 1294 2097 iam
1318 2028 1369 2082 in
1395 2028 1567 2097 primo
1592 2028 1730 2083 libro
1748 2041 2078 2081 commemo-

490 2117 747 2175 ravimus.
769 2117 895 2172 llaec
913 2118 1055 2173 enim
1083 2118 1195 2173 sola
1219 2119 1341 2172 mali
1364 2119 1623 2188 deputant
1644 2118 1802 2180 mala,
1826 2133 1944 2188 qua
1965 2132 2072 2171 non

491 2202 887 2264 faciunt’inalos
909 2249 923 2273 ,
951 2224 1051 2263 nec
1077 2210 1402 2264 erubescunt
1445 2211 1587 2265 inter
1630 2210 1766 2264 bona
1797 2224 1913 2279 qua
1959 2209 2074 2263 lau-

490 2298 620 2354 dant
642 2341 657 2366 ,
690 2298 791 2369 ipsi
839 2300 962 2353 mali
1000 2315 1120 2355 esse
1154 2301 1242 2371 qui
1282 2300 1532 2363 laudant;
1567 2301 1843 2371 magisque
1870 2310 2074 2355 stoma-

490 2391 750 2457 chantur,
782 2393 826 2447 si
859 2393 1035 2447 villam
1065 2394 1257 2449 malam
1303 2393 1571 2462 habeant,
1606 2410 1765 2464 quam
1796 2395 1840 2450 si
1869 2395 2030 2449 vitam
2056 2411 2071 2448 :

490 2484 642 2554 quasi
672 2483 775 2539 hoc
801 2485 870 2538 sit
899 2484 1130 2539 hominis
1159 2486 1446 2541 maximum
1474 2486 1695 2553 bonum,
1720 2486 1916 2542 habere
1934 2488 2074 2543 bona

489 2579 692 2643 omnia,
724 2588 918 2648 praeter
942 2595 1002 2634 se
1026 2569 1222 2649 ipsum.
1254 2579 1360 2635 Sed
1389 2596 1560 2651 neque
1588 2580 1711 2634 talia
1738 2581 1876 2635 mala
1898 2621 1914 2646 ,
1954 2597 2073 2652 qua:

490 2669 579 2725 isti
611 2669 722 2722 sola
750 2668 1068 2735 formidant,
1104 2669 1174 2725 dii
1204 2686 1388 2725 eorum
1410 2713 1424 2733 ,
1454 2671 1669 2741 quando
1696 2671 1764 2725 ab
1788 2673 1868 2728 eis
1908 2673 2074 2728 libere

487 2759 819 2821 colebantur,
844 2776 911 2815 ne
931 2760 1037 2814 illis
1056 2759 1379 2825 acciderent,
1406 2762 1746 2816 obstiterunt.
1764 2761 1898 2817 Cum
1927 2765 2070 2818 enim

488 2853 653 2908 variis
693 2868 788 2922 per
826 2852 1043 2908 diversa
1088 2853 1203 2909 loca
1227 2855 1243 2886 ¹
1271 2855 1602 2923 temporibus
1630 2864 1754 2909 ante
1779 2854 2070 2911 adventum

485 2942 869 3015 Redemptoris
928 2947 1094 3001 nostri
1150 2946 1631 3001 innumerabilibus
1693 2948 2071 3018 nonnullisque

485 3037 648 3094 etiam
680 3037 1081 3092 incredibilibus
1106 3038 1346 3093 cladibus
1375 3052 1545 3108 genus
1569 3048 1937 3094 contereretur
1967 3038 2064 3095 hu-

485 3140 733 3193 manum;
766 3142 902 3197 quos
930 3127 1065 3183 alios
1090 3143 1248 3199 quam
1277 3130 1408 3184 istos
1427 3129 1560 3185 deos
1586 3129 1814 3185 mundus
1837 3131 2081 3203 colebat,

486 3230 709 3292 excepto
755 3238 860 3276 uno
908 3223 1104 3293 papqu
1148 3222 1411 3285 Hebrino.
1459 3233 1513 3277 et
1553 3223 1869 3294 quibusdam
1917 3233 2068 3280 extra

485 3312 659 3384 ipsum
688 3313 962 3383 populum,
982 3314 1303 3384 ubicumque
1322 3314 1489 3385 gratia
1515 3313 1693 3369 divina
1720 3316 1865 3387 digni
1890 3317 2071 3372 occul-

484 3404 692 3460 tissimo
717 3414 877 3476 atque
900 3405 1201 3475 iustissimo
1230 3406 1321 3460 Dei
1346 3407 1550 3476 iudicio
1577 3406 1788 3462 luerunt
1817 3407 1937 3478 (a)?
1960 3408 2067 3463 Ve-

485 3507 603 3552 rum
625 3512 692 3552 ne
714 3497 933 3551 nimium
960 3498 1175 3567 longum
1199 3498 1406 3564 faciam,
1426 3499 1615 3554 tacebo
1634 3499 1853 3554 aliarum
1876 3516 2072 3571 usque-

484 3603 695 3662 quaque
719 3590 957 3659 gentium
988 3591 1125 3643 mala
1154 3590 1467 3659 gravissima
1502 3608 1517 3646 :
1547 3589 1687 3659 quod
1733 3590 1797 3645 ad
1842 3590 2066 3647 Romam

482 3681 716 3752 pertinet
746 3680 1154 3752 Romanumque
1182 3682 1481 3751 imperium,
1516 3690 1719 3737 tantum
1754 3684 1972 3755 loquar;
2014 3685 2067 3740 id

482 3781 586 3836 est,
617 3771 682 3826 ad
715 3772 882 3841 ipsam
916 3773 1128 3843 proprie
1154 3773 1421 3827 civitatem
1444 3814 1459 3839 ,
1500 3780 1555 3827 et
1599 3788 1947 3844 quiscumque
1991 3775 2066 3830 illi

483 3869 749 3919 terrarum
774 3863 859 3916 vel
881 3865 1137 3918 societate
1159 3864 1480 3934 coniunctre,
1506 3865 1588 3918 vel
1614 3864 1918 3922 conditione
1944 3868 2069 3923 sub—

482 3952 635 4023 iectis
660 3963 818 4017 sunt,
858 3969 975 4023 qua:
1002 3953 1111 4007 sint
1140 3969 1405 4023 perpessa
1439 3962 1564 4009 ante
1589 3955 1876 4010 adventum
1907 3957 2064 4013 Chri-

483 4047 548 4101 sti
570 4086 584 4110 ,
615 4061 736 4101 cum
771 4046 880 4116 iam
912 4045 976 4098 ad
1007 4046 1123 4114 eius
1150 4045 1301 4116 quasi
1331 4059 1527 4116 corpus
1556 4046 1867 4116 reipublicae
1898 4051 2065 4119 perti-

484 4146 691 4193 nerent.

484 4224 708 4285 CAPUT
744 4228 807 4284 ll.
828 4259 900 4269 --
925 4228 1005 4283 An
1033 4227 1135 4294 dii,
1164 4228 1252 4299 qui
1278 4236 1325 4283 et
1365 4244 1398 4283 a
1439 4229 1683 4285 Romanis
1719 4239 1767 4285 et
1808 4247 1840 4285 a
1878 4231 2068 4288 ercis

553 4320 786 4374 similiter
822 4320 1135 4388 colebantur,
1164 4337 1343 4376 causas
1385 4321 1649 4377 habuerint
1689 4324 1869 4396 quibus
1906 4325 2066 4382 Ilium

552 4421 841 4484 paterentur
869 4412 1111 4467 exscindi.

556 4504 794 4560 Primum
829 4505 942 4576 ipsa
963 4505 1120 4575 Troia
1141 4506 1225 4561 vel
1252 4505 1428 4571 Ilium,
1450 4505 1592 4562 unde
1612 4507 1762 4579 origo
1778 4518 1860 4564 est
1885 4510 2062 4581 pepuli

486 4595 715 4650 Romani
750 4595 947 4667 (neque
971 4598 1113 4653 enim
1142 4597 1570 4667 prmtereundum
1598 4608 1689 4654 aut
1716 4599 2064 4657 dissimulan-

486 4690 613 4747 dum
639 4697 742 4753 est.
773 4690 914 4760 quod
944 4699 998 4746 et
1027 4690 1079 4745 in
1110 4692 1281 4760 primo
1310 4691 1446 4747 libro
1472 4693 1619 4763 attigi
1649 4691 1797 4766 [ϐαρ.
1825 4693 1882 4768 4]
1903 4736 1919 4762 ,
1942 4711 2065 4753 eos-

480 4781 605 4838 dein
631 4780 837 4836 habens
865 4780 997 4837 deos
1019 4790 1074 4836 et
1097 4782 1304 4847 colens,
1330 4796 1427 4837 cur
1451 4797 1481 4836 a
1503 4781 1705 4838 Graecis
1729 4784 1950 4851 victum,
1974 4802 2066 4843 ca-

481 4880 630 4943 ptum
675 4880 838 4944 atque
876 4871 1110 4927 deletum
1154 4871 1273 4929 est?
1314 4872 1565 4935 Priamo.
1615 4874 1896 4945 inquiunt,
1940 4889 2065 4935 sunt

480 4965 689 5021 reddita
716 4964 1115 5021 Laomedontea
1155 4972 1372 5035 paterna
1403 4964 1637 5036 periuria
1668 4966 1766 5039 (ὁ).
1795 4968 1936 5041 Ergo
1965 4986 2061 5026 ve-

479 5077 599 5117 rum
628 5070 733 5128 est,
762 5061 903 5133 quod
932 5060 1124 5131 Apollo
1152 5069 1312 5131 atque
1338 5058 1615 5130 Neptunus
1639 5061 1813 5118 eidem
1838 5063 2062 5121 Laome-

479 5152 632 5208 donti
670 5153 1016 5211 mercenariis
1061 5153 1311 5223 operibus
1358 5152 1700 5217 servierunt;
1730 5154 1836 5209 illis
1866 5157 2061 5228 quippe

541 5267 563 5328 '_
597 5265 759 5328 Abest.
778 5264 896 5325 toea,
920 5278 948 5315 a
970 5265 1320 5328 manuscriptis.

543 5326 616 5394 (ᾳ)
640 5332 734 5394 Hoc
749 5328 902 5389 ipsum
927 5326 1222 5394 Augustinus
1241 5332 1290 5394 in
1319 5326 1526 5394 Epistola
1548 5328 1607 5394 ad
1645 5331 1928 5394 Deogratias
1952 5333 2058 5394 102,

477 5400 528 5439 n.
558 5390 633 5445 lii,
658 5387 889 5455 doce_t._r
918 5387 1065 5455 salus,
1092 5406 1129 5455 ξ,
1152 5392 1322 5452 inquit,
1354 5387 1389 5455 ξι
1418 5390 1669 5452 religionis
1706 5387 1904 5455 huius...
1939 5387 2056 5446 nulli

481 5467 505 5495 ι
529 5462 738 5511 unquam
760 5447 929 5508 defuit,
970 5452 1052 5560 qui
1085 5447 1262 5512 dignus
1302 5453 1447 5509 luit,»
1493 5447 1587 5502 etc.
1613 5447 1916 5511 Quam'suam
1939 5469 2057 5508 sen-

481 5514 675 5560 tentiam
701 5524 953 5560 exnonens
1010 5514 1111 5560 ibro
1132 5513 1197 5560 de
1222 5515 1640 5560 Prmdestinatione
1685 5522 1977 5560 sanctorum.
2004 5534 2049 5560 ns

474 5514 675 5622 gentiam
701 5524 953 5572 exponens
989 5513 1111 5561 libro
1132 5513 1197 5561 de
1222 5515 1640 5563 Praedestinatione
1685 5522 1978 5578 Sanctorum,
2004 5534 2052 5570 n.

503 5572 553 5622 9.
571 5576 661 5621 ait:
691 5592 713 5618 ι
731 5573 773 5621 si
791 5572 1069 5622 discutiatur
1086 5581 1137 5622 et
1151 5583 1395 5622 armatur
1411 5576 1540 5622 unde
1554 5576 1762 5622 auisnue
1781 5577 1843 5622 sit
1858 5578 2052 5622 tlismuse

503 5572 553 5632 9,
571 5576 636 5621 ait
651 5588 672 5643 :_
691 5592 713 5618 ι
731 5573 773 5621 si
791 5572 1069 5643 discutiatur
1086 5581 1137 5643 et
1151 5583 1395 5643 quaeratur
1411 5576 1540 5643 unde
1554 5576 1762 5639 quisque
1781 5577 1843 5625 sit
1858 5572 2053 5643 dignus;

374 5648 385 5657 ί
476 5648 504 5681 s
525 5647 621 5683 non
644 5635 821 5683 desunt
844 5636 926 5697 qui
949 5633 1127 5697 dicant,
1153 5633 1399 5687 voluntate
1418 5633 1654 5686 humanae
1682 5633 1772 5688 hos
1790 5633 1957 5690 autem
1977 5633 2053 5692 dii

476 5709 506 5743 ι
523 5707 693 5758 tamus,
712 5693 968 5758 gratia'yi'l
991 5697 1410 5756 pra'destinatioue
1431 5699 1610 5748 divina.
1633 5715 1656 5743 ι

526 5756 605 5821 (ὸ)
629 5753 1015 5831 uinctirgiliug
1034 5765 1206 5831 Georg.
1237 5759 1320 5808 lib.
1350 5761 1664 5831 iuvet-3.7750?
1694 5774 1708 5810 :

736 5820 1098 5880 Homcdonteze
1120 5820 1296 5878 luimus
1319 5824 1529 5887 periuria
1545 5824 1713 5887 Troiaz.

2192 1090 2503 1157 promisisse
2529 1094 2832 1152 mercedem
2866 1096 3163 1171 falsumque
3198 1101 3410 1172 iurasse
3443 1108 3781 1178 perhibetur.

2189 1178 2371 1245 Miror,
2400 1184 2700 1254 Apollinem
2722 1228 2740 1256 ,
2768 1190 3101 1247 nominatum
3125 1192 3479 1254 divinatorem
3500 1240 3516 1268 ,
3547 1201 3599 1256 in
3629 1211 3784 1260 tanto

2189 1272 2402 1342 opilicio
2429 1274 2724 1345 laborasse,
2753 1281 3084 1339 nescientem
3107 1287 3249 1356 quod
3275 1288 3581 1348 Laomedon
3606 1294 3785 1353 fuerat

2188 1368 2451 1437 promissa
2476 1380 2784 1439 negaturus.
2804 1373 3117 1447 Quanquam
3141 1394 3240 1436 nec
3270 1381 3441 1452 ipsum
3469 1384 3778 1456 Neptunum

2187 1467 2434 1526 patruum
2469 1460 2621 1528 ejus,
2663 1461 2883 1520 fratrem
2925 1465 3110 1534 Jovis,
3137 1486 3318 1542 regem
3344 1476 3566 1543 .maris,
3598 1478 3781 1535 decuit

2185 1545 2429 1617 ignarum
2447 1564 2567 1606 esse
2585 1551 2905 1611 futurorum.
2925 1556 3058 1613 Nam
3082 1559 3225 1616 hunc
3245 1556 3507 1620 Homerus
3524 1568 3589 1621 de
3609 1569 3779 1640 stirpe

2183 1641 2393 1710 Encas,
2420 1659 2448 1697 a
2478 1647 2633 1715 cujus
2662 1649 2893 1717 posteris
2913 1652 3125 1708 condita
3148 1655 3163 1687 ¹
3189 1655 3358 1711 Roma
3384 1669 3485 1726 est,
3508 1677 3628 1716 cum
3649 1673 3779 1719 ante

2185 1734 2330 1827 illam
2360 1738 2544 1794 urbem
2575 1741 2842 1797 conditam
2876 1743 3015 1800 idem
3048 1757 3201 1816 poeta
3235 1747 3399 1805 fuisse
3427 1753 3636 1808 dicatur
3666 1755 3771 1827 (α),

2186 1825 2388 1881 inducit
2426 1844 2679 1899 magnum
2723 1833 2921 1904 aliquid
2964 1835 3292 1896 divinantem
3324 1839 3506 1911 (Iliad.
3538 1852 3606 1909 Υ,
3641 1825 3769 1900 vers.

2182 1919 2443 1987 502-305)
2469 1941 2481 1976 :
2507 1940 2665 1994 quem
2711 1927 2872 1984 etiam
2917 1930 3061 1987 nube
3090 1934 3303 2003 rapuit,
3337 1942 3395 1989 ut
3421 1935 3582 2003 dicit,
3612 1953 3678 1994 ne
3703 1938 3773 1993 ab

2181 2009 2395 2068 Achille
2425 2013 2786 2085 occideretur,

2891 2121 3099 2176 cuperet
3120 2128 3231 2166 cum
3252 2124 3452 2168 vertere
3473 2119 3536 2168 ab
3555 2120 3650 2170 imo

2181 2184 2357 2255 (Quod
2388 2188 2529 2258 apud
2560 2189 2838 2262 Virgilium
2870 2198 3203 2267 conﬁtetur.)

2242 2280 2428 2330 Structa
2448 2283 2550 2333 suis
2561 2286 2785 2352 manibus
2806 2288 3015 2352 periura:
3037 2291 3212 2340 moenia
3226 2291 3398 2352 Troiae.

2687 2347 2912 2409 (suam
2939 2349 3022 2400 lib.
3047 2351 3097 2410 ες,
3114 2364 3235 2402 vers.
3262 2347 3372 2411 8ft).
3400 2354 3551 2419 su.)

2179 2422 2489 2481 Nescientcs
2543 2428 2699 2500 igitur
2745 2433 2872 2485 tanti
2931 2432 3050 2496 dii,
3099 2433 3376 2505 Neptunus
3430 2446 3484 2492 et
3535 2441 3723 2509 Apollo
3754 2482 3770 2507 ,

2178 2514 2598 2575 Laomedontem
2628 2522 2727 2576 sibi
2772 2533 3084 2593 negaturum
3106 2542 3226 2583 esse
3253 2529 3553 2585 mercedem
3580 2574 3595 2598 ,
3626 2543 3775 2587 stru—

2179 2618 2357 2664 ctores
2372 2614 2627 2668 moenium
2646 2613 2999 2682 Troianorum
3018 2620 3201 2688 gratis,
3221 2627 3274 2673 et
3297 2620 3518 2688 ingratis
3535 2622 3772 2679 luerunt.

2179 2698 2406 2756 Videant
2433 2719 2499 2757 ne
2524 2707 2736 2775 gravius
2761 2708 2830 2762 sit
2859 2709 2994 2763 tales
3019 2709 3149 2765 deos
3177 2712 3397 2766 credere
3419 2755 3434 2779 ,
3461 2730 3618 2785 quam
3666 2717 3777 2773 diis

2177 2793 2372 2850 talibus
2403 2797 2669 2868 peierare.
2728 2800 2842 2857 Hoc
2879 2803 3023 2858 enim
3062 2818 3163 2859 nec
3188 2805 3301 2873 ipse
3332 2805 3594 2864 Homerus
3618 2810 3777 2868 facile

2175 2888 2450 2954 credidit,
2503 2892 2590 2962 qui
2637 2892 2939 2963 Neptunum
2985 2896 3197 2966 quidem
3239 2909 3426 2954 contra
3465 2900 3727 2971 Troianos
3752 2945 3771 2971 ,

2175 2978 2480 3048 Apollinem
2513 2994 2689 3038 autem
2724 3002 2819 3055 pro
2842 2986 3090 3056 Troianis
3116 3001 3439 3060 pugnantem
3467 2991 3613 3060 facit,
3644 3009 3773 3051 cum

2175 3068 2268 3125 illo
2315 3072 2550 3143 periurio
2578 3076 2765 3132 ambos
2815 3077 2990 3132 fabula
3035 3091 3218 3136 narret
3245 3081 3498 3139 offensos.
3526 3083 3581 3139 Si
3609 3086 3775 3155 igitur

2174 3160 2371 3218 fabulis
2397 3166 2623 3221 credunt
2650 3208 2666 3232 ,
2717 3169 3039 3226 erubescant
3081 3174 3202 3226 talia
3233 3175 3410 3230 colere
3433 3178 3645 3230 numina
3675 3193 3691 3242 ;
3722 3179 3772 3233 si

2173 3251 2366 3309 fabulis
2399 3272 2502 3309 non
2533 3258 2777 3327 credunt,
2801 3276 2910 3315 non
2939 3263 3231 3319 obtendant
3256 3265 3485 3335 Troiana
3511 3268 3769 3336 periuria,

2172 3355 2259 3398 aut
2294 3345 2558 3403 mirentur
2584 3349 2711 3405 deos
2742 3352 2970 3421 periuria
3001 3355 3218 3424 punisse
3246 3355 3475 3426 Troiana
3506 3398 3520 3423 ,
3555 3373 3774 3415 amasse

2174 3435 2433 3491 ltomana.
2468 3438 2619 3495 Unde
2640 3442 2782 3496 enim
2804 3443 3104 3512 coniuratio
3128 3444 3367 3500 Catilina:
3388 3446 3441 3500 in
3465 3455 3606 3502 tanta
3626 3456 3770 3503 tam-

2173 3542 2277 3597 que
2302 3541 2553 3600 corrupta
2597 3533 2811 3589 civitate
2850 3534 3034 3590 habuit
3080 3537 3242 3591 etiam
3286 3553 3472 3593 eorum
3501 3539 3768 3611 grandem

2171 3621 2379 3690 copiam
2413 3664 2427 3687 ,
2460 3639 2596 3693 quos
2624 3642 2814 3681 manus
2842 3638 3002 3697 atque
3028 3629 3203 3698 lingua
3242 3631 3481 3700 periurio
3519 3641 3610 3687 aut
3634 3648 3769 3688 san-

2172 3714 2333 3783 guine
2356 3716 2496 3770 civili
2521 3717 2697 3773 alebat
2723 3720 2844 3789 (b)?
2868 3720 3003 3789 Quid
3030 3722 3172 3776 enim
3201 3722 3341 3777 aliud
3369 3724 3524 3778 toties
3548 3734 3769 3780 senato-

2173 3819 2263 3861 res
2289 3809 2524 3878 corrupti
2555 3794 2868 3879 in/judiciis,
2901 3813 3059 3868 toties
3074 3814 3300 3884 populus
3320 3815 3372 3868 in
3391 3815 3655 3888 snﬂ‘ragiis
3676 3821 3768 3876 vel

2173 3898 2226 3953 in
2253 3899 2549 3970 quibusque
2568 3903 2766 3969 causis,
2811 3920 2929 3974 quae
2954 3907 3092 3976 apud
3113 3923 3232 3961 eum
3262 3910 3611 3966 concionibus
3630 3927 3769 3982 age-

2170 3987 2382 4053 bantur,
2413 3991 2512 4045 nisi
2539 3993 2697 4046 etiam
2728 3994 3021 4066 peierando
3046 3999 3341 4069 peccabant
3365 4000 3484 4072 (c)?
3520 4001 3770 4075 Namque

2170 4082 2592 4151 corruptissimis
2611 4087 2848 4142 moribus
2867 4086 2934 4142 ad
2959 4089 3060 4144 hoc
3079 4105 3197 4145 mos
3215 4091 3425 4160 iurandi
3446 4094 3769 4151 servabatur

2170 4174 2438 4244 antiquus,
2472 4191 2578 4231 non
2604 4185 2662 4231 ut
2686 4178 2754 4232 ab
2780 4181 3071 4237 sceleribus
3089 4192 3234 4239 metu
3259 4185 3536 4254 religionis
3567 4189 3764 4257 prohi-

2169 4265 2438 4334 berentur,
2469 4269 2565 4325 sed
2594 4279 2652 4326 ut
2676 4272 2904 4344 periuria
2949 4290 3160 4348 quoque
3212 4279 3509 4336 sceleribus
3544 4283 3766 4342 caeteris

2168 4359 2512 4415 adderentur.

2168 4450 2394 4510 CAPUT
2423 4453 2707 4512 lll.—Non
2736 4459 2956 4530 potuisse
2978 4460 3170 4530 aliendi
3187 4466 3306 4523 deos
3323 4468 3533 4529 Paridis
3556 4475 3765 4533 adulte-

2311 4547 2462 4615 terio,
2489 4548 2626 4621 quod
2650 4549 2782 4605 inter
2808 4544 2945 4621 ipsos
2970 4554 3188 4611 traditur
3222 4559 3610 4631 frequentatum.

2238 4659 2392 4716 Nulla
2419 4662 2595 4732 itaque
2619 4676 2779 4719 causa
2803 4673 2904 4729 est,
2928 4680 3093 4736 quare
3116 4668 3210 4736 dii,
3225 4673 3437 4740 quibus,
3461 4685 3516 4731 ut
3543 4676 3761 4748 dicunt,

2167 4759 2391 4830 steterat
2414 4752 2539 4806 illud
2567 4753 2867 4829 imperiqu
2893 4754 2914 4829 (
2945 4755 3126 4828 Virgil.
3160 4759 3374 4841 Eneid.
3410 4766 3497 4820 lib.
3527 4767 3583 4832 2,
3617 4785 3756 4841 vers.

2166 4844 2275 4929 352
2296 4844 2341 4917 ),
2389 4860 2508 4901 cum
2535 4861 2565 4903 a
2592 4847 2796 4907 Graecis
2824 4852 3240 4922 pmValentibus
3263 4838 3553 4928 probentur
3580 4838 3705 4919 victi
3738 4909 3759 4933 ,

2232 4961 2250 4992 ι
2288 4960 2650 5030 voxl‘cgndita,
2673 4964 2816 5014 abest
2836 4965 2900 5015 ab
2916 4965 3052 5017 Vind.
3078 4976 3179 5020 am.
3205 4976 3278 5019 Er.
3302 4979 3355 5022 et
3386 4984 3415 5021 ι
3438 4978 3545 5023 Ilss.
3569 5000 3627 5012 -ο
3651 4983 3759 5030 Non

2165 5022 2306 5072 abest
2323 5034 2352 5071 a
2373 5022 2512 5073 2033.
2578 5030 2635 5073 Μ.

2229 5084 2301 5157 ia)
2322 5092 2422 5157 nec
2441 5086 2505 5135 de
2528 5093 2749 5157 tempore
2772 5089 2911 5140 Urbis
2942 5091 3163 5157 cornutae,
3190 5105 3280 5157 nec
3300 5092 3367 5143 de
3382 5099 3575 5148 Homeri
3600 5107 3755 5151 aetate

2164 5147 2282 5220 satis
2319 5147 2447 5198 inter
2468 5147 2732 5220 scriptores
2753 5154 2995 5220 convenit.
3033 5147 3165 5203 nunc
3195 5153 3373 5220 elapsis
3412 5147 3757 5220 post’belluin

2164 5170 2282 5196 satis
2319 5170 2447 5198 Illle
2468 5170 2732 5210 scriptores
2753 5170 2995 5202 convenit.
3034 5170 3165 5203 nunc
3195 5170 3271 5203 eta
3292 5170 3373 5205 lSlS
3412 5170 3521 5220 post
3563 5170 3757 5213 bellum

2164 5210 2423 5273 Troianum
2436 5210 2578 5273 annis
2596 5209 2705 5272 plus
2721 5214 2879 5262 minus
2897 5213 3003 5272 160,
3030 5221 3081 5263 et
3102 5223 3216 5265 ante
3237 5170 3475 5269 Christum
3498 5224 3638 5271 annis
3653 5225 3758 5273 cir-

2162 5272 2286 5345 giter
2312 5271 2449 5345 ίρρο,
2473 5271 2724 5345 Salomone
2746 5275 2795 5323 in
2816 5274 2980 5341 Judtea
3017 5284 3274 5345 regnante,
3315 5281 3499 5345 vixisse
3524 5271 3755 5345 probabi-

2163 5331 2259 5409 lipr
2273 5334 2434 5409 opinio
2458 5341 2551 5385 est.
2585 5336 2945 5409 Quamcumque
2982 5331 3273 5409 ver6_aliam
3304 5331 3750 5409 opinione'm‘sequi

2162 5395 2366 5465 placeat,
2386 5402 2624 5465 Homerus
2647 5395 2916 5465 uomuerit
2945 5399 3186 5465 antiquior
3212 5416 3224 5450 :
3250 5395 3377 5465 quo'd
3404 5413 3454 5465 et
3475 5408 3641 5456 cicero
3666 5395 3750 5458 (0,;

2161 5457 2386 5530 Staturin
2425 5457 2721 5519 Tusculanis,
2766 5458 2847 5507 lib.
2874 5459 2919 5520 1,
2955 5457 3143 5523 capfl;
3174 5471 3227 5514 et
3249 5457 3300 5511 A'.
3322 5464 3519 5527 Gellius,
3548 5467 3631 5517 lib.
3666 5470 3744 5530 l7,

2159 5518 2523 5645 capbfgallust”
2546 5579 2610 5651 de
2630 5583 2980 5651 coniuratione,
2992 5583 3201 5637 Catiline
3223 5601 3328 5651 cap.
3355 5590 3432 5640 Η.

2224 5581 2293 5703 ἒς)
2327 5650 2505 5703 Nempe
2540 5642 2728 5701 iudices
2760 5646 2906 5703 iurati
2932 5649 3228 5703 judicabant,
3254 5658 3305 5701 et
3328 5665 3432 5703 nom

2224 5642 2293 5713 (ε)
2327 5650 2505 5702 Nempe
2525 5642 2743 5720 .judjces'.
2760 5646 2906 5708 iurati
2932 5642 3228 5721 iudicabant,
3254 5642 3305 5701 et
3328 5650 3533 5714 populus
3554 5653 3605 5702 in
3627 5655 3748 5705 mit-

2157 5705 2319 5772 tendis
2340 5700 2581 5772 suifragns
2614 5709 2931 5772 iureiurando
2964 5710 3375 5772 obsit-lugebatur,
3397 5721 3453 5764 ut
3475 5728 3538 5764 ne
3579 5719 3749 5772 pretio

2157 5723 2319 5755 retium
2340 5723 2581 5762 suuragus
2614 5723 2931 5771 Jurejurando
2964 5723 3375 5773 onstnngeoatur,
3397 5723 3453 5764 ut
3475 5728 3538 5764 ne
3579 5723 3745 5777 pretio

2155 5763 2235 5840 vel
2257 5767 2415 5840 gratia
2436 5765 2668 5821 adductus
2688 5771 2947 5840 quidquam
2968 5772 3213 5833 antiquius
3235 5774 3443 5826 haberet
3462 5776 3620 5830 salute
3636 5791 3745 5831 ret-

2153 5825 2377 5906 publicae.

2938 752 3008 802 ne
3035 752 3201 792 rerum
3223 743 3538 800 incommodis
3566 751 3784 802 ostendit
3840 784 3847 793 .
