  <div class='ocr_page' id='page_1' title='image "/cluster/home/n/w/nwhite01/storage/ocr_20150623/41/hvd.32044015706344/046.png"; bbox 0 0 4038 6506; ppageno 0'>
   <div class='ocr_carea' id='block_1_1' title="bbox 245 448 3491 522">
    <p class='ocr_par' dir='ltr' id='par_1_1' title="bbox 245 448 3491 522">
     <span class='ocr_line' id='line_1_1' title="bbox 245 448 3491 522; baseline 0.002 -19"><span class='ocrx_word' id='word_1_1' title='bbox 245 455 299 514; x_wconf 68' lang='grc' dir='ltr'><strong>ει</strong></span> <span class='ocrx_word' id='word_1_2' title='bbox 1591 449 1788 506; x_wconf 84' lang='lat' dir='ltr'><strong>LIBER</strong></span> <span class='ocrx_word' id='word_1_3' title='bbox 1825 448 2138 510; x_wconf 77' lang='lat' dir='ltr'><strong>TERTIUS.</strong></span> <span class='ocrx_word' id='word_1_4' title='bbox 3417 463 3491 522; x_wconf 64' lang='lat'><strong>82</strong></span> 
     </span>
    </p>
   </div>
   <div class='ocr_carea' id='block_1_2' title="bbox 251 567 1813 643">
    <p class='ocr_par' dir='ltr' id='par_1_2' title="bbox 251 567 1813 643">
     <span class='ocr_line' id='line_1_2' title="bbox 251 567 1813 643; baseline -0.006 -14"><span class='ocrx_word' id='word_1_5' title='bbox 251 571 468 643; x_wconf 75' lang='lat' dir='ltr'><strong>Troianis</strong></span> <span class='ocrx_word' id='word_1_6' title='bbox 514 568 886 641; x_wconf 83' lang='lat' dir='ltr'><strong>pejerantibus</strong></span> <span class='ocrx_word' id='word_1_7' title='bbox 935 569 1198 641; x_wconf 85' lang='lat' dir='ltr'><strong>ilngantur</strong></span> <span class='ocrx_word' id='word_1_8' title='bbox 1238 568 1376 624; x_wconf 92' lang='lat' dir='ltr'><strong>irati.</strong></span> <span class='ocrx_word' id='word_1_9' title='bbox 1413 567 1523 624; x_wconf 83' lang='lat' dir='ltr'><strong>Nec</strong></span> <span class='ocrx_word' id='word_1_10' title='bbox 1551 567 1813 622; x_wconf 85' lang='lat' dir='ltr'><strong>adulterio</strong></span> 
     </span>
    </p>
   </div>
   <div class='ocr_carea' id='block_1_3' title="bbox 257 657 1814 732">
    <p class='ocr_par' dir='ltr' id='par_1_3' title="bbox 257 657 1814 732">
     <span class='ocr_line' id='line_1_3' title="bbox 257 657 1814 732; baseline -0.004 -14"><span class='ocrx_word' id='word_1_11' title='bbox 257 661 456 729; x_wconf 83' lang='lat' dir='ltr'><strong>Paridis,</strong></span> <span class='ocrx_word' id='word_1_12' title='bbox 487 670 547 716; x_wconf 88' lang='lat' dir='ltr'><strong>ut</strong></span> <span class='ocrx_word' id='word_1_13' title='bbox 574 675 764 717; x_wconf 84' lang='lat' dir='ltr'><strong>rursus</strong></span> <span class='ocrx_word' id='word_1_14' title='bbox 793 677 824 715; x_wconf 90' lang='lat' dir='ltr'><strong>a</strong></span> <span class='ocrx_word' id='word_1_15' title='bbox 851 660 1162 732; x_wconf 89' lang='lat' dir='ltr'><strong>quibusdam</strong></span> <span class='ocrx_word' id='word_1_16' title='bbox 1188 658 1564 725; x_wconf 93' lang='lat' dir='ltr'><strong>defenduntur,</strong></span> <span class='ocrx_word' id='word_1_17' title='bbox 1595 667 1653 712; x_wconf 91' lang='lat' dir='ltr'><strong>ut</strong></span> <span class='ocrx_word' id='word_1_18' title='bbox 1680 657 1814 712; x_wconf 84' lang='lat' dir='ltr'><strong>Tro-</strong></span> 
     </span>
    </p>
   </div>
   <div class='ocr_carea' id='block_1_4' title="bbox 253 750 1812 825">
    <p class='ocr_par' dir='ltr' id='par_1_4' title="bbox 253 750 1812 825">
     <span class='ocr_line' id='line_1_4' title="bbox 253 750 1812 825; baseline -0.003 -17"><span class='ocrx_word' id='word_1_19' title='bbox 253 771 344 825; x_wconf 81' lang='lat' dir='ltr'><strong>jam</strong></span> <span class='ocrx_word' id='word_1_20' title='bbox 364 755 694 820; x_wconf 77' lang='lat' dir='ltr'><strong>desererent,</strong></span> <span class='ocrx_word' id='word_1_21' title='bbox 723 761 1164 810; x_wconf 89' lang='lat' dir='ltr'><strong>succensuerunt.</strong></span> <span class='ocrx_word' id='word_1_22' title='bbox 1182 752 1442 807; x_wconf 79' lang='lat' dir='ltr'><strong>Auctores</strong></span> <span class='ocrx_word' id='word_1_23' title='bbox 1464 751 1606 806; x_wconf 91' lang='lat' dir='ltr'><strong>enim</strong></span> <span class='ocrx_word' id='word_1_24' title='bbox 1630 750 1812 804; x_wconf 83' lang='lat' dir='ltr'><strong>docto-</strong></span> 
     </span>
    </p>
   </div>
   <div class='ocr_carea' id='block_1_5' title="bbox 255 843 1809 918">
    <p class='ocr_par' dir='ltr' id='par_1_5' title="bbox 255 843 1809 918">
     <span class='ocr_line' id='line_1_5' title="bbox 255 843 1809 918; baseline -0.005 -15"><span class='ocrx_word' id='word_1_25' title='bbox 255 863 427 918; x_wconf 83' lang='lat' dir='ltr'><strong>resque</strong></span> <span class='ocrx_word' id='word_1_26' title='bbox 487 855 826 916; x_wconf 87' lang='lat' dir='ltr'><strong>peccatorum</strong></span> <span class='ocrx_word' id='word_1_27' title='bbox 893 861 1010 902; x_wconf 88' lang='lat' dir='ltr'><strong>esse</strong></span> <span class='ocrx_word' id='word_1_28' title='bbox 1079 845 1367 911; x_wconf 89' lang='lat' dir='ltr'><strong>assolent,</strong></span> <span class='ocrx_word' id='word_1_29' title='bbox 1419 860 1520 897; x_wconf 90' lang='lat' dir='ltr'><strong>non</strong></span> <span class='ocrx_word' id='word_1_30' title='bbox 1590 843 1809 898; x_wconf 76' lang='lat' dir='ltr'><strong>ultores.</strong></span> 
     </span>
    </p>
   </div>
   <div class='ocr_carea' id='block_1_6' title="bbox 256 935 1814 1010">
    <p class='ocr_par' dir='ltr' id='par_1_6' title="bbox 256 935 1814 1010">
     <span class='ocr_line' id='line_1_6' title="bbox 256 935 1814 1010; baseline -0.005 -14"><span class='ocrx_word' id='word_1_31' title='bbox 256 940 420 997; x_wconf 85' lang='lat' dir='ltr'><strong>Urbem</strong></span> <span class='ocrx_word' id='word_1_32' title='bbox 439 939 681 1004; x_wconf 85' lang='lat' dir='ltr'><strong><em>Romam,</em></strong></span> <span class='ocrx_word' id='word_1_33' title='bbox 697 939 1184 1010; x_wconf 88' lang='lat' dir='ltr'><strong>inquitSallustius,</strong></span> <span class='ocrx_word' id='word_1_34' title='bbox 1209 939 1355 992; x_wconf 77' lang='lat' dir='ltr'><strong>sicuti</strong></span> <span class='ocrx_word' id='word_1_35' title='bbox 1376 951 1466 1008; x_wconf 87' lang='lat' dir='ltr'><strong>ego</strong></span> <span class='ocrx_word' id='word_1_36' title='bbox 1478 935 1667 1006; x_wconf 82' lang='lat' dir='ltr'><strong>accepi,</strong></span> <span class='ocrx_word' id='word_1_37' title='bbox 1695 950 1814 988; x_wconf 87' lang='lat' dir='ltr'><strong>con-</strong></span> 
     </span>
    </p>
   </div>
   <div class='ocr_carea' id='block_1_7' title="bbox 249 1025 1816 1102">
    <p class='ocr_par' dir='ltr' id='par_1_7' title="bbox 249 1025 1816 1102">
     <span class='ocr_line' id='line_1_7' title="bbox 249 1025 1816 1102; baseline -0.004 -15"><span class='ocrx_word' id='word_1_38' title='bbox 249 1034 404 1088; x_wconf 78' lang='lat' dir='ltr'><strong>didere</strong></span> <span class='ocrx_word' id='word_1_39' title='bbox 448 1044 600 1102; x_wconf 88' lang='lat' dir='ltr'><strong>atque</strong></span> <span class='ocrx_word' id='word_1_40' title='bbox 645 1031 866 1086; x_wconf 82' lang='lat' dir='ltr'><strong>habuere</strong></span> <span class='ocrx_word' id='word_1_41' title='bbox 893 1031 1034 1084; x_wconf 89' lang='lat' dir='ltr'><strong>initio</strong></span> <span class='ocrx_word' id='word_1_42' title='bbox 1069 1030 1280 1099; x_wconf 88' lang='lat' dir='ltr'><strong>Trojani</strong></span> <span class='ocrx_word' id='word_1_43' title='bbox 1309 1069 1323 1090; x_wconf 87' lang='lat'><strong>.</strong></span> <span class='ocrx_word' id='word_1_44' title='bbox 1366 1034 1449 1097; x_wconf 88' lang='lat' dir='ltr'><strong>qui</strong></span> <span class='ocrx_word' id='word_1_45' title='bbox 1485 1025 1656 1082; x_wconf 70' lang='grc' dir='ltr'><em>Αἶηεα</em></span> <span class='ocrx_word' id='word_1_46' title='bbox 1691 1026 1816 1080; x_wconf 81' lang='lat' dir='ltr'><strong>duce</strong></span> 
     </span>
    </p>
   </div>
   <div class='ocr_carea' id='block_1_8' title="bbox 251 1117 1815 1197">
    <p class='ocr_par' dir='ltr' id='par_1_8' title="bbox 251 1117 1815 1197">
     <span class='ocr_line' id='line_1_8' title="bbox 251 1117 1815 1197; baseline -0.005 -17"><span class='ocrx_word' id='word_1_47' title='bbox 251 1128 441 1197; x_wconf 76' lang='lat' dir='ltr'><strong>profugi</strong></span> <span class='ocrx_word' id='word_1_48' title='bbox 463 1126 662 1180; x_wconf 71' lang='lat' dir='ltr'><strong>sedibus</strong></span> <span class='ocrx_word' id='word_1_49' title='bbox 707 1127 909 1180; x_wconf 75' lang='lat' dir='ltr'><strong>incertis</strong></span> <span class='ocrx_word' id='word_1_50' title='bbox 933 1124 1238 1195; x_wconf 73' lang='lat' dir='ltr'><strong>uagabantur</strong></span> <span class='ocrx_word' id='word_1_51' title='bbox 1271 1121 1290 1194; x_wconf 94' lang='lat'><strong>(</strong></span> <span class='ocrx_word' id='word_1_52' title='bbox 1315 1121 1388 1176; x_wconf 85' lang='lat' dir='ltr'><strong>De</strong></span> <span class='ocrx_word' id='word_1_53' title='bbox 1425 1120 1654 1175; x_wconf 67' lang='lat' dir='ltr'><strong>Catilina</strong></span> <span class='ocrx_word' id='word_1_54' title='bbox 1682 1117 1815 1174; x_wconf 85' lang='lat' dir='ltr'><strong>Con-</strong></span> 
     </span>
    </p>
   </div>
   <div class='ocr_carea' id='block_1_9' title="bbox 239 1210 1813 1290">
    <p class='ocr_par' dir='ltr' id='par_1_9' title="bbox 239 1210 1813 1290">
     <span class='ocr_line' id='line_1_9' title="bbox 239 1210 1813 1290; baseline -0.004 -20"><span class='ocrx_word' id='word_1_55' title='bbox 239 1219 515 1290; x_wconf 82' lang='lat' dir='ltr'><strong>juratione,</strong></span> <span class='ocrx_word' id='word_1_56' title='bbox 547 1235 661 1286; x_wconf 85' lang='lat' dir='ltr'><strong>cap.</strong></span> <span class='ocrx_word' id='word_1_57' title='bbox 687 1217 720 1272; x_wconf 86' lang='lat'><strong>6</strong></span> <span class='ocrx_word' id='word_1_58' title='bbox 810 1217 864 1272; x_wconf 91' lang='lat' dir='ltr'><strong>Si</strong></span> <span class='ocrx_word' id='word_1_59' title='bbox 903 1231 1031 1285; x_wconf 86' lang='lat' dir='ltr'><strong>ergo</strong></span> <span class='ocrx_word' id='word_1_60' title='bbox 1073 1215 1386 1269; x_wconf 74' lang='lat' dir='ltr'><strong>adulterium</strong></span> <span class='ocrx_word' id='word_1_61' title='bbox 1415 1211 1617 1267; x_wconf 75' lang='lat' dir='ltr'><strong>Paridis</strong></span> <span class='ocrx_word' id='word_1_62' title='bbox 1645 1210 1813 1264; x_wconf 78' lang='lat' dir='ltr'><strong>vindi-</strong></span> 
     </span>
    </p>
   </div>
   <div class='ocr_carea' id='block_1_10' title="bbox 246 1304 1810 1376">
    <p class='ocr_par' dir='ltr' id='par_1_10' title="bbox 246 1304 1810 1376">
     <span class='ocr_line' id='line_1_10' title="bbox 246 1304 1810 1376; baseline -0.004 -12"><span class='ocrx_word' id='word_1_63' title='bbox 246 1308 461 1364; x_wconf 89' lang='lat' dir='ltr'><strong>candum</strong></span> <span class='ocrx_word' id='word_1_64' title='bbox 496 1311 713 1363; x_wconf 88' lang='lat' dir='ltr'><strong>numina</strong></span> <span class='ocrx_word' id='word_1_65' title='bbox 739 1316 1080 1370; x_wconf 87' lang='lat' dir='ltr'><strong>censuerunt,</strong></span> <span class='ocrx_word' id='word_1_66' title='bbox 1111 1316 1202 1361; x_wconf 91' lang='lat' dir='ltr'><strong>aut</strong></span> <span class='ocrx_word' id='word_1_67' title='bbox 1225 1305 1391 1376; x_wconf 88' lang='lat' dir='ltr'><strong>magis</strong></span> <span class='ocrx_word' id='word_1_68' title='bbox 1421 1307 1470 1359; x_wconf 94' lang='lat' dir='ltr'><strong>in</strong></span> <span class='ocrx_word' id='word_1_69' title='bbox 1500 1304 1810 1371; x_wconf 76' lang='lat' dir='ltr'><strong>Romanis&#39;,</strong></span> 
     </span>
    </p>
   </div>
   <div class='ocr_carea' id='block_1_11' title="bbox 245 1396 1810 1466">
    <p class='ocr_par' dir='ltr' id='par_1_11' title="bbox 245 1396 1810 1466">
     <span class='ocr_line' id='line_1_11' title="bbox 245 1396 1810 1466; baseline 0 -14"><span class='ocrx_word' id='word_1_70' title='bbox 245 1411 325 1453; x_wconf 81' lang='lat' dir='ltr'><strong>aut</strong></span> <span class='ocrx_word' id='word_1_71' title='bbox 347 1413 498 1455; x_wconf 86' lang='lat' dir='ltr'><strong>certe</strong></span> <span class='ocrx_word' id='word_1_72' title='bbox 555 1403 714 1454; x_wconf 86' lang='lat' dir='ltr'><strong>etiam</strong></span> <span class='ocrx_word' id='word_1_73' title='bbox 763 1400 815 1453; x_wconf 92' lang='lat' dir='ltr'><strong>in</strong></span> <span class='ocrx_word' id='word_1_74' title='bbox 863 1398 1114 1454; x_wconf 80' lang='lat' dir='ltr'><strong>Romanis</strong></span> <span class='ocrx_word' id='word_1_75' title='bbox 1145 1397 1467 1466; x_wconf 90' lang='lat' dir='ltr'><strong>puniendum</strong></span> <span class='ocrx_word' id='word_1_76' title='bbox 1509 1396 1637 1461; x_wconf 90' lang='lat' dir='ltr'><strong>fuit;</strong></span> <span class='ocrx_word' id='word_1_77' title='bbox 1688 1397 1810 1465; x_wconf 84' lang='lat' dir='ltr'><strong>quia</strong></span> 
     </span>
    </p>
   </div>
   <div class='ocr_carea' id='block_1_12' title="bbox 245 1487 1812 1561">
    <p class='ocr_par' dir='ltr' id='par_1_12' title="bbox 245 1487 1812 1561">
     <span class='ocr_line' id='line_1_12' title="bbox 245 1487 1812 1561; baseline -0.003 -18"><span class='ocrx_word' id='word_1_78' title='bbox 245 1489 420 1544; x_wconf 67' lang='lat' dir='ltr'><strong>Aineac</strong></span> <span class='ocrx_word' id='word_1_79' title='bbox 475 1500 648 1544; x_wconf 89' lang='lat' dir='ltr'><strong>mater</strong></span> <span class='ocrx_word' id='word_1_80' title='bbox 692 1488 808 1561; x_wconf 84' lang='grc' dir='ltr'><strong>(α)</strong></span> <span class='ocrx_word' id='word_1_81' title='bbox 868 1489 968 1543; x_wconf 88' lang='lat' dir='ltr'><strong>hoc</strong></span> <span class='ocrx_word' id='word_1_82' title='bbox 1007 1489 1146 1542; x_wconf 84' lang='lat' dir='ltr'><strong>fecit.</strong></span> <span class='ocrx_word' id='word_1_83' title='bbox 1191 1487 1294 1542; x_wconf 87' lang='lat' dir='ltr'><strong>Sed</strong></span> <span class='ocrx_word' id='word_1_84' title='bbox 1339 1487 1604 1557; x_wconf 89' lang='lat' dir='ltr'><strong>quomodo</strong></span> <span class='ocrx_word' id='word_1_85' title='bbox 1641 1487 1694 1540; x_wconf 93' lang='lat' dir='ltr'><strong>in</strong></span> <span class='ocrx_word' id='word_1_86' title='bbox 1723 1487 1812 1540; x_wconf 92' lang='lat' dir='ltr'><strong>illo</strong></span> 
     </span>
    </p>
   </div>
   <div class='ocr_carea' id='block_1_13' title="bbox 245 1579 1808 1652">
    <p class='ocr_par' dir='ltr' id='par_1_13' title="bbox 245 1579 1808 1652">
     <span class='ocr_line' id='line_1_13' title="bbox 245 1579 1808 1652; baseline -0.003 -16"><span class='ocrx_word' id='word_1_87' title='bbox 245 1581 361 1636; x_wconf 86' lang='lat' dir='ltr'><strong>illud</strong></span> <span class='ocrx_word' id='word_1_88' title='bbox 386 1583 646 1652; x_wconf 80' lang='lat' dir='ltr'><strong>ﬂagitium</strong></span> <span class='ocrx_word' id='word_1_89' title='bbox 672 1581 897 1636; x_wconf 85' lang='lat' dir='ltr'><strong>oderant</strong></span> <span class='ocrx_word' id='word_1_90' title='bbox 920 1623 936 1646; x_wconf 88' lang='lat'><strong>,</strong></span> <span class='ocrx_word' id='word_1_91' title='bbox 985 1581 1074 1650; x_wconf 87' lang='lat' dir='ltr'><strong>qui</strong></span> <span class='ocrx_word' id='word_1_92' title='bbox 1101 1581 1154 1634; x_wconf 91' lang='lat' dir='ltr'><strong>in</strong></span> <span class='ocrx_word' id='word_1_93' title='bbox 1177 1595 1271 1635; x_wconf 89' lang='lat' dir='ltr'><strong>sua</strong></span> <span class='ocrx_word' id='word_1_94' title='bbox 1297 1579 1441 1633; x_wconf 87' lang='lat' dir='ltr'><strong>socia</strong></span> <span class='ocrx_word' id='word_1_95' title='bbox 1471 1579 1674 1634; x_wconf 76' lang='lat' dir='ltr'><strong>Venere</strong></span> <span class='ocrx_word' id='word_1_96' title='bbox 1705 1593 1808 1633; x_wconf 92' lang='lat' dir='ltr'><strong>non</strong></span> 
     </span>
    </p>
   </div>
   <div class='ocr_carea' id='block_1_14' title="bbox 242 1669 1811 1742">
    <p class='ocr_par' dir='ltr' id='par_1_14' title="bbox 242 1669 1811 1742">
     <span class='ocr_line' id='line_1_14' title="bbox 242 1669 1811 1742; baseline -0.003 -16"><span class='ocrx_word' id='word_1_97' title='bbox 242 1673 454 1726; x_wconf 87' lang='lat' dir='ltr'><strong>oderant</strong></span> <span class='ocrx_word' id='word_1_98' title='bbox 486 1675 583 1742; x_wconf 92' lang='lat' dir='ltr'><strong>(ut</strong></span> <span class='ocrx_word' id='word_1_99' title='bbox 638 1673 737 1726; x_wconf 87' lang='lat' dir='ltr'><strong>alia</strong></span> <span class='ocrx_word' id='word_1_100' title='bbox 767 1671 1041 1740; x_wconf 89' lang='lat' dir='ltr'><strong>omittam)</strong></span> <span class='ocrx_word' id='word_1_101' title='bbox 1094 1669 1234 1740; x_wconf 93' lang='lat' dir='ltr'><strong>quod</strong></span> <span class='ocrx_word' id='word_1_102' title='bbox 1264 1686 1383 1725; x_wconf 91' lang='lat' dir='ltr'><strong>cum</strong></span> <span class='ocrx_word' id='word_1_103' title='bbox 1409 1670 1638 1724; x_wconf 85' lang='lat' dir='ltr'><strong>Anchise</strong></span> <span class='ocrx_word' id='word_1_104' title='bbox 1666 1685 1811 1724; x_wconf 84' lang='lat' dir='ltr'><strong>com-</strong></span> 
     </span>
    </p>
   </div>
   <div class='ocr_carea' id='block_1_15' title="bbox 246 1759 1810 1834">
    <p class='ocr_par' dir='ltr' id='par_1_15' title="bbox 246 1759 1810 1834">
     <span class='ocr_line' id='line_1_15' title="bbox 246 1759 1810 1834; baseline -0.003 -15"><span class='ocrx_word' id='word_1_105' title='bbox 246 1764 488 1826; x_wconf 84' lang='lat' dir='ltr'><strong>miserat.</strong></span> <span class='ocrx_word' id='word_1_106' title='bbox 534 1779 600 1818; x_wconf 80' lang='lat' dir='ltr'><strong>ex</strong></span> <span class='ocrx_word' id='word_1_107' title='bbox 643 1779 748 1834; x_wconf 94' lang='lat' dir='ltr'><strong>quo</strong></span> <span class='ocrx_word' id='word_1_108' title='bbox 792 1762 998 1817; x_wconf 67' lang='lat' dir='ltr'><strong>Enean</strong></span> <span class='ocrx_word' id='word_1_109' title='bbox 1049 1762 1375 1832; x_wconf 84' lang='lat' dir='ltr'><strong>pepererat?</strong></span> <span class='ocrx_word' id='word_1_110' title='bbox 1424 1761 1504 1814; x_wconf 86' lang='lat' dir='ltr'><strong>An</strong></span> <span class='ocrx_word' id='word_1_111' title='bbox 1531 1761 1652 1829; x_wconf 86' lang='lat' dir='ltr'><strong>quia</strong></span> <span class='ocrx_word' id='word_1_112' title='bbox 1681 1759 1810 1814; x_wconf 89' lang='lat' dir='ltr'><strong>illud</strong></span> 
     </span>
    </p>
   </div>
   <div class='ocr_carea' id='block_1_16' title="bbox 245 1854 1808 1924">
    <p class='ocr_par' dir='ltr' id='par_1_16' title="bbox 245 1854 1808 1924">
     <span class='ocr_line' id='line_1_16' title="bbox 245 1854 1808 1924; baseline -0.001 -15"><span class='ocrx_word' id='word_1_113' title='bbox 245 1855 426 1910; x_wconf 78' lang='lat' dir='ltr'><strong>factum</strong></span> <span class='ocrx_word' id='word_1_114' title='bbox 461 1865 544 1909; x_wconf 87' lang='lat' dir='ltr'><strong>est</strong></span> <span class='ocrx_word' id='word_1_115' title='bbox 569 1855 875 1924; x_wconf 77' lang='lat' dir='ltr'><strong>indignante</strong></span> <span class='ocrx_word' id='word_1_116' title='bbox 899 1855 1130 1909; x_wconf 79' lang='lat' dir='ltr'><strong>Menelao</strong></span> <span class='ocrx_word' id='word_1_117' title='bbox 1161 1896 1178 1921; x_wconf 92' lang='lat'><strong>,</strong></span> <span class='ocrx_word' id='word_1_118' title='bbox 1225 1854 1351 1908; x_wconf 91' lang='lat' dir='ltr'><strong>illud</strong></span> <span class='ocrx_word' id='word_1_119' title='bbox 1395 1862 1570 1908; x_wconf 88' lang='lat' dir='ltr'><strong>autem</strong></span> <span class='ocrx_word' id='word_1_120' title='bbox 1615 1867 1808 1908; x_wconf 89' lang='lat' dir='ltr'><strong>conce-</strong></span> 
     </span>
    </p>
   </div>
   <div class='ocr_carea' id='block_1_17' title="bbox 243 1945 1812 2017">
    <p class='ocr_par' dir='ltr' id='par_1_17' title="bbox 243 1945 1812 2017">
     <span class='ocr_line' id='line_1_17' title="bbox 243 1945 1812 2017; baseline 0.001 -18"><span class='ocrx_word' id='word_1_121' title='bbox 243 1946 393 2001; x_wconf 85' lang='lat' dir='ltr'><strong>dente</strong></span> <span class='ocrx_word' id='word_1_122' title='bbox 416 1946 657 2000; x_wconf 75' lang='lat' dir='ltr'><strong>Vulcano</strong></span> <span class='ocrx_word' id='word_1_123' title='bbox 698 1947 716 2017; x_wconf 89' lang='lat'><strong>(</strong></span> <span class='ocrx_word' id='word_1_124' title='bbox 745 1946 775 1999; x_wconf 88' lang='lat' dir='ltr'><strong>b</strong></span> <span class='ocrx_word' id='word_1_125' title='bbox 803 1946 820 2016; x_wconf 96' lang='lat'><strong>)</strong></span> <span class='ocrx_word' id='word_1_126' title='bbox 851 1945 874 1999; x_wconf 86' lang='lat'><strong>?</strong></span> <span class='ocrx_word' id='word_1_127' title='bbox 921 1946 998 2000; x_wconf 93' lang='lat' dir='ltr'><strong>Dii</strong></span> <span class='ocrx_word' id='word_1_128' title='bbox 1042 1945 1182 2000; x_wconf 92' lang='lat' dir='ltr'><strong>enim</strong></span> <span class='ocrx_word' id='word_1_129' title='bbox 1212 1986 1228 2012; x_wconf 89' lang='lat'><strong>,</strong></span> <span class='ocrx_word' id='word_1_130' title='bbox 1259 1946 1419 2000; x_wconf 80' lang='lat' dir='ltr'><strong>credo</strong></span> <span class='ocrx_word' id='word_1_131' title='bbox 1439 1987 1454 2010; x_wconf 91' lang='lat'><strong>,</strong></span> <span class='ocrx_word' id='word_1_132' title='bbox 1492 1961 1596 1999; x_wconf 92' lang='lat' dir='ltr'><strong>non</strong></span> <span class='ocrx_word' id='word_1_133' title='bbox 1639 1945 1812 2000; x_wconf 83' lang='lat' dir='ltr'><strong>zelant</strong></span> 
     </span>
    </p>
   </div>
   <div class='ocr_carea' id='block_1_18' title="bbox 247 2036 1811 2110">
    <p class='ocr_par' dir='ltr' id='par_1_18' title="bbox 247 2036 1811 2110">
     <span class='ocr_line' id='line_1_18' title="bbox 247 2036 1811 2110; baseline -0.002 -17"><span class='ocrx_word' id='word_1_134' title='bbox 247 2043 484 2109; x_wconf 83' lang='lat' dir='ltr'><strong>c0njnges</strong></span> <span class='ocrx_word' id='word_1_135' title='bbox 513 2055 674 2106; x_wconf 84' lang='lat' dir='ltr'><strong>suas,</strong></span> <span class='ocrx_word' id='word_1_136' title='bbox 717 2055 886 2110; x_wconf 86' lang='lat' dir='ltr'><strong>usque</strong></span> <span class='ocrx_word' id='word_1_137' title='bbox 914 2039 1046 2094; x_wconf 90' lang='lat' dir='ltr'><strong>adeo</strong></span> <span class='ocrx_word' id='word_1_138' title='bbox 1077 2047 1133 2092; x_wconf 92' lang='lat' dir='ltr'><strong>ut</strong></span> <span class='ocrx_word' id='word_1_139' title='bbox 1171 2053 1260 2093; x_wconf 89' lang='lat' dir='ltr'><strong>eas</strong></span> <span class='ocrx_word' id='word_1_140' title='bbox 1289 2038 1448 2093; x_wconf 88' lang='lat' dir='ltr'><strong>etiam</strong></span> <span class='ocrx_word' id='word_1_141' title='bbox 1489 2053 1609 2091; x_wconf 90' lang='lat' dir='ltr'><strong>cum</strong></span> <span class='ocrx_word' id='word_1_142' title='bbox 1642 2036 1811 2090; x_wconf 84' lang='lat' dir='ltr'><strong>homi-</strong></span> 
     </span>
    </p>
   </div>
   <div class='ocr_carea' id='block_1_19' title="bbox 243 2128 1809 2200">
    <p class='ocr_par' dir='ltr' id='par_1_19' title="bbox 243 2128 1809 2200">
     <span class='ocr_line' id='line_1_19' title="bbox 243 2128 1809 2200; baseline -0.001 -17"><span class='ocrx_word' id='word_1_143' title='bbox 243 2131 391 2183; x_wconf 84' lang='lat' dir='ltr'><strong>nibus</strong></span> <span class='ocrx_word' id='word_1_144' title='bbox 437 2132 724 2200; x_wconf 88' lang='lat' dir='ltr'><strong>dignentnr</strong></span> <span class='ocrx_word' id='word_1_145' title='bbox 772 2130 967 2184; x_wconf 86' lang='lat' dir='ltr'><strong>habere</strong></span> <span class='ocrx_word' id='word_1_146' title='bbox 994 2145 1320 2185; x_wconf 87' lang='lat' dir='ltr'><strong>communes.</strong></span> <span class='ocrx_word' id='word_1_147' title='bbox 1355 2128 1584 2184; x_wconf 90' lang='lat' dir='ltr'><strong>lrridere</strong></span> <span class='ocrx_word' id='word_1_148' title='bbox 1606 2128 1809 2182; x_wconf 87' lang='lat' dir='ltr'><strong>fabulas</strong></span> 
     </span>
    </p>
   </div>
   <div class='ocr_carea' id='block_1_20' title="bbox 241 2219 1810 2292">
    <p class='ocr_par' dir='ltr' id='par_1_20' title="bbox 241 2219 1810 2292">
     <span class='ocr_line' id='line_1_20' title="bbox 241 2219 1810 2292; baseline 0 -18"><span class='ocrx_word' id='word_1_149' title='bbox 241 2221 472 2276; x_wconf 87' lang='lat' dir='ltr'><strong>fortassis</strong></span> <span class='ocrx_word' id='word_1_150' title='bbox 496 2223 772 2276; x_wconf 80' lang='lat' dir='ltr'><strong>existimor</strong></span> <span class='ocrx_word' id='word_1_151' title='bbox 795 2262 810 2286; x_wconf 93' lang='lat'><strong>,</strong></span> <span class='ocrx_word' id='word_1_152' title='bbox 840 2237 939 2276; x_wconf 87' lang='lat' dir='ltr'><strong>nec</strong></span> <span class='ocrx_word' id='word_1_153' title='bbox 964 2221 1194 2291; x_wconf 79' lang='lat' dir='ltr'><strong>graviter</strong></span> <span class='ocrx_word' id='word_1_154' title='bbox 1217 2236 1373 2292; x_wconf 88' lang='lat' dir='ltr'><strong>agere</strong></span> <span class='ocrx_word' id='word_1_155' title='bbox 1403 2221 1532 2274; x_wconf 89' lang='lat' dir='ltr'><strong>tanti</strong></span> <span class='ocrx_word' id='word_1_156' title='bbox 1561 2219 1810 2290; x_wconf 90' lang='lat' dir='ltr'><strong>ponderis</strong></span> 
     </span>
    </p>
   </div>
   <div class='ocr_carea' id='block_1_21' title="bbox 240 2313 1810 2384">
    <p class='ocr_par' dir='ltr' id='par_1_21' title="bbox 240 2313 1810 2384">
     <span class='ocr_line' id='line_1_21' title="bbox 240 2313 1810 2384; baseline 0 -16"><span class='ocrx_word' id='word_1_157' title='bbox 240 2329 466 2368; x_wconf 76' lang='lat' dir='ltr'><strong>causam.</strong></span> <span class='ocrx_word' id='word_1_158' title='bbox 496 2313 612 2369; x_wconf 80' lang='lat' dir='ltr'><strong>Non</strong></span> <span class='ocrx_word' id='word_1_159' title='bbox 643 2331 772 2384; x_wconf 85' lang='lat' dir='ltr'><strong>ergo</strong></span> <span class='ocrx_word' id='word_1_160' title='bbox 799 2316 1081 2370; x_wconf 89' lang='lat' dir='ltr'><strong>credamus</strong></span> <span class='ocrx_word' id='word_1_161' title='bbox 1100 2357 1115 2381; x_wconf 90' lang='lat'><strong>,</strong></span> <span class='ocrx_word' id='word_1_162' title='bbox 1147 2315 1192 2369; x_wconf 90' lang='lat' dir='ltr'><strong>si</strong></span> <span class='ocrx_word' id='word_1_163' title='bbox 1217 2315 1418 2384; x_wconf 90' lang='lat' dir='ltr'><strong>placet,</strong></span> <span class='ocrx_word' id='word_1_164' title='bbox 1455 2315 1660 2369; x_wconf 67' lang='lat' dir='ltr'><strong>Enean</strong></span> <span class='ocrx_word' id='word_1_165' title='bbox 1693 2329 1810 2369; x_wconf 88' lang='lat' dir='ltr'><strong>esse</strong></span> 
     </span>
    </p>
   </div>
   <div class='ocr_carea' id='block_1_22' title="bbox 244 2405 1810 2472">
    <p class='ocr_par' dir='ltr' id='par_1_22' title="bbox 244 2405 1810 2472">
     <span class='ocr_line' id='line_1_22' title="bbox 244 2405 1810 2472; baseline 0.001 -13"><span class='ocrx_word' id='word_1_166' title='bbox 244 2405 452 2464; x_wconf 69' lang='lat' dir='ltr'><strong>Teneris</strong></span> <span class='ocrx_word' id='word_1_167' title='bbox 472 2406 642 2463; x_wconf 80' lang='lat' dir='ltr'><strong>lilium</strong></span> <span class='ocrx_word' id='word_1_168' title='bbox 666 2427 678 2462; x_wconf 91' lang='lat'>:</span> <span class='ocrx_word' id='word_1_169' title='bbox 706 2422 831 2463; x_wconf 89' lang='lat' dir='ltr'><strong>ecce</strong></span> <span class='ocrx_word' id='word_1_170' title='bbox 862 2406 1096 2462; x_wconf 86' lang='lat' dir='ltr'><strong>concedo</strong></span> <span class='ocrx_word' id='word_1_171' title='bbox 1115 2449 1130 2472; x_wconf 92' lang='lat'><strong>,</strong></span> <span class='ocrx_word' id='word_1_172' title='bbox 1161 2408 1205 2461; x_wconf 89' lang='lat' dir='ltr'><strong>si</strong></span> <span class='ocrx_word' id='word_1_173' title='bbox 1238 2423 1335 2462; x_wconf 89' lang='lat' dir='ltr'><strong>nec</strong></span> <span class='ocrx_word' id='word_1_174' title='bbox 1357 2407 1640 2461; x_wconf 87' lang='lat' dir='ltr'><strong>Romulum</strong></span> <span class='ocrx_word' id='word_1_175' title='bbox 1672 2405 1810 2460; x_wconf 63' lang='lat' dir='ltr'><strong>Maro</strong></span> 
     </span>
    </p>
   </div>
   <div class='ocr_carea' id='block_1_23' title="bbox 242 2497 1812 2570">
    <p class='ocr_par' dir='ltr' id='par_1_23' title="bbox 242 2497 1812 2570">
     <span class='ocr_line' id='line_1_23' title="bbox 242 2497 1812 2570; baseline 0 -18"><span class='ocrx_word' id='word_1_176' title='bbox 242 2502 298 2553; x_wconf 89' lang='lat' dir='ltr'><strong>tis</strong></span> <span class='ocrx_word' id='word_1_177' title='bbox 337 2501 460 2570; x_wconf 77' lang='grc' dir='ltr'><strong>(ε).</strong></span> <span class='ocrx_word' id='word_1_178' title='bbox 519 2498 575 2554; x_wconf 93' lang='lat' dir='ltr'><strong>Si</strong></span> <span class='ocrx_word' id='word_1_179' title='bbox 619 2508 798 2554; x_wconf 88' lang='lat' dir='ltr'><strong>autem</strong></span> <span class='ocrx_word' id='word_1_180' title='bbox 836 2498 992 2563; x_wconf 91' lang='lat' dir='ltr'><strong>illud,</strong></span> <span class='ocrx_word' id='word_1_181' title='bbox 1025 2515 1120 2553; x_wconf 88' lang='lat' dir='ltr'><strong>cur</strong></span> <span class='ocrx_word' id='word_1_182' title='bbox 1153 2515 1257 2554; x_wconf 91' lang='lat' dir='ltr'><strong>non</strong></span> <span class='ocrx_word' id='word_1_183' title='bbox 1299 2507 1351 2554; x_wconf 91' lang='lat' dir='ltr'><strong>et</strong></span> <span class='ocrx_word' id='word_1_184' title='bbox 1379 2498 1548 2554; x_wconf 81' lang='lat' dir='ltr'><strong>illud?</strong></span> <span class='ocrx_word' id='word_1_185' title='bbox 1573 2501 1654 2553; x_wconf 86' lang='lat' dir='ltr'><strong>An</strong></span> <span class='ocrx_word' id='word_1_186' title='bbox 1683 2497 1812 2553; x_wconf 91' lang='lat' dir='ltr'><strong>deos</strong></span> 
     </span>
    </p>
   </div>
   <div class='ocr_carea' id='block_1_24' title="bbox 244 2589 1812 2656">
    <p class='ocr_par' dir='ltr' id='par_1_24' title="bbox 244 2589 1812 2656">
     <span class='ocr_line' id='line_1_24' title="bbox 244 2589 1812 2656; baseline 0 -12"><span class='ocrx_word' id='word_1_187' title='bbox 244 2591 313 2646; x_wconf 83' lang='lat' dir='ltr'><strong>las</strong></span> <span class='ocrx_word' id='word_1_188' title='bbox 354 2601 437 2646; x_wconf 88' lang='lat' dir='ltr'><strong>est</strong></span> <span class='ocrx_word' id='word_1_189' title='bbox 487 2591 794 2645; x_wconf 84' lang='lat' dir='ltr'><strong>hominibus</strong></span> <span class='ocrx_word' id='word_1_190' title='bbox 832 2590 1076 2656; x_wconf 80' lang='lat' dir='ltr'><strong>feminis,</strong></span> <span class='ocrx_word' id='word_1_191' title='bbox 1120 2605 1294 2646; x_wconf 90' lang='lat' dir='ltr'><strong>mares</strong></span> <span class='ocrx_word' id='word_1_192' title='bbox 1345 2600 1522 2645; x_wconf 86' lang='lat' dir='ltr'><strong>autem</strong></span> <span class='ocrx_word' id='word_1_193' title='bbox 1568 2589 1812 2644; x_wconf 87' lang='lat' dir='ltr'><strong>homines</strong></span> 
     </span>
    </p>
   </div>
   <div class='ocr_carea' id='block_1_25' title="bbox 241 2664 1808 2754">
    <p class='ocr_par' dir='ltr' id='par_1_25' title="bbox 241 2664 1808 2754">
     <span class='ocr_line' id='line_1_25' title="bbox 241 2664 1808 2754; baseline -0.001 -16"><span class='ocrx_word' id='word_1_194' title='bbox 241 2685 426 2739; x_wconf 87' lang='lat' dir='ltr'><strong>deabus</strong></span> <span class='ocrx_word' id='word_1_195' title='bbox 444 2685 661 2740; x_wconf 85' lang='lat' dir='ltr'><strong>misceri</strong></span> <span class='ocrx_word' id='word_1_196' title='bbox 694 2683 840 2739; x_wconf 91' lang='lat' dir='ltr'><strong>nefas</strong></span> <span class='ocrx_word' id='word_1_197' title='bbox 863 2686 887 2738; x_wconf 87' lang='lat'><strong>?</strong></span> <span class='ocrx_word' id='word_1_198' title='bbox 908 2685 1064 2748; x_wconf 91' lang='lat' dir='ltr'><strong>Dura,</strong></span> <span class='ocrx_word' id='word_1_199' title='bbox 1089 2685 1173 2738; x_wconf 86' lang='lat' dir='ltr'><strong>vel</strong></span> <span class='ocrx_word' id='word_1_200' title='bbox 1205 2685 1376 2754; x_wconf 89' lang='lat' dir='ltr'><strong>potius</strong></span> <span class='ocrx_word' id='word_1_201' title='bbox 1405 2699 1508 2738; x_wconf 94' lang='lat' dir='ltr'><strong>non</strong></span> <span class='ocrx_word' id='word_1_202' title='bbox 1548 2664 1808 2738; x_wconf 81' lang='lat' dir='ltr'><strong>credenda</strong></span> 
     </span>
    </p>
   </div>
   <div class='ocr_carea' id='block_1_26' title="bbox 242 2774 1809 2848">
    <p class='ocr_par' dir='ltr' id='par_1_26' title="bbox 242 2774 1809 2848">
     <span class='ocr_line' id='line_1_26' title="bbox 242 2774 1809 2848; baseline -0.004 -15"><span class='ocrx_word' id='word_1_203' title='bbox 242 2778 483 2845; x_wconf 84' lang='lat' dir='ltr'><strong>conditio,</strong></span> <span class='ocrx_word' id='word_1_204' title='bbox 513 2777 658 2848; x_wconf 91' lang='lat' dir='ltr'><strong>quod</strong></span> <span class='ocrx_word' id='word_1_205' title='bbox 684 2792 747 2832; x_wconf 80' lang='lat' dir='ltr'><strong>ex</strong></span> <span class='ocrx_word' id='word_1_206' title='bbox 770 2777 888 2846; x_wconf 87' lang='lat' dir='ltr'><strong>jure</strong></span> <span class='ocrx_word' id='word_1_207' title='bbox 913 2775 1136 2832; x_wconf 82' lang='lat' dir='ltr'><strong>Veneris</strong></span> <span class='ocrx_word' id='word_1_208' title='bbox 1164 2776 1218 2830; x_wconf 93' lang='lat' dir='ltr'><strong>in</strong></span> <span class='ocrx_word' id='word_1_209' title='bbox 1240 2775 1520 2830; x_wconf 87' lang='lat' dir='ltr'><strong>concubitu</strong></span> <span class='ocrx_word' id='word_1_210' title='bbox 1549 2775 1700 2830; x_wconf 82' lang='lat' dir='ltr'><strong>Marti</strong></span> <span class='ocrx_word' id='word_1_211' title='bbox 1743 2774 1809 2828; x_wconf 86' lang='lat' dir='ltr'><strong>li-</strong></span> 
     </span>
    </p>
   </div>
   <div class='ocr_carea' id='block_1_27' title="bbox 240 2868 1809 2938">
    <p class='ocr_par' dir='ltr' id='par_1_27' title="bbox 240 2868 1809 2938">
     <span class='ocr_line' id='line_1_27' title="bbox 240 2868 1809 2938; baseline 0.001 -16"><span class='ocrx_word' id='word_1_212' title='bbox 240 2871 353 2932; x_wconf 83' lang='lat' dir='ltr'><strong>cuit,</strong></span> <span class='ocrx_word' id='word_1_213' title='bbox 378 2868 480 2923; x_wconf 86' lang='lat' dir='ltr'><strong>hoc</strong></span> <span class='ocrx_word' id='word_1_214' title='bbox 509 2870 562 2922; x_wconf 88' lang='lat' dir='ltr'><strong>in</strong></span> <span class='ocrx_word' id='word_1_215' title='bbox 589 2868 712 2938; x_wconf 89' lang='lat' dir='ltr'><strong>jure</strong></span> <span class='ocrx_word' id='word_1_216' title='bbox 727 2870 938 2938; x_wconf 86' lang='lat' dir='ltr'><strong>suoipsi</strong></span> <span class='ocrx_word' id='word_1_217' title='bbox 970 2869 1159 2926; x_wconf 87' lang='lat' dir='ltr'><strong>Veneri</strong></span> <span class='ocrx_word' id='word_1_218' title='bbox 1184 2883 1286 2924; x_wconf 90' lang='lat' dir='ltr'><strong>non</strong></span> <span class='ocrx_word' id='word_1_219' title='bbox 1313 2868 1490 2926; x_wconf 88' lang='lat' dir='ltr'><strong>licere.</strong></span> <span class='ocrx_word' id='word_1_220' title='bbox 1516 2873 1584 2924; x_wconf 87' lang='lat' dir='ltr'><strong>At</strong></span> <span class='ocrx_word' id='word_1_221' title='bbox 1607 2879 1809 2924; x_wconf 87' lang='lat' dir='ltr'><strong>utrum-</strong></span> 
     </span>
    </p>
   </div>
   <div class='ocr_carea' id='block_1_28' title="bbox 243 2959 1809 3034">
    <p class='ocr_par' dir='ltr' id='par_1_28' title="bbox 243 2959 1809 3034">
     <span class='ocr_line' id='line_1_28' title="bbox 243 2959 1809 3034; baseline 0.005 -24"><span class='ocrx_word' id='word_1_222' title='bbox 243 2975 333 3028; x_wconf 85' lang='lat' dir='ltr'><strong>que</strong></span> <span class='ocrx_word' id='word_1_223' title='bbox 383 2959 653 3014; x_wconf 88' lang='lat' dir='ltr'><strong>lirmatum</strong></span> <span class='ocrx_word' id='word_1_224' title='bbox 695 2974 777 3016; x_wconf 71' lang='lat' dir='ltr'><strong>eat</strong></span> <span class='ocrx_word' id='word_1_225' title='bbox 823 2962 1134 3017; x_wconf 87' lang='lat' dir='ltr'><strong>auctoritate</strong></span> <span class='ocrx_word' id='word_1_226' title='bbox 1162 2962 1421 3017; x_wconf 87' lang='lat' dir='ltr'><strong>Romana.</strong></span> <span class='ocrx_word' id='word_1_227' title='bbox 1452 2962 1633 3034; x_wconf 84' lang='lat' dir='ltr'><strong>Neque</strong></span> <span class='ocrx_word' id='word_1_228' title='bbox 1667 2964 1809 3018; x_wconf 91' lang='lat' dir='ltr'><strong>enim</strong></span> 
     </span>
    </p>
   </div>
   <div class='ocr_carea' id='block_1_29' title="bbox 243 3050 1809 3127">
    <p class='ocr_par' dir='ltr' id='par_1_29' title="bbox 243 3050 1809 3127">
     <span class='ocr_line' id='line_1_29' title="bbox 243 3050 1809 3127; baseline 0.004 -25"><span class='ocrx_word' id='word_1_229' title='bbox 243 3050 403 3104; x_wconf 87' lang='lat' dir='ltr'><strong>minus</strong></span> <span class='ocrx_word' id='word_1_230' title='bbox 426 3051 662 3106; x_wconf 86' lang='lat' dir='ltr'><strong>credidit</strong></span> <span class='ocrx_word' id='word_1_231' title='bbox 689 3054 955 3108; x_wconf 89' lang='lat' dir='ltr'><strong>recentior</strong></span> <span class='ocrx_word' id='word_1_232' title='bbox 981 3054 1157 3108; x_wconf 69' lang='lat' dir='ltr'><strong>Caesar</strong></span> <span class='ocrx_word' id='word_1_233' title='bbox 1184 3057 1356 3109; x_wconf 85' lang='lat' dir='ltr'><strong>aviam</strong></span> <span class='ocrx_word' id='word_1_234' title='bbox 1395 3053 1656 3111; x_wconf 86' lang='lat' dir='ltr'><strong>Venerem</strong></span> <span class='ocrx_word' id='word_1_235' title='bbox 1689 3056 1768 3127; x_wconf 81' lang='grc' dir='ltr'><strong>(ά)</strong></span> <span class='ocrx_word' id='word_1_236' title='bbox 1791 3097 1809 3123; x_wconf 85' lang='grc'><strong><em>,</em></strong></span> 
     </span>
    </p>
   </div>
   <div class='ocr_carea' id='block_1_30' title="bbox 241 3143 1456 3214">
    <p class='ocr_par' dir='ltr' id='par_1_30' title="bbox 241 3143 1456 3214">
     <span class='ocr_line' id='line_1_30' title="bbox 241 3143 1456 3214; baseline 0.008 -21"><span class='ocrx_word' id='word_1_237' title='bbox 241 3158 383 3210; x_wconf 84' lang='lat' dir='ltr'><strong>quam</strong></span> <span class='ocrx_word' id='word_1_238' title='bbox 409 3153 619 3214; x_wconf 84' lang='lat' dir='ltr'><strong>patrem</strong></span> <span class='ocrx_word' id='word_1_239' title='bbox 650 3143 916 3214; x_wconf 87' lang='lat' dir='ltr'><strong>antiquior</strong></span> <span class='ocrx_word' id='word_1_240' title='bbox 939 3145 1195 3202; x_wconf 80' lang='lat' dir='ltr'><strong>Romulus</strong></span> <span class='ocrx_word' id='word_1_241' title='bbox 1216 3146 1456 3203; x_wconf 83' lang='lat' dir='ltr'><strong>Martem.</strong></span> 
     </span>
    </p>
   </div>
   <div class='ocr_carea' id='block_1_31' title="bbox 242 3257 1812 3332">
    <p class='ocr_par' dir='ltr' id='par_1_31' title="bbox 242 3257 1812 3332">
     <span class='ocr_line' id='line_1_31' title="bbox 242 3257 1812 3332; baseline 0.003 -21"><span class='ocrx_word' id='word_1_242' title='bbox 242 3257 454 3314; x_wconf 74' lang='lat' dir='ltr'><strong>CAPUT</strong></span> <span class='ocrx_word' id='word_1_243' title='bbox 481 3259 572 3313; x_wconf 77' lang='grc' dir='ltr'><strong>ιν.</strong></span> <span class='ocrx_word' id='word_1_244' title='bbox 601 3289 674 3298; x_wconf 93' lang='lat'><strong>—-</strong></span> <span class='ocrx_word' id='word_1_245' title='bbox 703 3257 780 3314; x_wconf 86' lang='lat' dir='ltr'><strong>De</strong></span> <span class='ocrx_word' id='word_1_246' title='bbox 803 3263 1045 3314; x_wconf 71' lang='lat' dir='ltr'><strong>sententia</strong></span> <span class='ocrx_word' id='word_1_247' title='bbox 1083 3259 1323 3315; x_wconf 77' lang='lat' dir='ltr'><strong>Varronis</strong></span> <span class='ocrx_word' id='word_1_248' title='bbox 1349 3303 1364 3327; x_wconf 94' lang='lat'><strong>,</strong></span> <span class='ocrx_word' id='word_1_249' title='bbox 1397 3278 1497 3332; x_wconf 84' lang='lat' dir='ltr'><strong>qua</strong></span> <span class='ocrx_word' id='word_1_250' title='bbox 1541 3259 1664 3315; x_wconf 82' lang='lat' dir='ltr'><strong>utile</strong></span> <span class='ocrx_word' id='word_1_251' title='bbox 1707 3276 1812 3316; x_wconf 70' lang='lat' dir='ltr'><strong>esse</strong></span> 
     </span>
    </p>
   </div>
   <div class='ocr_carea' id='block_1_32' title="bbox 390 3350 1641 3423">
    <p class='ocr_par' dir='ltr' id='par_1_32' title="bbox 390 3350 1641 3423">
     <span class='ocr_line' id='line_1_32' title="bbox 390 3350 1641 3423; baseline 0.003 -22"><span class='ocrx_word' id='word_1_252' title='bbox 390 3351 521 3402; x_wconf 73' lang='lat' dir='ltr'><strong>dixit</strong></span> <span class='ocrx_word' id='word_1_253' title='bbox 545 3359 598 3402; x_wconf 88' lang='lat' dir='ltr'><strong>ut</strong></span> <span class='ocrx_word' id='word_1_254' title='bbox 647 3367 701 3405; x_wconf 72' lang='lat' dir='ltr'><strong>se</strong></span> <span class='ocrx_word' id='word_1_255' title='bbox 730 3350 952 3406; x_wconf 76' lang='lat' dir='ltr'><strong>homines</strong></span> <span class='ocrx_word' id='word_1_256' title='bbox 981 3352 1077 3406; x_wconf 74' lang='lat' dir='ltr'><strong>diis</strong></span> <span class='ocrx_word' id='word_1_257' title='bbox 1101 3352 1295 3423; x_wconf 72' lang='lat' dir='ltr'><strong>genitos</strong></span> <span class='ocrx_word' id='word_1_258' title='bbox 1318 3353 1641 3406; x_wconf 85' lang='lat' dir='ltr'><strong>mentiantur.</strong></span> 
     </span>
    </p>
   </div>
   <div class='ocr_carea' id='block_1_33' title="bbox 307 3461 1812 3538">
    <p class='ocr_par' dir='ltr' id='par_1_33' title="bbox 307 3461 1812 3538">
     <span class='ocr_line' id='line_1_33' title="bbox 307 3461 1812 3538; baseline 0.005 -22"><span class='ocrx_word' id='word_1_259' title='bbox 307 3461 510 3517; x_wconf 78' lang='lat' dir='ltr'><strong>Dixerit</strong></span> <span class='ocrx_word' id='word_1_260' title='bbox 531 3463 722 3533; x_wconf 85' lang='lat' dir='ltr'><strong>aliquis</strong></span> <span class='ocrx_word' id='word_1_261' title='bbox 755 3481 770 3519; x_wconf 86' lang='lat'><strong>:</strong></span> <span class='ocrx_word' id='word_1_262' title='bbox 803 3463 946 3522; x_wconf 90' lang='lat' dir='ltr'><strong>Itane</strong></span> <span class='ocrx_word' id='word_1_263' title='bbox 970 3474 1022 3520; x_wconf 94' lang='lat' dir='ltr'><strong>tu</strong></span> <span class='ocrx_word' id='word_1_264' title='bbox 1051 3465 1152 3520; x_wconf 89' lang='lat' dir='ltr'><strong>ista</strong></span> <span class='ocrx_word' id='word_1_265' title='bbox 1181 3467 1401 3522; x_wconf 87' lang='lat' dir='ltr'><strong>credis?</strong></span> <span class='ocrx_word' id='word_1_266' title='bbox 1428 3467 1539 3538; x_wconf 86' lang='lat' dir='ltr'><strong>Ego</strong></span> <span class='ocrx_word' id='word_1_267' title='bbox 1559 3484 1684 3523; x_wconf 91' lang='lat' dir='ltr'><strong>vero</strong></span> <span class='ocrx_word' id='word_1_268' title='bbox 1715 3469 1812 3523; x_wconf 90' lang='lat' dir='ltr'><strong>ista</strong></span> 
     </span>
    </p>
   </div>
   <div class='ocr_carea' id='block_1_34' title="bbox 242 3555 1812 3617">
    <p class='ocr_par' dir='ltr' id='par_1_34' title="bbox 242 3555 1812 3617">
     <span class='ocr_line' id='line_1_34' title="bbox 242 3555 1812 3617; baseline 0.006 -9"><span class='ocrx_word' id='word_1_269' title='bbox 242 3570 349 3608; x_wconf 89' lang='lat' dir='ltr'><strong>non</strong></span> <span class='ocrx_word' id='word_1_270' title='bbox 375 3555 556 3608; x_wconf 86' lang='lat' dir='ltr'><strong>credo.</strong></span> <span class='ocrx_word' id='word_1_271' title='bbox 581 3555 710 3611; x_wconf 79' lang='lat' dir='ltr'><strong>Nam</strong></span> <span class='ocrx_word' id='word_1_272' title='bbox 739 3566 793 3612; x_wconf 92' lang='lat' dir='ltr'><strong>et</strong></span> <span class='ocrx_word' id='word_1_273' title='bbox 811 3558 890 3612; x_wconf 89' lang='lat' dir='ltr'><strong>vir</strong></span> <span class='ocrx_word' id='word_1_274' title='bbox 913 3557 1250 3614; x_wconf 89' lang='lat' dir='ltr'><strong>doctissimus</strong></span> <span class='ocrx_word' id='word_1_275' title='bbox 1272 3576 1456 3614; x_wconf 89' lang='lat' dir='ltr'><strong>eorum</strong></span> <span class='ocrx_word' id='word_1_276' title='bbox 1491 3561 1656 3616; x_wconf 84' lang='lat' dir='ltr'><strong>Varro</strong></span> <span class='ocrx_word' id='word_1_277' title='bbox 1683 3561 1812 3617; x_wconf 74' lang='lat' dir='ltr'><strong>falsa</strong></span> 
     </span>
    </p>
   </div>
   <div class='ocr_carea' id='block_1_35' title="bbox 242 3645 1812 3724">
    <p class='ocr_par' dir='ltr' id='par_1_35' title="bbox 242 3645 1812 3724">
     <span class='ocr_line' id='line_1_35' title="bbox 242 3645 1812 3724; baseline 0.008 -26"><span class='ocrx_word' id='word_1_278' title='bbox 242 3645 362 3700; x_wconf 59' lang='lat' dir='ltr'><strong>haec</strong></span> <span class='ocrx_word' id='word_1_279' title='bbox 405 3661 522 3701; x_wconf 79' lang='lat' dir='ltr'><strong>esse</strong></span> <span class='ocrx_word' id='word_1_280' title='bbox 541 3689 557 3712; x_wconf 89' lang='lat'><strong>,</strong></span> <span class='ocrx_word' id='word_1_281' title='bbox 587 3651 828 3717; x_wconf 83' lang='lat' dir='ltr'><strong>quamvis</strong></span> <span class='ocrx_word' id='word_1_282' title='bbox 867 3665 970 3705; x_wconf 93' lang='lat' dir='ltr'><strong>non</strong></span> <span class='ocrx_word' id='word_1_283' title='bbox 1001 3651 1252 3708; x_wconf 85' lang='lat' dir='ltr'><strong>audacter</strong></span> <span class='ocrx_word' id='word_1_284' title='bbox 1283 3694 1298 3720; x_wconf 92' lang='lat'><strong>,</strong></span> <span class='ocrx_word' id='word_1_285' title='bbox 1353 3670 1522 3723; x_wconf 89' lang='lat' dir='ltr'><strong>neque</strong></span> <span class='ocrx_word' id='word_1_286' title='bbox 1549 3654 1774 3710; x_wconf 81' lang='lat' dir='ltr'><strong>fidenter</strong></span> <span class='ocrx_word' id='word_1_287' title='bbox 1796 3697 1812 3724; x_wconf 88' lang='lat'><strong>,</strong></span> 
     </span>
    </p>
   </div>
   <div class='ocr_carea' id='block_1_36' title="bbox 245 3740 1810 3814">
    <p class='ocr_par' dir='ltr' id='par_1_36' title="bbox 245 3740 1810 3814">
     <span class='ocr_line' id='line_1_36' title="bbox 245 3740 1810 3814; baseline 0.006 -23"><span class='ocrx_word' id='word_1_288' title='bbox 245 3752 381 3806; x_wconf 87' lang='lat' dir='ltr'><strong>pene</strong></span> <span class='ocrx_word' id='word_1_289' title='bbox 402 3747 576 3792; x_wconf 86' lang='lat' dir='ltr'><strong>tamen</strong></span> <span class='ocrx_word' id='word_1_290' title='bbox 608 3740 822 3794; x_wconf 80' lang='lat' dir='ltr'><strong>fatetur.</strong></span> <span class='ocrx_word' id='word_1_291' title='bbox 869 3740 973 3796; x_wconf 91' lang='lat' dir='ltr'><strong>Sed</strong></span> <span class='ocrx_word' id='word_1_292' title='bbox 1003 3744 1126 3798; x_wconf 91' lang='lat' dir='ltr'><strong>utile</strong></span> <span class='ocrx_word' id='word_1_293' title='bbox 1153 3759 1272 3799; x_wconf 91' lang='lat' dir='ltr'><strong>esse</strong></span> <span class='ocrx_word' id='word_1_294' title='bbox 1303 3745 1605 3799; x_wconf 84' lang='lat' dir='ltr'><strong>civitatibus</strong></span> <span class='ocrx_word' id='word_1_295' title='bbox 1639 3746 1766 3800; x_wconf 91' lang='lat' dir='ltr'><strong>dicit</strong></span> <span class='ocrx_word' id='word_1_296' title='bbox 1795 3789 1810 3814; x_wconf 92' lang='lat'><strong>,</strong></span> 
     </span>
    </p>
   </div>
   <div class='ocr_carea' id='block_1_37' title="bbox 243 3827 1816 3906">
    <p class='ocr_par' dir='ltr' id='par_1_37' title="bbox 243 3827 1816 3906">
     <span class='ocr_line' id='line_1_37' title="bbox 243 3827 1816 3906; baseline 0.007 -24"><span class='ocrx_word' id='word_1_297' title='bbox 243 3836 297 3882; x_wconf 91' lang='lat' dir='ltr'><strong>ut</strong></span> <span class='ocrx_word' id='word_1_298' title='bbox 316 3844 374 3883; x_wconf 89' lang='lat' dir='ltr'><strong>se</strong></span> <span class='ocrx_word' id='word_1_299' title='bbox 403 3829 498 3883; x_wconf 89' lang='lat' dir='ltr'><strong>viri</strong></span> <span class='ocrx_word' id='word_1_300' title='bbox 527 3827 714 3896; x_wconf 88' lang='lat' dir='ltr'><strong>fortes,</strong></span> <span class='ocrx_word' id='word_1_301' title='bbox 747 3832 949 3886; x_wconf 89' lang='lat' dir='ltr'><strong>etiamsi</strong></span> <span class='ocrx_word' id='word_1_302' title='bbox 977 3832 1163 3888; x_wconf 90' lang='lat' dir='ltr'><strong>falsum</strong></span> <span class='ocrx_word' id='word_1_303' title='bbox 1191 3834 1260 3888; x_wconf 89' lang='lat' dir='ltr'><strong>sit</strong></span> <span class='ocrx_word' id='word_1_304' title='bbox 1283 3873 1298 3899; x_wconf 87' lang='lat'><strong>,</strong></span> <span class='ocrx_word' id='word_1_305' title='bbox 1344 3835 1445 3890; x_wconf 91' lang='lat' dir='ltr'><strong>diis</strong></span> <span class='ocrx_word' id='word_1_306' title='bbox 1463 3837 1669 3906; x_wconf 90' lang='lat' dir='ltr'><strong>genitos</strong></span> <span class='ocrx_word' id='word_1_307' title='bbox 1697 3852 1816 3893; x_wconf 91' lang='lat' dir='ltr'><strong>esse</strong></span> 
     </span>
    </p>
   </div>
   <div class='ocr_carea' id='block_1_38' title="bbox 241 3921 1816 3983">
    <p class='ocr_par' dir='ltr' id='par_1_38' title="bbox 241 3921 1816 3983">
     <span class='ocr_line' id='line_1_38' title="bbox 241 3921 1816 3983; baseline 0.004 -7"><span class='ocrx_word' id='word_1_308' title='bbox 241 3921 456 3977; x_wconf 84' lang='lat' dir='ltr'><strong>credant</strong></span> <span class='ocrx_word' id='word_1_309' title='bbox 489 3940 504 3975; x_wconf 92' lang='lat'><strong>:</strong></span> <span class='ocrx_word' id='word_1_310' title='bbox 547 3934 604 3977; x_wconf 92' lang='lat' dir='ltr'><strong>ut</strong></span> <span class='ocrx_word' id='word_1_311' title='bbox 647 3939 710 3978; x_wconf 90' lang='lat' dir='ltr'><strong>eo</strong></span> <span class='ocrx_word' id='word_1_312' title='bbox 736 3923 894 3978; x_wconf 90' lang='lat' dir='ltr'><strong>modo</strong></span> <span class='ocrx_word' id='word_1_313' title='bbox 932 3925 1140 3980; x_wconf 91' lang='lat' dir='ltr'><strong>animus</strong></span> <span class='ocrx_word' id='word_1_314' title='bbox 1167 3924 1427 3981; x_wconf 87' lang='lat' dir='ltr'><strong>humanus</strong></span> <span class='ocrx_word' id='word_1_315' title='bbox 1459 3928 1598 3982; x_wconf 89' lang='lat' dir='ltr'><strong>velut</strong></span> <span class='ocrx_word' id='word_1_316' title='bbox 1625 3928 1816 3983; x_wconf 71' lang='lat' dir='ltr'><strong>divinae</strong></span> 
     </span>
    </p>
   </div>
   <div class='ocr_carea' id='block_1_39' title="bbox 242 4015 1818 4092">
    <p class='ocr_par' dir='ltr' id='par_1_39' title="bbox 242 4015 1818 4092">
     <span class='ocr_line' id='line_1_39' title="bbox 242 4015 1818 4092; baseline 0.005 -23"><span class='ocrx_word' id='word_1_317' title='bbox 242 4015 418 4085; x_wconf 89' lang='lat' dir='ltr'><strong>stirpis</strong></span> <span class='ocrx_word' id='word_1_318' title='bbox 474 4015 724 4070; x_wconf 77' lang='lat' dir='ltr'><strong>ﬁduciam</strong></span> <span class='ocrx_word' id='word_1_319' title='bbox 762 4033 974 4088; x_wconf 89' lang='lat' dir='ltr'><strong>gerens,</strong></span> <span class='ocrx_word' id='word_1_320' title='bbox 1027 4036 1112 4074; x_wconf 91' lang='lat' dir='ltr'><strong>res</strong></span> <span class='ocrx_word' id='word_1_321' title='bbox 1177 4035 1392 4091; x_wconf 88' lang='lat' dir='ltr'><strong>magnas</strong></span> <span class='ocrx_word' id='word_1_322' title='bbox 1436 4022 1818 4092; x_wconf 81' lang='lat' dir='ltr'><strong>aggrediendas</strong></span> 
     </span>
    </p>
   </div>
   <div class='ocr_carea' id='block_1_40' title="bbox 190 4111 1818 4182">
    <p class='ocr_par' dir='ltr' id='par_1_40' title="bbox 190 4111 1818 4182">
     <span class='ocr_line' id='line_1_40' title="bbox 190 4111 1818 4182; baseline 0.006 -20"><span class='ocrx_word' id='word_1_323' title='bbox 190 4147 192 4150; x_wconf 53' lang='grc' dir='ltr'>μ</span> <span class='ocrx_word' id='word_1_324' title='bbox 243 4120 528 4178; x_wconf 67' lang='lat' dir='ltr'><strong>praesumat</strong></span> <span class='ocrx_word' id='word_1_325' title='bbox 556 4111 826 4177; x_wconf 90' lang='lat' dir='ltr'><strong>audacius,</strong></span> <span class='ocrx_word' id='word_1_326' title='bbox 855 4123 975 4182; x_wconf 86' lang='lat' dir='ltr'><strong>agat</strong></span> <span class='ocrx_word' id='word_1_327' title='bbox 1001 4113 1364 4168; x_wconf 90' lang='lat' dir='ltr'><strong>vehementius</strong></span> <span class='ocrx_word' id='word_1_328' title='bbox 1382 4156 1396 4182; x_wconf 89' lang='lat'><strong>,</strong></span> <span class='ocrx_word' id='word_1_329' title='bbox 1419 4125 1474 4169; x_wconf 91' lang='lat' dir='ltr'><strong>et</strong></span> <span class='ocrx_word' id='word_1_330' title='bbox 1497 4116 1566 4170; x_wconf 92' lang='lat' dir='ltr'><strong>ob</strong></span> <span class='ocrx_word' id='word_1_331' title='bbox 1588 4118 1687 4171; x_wconf 89' lang='lat' dir='ltr'><strong>hoc</strong></span> <span class='ocrx_word' id='word_1_332' title='bbox 1716 4116 1818 4171; x_wconf 85' lang='lat' dir='ltr'><strong>im-</strong></span> 
     </span>
    </p>
   </div>
   <div class='ocr_carea' id='block_1_41' title="bbox 139 4205 1816 4279">
    <p class='ocr_par' dir='ltr' id='par_1_41' title="bbox 139 4205 1816 4279">
     <span class='ocr_line' id='line_1_41' title="bbox 139 4205 1816 4279; baseline 0.005 -22"><span class='ocrx_word' id='word_1_333' title='bbox 139 4214 142 4216; x_wconf 74' lang='lat'><em>‘</em></span> <span class='ocrx_word' id='word_1_334' title='bbox 223 4205 377 4273; x_wconf 35' lang='lat' dir='ltr'><strong>.pleat</strong></span> <span class='ocrx_word' id='word_1_335' title='bbox 407 4206 526 4274; x_wconf 86' lang='lat' dir='ltr'><strong>ipsa</strong></span> <span class='ocrx_word' id='word_1_336' title='bbox 551 4209 839 4262; x_wconf 88' lang='lat' dir='ltr'><strong>securitate</strong></span> <span class='ocrx_word' id='word_1_337' title='bbox 865 4208 1084 4264; x_wconf 88' lang='lat' dir='ltr'><strong>felicius.</strong></span> <span class='ocrx_word' id='word_1_338' title='bbox 1117 4211 1246 4279; x_wconf 79' lang='lat' dir='ltr'><strong>Quae</strong></span> <span class='ocrx_word' id='word_1_339' title='bbox 1276 4210 1528 4266; x_wconf 82' lang='lat' dir='ltr'><strong>Varronis</strong></span> <span class='ocrx_word' id='word_1_340' title='bbox 1558 4213 1816 4267; x_wconf 87' lang='lat' dir='ltr'><strong>sententia</strong></span> 
     </span>
    </p>
   </div>
   <div class='ocr_carea' id='block_1_42' title="bbox 148 4303 1817 4377">
    <p class='ocr_par' dir='ltr' id='par_1_42' title="bbox 148 4303 1817 4377">
     <span class='ocr_line' id='line_1_42' title="bbox 148 4303 1817 4377; baseline 0.007 -26"><span class='ocrx_word' id='word_1_341' title='bbox 148 4323 150 4325; x_wconf 48' lang='grc'>&gt;</span> <span class='ocrx_word' id='word_1_342' title='bbox 242 4313 490 4367; x_wconf 71' lang='lat' dir='ltr'><strong>expressa</strong></span> <span class='ocrx_word' id='word_1_343' title='bbox 519 4343 535 4366; x_wconf 89' lang='lat'><strong>,</strong></span> <span class='ocrx_word' id='word_1_344' title='bbox 570 4311 626 4354; x_wconf 92' lang='lat' dir='ltr'><strong>ut</strong></span> <span class='ocrx_word' id='word_1_345' title='bbox 655 4303 795 4371; x_wconf 92' lang='lat' dir='ltr'><strong>potui</strong></span> <span class='ocrx_word' id='word_1_346' title='bbox 821 4342 835 4366; x_wconf 93' lang='lat'><strong>,</strong></span> <span class='ocrx_word' id='word_1_347' title='bbox 879 4304 1012 4358; x_wconf 88' lang='lat' dir='ltr'><strong>meis</strong></span> <span class='ocrx_word' id='word_1_348' title='bbox 1042 4306 1238 4370; x_wconf 79' lang='lat' dir='ltr'><strong>verbis,</strong></span> <span class='ocrx_word' id='word_1_349' title='bbox 1268 4307 1442 4361; x_wconf 81' lang='lat' dir='ltr'><strong>cernis</strong></span> <span class='ocrx_word' id='word_1_350' title='bbox 1473 4323 1628 4377; x_wconf 91' lang='lat' dir='ltr'><strong>quam</strong></span> <span class='ocrx_word' id='word_1_351' title='bbox 1657 4308 1817 4363; x_wconf 85' lang='lat' dir='ltr'><strong>latum</strong></span> 
     </span>
    </p>
   </div>
   <div class='ocr_carea' id='block_1_43' title="bbox 243 4387 1818 4469">
    <p class='ocr_par' dir='ltr' id='par_1_43' title="bbox 243 4387 1818 4469">
     <span class='ocr_line' id='line_1_43' title="bbox 243 4387 1818 4469; baseline 0.009 -28"><span class='ocrx_word' id='word_1_352' title='bbox 243 4387 414 4444; x_wconf 90' lang='lat' dir='ltr'><strong>locum</strong></span> <span class='ocrx_word' id='word_1_353' title='bbox 441 4392 654 4460; x_wconf 85' lang='lat' dir='ltr'><strong>aperiat</strong></span> <span class='ocrx_word' id='word_1_354' title='bbox 672 4391 921 4458; x_wconf 76' lang='lat' dir='ltr'><strong>falsitati;</strong></span> <span class='ocrx_word' id='word_1_355' title='bbox 949 4405 1004 4448; x_wconf 92' lang='lat' dir='ltr'><strong>ut</strong></span> <span class='ocrx_word' id='word_1_356' title='bbox 1031 4395 1102 4450; x_wconf 92' lang='lat' dir='ltr'><strong>ibi</strong></span> <span class='ocrx_word' id='word_1_357' title='bbox 1150 4396 1504 4467; x_wconf 81' lang='lat' dir='ltr'><strong>intelligamus</strong></span> <span class='ocrx_word' id='word_1_358' title='bbox 1542 4400 1686 4469; x_wconf 86' lang='lat' dir='ltr'><strong>plura</strong></span> <span class='ocrx_word' id='word_1_359' title='bbox 1708 4401 1818 4468; x_wconf 89' lang='lat' dir='ltr'><strong>jam</strong></span> 
     </span>
    </p>
   </div>
   <div class='ocr_carea' id='block_1_44' title="bbox 241 4483 1819 4562">
    <p class='ocr_par' dir='ltr' id='par_1_44' title="bbox 241 4483 1819 4562">
     <span class='ocr_line' id='line_1_44' title="bbox 241 4483 1819 4562; baseline 0.009 -28"><span class='ocrx_word' id='word_1_360' title='bbox 241 4495 390 4538; x_wconf 79' lang='lat' dir='ltr'><strong>sacra</strong></span> <span class='ocrx_word' id='word_1_361' title='bbox 423 4493 479 4538; x_wconf 92' lang='lat' dir='ltr'><strong>et</strong></span> <span class='ocrx_word' id='word_1_362' title='bbox 502 4483 658 4549; x_wconf 87' lang='lat' dir='ltr'><strong>quasi</strong></span> <span class='ocrx_word' id='word_1_363' title='bbox 689 4486 928 4556; x_wconf 85' lang='lat' dir='ltr'><strong>religiosa</strong></span> <span class='ocrx_word' id='word_1_364' title='bbox 955 4489 1187 4556; x_wconf 89' lang='lat' dir='ltr'><strong>potuisse</strong></span> <span class='ocrx_word' id='word_1_365' title='bbox 1215 4492 1476 4561; x_wconf 85' lang='lat' dir='ltr'><strong>contingi,</strong></span> <span class='ocrx_word' id='word_1_366' title='bbox 1523 4493 1610 4546; x_wconf 90' lang='lat' dir='ltr'><strong>ubi</strong></span> <span class='ocrx_word' id='word_1_367' title='bbox 1641 4502 1819 4562; x_wconf 88' lang='lat' dir='ltr'><strong>putata</strong></span> 
     </span>
    </p>
   </div>
   <div class='ocr_carea' id='block_1_45' title="bbox 242 4575 1748 4652">
    <p class='ocr_par' dir='ltr' id='par_1_45' title="bbox 242 4575 1748 4652">
     <span class='ocr_line' id='line_1_45' title="bbox 242 4575 1748 4652; baseline 0.009 -25"><span class='ocrx_word' id='word_1_368' title='bbox 242 4583 360 4628; x_wconf 81' lang='lat' dir='ltr'><strong>sunt</strong></span> <span class='ocrx_word' id='word_1_369' title='bbox 387 4575 601 4630; x_wconf 84' lang='lat' dir='ltr'><strong>civibus</strong></span> <span class='ocrx_word' id='word_1_370' title='bbox 629 4579 786 4632; x_wconf 87' lang='lat' dir='ltr'><strong>etiam</strong></span> <span class='ocrx_word' id='word_1_371' title='bbox 811 4579 875 4633; x_wconf 92' lang='lat' dir='ltr'><strong>de</strong></span> <span class='ocrx_word' id='word_1_372' title='bbox 907 4580 1034 4651; x_wconf 91' lang='lat' dir='ltr'><strong>ipsis</strong></span> <span class='ocrx_word' id='word_1_373' title='bbox 1059 4581 1158 4637; x_wconf 90' lang='lat' dir='ltr'><strong>diis</strong></span> <span class='ocrx_word' id='word_1_374' title='bbox 1180 4584 1431 4652; x_wconf 85' lang='lat' dir='ltr'><strong>prodesse</strong></span> <span class='ocrx_word' id='word_1_375' title='bbox 1452 4585 1748 4642; x_wconf 89' lang='lat' dir='ltr'><strong>mendacia.</strong></span> 
     </span>
    </p>
   </div>
   <div class='ocr_carea' id='block_1_46' title="bbox 241 4686 1822 4763">
    <p class='ocr_par' dir='ltr' id='par_1_46' title="bbox 241 4686 1822 4763">
     <span class='ocr_line' id='line_1_46' title="bbox 241 4686 1822 4763; baseline 0.006 -20"><span class='ocrx_word' id='word_1_376' title='bbox 241 4686 467 4746; x_wconf 70' lang='lat' dir='ltr'><strong>CAPUT</strong></span> <span class='ocrx_word' id='word_1_377' title='bbox 497 4689 564 4743; x_wconf 76' lang='grc' dir='ltr'><strong>ν.</strong></span> <span class='ocrx_word' id='word_1_378' title='bbox 592 4720 665 4731; x_wconf 94' lang='lat'><strong><em>—</em></strong></span> <span class='ocrx_word' id='word_1_379' title='bbox 693 4689 816 4746; x_wconf 85' lang='lat' dir='ltr'><strong>Non</strong></span> <span class='ocrx_word' id='word_1_380' title='bbox 848 4693 1049 4762; x_wconf 86' lang='lat' dir='ltr'><strong>probari</strong></span> <span class='ocrx_word' id='word_1_381' title='bbox 1079 4694 1214 4763; x_wconf 84' lang='lat' dir='ltr'><strong>quod</strong></span> <span class='ocrx_word' id='word_1_382' title='bbox 1238 4696 1310 4748; x_wconf 85' lang='lat' dir='ltr'><strong>dii</strong></span> <span class='ocrx_word' id='word_1_383' title='bbox 1334 4695 1638 4750; x_wconf 84' lang='lat' dir='ltr'><strong>adulterium</strong></span> <span class='ocrx_word' id='word_1_384' title='bbox 1668 4696 1822 4753; x_wconf 83' lang='lat' dir='ltr'><strong>Pari-</strong></span> 
     </span>
    </p>
   </div>
   <div class='ocr_carea' id='block_1_47' title="bbox 306 4783 1739 4855">
    <p class='ocr_par' dir='ltr' id='par_1_47' title="bbox 306 4783 1739 4855">
     <span class='ocr_line' id='line_1_47' title="bbox 306 4783 1739 4855; baseline 0.007 -20"><span class='ocrx_word' id='word_1_385' title='bbox 306 4783 388 4836; x_wconf 68' lang='lat' dir='ltr'><strong>dis</strong></span> <span class='ocrx_word' id='word_1_386' title='bbox 414 4783 696 4854; x_wconf 78' lang='lat' dir='ltr'><strong>punierint,</strong></span> <span class='ocrx_word' id='word_1_387' title='bbox 723 4785 857 4855; x_wconf 82' lang='lat' dir='ltr'><strong>quod</strong></span> <span class='ocrx_word' id='word_1_388' title='bbox 885 4785 938 4838; x_wconf 83' lang='lat' dir='ltr'><strong>in</strong></span> <span class='ocrx_word' id='word_1_389' title='bbox 968 4784 1169 4840; x_wconf 80' lang='lat' dir='ltr'><strong>Romuli</strong></span> <span class='ocrx_word' id='word_1_390' title='bbox 1197 4798 1354 4841; x_wconf 84' lang='lat' dir='ltr'><strong>matre</strong></span> <span class='ocrx_word' id='word_1_391' title='bbox 1376 4805 1474 4843; x_wconf 86' lang='lat' dir='ltr'><strong>non</strong></span> <span class='ocrx_word' id='word_1_392' title='bbox 1491 4790 1581 4843; x_wconf 88' lang='lat' dir='ltr'><strong>ulti</strong></span> <span class='ocrx_word' id='word_1_393' title='bbox 1600 4799 1739 4845; x_wconf 82' lang='lat' dir='ltr'><strong>sunt.</strong></span> 
     </span>
    </p>
   </div>
   <div class='ocr_carea' id='block_1_48' title="bbox 299 4895 1824 4970">
    <p class='ocr_par' dir='ltr' id='par_1_48' title="bbox 299 4895 1824 4970">
     <span class='ocr_line' id='line_1_48' title="bbox 299 4895 1824 4970; baseline 0.005 -17"><span class='ocrx_word' id='word_1_394' title='bbox 299 4895 408 4953; x_wconf 88' lang='lat' dir='ltr'><strong>Sed</strong></span> <span class='ocrx_word' id='word_1_395' title='bbox 443 4908 622 4954; x_wconf 88' lang='lat' dir='ltr'><strong>utrum</strong></span> <span class='ocrx_word' id='word_1_396' title='bbox 667 4900 895 4970; x_wconf 89' lang='lat' dir='ltr'><strong>potuerit</strong></span> <span class='ocrx_word' id='word_1_397' title='bbox 937 4900 1114 4956; x_wconf 85' lang='lat' dir='ltr'><strong>Venus</strong></span> <span class='ocrx_word' id='word_1_398' title='bbox 1160 4918 1226 4956; x_wconf 79' lang='lat' dir='ltr'><strong>ex</strong></span> <span class='ocrx_word' id='word_1_399' title='bbox 1255 4903 1536 4958; x_wconf 89' lang='lat' dir='ltr'><strong>concubitu</strong></span> <span class='ocrx_word' id='word_1_400' title='bbox 1576 4904 1824 4962; x_wconf 77' lang='lat' dir='ltr'><strong>Anchisze</strong></span> 
     </span>
    </p>
   </div>
   <div class='ocr_carea' id='block_1_49' title="bbox 238 4987 1825 5062">
    <p class='ocr_par' dir='ltr' id='par_1_49' title="bbox 238 4987 1825 5062">
     <span class='ocr_line' id='line_1_49' title="bbox 238 4987 1825 5062; baseline 0.006 -20"><span class='ocrx_word' id='word_1_401' title='bbox 238 4987 455 5046; x_wconf 66' lang='lat' dir='ltr'><strong>Enean</strong></span> <span class='ocrx_word' id='word_1_402' title='bbox 492 5006 703 5062; x_wconf 86' lang='lat' dir='ltr'><strong>parere,</strong></span> <span class='ocrx_word' id='word_1_403' title='bbox 728 4993 809 5048; x_wconf 89' lang='lat' dir='ltr'><strong>vel</strong></span> <span class='ocrx_word' id='word_1_404' title='bbox 834 4992 970 5048; x_wconf 80' lang='lat' dir='ltr'><strong>Mars</strong></span> <span class='ocrx_word' id='word_1_405' title='bbox 995 5009 1059 5048; x_wconf 82' lang='lat' dir='ltr'><strong>ex</strong></span> <span class='ocrx_word' id='word_1_406' title='bbox 1088 4995 1368 5049; x_wconf 86' lang='lat' dir='ltr'><strong>concubitu</strong></span> <span class='ocrx_word' id='word_1_407' title='bbox 1398 4995 1518 5049; x_wconf 74' lang='lat' dir='ltr'><strong>lilia:</strong></span> <span class='ocrx_word' id='word_1_408' title='bbox 1540 4995 1825 5052; x_wconf 86' lang='lat' dir='ltr'><strong>Numitoris</strong></span> 
     </span>
    </p>
   </div>
   <div class='ocr_carea' id='block_1_50' title="bbox 237 5081 1824 5158">
    <p class='ocr_par' dir='ltr' id='par_1_50' title="bbox 237 5081 1824 5158">
     <span class='ocr_line' id='line_1_50' title="bbox 237 5081 1824 5158; baseline 0.004 -21"><span class='ocrx_word' id='word_1_409' title='bbox 237 5081 533 5138; x_wconf 85' lang='lat' dir='ltr'><strong>Romulum</strong></span> <span class='ocrx_word' id='word_1_410' title='bbox 561 5084 810 5154; x_wconf 88' lang='lat' dir='ltr'><strong>gignere,</strong></span> <span class='ocrx_word' id='word_1_411' title='bbox 840 5083 893 5140; x_wconf 92' lang='lat' dir='ltr'><strong>in</strong></span> <span class='ocrx_word' id='word_1_412' title='bbox 923 5085 1097 5140; x_wconf 88' lang='lat' dir='ltr'><strong>medio</strong></span> <span class='ocrx_word' id='word_1_413' title='bbox 1123 5085 1504 5156; x_wconf 90' lang='lat' dir='ltr'><strong>relinquamus.</strong></span> <span class='ocrx_word' id='word_1_414' title='bbox 1533 5086 1662 5142; x_wconf 84' lang='lat' dir='ltr'><strong>Nam</strong></span> <span class='ocrx_word' id='word_1_415' title='bbox 1689 5103 1824 5158; x_wconf 88' lang='lat' dir='ltr'><strong>pene</strong></span> 
     </span>
    </p>
   </div>
   <div class='ocr_carea' id='block_1_51' title="bbox 239 5178 1824 5252">
    <p class='ocr_par' dir='ltr' id='par_1_51' title="bbox 239 5178 1824 5252">
     <span class='ocr_line' id='line_1_51' title="bbox 239 5178 1824 5252; baseline 0.006 -23"><span class='ocrx_word' id='word_1_416' title='bbox 239 5178 359 5232; x_wconf 80' lang='lat' dir='ltr'><strong>talis</strong></span> <span class='ocrx_word' id='word_1_417' title='bbox 372 5179 606 5248; x_wconf 68' lang='lat' dir='ltr'><strong>quaestio</strong></span> <span class='ocrx_word' id='word_1_418' title='bbox 623 5179 784 5233; x_wconf 87' lang='lat' dir='ltr'><strong>etiam</strong></span> <span class='ocrx_word' id='word_1_419' title='bbox 808 5178 876 5234; x_wconf 83' lang='lat' dir='ltr'><strong>de</strong></span> <span class='ocrx_word' id='word_1_420' title='bbox 903 5179 1189 5250; x_wconf 89' lang='lat' dir='ltr'><strong>Scripturis</strong></span> <span class='ocrx_word' id='word_1_421' title='bbox 1215 5181 1410 5236; x_wconf 92' lang='lat' dir='ltr'><strong>nostris</strong></span> <span class='ocrx_word' id='word_1_422' title='bbox 1435 5181 1691 5246; x_wconf 89' lang='lat' dir='ltr'><strong>oboritur,</strong></span> <span class='ocrx_word' id='word_1_423' title='bbox 1720 5197 1824 5252; x_wconf 88' lang='lat' dir='ltr'><strong>qua</strong></span> 
     </span>
    </p>
   </div>
   <div class='ocr_carea' id='block_1_52' title="bbox 235 5269 1825 5342">
    <p class='ocr_par' dir='ltr' id='par_1_52' title="bbox 235 5269 1825 5342">
     <span class='ocr_line' id='line_1_52' title="bbox 235 5269 1825 5342; baseline 0.005 -21"><span class='ocrx_word' id='word_1_424' title='bbox 235 5269 506 5336; x_wconf 62' lang='lat' dir='ltr'><strong>quaeritur</strong></span> <span class='ocrx_word' id='word_1_425' title='bbox 552 5280 726 5324; x_wconf 88' lang='lat' dir='ltr'><strong>utrum</strong></span> <span class='ocrx_word' id='word_1_426' title='bbox 771 5271 1210 5339; x_wconf 71' lang='lat' dir='ltr'><strong>praevaricatores</strong></span> <span class='ocrx_word' id='word_1_427' title='bbox 1236 5272 1412 5342; x_wconf 85' lang='lat' dir='ltr'><strong>angeli</strong></span> <span class='ocrx_word' id='word_1_428' title='bbox 1451 5286 1571 5327; x_wconf 90' lang='lat' dir='ltr'><strong>cum</strong></span> <span class='ocrx_word' id='word_1_429' title='bbox 1615 5272 1825 5329; x_wconf 79' lang='lat' dir='ltr'><strong>ﬁliabus</strong></span> 
     </span>
    </p>
   </div>
   <div class='ocr_carea' id='block_1_53' title="bbox 238 5357 1825 5435">
    <p class='ocr_par' dir='ltr' id='par_1_53' title="bbox 238 5357 1825 5435">
     <span class='ocr_line' id='line_1_53' title="bbox 238 5357 1825 5435; baseline 0.004 -21"><span class='ocrx_word' id='word_1_430' title='bbox 238 5357 524 5417; x_wconf 70' lang='lat' dir='ltr'><strong>hominum</strong></span> <span class='ocrx_word' id='word_1_431' title='bbox 547 5363 930 5418; x_wconf 86' lang='lat' dir='ltr'><strong>concubuerint</strong></span> <span class='ocrx_word' id='word_1_432' title='bbox 951 5380 965 5430; x_wconf 90' lang='lat'><strong>;</strong></span> <span class='ocrx_word' id='word_1_433' title='bbox 989 5363 1127 5419; x_wconf 90' lang='lat' dir='ltr'><strong>unde</strong></span> <span class='ocrx_word' id='word_1_434' title='bbox 1152 5365 1289 5420; x_wconf 85' lang='lat' dir='ltr'><strong>natis</strong></span> <span class='ocrx_word' id='word_1_435' title='bbox 1311 5365 1629 5435; x_wconf 82' lang='lat' dir='ltr'><strong>gigantibus,</strong></span> <span class='ocrx_word' id='word_1_436' title='bbox 1659 5366 1713 5422; x_wconf 90' lang='lat' dir='ltr'><strong>id</strong></span> <span class='ocrx_word' id='word_1_437' title='bbox 1740 5374 1825 5423; x_wconf 83' lang='lat' dir='ltr'><strong>est</strong></span> 
     </span>
    </p>
   </div>
   <div class='ocr_carea' id='block_1_54' title="bbox 299 5475 1565 5541">
    <p class='ocr_par' dir='ltr' id='par_1_54' title="bbox 299 5475 1565 5541">
     <span class='ocr_line' id='line_1_54' title="bbox 299 5475 1565 5541; baseline 0.003 -16"><span class='ocrx_word' id='word_1_438' title='bbox 299 5476 326 5541; x_wconf 54' lang='grc' dir='ltr'><strong>ξ</strong></span> <span class='ocrx_word' id='word_1_439' title='bbox 355 5475 497 5541; x_wconf 58' lang='lat' dir='ltr'><strong>aliti,</strong></span> <span class='ocrx_word' id='word_1_440' title='bbox 519 5475 570 5527; x_wconf 83' lang='lat' dir='ltr'><strong>in</strong></span> <span class='ocrx_word' id='word_1_441' title='bbox 585 5475 1150 5541; x_wconf 70' lang='lat' dir='ltr'><strong>170janis.Emendantur</strong></span> <span class='ocrx_word' id='word_1_442' title='bbox 1164 5490 1192 5528; x_wconf 87' lang='lat' dir='ltr'><strong>a</strong></span> <span class='ocrx_word' id='word_1_443' title='bbox 1215 5479 1565 5541; x_wconf 77' lang='lat' dir='ltr'><strong>atauuscriptis.</strong></span> 
     </span>
    </p>
   </div>
   <div class='ocr_carea' id='block_1_55' title="bbox 324 5547 586 5588">
    <p class='ocr_par' dir='ltr' id='par_1_55' title="bbox 324 5547 586 5588">
     <span class='ocr_line' id='line_1_55' title="bbox 324 5547 586 5588; baseline 0.015 -4"><span class='ocrx_word' id='word_1_444' title='bbox 324 5547 379 5588; x_wconf 82' lang='grc' dir='ltr'><strong>α)</strong></span> <span class='ocrx_word' id='word_1_445' title='bbox 407 5547 586 5588; x_wconf 75' lang='lat' dir='ltr'><strong>vernis.</strong></span> 
     </span>
    </p>
   </div>
   <div class='ocr_carea' id='block_1_56' title="bbox 325 5539 807 5660">
    <p class='ocr_par' dir='ltr' id='par_1_56' title="bbox 325 5539 807 5660">
     <span class='ocr_line' id='line_1_56' title="bbox 325 5539 673 5588; baseline 0.011 -4"><span class='ocrx_word' id='word_1_446' title='bbox 325 5539 356 5584; x_wconf 79' lang='grc' dir='ltr'><em>α</em></span> <span class='ocrx_word' id='word_1_447' title='bbox 407 5547 586 5588; x_wconf 73' lang='lat' dir='ltr'><strong>Venus.</strong></span> <span class='ocrx_word' id='word_1_448' title='bbox 664 5539 673 5541; x_wconf 57' lang='grc'><em>’</em></span> 
     </span>
     <span class='ocr_line' id='line_1_57' title="bbox 325 5539 807 5660; baseline 0.004 -13"><span class='ocrx_word' id='word_1_449' title='bbox 325 5539 379 5660; x_wconf 41' lang='grc' dir='ltr'>δέ</span> <span class='ocrx_word' id='word_1_450' title='bbox 397 5604 599 5651; x_wconf 67' lang='lat' dir='ltr'><strong>Veneris</strong></span> <span class='ocrx_word' id='word_1_451' title='bbox 613 5602 807 5650; x_wconf 90' lang='lat' dir='ltr'><strong>marito.</strong></span> 
     </span>
    </p>
   </div>
   <div class='ocr_carea' id='block_1_57' title="bbox 298 5537 1520 5782">
    <p class='ocr_par' dir='ltr' id='par_1_57' title="bbox 324 5537 1469 5664">
     <span class='ocr_line' id='line_1_58' title="bbox 324 5537 1469 5660; baseline 0.004 -76"><span class='ocrx_word' id='word_1_452' title='bbox 324 5539 379 5660; x_wconf 40' lang='lat' dir='ltr'><strong>ag</strong></span> <span class='ocrx_word' id='word_1_453' title='bbox 407 5547 586 5588; x_wconf 76' lang='lat' dir='ltr'><strong>vernis.</strong></span> <span class='ocrx_word' id='word_1_454' title='bbox 663 5537 677 5541; x_wconf 67' lang='grc'><strong>⁷</strong></span> <span class='ocrx_word' id='word_1_455' title='bbox 1454 5537 1469 5541; x_wconf 64' lang='grc'>⁷</span> 
     </span>
     <span class='ocr_line' id='line_1_59' title="bbox 325 5598 807 5664; baseline 0.004 -17"><span class='ocrx_word' id='word_1_456' title='bbox 325 5598 360 5664; x_wconf 15' lang='grc' dir='ltr'>ὑ,</span> <span class='ocrx_word' id='word_1_457' title='bbox 397 5604 599 5651; x_wconf 67' lang='lat' dir='ltr'><strong>Veneris</strong></span> <span class='ocrx_word' id='word_1_458' title='bbox 613 5602 807 5650; x_wconf 90' lang='lat' dir='ltr'><strong>marito.</strong></span> 
     </span>
    </p>

    <p class='ocr_par' dir='ltr' id='par_1_58' title="bbox 327 5661 1520 5782">
     <span class='ocr_line' id='line_1_60' title="bbox 358 5661 1520 5718; baseline 0.001 -9"><span class='ocrx_word' id='word_1_459' title='bbox 358 5669 373 5718; x_wconf 88' lang='lat'><strong>)</strong></span> <span class='ocrx_word' id='word_1_460' title='bbox 394 5662 614 5713; x_wconf 69' lang='lat' dir='ltr'><strong>Romulus</strong></span> <span class='ocrx_word' id='word_1_461' title='bbox 630 5665 791 5712; x_wconf 75' lang='lat' dir='ltr'><strong>Martis</strong></span> <span class='ocrx_word' id='word_1_462' title='bbox 817 5675 881 5710; x_wconf 79' lang='lat' dir='ltr'><strong>ex</strong></span> <span class='ocrx_word' id='word_1_463' title='bbox 912 5661 988 5710; x_wconf 84' lang='lat' dir='ltr'><strong>Ilia</strong></span> <span class='ocrx_word' id='word_1_464' title='bbox 1009 5662 1162 5712; x_wconf 88' lang='lat' dir='ltr'><strong>Svlvia</strong></span> <span class='ocrx_word' id='word_1_465' title='bbox 1186 5662 1354 5713; x_wconf 80' lang='lat' dir='ltr'><strong>vestali</strong></span> <span class='ocrx_word' id='word_1_466' title='bbox 1379 5663 1520 5712; x_wconf 82' lang='lat' dir='ltr'><strong>illius.</strong></span> 
     </span>
     <span class='ocr_line' id='line_1_61' title="bbox 327 5713 1520 5782; baseline 0.003 -12"><span class='ocrx_word' id='word_1_467' title='bbox 327 5721 384 5782; x_wconf 73' lang='grc' dir='ltr'><strong>ά)</strong></span> <span class='ocrx_word' id='word_1_468' title='bbox 407 5723 490 5773; x_wconf 85' lang='lat' dir='ltr'><strong>uic</strong></span> <span class='ocrx_word' id='word_1_469' title='bbox 508 5725 699 5775; x_wconf 65' lang='lat' dir='ltr'><strong>Romulo</strong></span> <span class='ocrx_word' id='word_1_470' title='bbox 716 5727 861 5773; x_wconf 85' lang='lat' dir='ltr'><strong>annis</strong></span> <span class='ocrx_word' id='word_1_471' title='bbox 881 5722 987 5772; x_wconf 84' lang='lat' dir='ltr'><strong>fere</strong></span> <span class='ocrx_word' id='word_1_472' title='bbox 1003 5713 1094 5774; x_wconf 78' lang='grc' dir='ltr'><strong>ῖῦο</strong></span> <span class='ocrx_word' id='word_1_473' title='bbox 1124 5727 1358 5782; x_wconf 82' lang='lat' dir='ltr'><strong>posterior</strong></span> <span class='ocrx_word' id='word_1_474' title='bbox 1374 5733 1478 5773; x_wconf 86' lang='lat' dir='ltr'><strong>erat</strong></span> <span class='ocrx_word' id='word_1_475' title='bbox 1499 5742 1520 5782; x_wconf 63' lang='grc' dir='ltr'>μ</span> 
     </span>
    </p>
   </div>
   <div class='ocr_carea' id='block_1_58' title="bbox 327 5713 1820 5786">
    <p class='ocr_par' dir='ltr' id='par_1_59' title="bbox 327 5713 1820 5786">
     <span class='ocr_line' id='line_1_62' title="bbox 327 5713 1820 5786; baseline 0.003 -16"><span class='ocrx_word' id='word_1_476' title='bbox 327 5713 384 5782; x_wconf 68' lang='lat' dir='ltr'><strong>if)</strong></span> <span class='ocrx_word' id='word_1_477' title='bbox 407 5723 699 5786; x_wconf 74' lang='lat' dir='ltr'><strong>tlicitomulo</strong></span> <span class='ocrx_word' id='word_1_478' title='bbox 716 5727 861 5786; x_wconf 82' lang='lat' dir='ltr'><strong>annis</strong></span> <span class='ocrx_word' id='word_1_479' title='bbox 881 5722 987 5772; x_wconf 86' lang='lat' dir='ltr'><strong>fere</strong></span> <span class='ocrx_word' id='word_1_480' title='bbox 1003 5713 1094 5774; x_wconf 77' lang='grc' dir='ltr'><strong>ῖῦο</strong></span> <span class='ocrx_word' id='word_1_481' title='bbox 1124 5727 1358 5786; x_wconf 83' lang='lat' dir='ltr'><strong>posterior</strong></span> <span class='ocrx_word' id='word_1_482' title='bbox 1374 5733 1478 5773; x_wconf 88' lang='lat' dir='ltr'><strong>erat</strong></span> <span class='ocrx_word' id='word_1_483' title='bbox 1499 5728 1662 5785; x_wconf 73' lang='lat' dir='ltr'><strong>gentis</strong></span> <span class='ocrx_word' id='word_1_484' title='bbox 1674 5725 1820 5785; x_wconf 72' lang='lat' dir='ltr'><strong>Iuliae,</strong></span> 
     </span>
    </p>
   </div>
   <div class='ocr_carea' id='block_1_59' title="bbox 230 5784 1822 5849">
    <p class='ocr_par' dir='ltr' id='par_1_60' title="bbox 230 5784 1822 5849">
     <span class='ocr_line' id='line_1_63' title="bbox 230 5784 1822 5849; baseline 0.003 -17"><span class='ocrx_word' id='word_1_485' title='bbox 230 5797 350 5849; x_wconf 68' lang='lat' dir='ltr'><strong>quae</strong></span> <span class='ocrx_word' id='word_1_486' title='bbox 375 5789 422 5833; x_wconf 84' lang='lat' dir='ltr'><strong>in</strong></span> <span class='ocrx_word' id='word_1_487' title='bbox 447 5784 592 5836; x_wconf 88' lang='lat' dir='ltr'><strong>lulum</strong></span> <span class='ocrx_word' id='word_1_488' title='bbox 616 5796 788 5838; x_wconf 69' lang='lat' dir='ltr'><strong>.Eueae</strong></span> <span class='ocrx_word' id='word_1_489' title='bbox 816 5785 964 5849; x_wconf 81' lang='lat' dir='ltr'><strong>tilium</strong></span> <span class='ocrx_word' id='word_1_490' title='bbox 1000 5784 1158 5848; x_wconf 72' lang='lat' dir='ltr'><strong>genus</strong></span> <span class='ocrx_word' id='word_1_491' title='bbox 1179 5785 1456 5849; x_wconf 72' lang='lat' dir='ltr'><strong>referebat,</strong></span> <span class='ocrx_word' id='word_1_492' title='bbox 1482 5784 1532 5835; x_wconf 80' lang='lat' dir='ltr'><strong>et</strong></span> <span class='ocrx_word' id='word_1_493' title='bbox 1569 5802 1655 5849; x_wconf 77' lang='lat' dir='ltr'><strong>per</strong></span> <span class='ocrx_word' id='word_1_494' title='bbox 1674 5784 1822 5837; x_wconf 77' lang='lat' dir='ltr'><strong>Iulum</strong></span> 
     </span>
    </p>
   </div>
   <div class='ocr_carea' id='block_1_60' title="bbox 233 5847 1822 5966">
    <p class='ocr_par' dir='ltr' id='par_1_61' title="bbox 233 5847 1822 5966">
     <span class='ocr_line' id='line_1_64' title="bbox 233 5847 1822 5920; baseline 0.004 -27"><span class='ocrx_word' id='word_1_495' title='bbox 233 5847 289 5894; x_wconf 83' lang='lat' dir='ltr'><strong>in</strong></span> <span class='ocrx_word' id='word_1_496' title='bbox 307 5853 564 5920; x_wconf 69' lang='lat' dir='ltr'><strong>Venerem.</strong></span> <span class='ocrx_word' id='word_1_497' title='bbox 589 5851 750 5919; x_wconf 76' lang='lat' dir='ltr'><strong>ipsius</strong></span> <span class='ocrx_word' id='word_1_498' title='bbox 771 5847 974 5898; x_wconf 72' lang='lat' dir='ltr'><strong>Caesaris</strong></span> <span class='ocrx_word' id='word_1_499' title='bbox 997 5847 1057 5898; x_wconf 83' lang='lat' dir='ltr'><strong>ea</strong></span> <span class='ocrx_word' id='word_1_500' title='bbox 1077 5849 1139 5899; x_wconf 88' lang='lat' dir='ltr'><strong>de</strong></span> <span class='ocrx_word' id='word_1_501' title='bbox 1169 5862 1225 5899; x_wconf 88' lang='lat' dir='ltr'><strong>re</strong></span> <span class='ocrx_word' id='word_1_502' title='bbox 1258 5849 1407 5899; x_wconf 84' lang='lat' dir='ltr'><strong>verba</strong></span> <span class='ocrx_word' id='word_1_503' title='bbox 1445 5847 1675 5912; x_wconf 79' lang='lat' dir='ltr'><strong>leguntur</strong></span> <span class='ocrx_word' id='word_1_504' title='bbox 1697 5850 1822 5913; x_wconf 83' lang='lat' dir='ltr'><strong>apud</strong></span> 
     </span>
     <span class='ocr_line' id='line_1_65' title="bbox 233 5913 537 5966; baseline 0.003 -1"><span class='ocrx_word' id='word_1_505' title='bbox 233 5913 537 5966; x_wconf 67' lang='lat' dir='ltr'><strong>mum.</strong></span> 
     </span>
    </p>
   </div>
   <div class='ocr_carea' id='block_1_61' title="bbox 1919 573 3488 646">
    <p class='ocr_par' dir='ltr' id='par_1_62' title="bbox 1919 573 3488 646">
     <span class='ocr_line' id='line_1_66' title="bbox 1919 573 3488 646; baseline 0.005 -20"><span class='ocrx_word' id='word_1_506' title='bbox 1919 573 2136 628; x_wconf 89' lang='lat' dir='ltr'><strong>nimium</strong></span> <span class='ocrx_word' id='word_1_507' title='bbox 2166 574 2452 646; x_wconf 87' lang='lat' dir='ltr'><strong>grandibus</strong></span> <span class='ocrx_word' id='word_1_508' title='bbox 2470 592 2532 632; x_wconf 90' lang='lat' dir='ltr'><strong>ac</strong></span> <span class='ocrx_word' id='word_1_509' title='bbox 2564 576 2787 634; x_wconf 85' lang='lat' dir='ltr'><strong>fortibus</strong></span> <span class='ocrx_word' id='word_1_510' title='bbox 2813 577 2963 644; x_wconf 83' lang='lat' dir='ltr'><strong>viris,</strong></span> <span class='ocrx_word' id='word_1_511' title='bbox 2995 586 3120 634; x_wconf 89' lang='lat' dir='ltr'><strong>tunc</strong></span> <span class='ocrx_word' id='word_1_512' title='bbox 3145 587 3286 636; x_wconf 87' lang='lat' dir='ltr'><strong>terra</strong></span> <span class='ocrx_word' id='word_1_513' title='bbox 3335 593 3488 634; x_wconf 87' lang='lat' dir='ltr'><strong>com-</strong></span> 
     </span>
    </p>
   </div>
   <div class='ocr_carea' id='block_1_62' title="bbox 1919 663 3491 742">
    <p class='ocr_par' dir='ltr' id='par_1_63' title="bbox 1919 663 3491 742">
     <span class='ocr_line' id='line_1_67' title="bbox 1919 663 3491 742; baseline 0.006 -26"><span class='ocrx_word' id='word_1_514' title='bbox 1919 663 2056 733; x_wconf 90' lang='lat' dir='ltr'><strong>pleta</strong></span> <span class='ocrx_word' id='word_1_515' title='bbox 2076 674 2157 720; x_wconf 92' lang='lat' dir='ltr'><strong>est</strong></span> <span class='ocrx_word' id='word_1_516' title='bbox 2177 664 2250 738; x_wconf 88' lang='lat' dir='ltr'><strong>(a)</strong></span> <span class='ocrx_word' id='word_1_517' title='bbox 2269 664 2419 740; x_wconf 85' lang='lat' dir='ltr'><strong>(Gen.</strong></span> <span class='ocrx_word' id='word_1_518' title='bbox 2441 683 2512 733; x_wconf 74' lang='lat' dir='ltr'><strong>vr,</strong></span> <span class='ocrx_word' id='word_1_519' title='bbox 2535 667 2612 740; x_wconf 75' lang='grc'><strong>4).</strong></span> <span class='ocrx_word' id='word_1_520' title='bbox 2637 666 2750 742; x_wconf 82' lang='grc' dir='ltr'><strong>[ν.]</strong></span> <span class='ocrx_word' id='word_1_521' title='bbox 2777 669 3004 724; x_wconf 87' lang='lat' dir='ltr'><strong>Proinde</strong></span> <span class='ocrx_word' id='word_1_522' title='bbox 3016 669 3083 725; x_wconf 88' lang='lat' dir='ltr'><strong>ad</strong></span> <span class='ocrx_word' id='word_1_523' title='bbox 3100 679 3386 740; x_wconf 87' lang='lat' dir='ltr'><strong>utrumque</strong></span> <span class='ocrx_word' id='word_1_524' title='bbox 3408 671 3491 725; x_wconf 83' lang='lat' dir='ltr'><strong>in-</strong></span> 
     </span>
    </p>
   </div>
   <div class='ocr_carea' id='block_1_63' title="bbox 1919 756 3488 830">
    <p class='ocr_par' dir='ltr' id='par_1_64' title="bbox 1919 756 3488 830">
     <span class='ocr_line' id='line_1_68' title="bbox 1919 756 3488 830; baseline 0.005 -21"><span class='ocrx_word' id='word_1_525' title='bbox 1919 756 2072 810; x_wconf 91' lang='lat' dir='ltr'><strong>terim</strong></span> <span class='ocrx_word' id='word_1_526' title='bbox 2095 757 2255 812; x_wconf 89' lang='lat' dir='ltr'><strong>modo</strong></span> <span class='ocrx_word' id='word_1_527' title='bbox 2277 767 2454 813; x_wconf 89' lang='lat' dir='ltr'><strong>nostra</strong></span> <span class='ocrx_word' id='word_1_528' title='bbox 2482 758 2768 830; x_wconf 88' lang='lat' dir='ltr'><strong>disputatio</strong></span> <span class='ocrx_word' id='word_1_529' title='bbox 2796 759 3078 816; x_wconf 86' lang='lat' dir='ltr'><strong>referatur.</strong></span> <span class='ocrx_word' id='word_1_530' title='bbox 3104 761 3163 816; x_wconf 92' lang='lat' dir='ltr'><strong>Si</strong></span> <span class='ocrx_word' id='word_1_531' title='bbox 3187 761 3329 816; x_wconf 90' lang='lat' dir='ltr'><strong>enim</strong></span> <span class='ocrx_word' id='word_1_532' title='bbox 3358 774 3488 817; x_wconf 81' lang='lat' dir='ltr'><strong>vera</strong></span> 
     </span>
    </p>
   </div>
   <div class='ocr_carea' id='block_1_64' title="bbox 1916 849 3493 922">
    <p class='ocr_par' dir='ltr' id='par_1_65' title="bbox 1916 849 3493 922">
     <span class='ocr_line' id='line_1_69' title="bbox 1916 849 3493 922; baseline 0.004 -22"><span class='ocrx_word' id='word_1_533' title='bbox 1916 855 2057 912; x_wconf 89' lang='lat' dir='ltr'><strong>sunt,</strong></span> <span class='ocrx_word' id='word_1_534' title='bbox 2083 864 2200 918; x_wconf 74' lang='lat' dir='ltr'><strong>qua:</strong></span> <span class='ocrx_word' id='word_1_535' title='bbox 2225 849 2360 919; x_wconf 85' lang='lat' dir='ltr'><strong>apud</strong></span> <span class='ocrx_word' id='word_1_536' title='bbox 2391 850 2508 905; x_wconf 87' lang='lat' dir='ltr'><strong>illos</strong></span> <span class='ocrx_word' id='word_1_537' title='bbox 2527 852 2594 905; x_wconf 93' lang='lat' dir='ltr'><strong>de</strong></span> <span class='ocrx_word' id='word_1_538' title='bbox 2615 860 2782 906; x_wconf 88' lang='lat' dir='ltr'><strong>matre</strong></span> <span class='ocrx_word' id='word_1_539' title='bbox 2810 850 2996 907; x_wconf 68' lang='lat' dir='ltr'><strong>Enem</strong></span> <span class='ocrx_word' id='word_1_540' title='bbox 3025 861 3080 908; x_wconf 87' lang='lat' dir='ltr'><strong>et</strong></span> <span class='ocrx_word' id='word_1_541' title='bbox 3105 851 3172 907; x_wconf 92' lang='lat' dir='ltr'><strong>de</strong></span> <span class='ocrx_word' id='word_1_542' title='bbox 3200 862 3354 922; x_wconf 88' lang='lat' dir='ltr'><strong>patre</strong></span> <span class='ocrx_word' id='word_1_543' title='bbox 3379 851 3493 906; x_wconf 80' lang='lat' dir='ltr'><strong>Ro-</strong></span> 
     </span>
    </p>
   </div>
   <div class='ocr_carea' id='block_1_65' title="bbox 1916 938 3491 1012">
    <p class='ocr_par' dir='ltr' id='par_1_66' title="bbox 1916 938 3491 1012">
     <span class='ocr_line' id='line_1_70' title="bbox 1916 938 3491 1012; baseline 0.004 -22"><span class='ocrx_word' id='word_1_544' title='bbox 1916 938 2042 991; x_wconf 91' lang='lat' dir='ltr'><strong>muli</strong></span> <span class='ocrx_word' id='word_1_545' title='bbox 2091 939 2441 1007; x_wconf 84' lang='lat' dir='ltr'><strong>lectitantur;</strong></span> <span class='ocrx_word' id='word_1_546' title='bbox 2495 940 2763 1012; x_wconf 90' lang='lat' dir='ltr'><strong>quomodo</strong></span> <span class='ocrx_word' id='word_1_547' title='bbox 2813 951 3035 1012; x_wconf 88' lang='lat' dir='ltr'><strong>possunt</strong></span> <span class='ocrx_word' id='word_1_548' title='bbox 3089 942 3190 998; x_wconf 90' lang='lat' dir='ltr'><strong>diis</strong></span> <span class='ocrx_word' id='word_1_549' title='bbox 3231 941 3491 997; x_wconf 86' lang='lat' dir='ltr'><strong>adulteria</strong></span> 
     </span>
    </p>
   </div>
   <div class='ocr_carea' id='block_1_66' title="bbox 1915 1029 3491 1104">
    <p class='ocr_par' dir='ltr' id='par_1_67' title="bbox 1915 1029 3491 1104">
     <span class='ocr_line' id='line_1_71' title="bbox 1915 1029 3491 1104; baseline 0.001 -20"><span class='ocrx_word' id='word_1_550' title='bbox 1915 1029 2192 1098; x_wconf 87' lang='lat' dir='ltr'><strong>displicere</strong></span> <span class='ocrx_word' id='word_1_551' title='bbox 2223 1030 2493 1087; x_wconf 87' lang='lat' dir='ltr'><strong>hominum</strong></span> <span class='ocrx_word' id='word_1_552' title='bbox 2518 1073 2533 1097; x_wconf 91' lang='lat'><strong>,</strong></span> <span class='ocrx_word' id='word_1_553' title='bbox 2562 1048 2680 1104; x_wconf 70' lang='lat' dir='ltr'><strong>quae</strong></span> <span class='ocrx_word' id='word_1_554' title='bbox 2707 1034 2757 1087; x_wconf 92' lang='lat' dir='ltr'><strong>in</strong></span> <span class='ocrx_word' id='word_1_555' title='bbox 2787 1049 2846 1087; x_wconf 84' lang='lat' dir='ltr'><strong>se</strong></span> <span class='ocrx_word' id='word_1_556' title='bbox 2882 1032 3011 1103; x_wconf 89' lang='lat' dir='ltr'><strong>ipsis</strong></span> <span class='ocrx_word' id='word_1_557' title='bbox 3040 1033 3382 1088; x_wconf 88' lang='lat' dir='ltr'><strong>concorditer</strong></span> <span class='ocrx_word' id='word_1_558' title='bbox 3412 1031 3491 1086; x_wconf 86' lang='lat' dir='ltr'><strong>fe-</strong></span> 
     </span>
    </p>
   </div>
   <div class='ocr_carea' id='block_1_67' title="bbox 1915 1121 3493 1194">
    <p class='ocr_par' dir='ltr' id='par_1_68' title="bbox 1915 1121 3493 1194">
     <span class='ocr_line' id='line_1_72' title="bbox 1915 1121 3493 1194; baseline 0.003 -20"><span class='ocrx_word' id='word_1_559' title='bbox 1915 1121 2080 1176; x_wconf 81' lang='lat' dir='ltr'><strong>runt?</strong></span> <span class='ocrx_word' id='word_1_560' title='bbox 2107 1122 2158 1174; x_wconf 62' lang='lat' dir='ltr'><strong>Si</strong></span> <span class='ocrx_word' id='word_1_561' title='bbox 2185 1131 2359 1176; x_wconf 87' lang='lat' dir='ltr'><strong>autem</strong></span> <span class='ocrx_word' id='word_1_562' title='bbox 2391 1122 2522 1177; x_wconf 88' lang='lat' dir='ltr'><strong>falsa</strong></span> <span class='ocrx_word' id='word_1_563' title='bbox 2566 1135 2720 1189; x_wconf 90' lang='lat' dir='ltr'><strong>sunt;</strong></span> <span class='ocrx_word' id='word_1_564' title='bbox 2772 1139 2870 1179; x_wconf 90' lang='lat' dir='ltr'><strong>nec</strong></span> <span class='ocrx_word' id='word_1_565' title='bbox 2912 1125 2990 1178; x_wconf 91' lang='lat' dir='ltr'><strong>sic</strong></span> <span class='ocrx_word' id='word_1_566' title='bbox 3027 1125 3236 1194; x_wconf 85' lang='lat' dir='ltr'><strong>quidem</strong></span> <span class='ocrx_word' id='word_1_567' title='bbox 3269 1130 3493 1193; x_wconf 85' lang='lat' dir='ltr'><strong>possunt</strong></span> 
     </span>
    </p>
   </div>
   <div class='ocr_carea' id='block_1_68' title="bbox 1915 1211 3492 1285">
    <p class='ocr_par' dir='ltr' id='par_1_69' title="bbox 1915 1211 3492 1285">
     <span class='ocr_line' id='line_1_73' title="bbox 1915 1211 3492 1285; baseline 0.003 -21"><span class='ocrx_word' id='word_1_568' title='bbox 1915 1211 2068 1265; x_wconf 84' lang='lat' dir='ltr'><strong>irasci</strong></span> <span class='ocrx_word' id='word_1_569' title='bbox 2100 1215 2240 1267; x_wconf 88' lang='lat' dir='ltr'><strong>veris</strong></span> <span class='ocrx_word' id='word_1_570' title='bbox 2259 1215 2532 1269; x_wconf 86' lang='lat' dir='ltr'><strong>adulteriis</strong></span> <span class='ocrx_word' id='word_1_571' title='bbox 2569 1214 2812 1269; x_wconf 89' lang='lat' dir='ltr'><strong>humanis</strong></span> <span class='ocrx_word' id='word_1_572' title='bbox 2833 1257 2846 1279; x_wconf 86' lang='lat'><strong>,</strong></span> <span class='ocrx_word' id='word_1_573' title='bbox 2872 1216 2958 1285; x_wconf 90' lang='lat' dir='ltr'><strong>qui</strong></span> <span class='ocrx_word' id='word_1_574' title='bbox 2986 1215 3144 1269; x_wconf 85' lang='lat' dir='ltr'><strong>etiam</strong></span> <span class='ocrx_word' id='word_1_575' title='bbox 3167 1214 3312 1268; x_wconf 87' lang='lat' dir='ltr'><strong>falsis</strong></span> <span class='ocrx_word' id='word_1_576' title='bbox 3340 1214 3492 1268; x_wconf 86' lang='lat' dir='ltr'><strong>dele-</strong></span> 
     </span>
    </p>
   </div>
   <div class='ocr_carea' id='block_1_69' title="bbox 1915 1304 3492 1375">
    <p class='ocr_par' dir='ltr' id='par_1_70' title="bbox 1915 1304 3492 1375">
     <span class='ocr_line' id='line_1_74' title="bbox 1915 1304 3492 1375; baseline 0.003 -21"><span class='ocrx_word' id='word_1_577' title='bbox 1915 1313 2123 1356; x_wconf 85' lang='lat' dir='ltr'><strong>ctantur</strong></span> <span class='ocrx_word' id='word_1_578' title='bbox 2147 1305 2276 1357; x_wconf 81' lang='lat' dir='ltr'><strong>suis.</strong></span> <span class='ocrx_word' id='word_1_579' title='bbox 2322 1305 2434 1358; x_wconf 91' lang='lat' dir='ltr'><strong>lluc</strong></span> <span class='ocrx_word' id='word_1_580' title='bbox 2449 1305 2654 1360; x_wconf 82' lang='lat' dir='ltr'><strong>accedit</strong></span> <span class='ocrx_word' id='word_1_581' title='bbox 2677 1347 2692 1372; x_wconf 95' lang='lat'><strong>,</strong></span> <span class='ocrx_word' id='word_1_582' title='bbox 2719 1306 2968 1375; x_wconf 89' lang='lat' dir='ltr'><strong>quoniam</strong></span> <span class='ocrx_word' id='word_1_583' title='bbox 2993 1307 3035 1358; x_wconf 91' lang='lat' dir='ltr'><strong>si</strong></span> <span class='ocrx_word' id='word_1_584' title='bbox 3067 1305 3192 1358; x_wconf 92' lang='lat' dir='ltr'><strong>illud</strong></span> <span class='ocrx_word' id='word_1_585' title='bbox 3221 1305 3290 1358; x_wconf 87' lang='lat' dir='ltr'><strong>de</strong></span> <span class='ocrx_word' id='word_1_586' title='bbox 3323 1304 3492 1358; x_wconf 83' lang='lat' dir='ltr'><strong>Marte</strong></span> 
     </span>
    </p>
   </div>
   <div class='ocr_carea' id='block_1_70' title="bbox 1915 1395 3490 1466">
    <p class='ocr_par' dir='ltr' id='par_1_71' title="bbox 1915 1395 3490 1466">
     <span class='ocr_line' id='line_1_75' title="bbox 1915 1395 3490 1466; baseline -0.001 -19"><span class='ocrx_word' id='word_1_587' title='bbox 1915 1411 2018 1447; x_wconf 92' lang='lat' dir='ltr'><strong>non</strong></span> <span class='ocrx_word' id='word_1_588' title='bbox 2050 1395 2300 1461; x_wconf 86' lang='lat' dir='ltr'><strong>creditur,</strong></span> <span class='ocrx_word' id='word_1_589' title='bbox 2326 1405 2383 1450; x_wconf 89' lang='lat' dir='ltr'><strong>ut</strong></span> <span class='ocrx_word' id='word_1_590' title='bbox 2407 1396 2506 1450; x_wconf 91' lang='lat' dir='ltr'><strong>hoc</strong></span> <span class='ocrx_word' id='word_1_591' title='bbox 2534 1411 2744 1466; x_wconf 85' lang='lat' dir='ltr'><strong>quoque</strong></span> <span class='ocrx_word' id='word_1_592' title='bbox 2764 1395 2829 1450; x_wconf 85' lang='lat' dir='ltr'><strong>de</strong></span> <span class='ocrx_word' id='word_1_593' title='bbox 2856 1395 3060 1449; x_wconf 87' lang='lat' dir='ltr'><strong>Venere</strong></span> <span class='ocrx_word' id='word_1_594' title='bbox 3091 1411 3194 1449; x_wconf 89' lang='lat' dir='ltr'><strong>non</strong></span> <span class='ocrx_word' id='word_1_595' title='bbox 3221 1395 3490 1462; x_wconf 81' lang='lat' dir='ltr'><strong>credatur,</strong></span> 
     </span>
    </p>
   </div>
   <div class='ocr_carea' id='block_1_71' title="bbox 1914 1485 3489 1541">
    <p class='ocr_par' dir='ltr' id='par_1_72' title="bbox 1914 1485 3489 1541">
     <span class='ocr_line' id='line_1_76' title="bbox 1914 1485 3489 1541; baseline 0 -4"><span class='ocrx_word' id='word_1_596' title='bbox 1914 1485 2061 1538; x_wconf 80' lang='lat' dir='ltr'><strong>nullo</strong></span> <span class='ocrx_word' id='word_1_597' title='bbox 2083 1486 2098 1516; x_wconf 87' lang='grc'>¹</span> <span class='ocrx_word' id='word_1_598' title='bbox 2128 1485 2292 1540; x_wconf 86' lang='lat' dir='ltr'><strong>divini</strong></span> <span class='ocrx_word' id='word_1_599' title='bbox 2320 1487 2635 1541; x_wconf 87' lang='lat' dir='ltr'><strong>concubitus</strong></span> <span class='ocrx_word' id='word_1_600' title='bbox 2664 1487 2881 1541; x_wconf 86' lang='lat' dir='ltr'><strong>obtentu</strong></span> <span class='ocrx_word' id='word_1_601' title='bbox 2904 1486 3088 1540; x_wconf 89' lang='lat' dir='ltr'><strong>matris</strong></span> <span class='ocrx_word' id='word_1_602' title='bbox 3120 1485 3329 1539; x_wconf 89' lang='lat' dir='ltr'><strong>Romuli</strong></span> <span class='ocrx_word' id='word_1_603' title='bbox 3359 1499 3489 1539; x_wconf 89' lang='lat' dir='ltr'><strong>cau-</strong></span> 
     </span>
    </p>
   </div>
   <div class='ocr_carea' id='block_1_72' title="bbox 1914 1578 3494 1651">
    <p class='ocr_par' dir='ltr' id='par_1_73' title="bbox 1914 1578 3494 1651">
     <span class='ocr_line' id='line_1_77' title="bbox 1914 1578 3494 1651; baseline 0.004 -23"><span class='ocrx_word' id='word_1_604' title='bbox 1914 1591 1969 1629; x_wconf 85' lang='lat' dir='ltr'><strong>sa</strong></span> <span class='ocrx_word' id='word_1_605' title='bbox 1996 1578 2312 1633; x_wconf 87' lang='lat' dir='ltr'><strong>defenditur.</strong></span> <span class='ocrx_word' id='word_1_606' title='bbox 2342 1579 2463 1634; x_wconf 87' lang='lat' dir='ltr'><strong>Fuit</strong></span> <span class='ocrx_word' id='word_1_607' title='bbox 2503 1591 2678 1634; x_wconf 85' lang='lat' dir='ltr'><strong>autent</strong></span> <span class='ocrx_word' id='word_1_608' title='bbox 2709 1581 2956 1635; x_wconf 87' lang='lat' dir='ltr'><strong>sacerdos</strong></span> <span class='ocrx_word' id='word_1_609' title='bbox 3000 1581 3210 1651; x_wconf 76' lang='lat' dir='ltr'><strong>Sylvia’</strong></span> <span class='ocrx_word' id='word_1_610' title='bbox 3240 1581 3452 1635; x_wconf 79' lang='lat' dir='ltr'><strong>vestalis</strong></span> <span class='ocrx_word' id='word_1_611' title='bbox 3476 1619 3494 1648; x_wconf 85' lang='lat'><strong>,</strong></span> 
     </span>
    </p>
   </div>
   <div class='ocr_carea' id='block_1_73' title="bbox 1915 1667 3492 1743">
    <p class='ocr_par' dir='ltr' id='par_1_74' title="bbox 1915 1667 3492 1743">
     <span class='ocr_line' id='line_1_78' title="bbox 1915 1667 3492 1743; baseline 0.003 -21"><span class='ocrx_word' id='word_1_612' title='bbox 1915 1675 1967 1722; x_wconf 90' lang='lat' dir='ltr'><strong>et</strong></span> <span class='ocrx_word' id='word_1_613' title='bbox 1998 1667 2116 1723; x_wconf 92' lang='lat' dir='ltr'><strong>ideo</strong></span> <span class='ocrx_word' id='word_1_614' title='bbox 2145 1669 2216 1722; x_wconf 92' lang='lat' dir='ltr'><strong>dii</strong></span> <span class='ocrx_word' id='word_1_615' title='bbox 2240 1671 2405 1740; x_wconf 83' lang='lat' dir='ltr'><strong>magis</strong></span> <span class='ocrx_word' id='word_1_616' title='bbox 2439 1671 2492 1724; x_wconf 92' lang='lat' dir='ltr'><strong>in</strong></span> <span class='ocrx_word' id='word_1_617' title='bbox 2527 1671 2793 1725; x_wconf 90' lang='lat' dir='ltr'><strong>Romanos</strong></span> <span class='ocrx_word' id='word_1_618' title='bbox 2840 1672 3154 1741; x_wconf 82' lang='lat' dir='ltr'><strong>sacrilegum</strong></span> <span class='ocrx_word' id='word_1_619' title='bbox 3187 1670 3308 1725; x_wconf 91' lang='lat' dir='ltr'><strong>illud</strong></span> <span class='ocrx_word' id='word_1_620' title='bbox 3339 1671 3492 1743; x_wconf 80' lang='lat' dir='ltr'><strong>ﬂagi-</strong></span> 
     </span>
    </p>
   </div>
   <div class='ocr_carea' id='block_1_74' title="bbox 1915 1760 3497 1830">
    <p class='ocr_par' dir='ltr' id='par_1_75' title="bbox 1915 1760 3497 1830">
     <span class='ocr_line' id='line_1_79' title="bbox 1915 1760 3497 1830; baseline 0.002 -16"><span class='ocrx_word' id='word_1_621' title='bbox 1915 1760 2066 1825; x_wconf 89' lang='lat' dir='ltr'><strong>tium,</strong></span> <span class='ocrx_word' id='word_1_622' title='bbox 2100 1776 2257 1830; x_wconf 87' lang='lat' dir='ltr'><strong>quam</strong></span> <span class='ocrx_word' id='word_1_623' title='bbox 2285 1762 2336 1814; x_wconf 91' lang='lat' dir='ltr'><strong>in</strong></span> <span class='ocrx_word' id='word_1_624' title='bbox 2359 1761 2618 1830; x_wconf 88' lang='lat' dir='ltr'><strong>Trojanos</strong></span> <span class='ocrx_word' id='word_1_625' title='bbox 2645 1761 2848 1816; x_wconf 83' lang='lat' dir='ltr'><strong>Paridis</strong></span> <span class='ocrx_word' id='word_1_626' title='bbox 2885 1763 3226 1829; x_wconf 88' lang='lat' dir='ltr'><strong>adulterium,</strong></span> <span class='ocrx_word' id='word_1_627' title='bbox 3261 1764 3497 1818; x_wconf 78' lang='lat' dir='ltr'><strong>vindica-</strong></span> 
     </span>
    </p>
   </div>
   <div class='ocr_carea' id='block_1_75' title="bbox 1915 1853 3496 1927">
    <p class='ocr_par' dir='ltr' id='par_1_76' title="bbox 1915 1853 3496 1927">
     <span class='ocr_line' id='line_1_80' title="bbox 1915 1853 3496 1927; baseline 0.003 -20"><span class='ocrx_word' id='word_1_628' title='bbox 1915 1869 1974 1907; x_wconf 89' lang='lat' dir='ltr'><strong>re</strong></span> <span class='ocrx_word' id='word_1_629' title='bbox 2002 1853 2314 1908; x_wconf 90' lang='lat' dir='ltr'><strong>debuerunt.</strong></span> <span class='ocrx_word' id='word_1_630' title='bbox 2371 1855 2500 1909; x_wconf 86' lang='lat' dir='ltr'><strong>Nam</strong></span> <span class='ocrx_word' id='word_1_631' title='bbox 2528 1865 2581 1910; x_wconf 89' lang='lat' dir='ltr'><strong>et</strong></span> <span class='ocrx_word' id='word_1_632' title='bbox 2602 1855 2699 1925; x_wconf 90' lang='lat' dir='ltr'><strong>ipsi</strong></span> <span class='ocrx_word' id='word_1_633' title='bbox 2724 1854 2946 1910; x_wconf 85' lang='lat' dir='ltr'><strong>Romani</strong></span> <span class='ocrx_word' id='word_1_634' title='bbox 2973 1857 3173 1927; x_wconf 90' lang='lat' dir='ltr'><strong>antiqui</strong></span> <span class='ocrx_word' id='word_1_635' title='bbox 3218 1857 3270 1910; x_wconf 92' lang='lat' dir='ltr'><strong>in</strong></span> <span class='ocrx_word' id='word_1_636' title='bbox 3312 1866 3496 1927; x_wconf 86' lang='lat' dir='ltr'><strong>stupro</strong></span> 
     </span>
    </p>
   </div>
   <div class='ocr_carea' id='block_1_76' title="bbox 1913 1944 3494 2018">
    <p class='ocr_par' dir='ltr' id='par_1_77' title="bbox 1913 1944 3494 2018">
     <span class='ocr_line' id='line_1_81' title="bbox 1913 1944 3494 2018; baseline 0.003 -20"><span class='ocrx_word' id='word_1_637' title='bbox 1913 1944 1978 1999; x_wconf 90' lang='lat' dir='ltr'><strong>de</strong></span> <span class='ocrx_word' id='word_1_638' title='bbox 1999 1955 2160 2001; x_wconf 90' lang='lat' dir='ltr'><strong>tectas</strong></span> <span class='ocrx_word' id='word_1_639' title='bbox 2188 1946 2356 2000; x_wconf 62' lang='lat' dir='ltr'><strong>Vestam</strong></span> <span class='ocrx_word' id='word_1_640' title='bbox 2373 1947 2698 2012; x_wconf 82' lang='lat' dir='ltr'><strong>sacerdotes,</strong></span> <span class='ocrx_word' id='word_1_641' title='bbox 2720 1947 2867 2001; x_wconf 88' lang='lat' dir='ltr'><strong>vivas</strong></span> <span class='ocrx_word' id='word_1_642' title='bbox 2884 1948 3041 2001; x_wconf 88' lang='lat' dir='ltr'><strong>etiam</strong></span> <span class='ocrx_word' id='word_1_643' title='bbox 3060 1947 3402 2002; x_wconf 86' lang='lat' dir='ltr'><strong>defodiebant</strong></span> <span class='ocrx_word' id='word_1_644' title='bbox 3421 1947 3494 2018; x_wconf 92' lang='lat' dir='ltr'><strong>(b)</strong></span> 
     </span>
    </p>
   </div>
   <div class='ocr_carea' id='block_1_77' title="bbox 1913 2034 3499 2108">
    <p class='ocr_par' dir='ltr' id='par_1_78' title="bbox 1913 2034 3499 2108">
     <span class='ocr_line' id='line_1_82' title="bbox 1913 2034 3499 2108; baseline 0.002 -20"><span class='ocrx_word' id='word_1_645' title='bbox 1913 2034 2177 2091; x_wconf 88' lang='lat' dir='ltr'><strong>adulteras</strong></span> <span class='ocrx_word' id='word_1_646' title='bbox 2239 2047 2414 2090; x_wconf 90' lang='lat' dir='ltr'><strong>autem</strong></span> <span class='ocrx_word' id='word_1_647' title='bbox 2479 2035 2749 2102; x_wconf 82' lang='lat' dir='ltr'><strong>feminas,</strong></span> <span class='ocrx_word' id='word_1_648' title='bbox 2821 2038 3062 2107; x_wconf 86' lang='lat' dir='ltr'><strong>quamvis</strong></span> <span class='ocrx_word' id='word_1_649' title='bbox 3133 2037 3307 2108; x_wconf 89' lang='lat' dir='ltr'><strong>aliqua</strong></span> <span class='ocrx_word' id='word_1_650' title='bbox 3349 2038 3499 2092; x_wconf 86' lang='lat' dir='ltr'><strong>dam-</strong></span> 
     </span>
    </p>
   </div>
   <div class='ocr_carea' id='block_1_78' title="bbox 1915 2127 3493 2201">
    <p class='ocr_par' dir='ltr' id='par_1_79' title="bbox 1915 2127 3493 2201">
     <span class='ocr_line' id='line_1_83' title="bbox 1915 2127 3493 2201; baseline 0.003 -21"><span class='ocrx_word' id='word_1_651' title='bbox 1915 2127 2126 2182; x_wconf 89' lang='lat' dir='ltr'><strong>natione</strong></span> <span class='ocrx_word' id='word_1_652' title='bbox 2159 2168 2174 2194; x_wconf 92' lang='lat'><strong>,</strong></span> <span class='ocrx_word' id='word_1_653' title='bbox 2227 2128 2367 2183; x_wconf 86' lang='lat' dir='ltr'><strong>nulla</strong></span> <span class='ocrx_word' id='word_1_654' title='bbox 2409 2136 2584 2183; x_wconf 90' lang='lat' dir='ltr'><strong>tamen</strong></span> <span class='ocrx_word' id='word_1_655' title='bbox 2616 2139 2790 2185; x_wconf 89' lang='lat' dir='ltr'><strong>morte</strong></span> <span class='ocrx_word' id='word_1_656' title='bbox 2827 2129 3129 2198; x_wconf 85' lang='lat' dir='ltr'><strong>plectebant</strong></span> <span class='ocrx_word' id='word_1_657' title='bbox 3173 2130 3285 2201; x_wconf 87' lang='lat' dir='ltr'><strong>(c):</strong></span> <span class='ocrx_word' id='word_1_658' title='bbox 3319 2144 3493 2200; x_wconf 88' lang='lat' dir='ltr'><strong>usque</strong></span> 
     </span>
    </p>
   </div>
   <div class='ocr_carea' id='block_1_79' title="bbox 1913 2217 3498 2291">
    <p class='ocr_par' dir='ltr' id='par_1_80' title="bbox 1913 2217 3498 2291">
     <span class='ocr_line' id='line_1_84' title="bbox 1913 2217 3498 2291; baseline 0.001 -19"><span class='ocrx_word' id='word_1_659' title='bbox 1913 2217 2046 2272; x_wconf 88' lang='lat' dir='ltr'><strong>adeo</strong></span> <span class='ocrx_word' id='word_1_660' title='bbox 2074 2218 2288 2287; x_wconf 82' lang='lat' dir='ltr'><strong>gravius</strong></span> <span class='ocrx_word' id='word_1_661' title='bbox 2313 2235 2428 2289; x_wconf 70' lang='lat' dir='ltr'><strong>qua:</strong></span> <span class='ocrx_word' id='word_1_662' title='bbox 2457 2220 2713 2290; x_wconf 87' lang='lat' dir='ltr'><strong>putabant</strong></span> <span class='ocrx_word' id='word_1_663' title='bbox 2753 2219 2914 2291; x_wconf 81' lang='lat' dir='ltr'><strong>adyta</strong></span> <span class='ocrx_word' id='word_1_664' title='bbox 2940 2219 3121 2276; x_wconf 89' lang='lat' dir='ltr'><strong>divina</strong></span> <span class='ocrx_word' id='word_1_665' title='bbox 3149 2261 3164 2287; x_wconf 95' lang='lat'><strong>,</strong></span> <span class='ocrx_word' id='word_1_666' title='bbox 3217 2235 3376 2291; x_wconf 90' lang='lat' dir='ltr'><strong>quam</strong></span> <span class='ocrx_word' id='word_1_667' title='bbox 3401 2220 3498 2275; x_wconf 87' lang='lat' dir='ltr'><strong>hu-</strong></span> 
     </span>
    </p>
   </div>
   <div class='ocr_carea' id='block_1_80' title="bbox 1914 2310 2682 2368">
    <p class='ocr_par' dir='ltr' id='par_1_81' title="bbox 1914 2310 2682 2368">
     <span class='ocr_line' id='line_1_85' title="bbox 1914 2310 2682 2368; baseline 0.007 -5"><span class='ocrx_word' id='word_1_668' title='bbox 1914 2325 2072 2364; x_wconf 89' lang='lat' dir='ltr'><strong>mana</strong></span> <span class='ocrx_word' id='word_1_669' title='bbox 2097 2310 2290 2366; x_wconf 90' lang='lat' dir='ltr'><strong>cubilia</strong></span> <span class='ocrx_word' id='word_1_670' title='bbox 2325 2311 2682 2368; x_wconf 86' lang='lat' dir='ltr'><strong>vindicabant.</strong></span> 
     </span>
    </p>
   </div>
   <div class='ocr_carea' id='block_1_81' title="bbox 1913 2443 3498 2516">
    <p class='ocr_par' dir='ltr' id='par_1_82' title="bbox 1913 2443 3498 2516">
     <span class='ocr_line' id='line_1_86' title="bbox 1913 2443 3498 2516; baseline 0.001 -18"><span class='ocrx_word' id='word_1_671' title='bbox 1913 2443 2136 2500; x_wconf 80' lang='lat' dir='ltr'><strong>CAPUT</strong></span> <span class='ocrx_word' id='word_1_672' title='bbox 2165 2444 2252 2500; x_wconf 80' lang='lat' dir='ltr'><strong>Vl.</strong></span> <span class='ocrx_word' id='word_1_673' title='bbox 2291 2475 2362 2485; x_wconf 94' lang='lat'><strong><em>—</em></strong></span> <span class='ocrx_word' id='word_1_674' title='bbox 2399 2443 2477 2500; x_wconf 86' lang='lat' dir='ltr'><strong>De</strong></span> <span class='ocrx_word' id='word_1_675' title='bbox 2525 2446 2798 2515; x_wconf 85' lang='lat' dir='ltr'><strong>parricidio</strong></span> <span class='ocrx_word' id='word_1_676' title='bbox 2839 2443 3045 2500; x_wconf 81' lang='lat' dir='ltr'><strong>Romuli</strong></span> <span class='ocrx_word' id='word_1_677' title='bbox 3067 2485 3083 2512; x_wconf 94' lang='lat'><strong>,</strong></span> <span class='ocrx_word' id='word_1_678' title='bbox 3123 2446 3260 2516; x_wconf 83' lang='lat' dir='ltr'><strong>quod</strong></span> <span class='ocrx_word' id='word_1_679' title='bbox 3303 2445 3375 2499; x_wconf 85' lang='lat' dir='ltr'><strong>dii</strong></span> <span class='ocrx_word' id='word_1_680' title='bbox 3395 2461 3498 2500; x_wconf 86' lang='lat' dir='ltr'><strong>non</strong></span> 
     </span>
    </p>
   </div>
   <div class='ocr_carea' id='block_1_82' title="bbox 2533 2537 2868 2591">
    <p class='ocr_par' dir='ltr' id='par_1_83' title="bbox 2533 2537 2868 2591">
     <span class='ocr_line' id='line_1_87' title="bbox 2533 2537 2868 2591; baseline -0.003 0"><span class='ocrx_word' id='word_1_681' title='bbox 2533 2537 2868 2591; x_wconf 67' lang='lat' dir='ltr'><strong>vindicarunt.</strong></span> 
     </span>
    </p>
   </div>
   <div class='ocr_carea' id='block_1_83' title="bbox 1987 2666 3501 2738">
    <p class='ocr_par' dir='ltr' id='par_1_84' title="bbox 1987 2666 3501 2738">
     <span class='ocr_line' id='line_1_88' title="bbox 1987 2666 3501 2738; baseline 0 -16"><span class='ocrx_word' id='word_1_682' title='bbox 1987 2667 2144 2722; x_wconf 85' lang='lat' dir='ltr'><strong>Aliud</strong></span> <span class='ocrx_word' id='word_1_683' title='bbox 2181 2666 2396 2738; x_wconf 85' lang='lat' dir='ltr'><strong>adjicio,</strong></span> <span class='ocrx_word' id='word_1_684' title='bbox 2428 2667 2552 2738; x_wconf 91' lang='lat' dir='ltr'><strong>quia</strong></span> <span class='ocrx_word' id='word_1_685' title='bbox 2577 2667 2622 2722; x_wconf 92' lang='lat' dir='ltr'><strong>si</strong></span> <span class='ocrx_word' id='word_1_686' title='bbox 2648 2683 2714 2723; x_wconf 92' lang='lat' dir='ltr'><strong>eo</strong></span> <span class='ocrx_word' id='word_1_687' title='bbox 2756 2681 2923 2738; x_wconf 90' lang='lat' dir='ltr'><strong>usque</strong></span> <span class='ocrx_word' id='word_1_688' title='bbox 2969 2677 3178 2737; x_wconf 87' lang='lat' dir='ltr'><strong>peccata</strong></span> <span class='ocrx_word' id='word_1_689' title='bbox 3225 2666 3501 2722; x_wconf 88' lang='lat' dir='ltr'><strong>hominum</strong></span> 
     </span>
    </p>
   </div>
   <div class='ocr_carea' id='block_1_84' title="bbox 1917 2757 3501 2827">
    <p class='ocr_par' dir='ltr' id='par_1_85' title="bbox 1917 2757 3501 2827">
     <span class='ocr_line' id='line_1_89' title="bbox 1917 2757 3501 2827; baseline 0.002 -16"><span class='ocrx_word' id='word_1_690' title='bbox 1917 2757 2019 2811; x_wconf 87' lang='lat' dir='ltr'><strong>illis</strong></span> <span class='ocrx_word' id='word_1_691' title='bbox 2048 2759 2354 2812; x_wconf 90' lang='lat' dir='ltr'><strong>numinibus</strong></span> <span class='ocrx_word' id='word_1_692' title='bbox 2381 2759 2761 2827; x_wconf 88' lang='lat' dir='ltr'><strong>displicerent,</strong></span> <span class='ocrx_word' id='word_1_693' title='bbox 2815 2769 2870 2812; x_wconf 91' lang='lat' dir='ltr'><strong>ut</strong></span> <span class='ocrx_word' id='word_1_694' title='bbox 2915 2758 3100 2813; x_wconf 85' lang='lat' dir='ltr'><strong>oll‘eusi</strong></span> <span class='ocrx_word' id='word_1_695' title='bbox 3131 2758 3336 2816; x_wconf 88' lang='lat' dir='ltr'><strong>Paridis</strong></span> <span class='ocrx_word' id='word_1_696' title='bbox 3361 2757 3501 2814; x_wconf 86' lang='lat' dir='ltr'><strong>facto</strong></span> 
     </span>
    </p>
   </div>
   <div class='ocr_carea' id='block_1_85' title="bbox 1913 2849 3501 2921">
    <p class='ocr_par' dir='ltr' id='par_1_86' title="bbox 1913 2849 3501 2921">
     <span class='ocr_line' id='line_1_90' title="bbox 1913 2849 3501 2921; baseline -0.003 -13"><span class='ocrx_word' id='word_1_697' title='bbox 1913 2849 2178 2909; x_wconf 80' lang='lat' dir='ltr'><strong>desertam</strong></span> <span class='ocrx_word' id='word_1_698' title='bbox 2220 2851 2432 2920; x_wconf 87' lang='lat' dir='ltr'><strong>Trojam</strong></span> <span class='ocrx_word' id='word_1_699' title='bbox 2469 2849 2616 2905; x_wconf 83' lang='lat' dir='ltr'><strong>ferro</strong></span> <span class='ocrx_word' id='word_1_700' title='bbox 2646 2852 2959 2921; x_wconf 87' lang='lat' dir='ltr'><strong>ignibusque</strong></span> <span class='ocrx_word' id='word_1_701' title='bbox 2991 2851 3290 2914; x_wconf 89' lang='lat' dir='ltr'><strong>donarent;</strong></span> <span class='ocrx_word' id='word_1_702' title='bbox 3329 2851 3501 2920; x_wconf 81' lang='lat' dir='ltr'><strong>magis</strong></span> 
     </span>
    </p>
   </div>
   <div class='ocr_carea' id='block_1_86' title="bbox 1914 2942 3503 3013">
    <p class='ocr_par' dir='ltr' id='par_1_87' title="bbox 1914 2942 3503 3013">
     <span class='ocr_line' id='line_1_91' title="bbox 1914 2942 3503 3013; baseline -0.003 -12"><span class='ocrx_word' id='word_1_703' title='bbox 1914 2962 2006 3002; x_wconf 93' lang='lat' dir='ltr'><strong>eos</strong></span> <span class='ocrx_word' id='word_1_704' title='bbox 2031 2957 2215 3001; x_wconf 89' lang='lat' dir='ltr'><strong>contra</strong></span> <span class='ocrx_word' id='word_1_705' title='bbox 2237 2943 2510 3001; x_wconf 87' lang='lat' dir='ltr'><strong>Romanos</strong></span> <span class='ocrx_word' id='word_1_706' title='bbox 2536 2953 2773 2998; x_wconf 80' lang='lat' dir='ltr'><strong>moveret</strong></span> <span class='ocrx_word' id='word_1_707' title='bbox 2804 2943 3014 2996; x_wconf 82' lang='lat' dir='ltr'><strong>Romuli</strong></span> <span class='ocrx_word' id='word_1_708' title='bbox 3046 2942 3208 2998; x_wconf 87' lang='lat' dir='ltr'><strong>frater</strong></span> <span class='ocrx_word' id='word_1_709' title='bbox 3234 2943 3316 3013; x_wconf 84' lang='lat' dir='ltr'><strong>(d)</strong></span> <span class='ocrx_word' id='word_1_710' title='bbox 3361 2943 3503 2997; x_wconf 82' lang='lat' dir='ltr'><strong>occi-</strong></span> 
     </span>
    </p>
   </div>
   <div class='ocr_carea' id='block_1_87' title="bbox 1913 3033 3502 3108">
    <p class='ocr_par' dir='ltr' id='par_1_88' title="bbox 1913 3033 3502 3108">
     <span class='ocr_line' id='line_1_92' title="bbox 1913 3033 3502 3108; baseline 0 -22"><span class='ocrx_word' id='word_1_711' title='bbox 1913 3053 2037 3103; x_wconf 79' lang='lat' dir='ltr'><strong>sus,</strong></span> <span class='ocrx_word' id='word_1_712' title='bbox 2065 3053 2222 3108; x_wconf 78' lang='lat' dir='ltr'><strong>quam</strong></span> <span class='ocrx_word' id='word_1_713' title='bbox 2270 3047 2451 3092; x_wconf 76' lang='lat' dir='ltr'><strong>contra</strong></span> <span class='ocrx_word' id='word_1_714' title='bbox 2493 3035 2753 3106; x_wconf 76' lang='lat' dir='ltr'><strong>Trojanos</strong></span> <span class='ocrx_word' id='word_1_715' title='bbox 2789 3033 3003 3088; x_wconf 70' lang='lat' dir='ltr'><strong>Grzecus</strong></span> <span class='ocrx_word' id='word_1_716' title='bbox 3042 3035 3261 3088; x_wconf 86' lang='lat' dir='ltr'><strong>maritus</strong></span> <span class='ocrx_word' id='word_1_717' title='bbox 3298 3035 3314 3105; x_wconf 88' lang='lat'>(</span> <span class='ocrx_word' id='word_1_718' title='bbox 3335 3049 3362 3090; x_wconf 77' lang='grc' dir='ltr'><em>ε</em></span> <span class='ocrx_word' id='word_1_719' title='bbox 3392 3033 3409 3106; x_wconf 91' lang='grc'>)</span> <span class='ocrx_word' id='word_1_720' title='bbox 3435 3033 3502 3086; x_wconf 90' lang='lat' dir='ltr'><strong>il-</strong></span> 
     </span>
    </p>
   </div>
   <div class='ocr_carea' id='block_1_88' title="bbox 1916 3126 3502 3198">
    <p class='ocr_par' dir='ltr' id='par_1_89' title="bbox 1916 3126 3502 3198">
     <span class='ocr_line' id='line_1_93' title="bbox 1916 3126 3502 3198; baseline 0 -16"><span class='ocrx_word' id='word_1_721' title='bbox 1916 3128 2063 3182; x_wconf 90' lang='lat' dir='ltr'><strong>lusus</strong></span> <span class='ocrx_word' id='word_1_722' title='bbox 2096 3146 2110 3194; x_wconf 91' lang='lat'><strong>;</strong></span> <span class='ocrx_word' id='word_1_723' title='bbox 2155 3129 2325 3198; x_wconf 80' lang='lat' dir='ltr'><strong>magis</strong></span> <span class='ocrx_word' id='word_1_724' title='bbox 2365 3129 2595 3182; x_wconf 86' lang='lat' dir='ltr'><strong>irritaret</strong></span> <span class='ocrx_word' id='word_1_725' title='bbox 2632 3126 2968 3198; x_wconf 87' lang='lat' dir='ltr'><strong>parricidium</strong></span> <span class='ocrx_word' id='word_1_726' title='bbox 3015 3129 3282 3183; x_wconf 87' lang='lat' dir='ltr'><strong>nascentis</strong></span> <span class='ocrx_word' id='word_1_727' title='bbox 3305 3169 3319 3194; x_wconf 90' lang='lat'><strong>,</strong></span> <span class='ocrx_word' id='word_1_728' title='bbox 3343 3143 3502 3197; x_wconf 85' lang='lat' dir='ltr'><strong>quam</strong></span> 
     </span>
    </p>
   </div>
   <div class='ocr_carea' id='block_1_89' title="bbox 1917 3220 3502 3292">
    <p class='ocr_par' dir='ltr' id='par_1_90' title="bbox 1917 3220 3502 3292">
     <span class='ocr_line' id='line_1_94' title="bbox 1917 3220 3502 3292; baseline -0.003 -15"><span class='ocrx_word' id='word_1_729' title='bbox 1917 3225 2187 3292; x_wconf 89' lang='lat' dir='ltr'><strong>regnantis</strong></span> <span class='ocrx_word' id='word_1_730' title='bbox 2215 3222 2537 3275; x_wconf 87' lang='lat' dir='ltr'><strong>adulterium</strong></span> <span class='ocrx_word' id='word_1_731' title='bbox 2565 3221 2810 3276; x_wconf 84' lang='lat' dir='ltr'><strong>civitatis.</strong></span> <span class='ocrx_word' id='word_1_732' title='bbox 2841 3220 2948 3275; x_wconf 88' lang='lat' dir='ltr'><strong>Nec</strong></span> <span class='ocrx_word' id='word_1_733' title='bbox 2975 3221 3043 3276; x_wconf 87' lang='lat' dir='ltr'><strong>ad</strong></span> <span class='ocrx_word' id='word_1_734' title='bbox 3073 3237 3309 3285; x_wconf 90' lang='lat' dir='ltr'><strong>causam,</strong></span> <span class='ocrx_word' id='word_1_735' title='bbox 3340 3236 3502 3289; x_wconf 82' lang='lat' dir='ltr'><strong>quam</strong></span> 
     </span>
    </p>
   </div>
   <div class='ocr_carea' id='block_1_90' title="bbox 1917 3311 3502 3383">
    <p class='ocr_par' dir='ltr' id='par_1_91' title="bbox 1917 3311 3502 3383">
     <span class='ocr_line' id='line_1_95' title="bbox 1917 3311 3502 3383; baseline -0.001 -16"><span class='ocrx_word' id='word_1_736' title='bbox 1917 3328 2058 3367; x_wconf 90' lang='lat' dir='ltr'><strong>nunc</strong></span> <span class='ocrx_word' id='word_1_737' title='bbox 2085 3313 2310 3383; x_wconf 91' lang='lat' dir='ltr'><strong>agimus,</strong></span> <span class='ocrx_word' id='word_1_738' title='bbox 2334 3312 2558 3366; x_wconf 75' lang='lat' dir='ltr'><strong>intereSt</strong></span> <span class='ocrx_word' id='word_1_739' title='bbox 2577 3356 2591 3378; x_wconf 88' lang='lat'><strong>,</strong></span> <span class='ocrx_word' id='word_1_740' title='bbox 2616 3321 2789 3366; x_wconf 91' lang='lat' dir='ltr'><strong>utrum</strong></span> <span class='ocrx_word' id='word_1_741' title='bbox 2821 3311 2921 3366; x_wconf 91' lang='lat' dir='ltr'><strong>hoc</strong></span> <span class='ocrx_word' id='word_1_742' title='bbox 2951 3311 3063 3364; x_wconf 84' lang='lat' dir='ltr'><strong>fieri</strong></span> <span class='ocrx_word' id='word_1_743' title='bbox 3110 3311 3366 3366; x_wconf 80' lang='lat' dir='ltr'><strong>Romulus</strong></span> <span class='ocrx_word' id='word_1_744' title='bbox 3386 3311 3502 3380; x_wconf 84' lang='lat' dir='ltr'><strong>jus-</strong></span> 
     </span>
    </p>
   </div>
   <div class='ocr_carea' id='block_1_91' title="bbox 1922 3401 3497 3472">
    <p class='ocr_par' dir='ltr' id='par_1_92' title="bbox 1922 3401 3497 3472">
     <span class='ocr_line' id='line_1_96' title="bbox 1922 3401 3497 3472; baseline -0.001 -15"><span class='ocrx_word' id='word_1_745' title='bbox 1922 3405 2092 3467; x_wconf 90' lang='lat' dir='ltr'><strong>serit,</strong></span> <span class='ocrx_word' id='word_1_746' title='bbox 2122 3413 2210 3458; x_wconf 89' lang='lat' dir='ltr'><strong>aut</strong></span> <span class='ocrx_word' id='word_1_747' title='bbox 2243 3404 2501 3456; x_wconf 81' lang='lat' dir='ltr'><strong>Romulus</strong></span> <span class='ocrx_word' id='word_1_748' title='bbox 2550 3401 2768 3468; x_wconf 77' lang='lat' dir='ltr'><strong>iecerit,</strong></span> <span class='ocrx_word' id='word_1_749' title='bbox 2811 3402 2952 3472; x_wconf 89' lang='lat' dir='ltr'><strong>quod</strong></span> <span class='ocrx_word' id='word_1_750' title='bbox 2978 3402 3126 3456; x_wconf 91' lang='lat' dir='ltr'><strong>multi</strong></span> <span class='ocrx_word' id='word_1_751' title='bbox 3173 3401 3497 3472; x_wconf 87' lang='lat' dir='ltr'><strong>impudentia</strong></span> 
     </span>
    </p>
   </div>
   <div class='ocr_carea' id='block_1_92' title="bbox 1919 3492 3495 3563">
    <p class='ocr_par' dir='ltr' id='par_1_93' title="bbox 1919 3492 3495 3563">
     <span class='ocr_line' id='line_1_97' title="bbox 1919 3492 3495 3563; baseline 0.001 -15"><span class='ocrx_word' id='word_1_752' title='bbox 1919 3503 2132 3563; x_wconf 84' lang='lat' dir='ltr'><strong>negant,</strong></span> <span class='ocrx_word' id='word_1_753' title='bbox 2168 3495 2315 3549; x_wconf 90' lang='lat' dir='ltr'><strong>multi</strong></span> <span class='ocrx_word' id='word_1_754' title='bbox 2345 3494 2547 3563; x_wconf 89' lang='lat' dir='ltr'><strong>pudore</strong></span> <span class='ocrx_word' id='word_1_755' title='bbox 2581 3494 2842 3560; x_wconf 89' lang='lat' dir='ltr'><strong>dubitant,</strong></span> <span class='ocrx_word' id='word_1_756' title='bbox 2868 3494 3013 3548; x_wconf 89' lang='lat' dir='ltr'><strong>multi</strong></span> <span class='ocrx_word' id='word_1_757' title='bbox 3039 3492 3222 3548; x_wconf 90' lang='lat' dir='ltr'><strong>dolore</strong></span> <span class='ocrx_word' id='word_1_758' title='bbox 3247 3493 3495 3549; x_wconf 85' lang='lat' dir='ltr'><strong>dissimu-</strong></span> 
     </span>
    </p>
   </div>
   <div class='ocr_carea' id='block_1_93' title="bbox 1918 3582 3497 3654">
    <p class='ocr_par' dir='ltr' id='par_1_94' title="bbox 1918 3582 3497 3654">
     <span class='ocr_line' id='line_1_98' title="bbox 1918 3582 3497 3654; baseline 0 -17"><span class='ocrx_word' id='word_1_759' title='bbox 1918 3583 2046 3638; x_wconf 88' lang='lat' dir='ltr'><strong>lant.</strong></span> <span class='ocrx_word' id='word_1_760' title='bbox 2077 3582 2184 3638; x_wconf 88' lang='lat' dir='ltr'><strong>Nec</strong></span> <span class='ocrx_word' id='word_1_761' title='bbox 2212 3599 2309 3638; x_wconf 92' lang='lat' dir='ltr'><strong>nos</strong></span> <span class='ocrx_word' id='word_1_762' title='bbox 2338 3584 2511 3653; x_wconf 87' lang='lat' dir='ltr'><strong>itaque</strong></span> <span class='ocrx_word' id='word_1_763' title='bbox 2549 3585 2600 3639; x_wconf 92' lang='lat' dir='ltr'><strong>in</strong></span> <span class='ocrx_word' id='word_1_764' title='bbox 2640 3599 2702 3640; x_wconf 92' lang='lat' dir='ltr'><strong>ea</strong></span> <span class='ocrx_word' id='word_1_765' title='bbox 2741 3599 2800 3639; x_wconf 92' lang='lat' dir='ltr'><strong>re</strong></span> <span class='ocrx_word' id='word_1_766' title='bbox 2835 3583 3140 3653; x_wconf 90' lang='lat' dir='ltr'><strong>diligentius</strong></span> <span class='ocrx_word' id='word_1_767' title='bbox 3178 3583 3497 3654; x_wconf 88' lang='lat' dir='ltr'><strong>requirenda</strong></span> 
     </span>
    </p>
   </div>
   <div class='ocr_carea' id='block_1_94' title="bbox 1920 3675 3498 3746">
    <p class='ocr_par' dir='ltr' id='par_1_95' title="bbox 1920 3675 3498 3746">
     <span class='ocr_line' id='line_1_99' title="bbox 1920 3675 3498 3746; baseline -0.001 -17"><span class='ocrx_word' id='word_1_768' title='bbox 1920 3689 2015 3743; x_wconf 87' lang='lat' dir='ltr'><strong>per</strong></span> <span class='ocrx_word' id='word_1_769' title='bbox 2046 3675 2334 3729; x_wconf 88' lang='lat' dir='ltr'><strong>multorum</strong></span> <span class='ocrx_word' id='word_1_770' title='bbox 2364 3677 2679 3746; x_wconf 88' lang='lat' dir='ltr'><strong>scriptorum</strong></span> <span class='ocrx_word' id='word_1_771' title='bbox 2704 3690 2958 3744; x_wconf 89' lang='lat' dir='ltr'><strong>perpensa</strong></span> <span class='ocrx_word' id='word_1_772' title='bbox 2983 3675 3282 3729; x_wconf 87' lang='lat' dir='ltr'><strong>testimonia</strong></span> <span class='ocrx_word' id='word_1_773' title='bbox 3311 3676 3498 3728; x_wconf 89' lang='lat' dir='ltr'><strong>demo-</strong></span> 
     </span>
    </p>
   </div>
   <div class='ocr_carea' id='block_1_95' title="bbox 1919 3766 3501 3844">
    <p class='ocr_par' dir='ltr' id='par_1_96' title="bbox 1919 3766 3501 3844">
     <span class='ocr_line' id='line_1_100' title="bbox 1919 3766 3501 3844; baseline 0 -22"><span class='ocrx_word' id='word_1_774' title='bbox 1919 3783 2133 3822; x_wconf 89' lang='lat' dir='ltr'><strong>remur:</strong></span> <span class='ocrx_word' id='word_1_775' title='bbox 2169 3767 2379 3822; x_wconf 89' lang='lat' dir='ltr'><strong>Romuli</strong></span> <span class='ocrx_word' id='word_1_776' title='bbox 2409 3766 2626 3822; x_wconf 84' lang='lat' dir='ltr'><strong>fratrem</strong></span> <span class='ocrx_word' id='word_1_777' title='bbox 2657 3768 3073 3844; x_wconf 73' lang='lat' dir='ltr'><strong>palamconstat</strong></span> <span class='ocrx_word' id='word_1_778' title='bbox 3097 3767 3326 3822; x_wconf 86' lang='lat' dir='ltr'><strong>occisum</strong></span> <span class='ocrx_word' id='word_1_779' title='bbox 3352 3809 3368 3833; x_wconf 92' lang='lat'><strong>,</strong></span> <span class='ocrx_word' id='word_1_780' title='bbox 3395 3781 3501 3822; x_wconf 92' lang='lat' dir='ltr'><strong>non</strong></span> 
     </span>
    </p>
   </div>
   <div class='ocr_carea' id='block_1_96' title="bbox 1919 3858 3504 3929">
    <p class='ocr_par' dir='ltr' id='par_1_97' title="bbox 1919 3858 3504 3929">
     <span class='ocr_line' id='line_1_101' title="bbox 1919 3858 3504 3929; baseline 0.001 -17"><span class='ocrx_word' id='word_1_781' title='bbox 1919 3859 1986 3914; x_wconf 90' lang='lat' dir='ltr'><strong>ab</strong></span> <span class='ocrx_word' id='word_1_782' title='bbox 2008 3858 2268 3923; x_wconf 82' lang='lat' dir='ltr'><strong>hostibus,</strong></span> <span class='ocrx_word' id='word_1_783' title='bbox 2292 3874 2399 3912; x_wconf 93' lang='lat' dir='ltr'><strong>non</strong></span> <span class='ocrx_word' id='word_1_784' title='bbox 2428 3858 2496 3912; x_wconf 89' lang='lat' dir='ltr'><strong>ab</strong></span> <span class='ocrx_word' id='word_1_785' title='bbox 2514 3859 2721 3914; x_wconf 89' lang='lat' dir='ltr'><strong>alienis.</strong></span> <span class='ocrx_word' id='word_1_786' title='bbox 2751 3858 2806 3914; x_wconf 90' lang='lat' dir='ltr'><strong>Si</strong></span> <span class='ocrx_word' id='word_1_787' title='bbox 2833 3869 2924 3912; x_wconf 92' lang='lat' dir='ltr'><strong>aut</strong></span> <span class='ocrx_word' id='word_1_788' title='bbox 2943 3861 3265 3929; x_wconf 88' lang='lat' dir='ltr'><strong>perpetravit</strong></span> <span class='ocrx_word' id='word_1_789' title='bbox 3288 3869 3377 3914; x_wconf 92' lang='lat' dir='ltr'><strong>aut</strong></span> <span class='ocrx_word' id='word_1_790' title='bbox 3406 3860 3504 3914; x_wconf 81' lang='lat' dir='ltr'><strong>im-</strong></span> 
     </span>
    </p>
   </div>
   <div class='ocr_carea' id='block_1_97' title="bbox 1921 3950 3502 4022">
    <p class='ocr_par' dir='ltr' id='par_1_98' title="bbox 1921 3950 3502 4022">
     <span class='ocr_line' id='line_1_102' title="bbox 1921 3950 3502 4022; baseline 0 -16"><span class='ocrx_word' id='word_1_791' title='bbox 1921 3952 2126 4022; x_wconf 89' lang='lat' dir='ltr'><strong>peravit</strong></span> <span class='ocrx_word' id='word_1_792' title='bbox 2150 3951 2253 4007; x_wconf 87' lang='lat' dir='ltr'><strong>hoc</strong></span> <span class='ocrx_word' id='word_1_793' title='bbox 2281 3952 2576 4016; x_wconf 89' lang='lat' dir='ltr'><strong>Romulus;</strong></span> <span class='ocrx_word' id='word_1_794' title='bbox 2609 3951 2776 4021; x_wconf 89' lang='lat' dir='ltr'><strong>magis</strong></span> <span class='ocrx_word' id='word_1_795' title='bbox 2807 3952 2919 4020; x_wconf 89' lang='lat' dir='ltr'><strong>ipse</strong></span> <span class='ocrx_word' id='word_1_796' title='bbox 2963 3950 3061 4006; x_wconf 90' lang='lat' dir='ltr'><strong>fuit</strong></span> <span class='ocrx_word' id='word_1_797' title='bbox 3096 3952 3456 4006; x_wconf 86' lang='lat' dir='ltr'><strong>Romanorum</strong></span> <span class='ocrx_word' id='word_1_798' title='bbox 3483 3994 3502 4020; x_wconf 89' lang='lat'><strong>,</strong></span> 
     </span>
    </p>
   </div>
   <div class='ocr_carea' id='block_1_98' title="bbox 1926 4042 3504 4113">
    <p class='ocr_par' dir='ltr' id='par_1_99' title="bbox 1926 4042 3504 4113">
     <span class='ocr_line' id='line_1_103' title="bbox 1926 4042 3504 4113; baseline 0.001 -18"><span class='ocrx_word' id='word_1_799' title='bbox 1926 4058 2084 4112; x_wconf 90' lang='lat' dir='ltr'><strong>quam</strong></span> <span class='ocrx_word' id='word_1_800' title='bbox 2114 4042 2261 4097; x_wconf 84' lang='lat' dir='ltr'><strong>Paris</strong></span> <span class='ocrx_word' id='word_1_801' title='bbox 2288 4043 2638 4113; x_wconf 70' lang='lat' dir='ltr'><strong>Trojanorum</strong></span> <span class='ocrx_word' id='word_1_802' title='bbox 2666 4051 2825 4112; x_wconf 87' lang='lat' dir='ltr'><strong>caput</strong></span> <span class='ocrx_word' id='word_1_803' title='bbox 2845 4042 2911 4112; x_wconf 79' lang='grc' dir='ltr'><strong>(Ῑ)</strong></span> <span class='ocrx_word' id='word_1_804' title='bbox 2947 4060 2959 4096; x_wconf 92' lang='lat'>:</span> <span class='ocrx_word' id='word_1_805' title='bbox 2990 4059 3084 4096; x_wconf 90' lang='lat' dir='ltr'><strong>cur</strong></span> <span class='ocrx_word' id='word_1_806' title='bbox 3117 4043 3275 4112; x_wconf 85' lang='lat' dir='ltr'><strong>igitur</strong></span> <span class='ocrx_word' id='word_1_807' title='bbox 3315 4043 3504 4111; x_wconf 82' lang='lat' dir='ltr'><strong>Troja-</strong></span> 
     </span>
    </p>
   </div>
   <div class='ocr_carea' id='block_1_99' title="bbox 1923 4133 3504 4204">
    <p class='ocr_par' dir='ltr' id='par_1_100' title="bbox 1923 4133 3504 4204">
     <span class='ocr_line' id='line_1_104' title="bbox 1923 4133 3504 4204; baseline -0.001 -17"><span class='ocrx_word' id='word_1_808' title='bbox 1923 4134 2004 4187; x_wconf 85' lang='lat' dir='ltr'><strong>nis</strong></span> <span class='ocrx_word' id='word_1_809' title='bbox 2031 4134 2160 4187; x_wconf 85' lang='lat' dir='ltr'><strong>iram</strong></span> <span class='ocrx_word' id='word_1_810' title='bbox 2209 4133 2431 4188; x_wconf 90' lang='lat' dir='ltr'><strong>deorum</strong></span> <span class='ocrx_word' id='word_1_811' title='bbox 2482 4135 2790 4204; x_wconf 87' lang='lat' dir='ltr'><strong>provocavit</strong></span> <span class='ocrx_word' id='word_1_812' title='bbox 2824 4133 2908 4187; x_wconf 91' lang='lat' dir='ltr'><strong>ille</strong></span> <span class='ocrx_word' id='word_1_813' title='bbox 2939 4134 3125 4188; x_wconf 69' lang='lat' dir='ltr'><strong>aliena:</strong></span> <span class='ocrx_word' id='word_1_814' title='bbox 3149 4133 3386 4203; x_wconf 80' lang='lat' dir='ltr'><strong>conjugis</strong></span> <span class='ocrx_word' id='word_1_815' title='bbox 3421 4149 3504 4187; x_wconf 86' lang='lat' dir='ltr'><strong>ra-</strong></span> 
     </span>
    </p>
   </div>
   <div class='ocr_carea' id='block_1_100' title="bbox 1924 4222 3506 4292">
    <p class='ocr_par' dir='ltr' id='par_1_101' title="bbox 1924 4222 3506 4292">
     <span class='ocr_line' id='line_1_105' title="bbox 1924 4222 3506 4292; baseline 0.001 -16"><span class='ocrx_word' id='word_1_816' title='bbox 1924 4233 2065 4292; x_wconf 90' lang='lat' dir='ltr'><strong>ptor,</strong></span> <span class='ocrx_word' id='word_1_817' title='bbox 2088 4231 2142 4277; x_wconf 90' lang='lat' dir='ltr'><strong>et</strong></span> <span class='ocrx_word' id='word_1_818' title='bbox 2167 4222 2477 4278; x_wconf 86' lang='lat' dir='ltr'><strong>eorumdcm</strong></span> <span class='ocrx_word' id='word_1_819' title='bbox 2504 4222 2724 4277; x_wconf 90' lang='lat' dir='ltr'><strong>deorum</strong></span> <span class='ocrx_word' id='word_1_820' title='bbox 2758 4223 2970 4277; x_wconf 89' lang='lat' dir='ltr'><strong>tutelam</strong></span> <span class='ocrx_word' id='word_1_821' title='bbox 2988 4223 3241 4276; x_wconf 87' lang='lat' dir='ltr'><strong>Romanis</strong></span> <span class='ocrx_word' id='word_1_822' title='bbox 3267 4223 3506 4278; x_wconf 88' lang='lat' dir='ltr'><strong>invitavit</strong></span> 
     </span>
    </p>
   </div>
   <div class='ocr_carea' id='block_1_101' title="bbox 1925 4312 3504 4385">
    <p class='ocr_par' dir='ltr' id='par_1_102' title="bbox 1925 4312 3504 4385">
     <span class='ocr_line' id='line_1_106' title="bbox 1925 4312 3504 4385; baseline 0.001 -18"><span class='ocrx_word' id='word_1_823' title='bbox 1925 4313 2025 4368; x_wconf 91' lang='lat' dir='ltr'><strong>iste</strong></span> <span class='ocrx_word' id='word_1_824' title='bbox 2047 4313 2128 4368; x_wconf 92' lang='lat' dir='ltr'><strong>sui</strong></span> <span class='ocrx_word' id='word_1_825' title='bbox 2154 4312 2333 4367; x_wconf 83' lang='lat' dir='ltr'><strong>fratris</strong></span> <span class='ocrx_word' id='word_1_826' title='bbox 2359 4314 2650 4367; x_wconf 81' lang='lat' dir='ltr'><strong>exstinctor</strong></span> <span class='ocrx_word' id='word_1_827' title='bbox 2679 4313 2755 4385; x_wconf 82' lang='lat' dir='ltr'><strong>(g)</strong></span> <span class='ocrx_word' id='word_1_828' title='bbox 2779 4314 2801 4366; x_wconf 72' lang='grc' dir='ltr'><strong>’ἒ</strong></span> <span class='ocrx_word' id='word_1_829' title='bbox 2829 4313 2882 4368; x_wconf 92' lang='lat' dir='ltr'><strong>Si</strong></span> <span class='ocrx_word' id='word_1_830' title='bbox 2921 4322 3095 4367; x_wconf 88' lang='lat' dir='ltr'><strong>autem</strong></span> <span class='ocrx_word' id='word_1_831' title='bbox 3123 4313 3246 4368; x_wconf 89' lang='lat' dir='ltr'><strong>illud</strong></span> <span class='ocrx_word' id='word_1_832' title='bbox 3284 4314 3456 4368; x_wconf 89' lang='lat' dir='ltr'><strong>scelus</strong></span> <span class='ocrx_word' id='word_1_833' title='bbox 3475 4331 3504 4368; x_wconf 89' lang='lat' dir='ltr'><strong>a</strong></span> 
     </span>
    </p>
   </div>
   <div class='ocr_carea' id='block_1_102' title="bbox 1924 4402 3508 4473">
    <p class='ocr_par' dir='ltr' id='par_1_103' title="bbox 1924 4402 3508 4473">
     <span class='ocr_line' id='line_1_107' title="bbox 1924 4402 3508 4473; baseline -0.001 -15"><span class='ocrx_word' id='word_1_834' title='bbox 1924 4402 2062 4458; x_wconf 89' lang='lat' dir='ltr'><strong>facto</strong></span> <span class='ocrx_word' id='word_1_835' title='bbox 2091 4403 2417 4473; x_wconf 87' lang='lat' dir='ltr'><strong>imperioque</strong></span> <span class='ocrx_word' id='word_1_836' title='bbox 2471 4403 2682 4457; x_wconf 88' lang='lat' dir='ltr'><strong>Romuli</strong></span> <span class='ocrx_word' id='word_1_837' title='bbox 2732 4403 2961 4456; x_wconf 89' lang='lat' dir='ltr'><strong>alienum</strong></span> <span class='ocrx_word' id='word_1_838' title='bbox 2988 4412 3099 4468; x_wconf 90' lang='lat' dir='ltr'><strong>est;</strong></span> <span class='ocrx_word' id='word_1_839' title='bbox 3127 4403 3376 4473; x_wconf 84' lang='lat' dir='ltr'><strong>quoniam</strong></span> <span class='ocrx_word' id='word_1_840' title='bbox 3414 4404 3508 4457; x_wconf 82' lang='lat' dir='ltr'><strong>de-</strong></span> 
     </span>
    </p>
   </div>
   <div class='ocr_carea' id='block_1_103' title="bbox 1928 4494 3506 4564">
    <p class='ocr_par' dir='ltr' id='par_1_104' title="bbox 1928 4494 3506 4564">
     <span class='ocr_line' id='line_1_108' title="bbox 1928 4494 3506 4564; baseline 0.001 -15"><span class='ocrx_word' id='word_1_841' title='bbox 1928 4495 2042 4549; x_wconf 91' lang='lat' dir='ltr'><strong>buit</strong></span> <span class='ocrx_word' id='word_1_842' title='bbox 2062 4495 2241 4564; x_wconf 87' lang='lat' dir='ltr'><strong>utique</strong></span> <span class='ocrx_word' id='word_1_843' title='bbox 2261 4495 2520 4549; x_wconf 91' lang='lat' dir='ltr'><strong>vindicari</strong></span> <span class='ocrx_word' id='word_1_844' title='bbox 2545 4535 2560 4560; x_wconf 89' lang='lat'><strong>,</strong></span> <span class='ocrx_word' id='word_1_845' title='bbox 2596 4503 2701 4549; x_wconf 91' lang='lat' dir='ltr'><strong>tota</strong></span> <span class='ocrx_word' id='word_1_846' title='bbox 2729 4494 2830 4548; x_wconf 86' lang='lat' dir='ltr'><strong>hoc</strong></span> <span class='ocrx_word' id='word_1_847' title='bbox 2859 4495 2944 4548; x_wconf 88' lang='lat' dir='ltr'><strong>illa</strong></span> <span class='ocrx_word' id='word_1_848' title='bbox 2967 4495 3152 4548; x_wconf 89' lang='lat' dir='ltr'><strong>civitas</strong></span> <span class='ocrx_word' id='word_1_849' title='bbox 3179 4495 3300 4548; x_wconf 88' lang='lat' dir='ltr'><strong>fecit</strong></span> <span class='ocrx_word' id='word_1_850' title='bbox 3323 4534 3339 4562; x_wconf 94' lang='lat'><strong>,</strong></span> <span class='ocrx_word' id='word_1_851' title='bbox 3365 4495 3506 4564; x_wconf 87' lang='lat' dir='ltr'><strong>quod</strong></span> 
     </span>
    </p>
   </div>
   <div class='ocr_carea' id='block_1_104' title="bbox 1927 4584 3502 4655">
    <p class='ocr_par' dir='ltr' id='par_1_105' title="bbox 1927 4584 3502 4655">
     <span class='ocr_line' id='line_1_109' title="bbox 1927 4584 3502 4655; baseline -0.001 -16"><span class='ocrx_word' id='word_1_852' title='bbox 1927 4593 2033 4640; x_wconf 90' lang='lat' dir='ltr'><strong>tota</strong></span> <span class='ocrx_word' id='word_1_853' title='bbox 2063 4587 2378 4655; x_wconf 90' lang='lat' dir='ltr'><strong>contempsit</strong></span> <span class='ocrx_word' id='word_1_854' title='bbox 2407 4585 2467 4651; x_wconf 84' lang='grc'><strong>³;</strong></span> <span class='ocrx_word' id='word_1_855' title='bbox 2500 4594 2553 4639; x_wconf 91' lang='lat' dir='ltr'><strong>et</strong></span> <span class='ocrx_word' id='word_1_856' title='bbox 2595 4600 2697 4638; x_wconf 92' lang='lat' dir='ltr'><strong>non</strong></span> <span class='ocrx_word' id='word_1_857' title='bbox 2723 4584 2830 4652; x_wconf 89' lang='lat' dir='ltr'><strong>jam</strong></span> <span class='ocrx_word' id='word_1_858' title='bbox 2871 4584 3106 4649; x_wconf 89' lang='lat' dir='ltr'><strong>fratrem,</strong></span> <span class='ocrx_word' id='word_1_859' title='bbox 3140 4584 3231 4639; x_wconf 89' lang='lat' dir='ltr'><strong>sed</strong></span> <span class='ocrx_word' id='word_1_860' title='bbox 3263 4595 3464 4654; x_wconf 89' lang='lat' dir='ltr'><strong>patrem</strong></span> <span class='ocrx_word' id='word_1_861' title='bbox 3485 4627 3502 4651; x_wconf 89' lang='lat'><strong>,</strong></span> 
     </span>
    </p>
   </div>
   <div class='ocr_carea' id='block_1_105' title="bbox 1927 4675 3504 4747">
    <p class='ocr_par' dir='ltr' id='par_1_106' title="bbox 1927 4675 3504 4747">
     <span class='ocr_line' id='line_1_110' title="bbox 1927 4675 3504 4747; baseline 0.001 -17"><span class='ocrx_word' id='word_1_862' title='bbox 1927 4677 2067 4747; x_wconf 91' lang='lat' dir='ltr'><strong>quod</strong></span> <span class='ocrx_word' id='word_1_863' title='bbox 2109 4687 2191 4731; x_wconf 91' lang='lat' dir='ltr'><strong>est</strong></span> <span class='ocrx_word' id='word_1_864' title='bbox 2220 4676 2374 4746; x_wconf 89' lang='lat' dir='ltr'><strong>pejus</strong></span> <span class='ocrx_word' id='word_1_865' title='bbox 2403 4717 2420 4742; x_wconf 95' lang='lat'><strong>,</strong></span> <span class='ocrx_word' id='word_1_866' title='bbox 2452 4676 2665 4731; x_wconf 84' lang='lat' dir='ltr'><strong>occidit.</strong></span> <span class='ocrx_word' id='word_1_867' title='bbox 2693 4675 2927 4745; x_wconf 90' lang='lat' dir='ltr'><strong>Uterque</strong></span> <span class='ocrx_word' id='word_1_868' title='bbox 2949 4675 3090 4729; x_wconf 92' lang='lat' dir='ltr'><strong>enim</strong></span> <span class='ocrx_word' id='word_1_869' title='bbox 3113 4675 3215 4729; x_wconf 87' lang='lat' dir='ltr'><strong>fuit</strong></span> <span class='ocrx_word' id='word_1_870' title='bbox 3242 4677 3504 4743; x_wconf 89' lang='lat' dir='ltr'><strong>conditor,</strong></span> 
     </span>
    </p>
   </div>
   <div class='ocr_carea' id='block_1_106' title="bbox 1928 4767 3506 4838">
    <p class='ocr_par' dir='ltr' id='par_1_107' title="bbox 1928 4767 3506 4838">
     <span class='ocr_line' id='line_1_111' title="bbox 1928 4767 3506 4838; baseline -0.001 -15"><span class='ocrx_word' id='word_1_871' title='bbox 1928 4768 2016 4823; x_wconf 89' lang='lat' dir='ltr'><strong>ubi</strong></span> <span class='ocrx_word' id='word_1_872' title='bbox 2056 4767 2190 4823; x_wconf 89' lang='lat' dir='ltr'><strong>alter</strong></span> <span class='ocrx_word' id='word_1_873' title='bbox 2231 4769 2431 4823; x_wconf 88' lang='lat' dir='ltr'><strong>scelere</strong></span> <span class='ocrx_word' id='word_1_874' title='bbox 2455 4767 2661 4823; x_wconf 89' lang='lat' dir='ltr'><strong>ablatus</strong></span> <span class='ocrx_word' id='word_1_875' title='bbox 2700 4783 2806 4822; x_wconf 92' lang='lat' dir='ltr'><strong>non</strong></span> <span class='ocrx_word' id='word_1_876' title='bbox 2839 4769 3128 4838; x_wconf 89' lang='lat' dir='ltr'><strong>permissus</strong></span> <span class='ocrx_word' id='word_1_877' title='bbox 3148 4776 3230 4822; x_wconf 89' lang='lat' dir='ltr'><strong>est</strong></span> <span class='ocrx_word' id='word_1_878' title='bbox 3259 4783 3379 4822; x_wconf 90' lang='lat' dir='ltr'><strong>esse</strong></span> <span class='ocrx_word' id='word_1_879' title='bbox 3422 4782 3506 4821; x_wconf 82' lang='lat' dir='ltr'><strong>re-</strong></span> 
     </span>
    </p>
   </div>
   <div class='ocr_carea' id='block_1_107' title="bbox 3484 4877 3516 4896">
    <p class='ocr_par' dir='ltr' id='par_1_108' title="bbox 3484 4877 3516 4896">
     <span class='ocr_line' id='line_1_112' title="bbox 3484 4877 3516 4896; baseline 0 0"><span class='ocrx_word' id='word_1_880' title='bbox 3484 4877 3516 4896; x_wconf 68' lang='grc' dir='ltr'><em>ο</em></span> 
     </span>
    </p>
   </div>
   <div class='ocr_carea' id='block_1_108' title="bbox 1992 4921 3505 4986">
    <p class='ocr_par' dir='ltr' id='par_1_109' title="bbox 1992 4921 3505 4986">
     <span class='ocr_line' id='line_1_113' title="bbox 1992 4921 3505 4986; baseline 0.002 -16"><span class='ocrx_word' id='word_1_881' title='bbox 1992 4923 2009 4954; x_wconf 75' lang='grc' dir='ltr'>ι</span> <span class='ocrx_word' id='word_1_882' title='bbox 2044 4929 2117 4971; x_wconf 77' lang='lat' dir='ltr'><strong>Er.</strong></span> <span class='ocrx_word' id='word_1_883' title='bbox 2145 4929 2197 4972; x_wconf 92' lang='lat' dir='ltr'><strong>et</strong></span> <span class='ocrx_word' id='word_1_884' title='bbox 2218 4929 2348 4986; x_wconf 58' lang='grc' dir='ltr'><strong>μοι,</strong></span> <span class='ocrx_word' id='word_1_885' title='bbox 2371 4921 2501 4973; x_wconf 85' lang='lat' dir='ltr'><strong>nullo</strong></span> <span class='ocrx_word' id='word_1_886' title='bbox 2521 4921 2685 4985; x_wconf 83' lang='lat' dir='ltr'><strong>igitur.</strong></span> <span class='ocrx_word' id='word_1_887' title='bbox 2712 4925 2875 4983; x_wconf 80' lang='lat' dir='ltr'><strong>Abest,</strong></span> <span class='ocrx_word' id='word_1_888' title='bbox 2899 4922 3064 4986; x_wconf 83' lang='lat' dir='ltr'><strong>igitur,</strong></span> <span class='ocrx_word' id='word_1_889' title='bbox 3087 4923 3147 4972; x_wconf 90' lang='lat' dir='ltr'><strong>ab</strong></span> <span class='ocrx_word' id='word_1_890' title='bbox 3171 4923 3311 4972; x_wconf 85' lang='lat' dir='ltr'><strong>editis</strong></span> <span class='ocrx_word' id='word_1_891' title='bbox 3329 4921 3436 4972; x_wconf 88' lang='lat' dir='ltr'><strong>aliis</strong></span> <span class='ocrx_word' id='word_1_892' title='bbox 3455 4931 3505 4973; x_wconf 89' lang='lat' dir='ltr'><strong>et</strong></span> 
     </span>
    </p>
   </div>
   <div class='ocr_carea' id='block_1_109' title="bbox 1926 4985 2270 5047">
    <p class='ocr_par' dir='ltr' id='par_1_110' title="bbox 1926 4985 2270 5047">
     <span class='ocr_line' id='line_1_114' title="bbox 1926 4985 2270 5047; baseline 0 -13"><span class='ocrx_word' id='word_1_893' title='bbox 1926 4985 2158 5047; x_wconf 85' lang='lat' dir='ltr'><strong>manuscri</strong></span> <span class='ocrx_word' id='word_1_894' title='bbox 2163 4985 2270 5047; x_wconf 88' lang='lat' dir='ltr'><strong>ptis.</strong></span> 
     </span>
    </p>
   </div>
   <div class='ocr_carea' id='block_1_110' title="bbox 1991 5044 3504 5108">
    <p class='ocr_par' dir='ltr' id='par_1_111' title="bbox 1991 5044 3504 5108">
     <span class='ocr_line' id='line_1_115' title="bbox 1991 5044 3504 5108; baseline 0.001 -16"><span class='ocrx_word' id='word_1_895' title='bbox 1991 5048 2010 5078; x_wconf 82' lang='grc'>²</span> <span class='ocrx_word' id='word_1_896' title='bbox 2048 5044 2178 5095; x_wconf 74' lang='lat' dir='ltr'><strong>vindI</strong></span> <span class='ocrx_word' id='word_1_897' title='bbox 2203 5055 2328 5108; x_wconf 36' lang='lat' dir='ltr'><strong>“Am.</strong></span> <span class='ocrx_word' id='word_1_898' title='bbox 2377 5053 2428 5096; x_wconf 91' lang='lat' dir='ltr'><strong>et</strong></span> <span class='ocrx_word' id='word_1_899' title='bbox 2491 5045 2712 5108; x_wconf 89' lang='lat' dir='ltr'><strong>plerique</strong></span> <span class='ocrx_word' id='word_1_900' title='bbox 2757 5047 3060 5108; x_wconf 84' lang='lat' dir='ltr'><strong>manuscripti</strong></span> <span class='ocrx_word' id='word_1_901' title='bbox 3120 5044 3250 5101; x_wconf 89' lang='lat' dir='ltr'><strong>loco,</strong></span> <span class='ocrx_word' id='word_1_902' title='bbox 3319 5045 3504 5108; x_wconf 63' lang='lat' dir='ltr'><strong>soloin,</strong></span> 
     </span>
    </p>
   </div>
   <div class='ocr_carea' id='block_1_111' title="bbox 1927 5105 3507 5170">
    <p class='ocr_par' dir='ltr' id='par_1_112' title="bbox 1927 5105 3507 5170">
     <span class='ocr_line' id='line_1_116' title="bbox 1927 5105 3507 5170; baseline -0.002 -14"><span class='ocrx_word' id='word_1_903' title='bbox 1927 5107 2126 5170; x_wconf 78' lang='lat' dir='ltr'><strong>habent,</strong></span> <span class='ocrx_word' id='word_1_904' title='bbox 2172 5106 2275 5156; x_wconf 80' lang='lat' dir='ltr'><strong>Ilia.</strong></span> <span class='ocrx_word' id='word_1_905' title='bbox 2305 5105 2563 5170; x_wconf 72' lang='lat' dir='ltr'><strong>Utrumque</strong></span> <span class='ocrx_word' id='word_1_906' title='bbox 2588 5105 2763 5170; x_wconf 81' lang='lat' dir='ltr'><strong>nomen</strong></span> <span class='ocrx_word' id='word_1_907' title='bbox 2805 5109 2967 5156; x_wconf 85' lang='lat' dir='ltr'><strong>habuit</strong></span> <span class='ocrx_word' id='word_1_908' title='bbox 2995 5105 3092 5155; x_wconf 82' lang='lat' dir='ltr'><strong>lilia</strong></span> <span class='ocrx_word' id='word_1_909' title='bbox 3114 5105 3392 5166; x_wconf 68' lang='lat' dir='ltr'><strong>Numitoris,</strong></span> <span class='ocrx_word' id='word_1_910' title='bbox 3421 5105 3507 5156; x_wconf 79' lang='lat' dir='ltr'><strong>Ito-</strong></span> 
     </span>
    </p>
   </div>
   <div class='ocr_carea' id='block_1_112' title="bbox 1925 5168 3502 5281">
    <p class='ocr_par' dir='ltr' id='par_1_113' title="bbox 1925 5168 3502 5281">
     <span class='ocr_line' id='line_1_117' title="bbox 1925 5168 3502 5281; baseline 0.001 -65"><span class='ocrx_word' id='word_1_911' title='bbox 1925 5168 2043 5281; x_wconf 50' lang='lat' dir='ltr'><strong>331i</strong></span> <span class='ocrx_word' id='word_1_912' title='bbox 2065 5170 2265 5278; x_wconf 48' lang='lat' dir='ltr'><strong>eti‘ltemi</strong></span> <span class='ocrx_word' id='word_1_913' title='bbox 2289 5177 2462 5231; x_wconf 86' lang='lat' dir='ltr'><strong>mater,</strong></span> <span class='ocrx_word' id='word_1_914' title='bbox 2483 5168 2592 5232; x_wconf 75' lang='lat' dir='ltr'><strong>qua:</strong></span> <span class='ocrx_word' id='word_1_915' title='bbox 2617 5178 2668 5219; x_wconf 91' lang='lat' dir='ltr'><strong>et</strong></span> <span class='ocrx_word' id='word_1_916' title='bbox 2686 5169 2809 5218; x_wconf 84' lang='lat' dir='ltr'><strong>Rhea</strong></span> <span class='ocrx_word' id='word_1_917' title='bbox 2831 5171 3094 5218; x_wconf 87' lang='lat' dir='ltr'><strong>dicebatur.</strong></span> <span class='ocrx_word' id='word_1_918' title='bbox 3113 5193 3174 5203; x_wconf 90' lang='lat'><strong><em>—</em></strong></span> <span class='ocrx_word' id='word_1_919' title='bbox 3197 5173 3304 5216; x_wconf 79' lang='lat' dir='ltr'><strong>Mss.</strong></span> <span class='ocrx_word' id='word_1_920' title='bbox 3332 5171 3502 5231; x_wconf 71' lang='lat' dir='ltr'><strong>nostri,</strong></span> 
     </span>
    </p>
   </div>
   <div class='ocr_carea' id='block_1_113' title="bbox 1991 5292 3381 5349">
    <p class='ocr_par' dir='ltr' id='par_1_114' title="bbox 1991 5292 3381 5349">
     <span class='ocr_line' id='line_1_118' title="bbox 1991 5292 3381 5349; baseline 0.001 -9"><span class='ocrx_word' id='word_1_921' title='bbox 1991 5293 2012 5324; x_wconf 87' lang='grc'><strong><em>³</em></strong></span> <span class='ocrx_word' id='word_1_922' title='bbox 2046 5292 2118 5340; x_wconf 87' lang='lat' dir='ltr'><strong>sic</strong></span> <span class='ocrx_word' id='word_1_923' title='bbox 2142 5301 2238 5340; x_wconf 79' lang='lat' dir='ltr'><strong>Am.</strong></span> <span class='ocrx_word' id='word_1_924' title='bbox 2278 5297 2350 5340; x_wconf 77' lang='lat' dir='ltr'><strong>Er.</strong></span> <span class='ocrx_word' id='word_1_925' title='bbox 2393 5298 2444 5342; x_wconf 92' lang='lat' dir='ltr'><strong>et</strong></span> <span class='ocrx_word' id='word_1_926' title='bbox 2475 5299 2580 5341; x_wconf 80' lang='lat' dir='ltr'><strong>Mss.</strong></span> <span class='ocrx_word' id='word_1_927' title='bbox 2619 5300 2671 5342; x_wconf 81' lang='lat' dir='ltr'><strong>At</strong></span> <span class='ocrx_word' id='word_1_928' title='bbox 2697 5292 2828 5340; x_wconf 73' lang='lat' dir='ltr'><strong>Vind.</strong></span> <span class='ocrx_word' id='word_1_929' title='bbox 2867 5297 2918 5340; x_wconf 92' lang='lat' dir='ltr'><strong>et</strong></span> <span class='ocrx_word' id='word_1_930' title='bbox 2957 5296 3087 5349; x_wconf 86' lang='lat' dir='ltr'><strong>Lov.,</strong></span> <span class='ocrx_word' id='word_1_931' title='bbox 3129 5292 3381 5342; x_wconf 55' lang='lat' dir='ltr'><strong>concurrit.</strong></span> 
     </span>
    </p>
   </div>
   <div class='ocr_carea' id='block_1_114' title="bbox 2013 5351 3319 5414">
    <p class='ocr_par' dir='ltr' id='par_1_115' title="bbox 2013 5351 3319 5414">
     <span class='ocr_line' id='line_1_119' title="bbox 2013 5351 3319 5414; baseline 0 -12"><span class='ocrx_word' id='word_1_932' title='bbox 2013 5353 2063 5414; x_wconf 93' lang='lat' dir='ltr'><strong>a)</strong></span> <span class='ocrx_word' id='word_1_933' title='bbox 2088 5361 2213 5402; x_wconf 84' lang='lat' dir='ltr'><strong>Hanc</strong></span> <span class='ocrx_word' id='word_1_934' title='bbox 2225 5355 2544 5414; x_wconf 53' lang='lat' dir='ltr'><strong>quaestionem</strong></span> <span class='ocrx_word' id='word_1_935' title='bbox 2569 5355 2688 5402; x_wconf 61' lang='lat' dir='ltr'><strong>infra</strong></span> <span class='ocrx_word' id='word_1_936' title='bbox 2710 5360 2894 5413; x_wconf 85' lang='lat' dir='ltr'><strong>tractat,</strong></span> <span class='ocrx_word' id='word_1_937' title='bbox 2917 5351 2998 5400; x_wconf 87' lang='lat' dir='ltr'><strong>lib.</strong></span> <span class='ocrx_word' id='word_1_938' title='bbox 3019 5352 3095 5413; x_wconf 75' lang='grc'><strong>15,</strong></span> <span class='ocrx_word' id='word_1_939' title='bbox 3114 5365 3218 5414; x_wconf 86' lang='lat' dir='ltr'><strong>cap.</strong></span> <span class='ocrx_word' id='word_1_940' title='bbox 3243 5352 3319 5402; x_wconf 60' lang='grc' dir='ltr'><strong>εδ.</strong></span> 
     </span>
    </p>
   </div>
   <div class='ocr_carea' id='block_1_115' title="bbox 2015 5413 2533 5464">
    <p class='ocr_par' dir='ltr' id='par_1_116' title="bbox 2015 5413 2533 5464">
     <span class='ocr_line' id='line_1_120' title="bbox 2015 5413 2533 5464; baseline -0.002 -1"><span class='ocrx_word' id='word_1_941' title='bbox 2015 5413 2064 5464; x_wconf 73' lang='lat' dir='ltr'><strong>bi</strong></span> <span class='ocrx_word' id='word_1_942' title='bbox 2090 5415 2183 5463; x_wconf 83' lang='lat' dir='ltr'><strong>Liv.</strong></span> <span class='ocrx_word' id='word_1_943' title='bbox 2211 5413 2294 5464; x_wconf 85' lang='lat' dir='ltr'><strong>lib.</strong></span> <span class='ocrx_word' id='word_1_944' title='bbox 2329 5416 2360 5463; x_wconf 86' lang='lat'><strong>8</strong></span> <span class='ocrx_word' id='word_1_945' title='bbox 2385 5423 2436 5463; x_wconf 90' lang='lat' dir='ltr'><strong>et</strong></span> <span class='ocrx_word' id='word_1_946' title='bbox 2457 5415 2533 5463; x_wconf 75' lang='lat'><strong>‘22.</strong></span> 
     </span>
    </p>
   </div>
   <div class='ocr_carea' id='block_1_116' title="bbox 2012 5475 2824 5538">
    <p class='ocr_par' dir='ltr' id='par_1_117' title="bbox 2012 5475 2824 5538">
     <span class='ocr_line' id='line_1_121' title="bbox 2012 5475 2824 5538; baseline -0.002 -13"><span class='ocrx_word' id='word_1_947' title='bbox 2012 5475 2059 5538; x_wconf 82' lang='grc' dir='ltr'><strong>ε)</strong></span> <span class='ocrx_word' id='word_1_948' title='bbox 2087 5477 2199 5525; x_wconf 70' lang='lat' dir='ltr'><strong>Vide</strong></span> <span class='ocrx_word' id='word_1_949' title='bbox 2223 5478 2399 5526; x_wconf 82' lang='lat' dir='ltr'><strong>Livium</strong></span> <span class='ocrx_word' id='word_1_950' title='bbox 2415 5475 2498 5525; x_wconf 89' lang='lat' dir='ltr'><strong>lib.</strong></span> <span class='ocrx_word' id='word_1_951' title='bbox 2527 5477 2602 5535; x_wconf 81' lang='grc'><strong>10,</strong></span> <span class='ocrx_word' id='word_1_952' title='bbox 2621 5489 2724 5538; x_wconf 87' lang='lat' dir='ltr'><strong>cap.</strong></span> <span class='ocrx_word' id='word_1_953' title='bbox 2745 5477 2824 5524; x_wconf 78' lang='grc'><strong>51.</strong></span> 
     </span>
    </p>
   </div>
   <div class='ocr_carea' id='block_1_117' title="bbox 2012 5539 2276 5599">
    <p class='ocr_par' dir='ltr' id='par_1_118' title="bbox 2012 5539 2276 5599">
     <span class='ocr_line' id='line_1_122' title="bbox 2012 5539 2276 5599; baseline -0.011 -11"><span class='ocrx_word' id='word_1_954' title='bbox 2012 5539 2065 5599; x_wconf 86' lang='lat' dir='ltr'><strong>d)</strong></span> <span class='ocrx_word' id='word_1_955' title='bbox 2090 5545 2276 5586; x_wconf 77' lang='lat' dir='ltr'><strong>Remus.</strong></span> 
     </span>
    </p>
   </div>
   <div class='ocr_carea' id='block_1_118' title="bbox 1988 5537 3195 5661">
    <p class='ocr_par' dir='ltr' id='par_1_119' title="bbox 1988 5537 3195 5661">
     <span class='ocr_line' id='line_1_123' title="bbox 1988 5537 3195 5661; baseline -0.002 -12"><span class='ocrx_word' id='word_1_956' title='bbox 1988 5537 2065 5660; x_wconf 55' lang='lat' dir='ltr'><strong>ig),</strong></span> <span class='ocrx_word' id='word_1_957' title='bbox 2081 5545 2324 5648; x_wconf 54' lang='lat'><strong>33333115</strong></span> <span class='ocrx_word' id='word_1_958' title='bbox 2343 5599 2538 5648; x_wconf 70' lang='lat' dir='ltr'><strong>Helenae</strong></span> <span class='ocrx_word' id='word_1_959' title='bbox 2560 5610 2588 5645; x_wconf 90' lang='lat' dir='ltr'><strong>a</strong></span> <span class='ocrx_word' id='word_1_960' title='bbox 2611 5597 2776 5647; x_wconf 78' lang='lat' dir='ltr'><strong>Paride</strong></span> <span class='ocrx_word' id='word_1_961' title='bbox 2800 5607 2950 5661; x_wconf 64' lang='lat' dir='ltr'><strong>raptae</strong></span> <span class='ocrx_word' id='word_1_962' title='bbox 2963 5602 3195 5661; x_wconf 84' lang='lat' dir='ltr'><strong>maritus.</strong></span> 
     </span>
    </p>
   </div>
   <div class='ocr_carea' id='block_1_119' title="bbox 1989 5660 3504 5770">
    <p class='ocr_par' dir='ltr' id='par_1_120' title="bbox 1989 5660 3504 5770">
     <span class='ocr_line' id='line_1_124' title="bbox 1989 5660 3504 5770; baseline 0.001 -61"><span class='ocrx_word' id='word_1_963' title='bbox 1989 5661 2051 5734; x_wconf 59' lang='lat' dir='ltr'><strong>gf)</strong></span> <span class='ocrx_word' id='word_1_964' title='bbox 2074 5663 2200 5770; x_wconf 47' lang='lat' dir='ltr'><strong>inirlis</strong></span> <span class='ocrx_word' id='word_1_965' title='bbox 2235 5663 2415 5723; x_wconf 72' lang='lat' dir='ltr'><strong>quippe</strong></span> <span class='ocrx_word' id='word_1_966' title='bbox 2451 5673 2542 5708; x_wconf 91' lang='lat' dir='ltr'><strong>non</strong></span> <span class='ocrx_word' id='word_1_967' title='bbox 2582 5672 2672 5708; x_wconf 77' lang='lat' dir='ltr'><strong>rex</strong></span> <span class='ocrx_word' id='word_1_968' title='bbox 2716 5660 2973 5720; x_wconf 41' lang='lat' dir='ltr'><strong>erat,’sed</strong></span> <span class='ocrx_word' id='word_1_969' title='bbox 3020 5663 3154 5722; x_wconf 82' lang='lat' dir='ltr'><strong>regis</strong></span> <span class='ocrx_word' id='word_1_970' title='bbox 3195 5662 3504 5723; x_wconf 84' lang='lat' dir='ltr'><strong>&#39;rrojanorum</strong></span> 
     </span>
     <span class='ocr_line' id='line_1_125' title="bbox 1989 5736 2256 5770; baseline 0 0"><span class='ocrx_word' id='word_1_971' title='bbox 1989 5736 2092 5770; x_wconf 81' lang='lat' dir='ltr'><strong>iann</strong></span> <span class='ocrx_word' id='word_1_972' title='bbox 2132 5736 2256 5770; x_wconf 80' lang='lat' dir='ltr'><strong>nus.</strong></span> 
     </span>
    </p>
   </div>
   <div class='ocr_carea' id='block_1_120' title="bbox 1927 5725 3468 5773">
    <p class='ocr_par' dir='ltr' id='par_1_121' title="bbox 1927 5725 3468 5773">
     <span class='ocr_line' id='line_1_126' title="bbox 1927 5725 3468 5773; baseline -0.001 0"><span class='ocrx_word' id='word_1_973' title='bbox 1927 5725 2092 5773; x_wconf 80' lang='lat' dir='ltr'><strong>Priami</strong></span> <span class='ocrx_word' id='word_1_974' title='bbox 2117 5725 2256 5771; x_wconf 74' lang='lat' dir='ltr'><strong>Illius.</strong></span> <span class='ocrx_word' id='word_1_975' title='bbox 3465 5730 3468 5734; x_wconf 83' lang='lat'>&#39;</span> 
     </span>
    </p>
   </div>
   <div class='ocr_carea' id='block_1_121' title="bbox 1989 5781 3500 5845">
    <p class='ocr_par' dir='ltr' id='par_1_122' title="bbox 1989 5781 3500 5845">
     <span class='ocr_line' id='line_1_127' title="bbox 1989 5781 3500 5845; baseline 0.001 -15"><span class='ocrx_word' id='word_1_976' title='bbox 1989 5786 2062 5845; x_wconf 71' lang='grc' dir='ltr'><strong>(ρ)</strong></span> <span class='ocrx_word' id='word_1_977' title='bbox 2087 5787 2392 5845; x_wconf 85' lang='lat' dir='ltr'><strong>&#39;t‘rojauorum</strong></span> <span class='ocrx_word' id='word_1_978' title='bbox 2417 5795 2591 5845; x_wconf 73' lang='lat' dir='ltr'><strong>nempe</strong></span> <span class='ocrx_word' id='word_1_979' title='bbox 2613 5781 2676 5830; x_wconf 87' lang='lat' dir='ltr'><strong>dii</strong></span> <span class='ocrx_word' id='word_1_980' title='bbox 2698 5783 2936 5832; x_wconf 86' lang='lat' dir='ltr'><strong>tavinium</strong></span> <span class='ocrx_word' id='word_1_981' title='bbox 2960 5796 3048 5845; x_wconf 87' lang='lat' dir='ltr'><strong>per</strong></span> <span class='ocrx_word' id='word_1_982' title='bbox 3073 5789 3270 5840; x_wconf 67' lang='lat' dir='ltr'><strong>.Enean,</strong></span> <span class='ocrx_word' id='word_1_983' title='bbox 3293 5782 3404 5830; x_wconf 87' lang='lat' dir='ltr'><strong>inde</strong></span> <span class='ocrx_word' id='word_1_984' title='bbox 3424 5781 3500 5831; x_wconf 79' lang='lat' dir='ltr'><strong>Al-</strong></span> 
     </span>
    </p>
   </div>
   <div class='ocr_carea' id='block_1_122' title="bbox 1926 5842 3504 5908">
    <p class='ocr_par' dir='ltr' id='par_1_123' title="bbox 1926 5842 3504 5908">
     <span class='ocr_line' id='line_1_128' title="bbox 1926 5842 3504 5908; baseline -0.001 -13"><span class='ocrx_word' id='word_1_985' title='bbox 1926 5842 2034 5895; x_wconf 80' lang='lat' dir='ltr'><strong>bam</strong></span> <span class='ocrx_word' id='word_1_986' title='bbox 2052 5859 2139 5908; x_wconf 80' lang='lat' dir='ltr'><strong>per</strong></span> <span class='ocrx_word' id='word_1_987' title='bbox 2166 5842 2409 5908; x_wconf 57' lang='lat' dir='ltr'><strong>ascanium</strong></span> <span class='ocrx_word' id='word_1_988' title='bbox 2432 5842 2666 5906; x_wconf 77' lang='lat' dir='ltr'><strong>translati,</strong></span> <span class='ocrx_word' id='word_1_989' title='bbox 2689 5859 2744 5895; x_wconf 84' lang='lat' dir='ltr'><strong>ac</strong></span> <span class='ocrx_word' id='word_1_990' title='bbox 2765 5842 3006 5908; x_wconf 34' lang='lat' dir='ltr'><strong>[instrenuo</strong></span> <span class='ocrx_word' id='word_1_991' title='bbox 3022 5850 3207 5893; x_wconf 68' lang='lat' dir='ltr'><strong>nouum</strong></span> <span class='ocrx_word' id='word_1_992' title='bbox 3227 5857 3317 5906; x_wconf 86' lang='lat' dir='ltr'><strong>per</strong></span> <span class='ocrx_word' id='word_1_993' title='bbox 3333 5850 3504 5894; x_wconf 74' lang='lat' dir='ltr'><strong>uomu-</strong></span> 
     </span>
    </p>
   </div>
   <div class='ocr_carea' id='block_1_123' title="bbox 1929 5907 2981 5960">
    <p class='ocr_par' dir='ltr' id='par_1_124' title="bbox 1929 5907 2981 5960">
     <span class='ocr_line' id='line_1_129' title="bbox 1929 5907 2981 5960; baseline -0.006 0"><span class='ocrx_word' id='word_1_994' title='bbox 1929 5909 2028 5960; x_wconf 85' lang='lat' dir='ltr'><strong>lum</strong></span> <span class='ocrx_word' id='word_1_995' title='bbox 2049 5907 2184 5958; x_wconf 84' lang='lat' dir='ltr'><strong>asciti</strong></span> <span class='ocrx_word' id='word_1_996' title='bbox 2207 5914 2340 5956; x_wconf 91' lang='lat' dir='ltr'><strong>sunt.</strong></span> <span class='ocrx_word' id='word_1_997' title='bbox 2766 5907 2779 5908; x_wconf 51' lang='lat'><strong><em>’</em></strong></span> <span class='ocrx_word' id='word_1_998' title='bbox 2971 5915 2981 5924; x_wconf 87' lang='grc'><strong>·</strong></span> 
     </span>
    </p>
   </div>
  </div>
