4038 6484
526 368 598 428 87
1625 355 1717 414 nn
1751 349 2074 412 CIVITATE
2103 345 2242 419 DEI,
2272 344 2333 404 ε.
2374 342 2741 403 AUGUSTtNl
3727 341 3806 400 εδ

529 497 741 540 manam
765 481 992 540 salutem
1019 490 1350 553 regnumque
1375 469 1772 536 committeret,
1804 482 1902 522 nec
1925 479 2108 521 verum

529 575 675 629 illum
721 585 882 645 atque
929 574 1348 643 omnipotentem
1398 578 1665 622 summum
1712 562 1880 615 Deum
1923 570 2112 612 curare

527 669 840 737 opinaretur
861 665 962 720 ista
979 674 1208 730 terrena,
1227 669 1388 730 atque
1406 657 1662 713 recoleret
1685 651 1942 721 Trojanos
1958 647 2108 711 deos,

529 771 665 827 quos
685 755 889 812 Encas
909 755 1216 819 advexerat,
1248 767 1420 822 neque
1443 747 1755 818 Trojauum,
1781 756 1952 812 neque
1971 739 2120 795 Lavi-

530 846 718 902 uiense
747 847 813 902 ab
853 846 967 916 ipso
997 843 1169 900 Ainea
1209 842 1482 899 conditum
1528 851 1751 908 regnum
1783 833 1872 889 diu
1901 845 2119 887 conser-

530 951 658 992 vare
676 938 932 1006 potuisse,
959 937 1091 991 alios
1112 933 1469 1006 providendos
1493 928 1835 991 existimavit,
1857 939 1993 996 quos
2013 921 2119 976 illis

517 1021 801 1098 prioribus
833 1027 976 1100 (sive
1002 1028 1091 1098 qui
1121 1043 1238 1082 cum
1269 1024 1497 1081 Romulo
1518 1027 1626 1093 jam
1652 1021 1875 1075 Romam
1899 1013 2097 1070 transie

533 1132 692 1187 rant,
723 1121 836 1176 sive
861 1119 1179 1191 quandoque
1206 1119 1339 1173 Alba
1370 1131 1554 1173 eversa
1582 1113 1788 1169 fuerant
1815 1105 2121 1176 transituri)

531 1211 618 1264 vel
641 1219 892 1276 tauquam
920 1211 1150 1280 fugitivis
1171 1208 1422 1264 custodes
1442 1206 1740 1270 adhiberet,
1763 1201 1844 1258 vel
1873 1211 2121 1268 tanquam

535 1301 784 1354 mvaliuis
809 1299 1104 1369 adjutores.

532 1390 761 1447 CAPUT
791 1391 905 1445 Xll.
931 1423 1001 1432 ——
1023 1391 1250 1456 Quantos
1275 1391 1369 1443 sibi
1399 1389 1520 1443 deos
1546 1386 1765 1441 Romani
1792 1392 1973 1455 preter
1999 1398 2123 1435 con-

606 1482 915 1536 stitutionem
938 1480 1125 1536 Numa:
1147 1482 1442 1552 adjeceriut,
1461 1495 1674 1551 quorum
1699 1493 1782 1532 eos
1800 1475 2127 1531 numerositas

609 1573 739 1626 nihil
755 1574 966 1643 juverit.

607 1663 717 1718 Nec
730 1664 812 1720 his
829 1665 994 1721 sacris
1009 1674 1185 1720 tamen
1205 1666 1371 1720 Roma
1393 1664 1603 1734 dignata
1621 1671 1704 1718 est
1720 1676 1838 1718 esse
1853 1669 2125 1728 contenta,

537 1769 658 1824 quae
681 1763 785 1809 tam
810 1757 972 1810 multa
990 1757 1098 1812 illic
1114 1757 1403 1826 Pompilius
1423 1757 1804 1811 constituerat:
1826 1770 1944 1807 nam
1965 1754 2129 1822 ipsius

539 1861 806 1902 summum
823 1851 1076 1920 templum
1096 1850 1328 1904 nondum
1347 1849 1573 1904 habebat
1587 1846 1836 1916 Jovis.(a)
1853 1847 1960 1899 Rex
1977 1847 2130 1914 quip-

541 1955 608 2010 pe
638 1940 955 2011 Tarquinius
986 1942 1057 1997 ibi
1087 1941 1406 2012 Capitolium
1452 1940 1750 1995 fabricavit.
1788 1936 2131 2006 Esculapius

538 2039 719 2086 autem
745 2032 813 2086 ab
840 2032 1108 2102 Epidauro
1133 2033 1352 2087 ambivit
1377 2032 1600 2086 Romam
1621 2032 1660 2095 ί,
1695 2038 1752 2084 ut
1779 2028 2131 2100 peritissimus

541 2123 784 2178 medicus
814 2124 868 2179 in
895 2124 1026 2179 urbe
1057 2124 1383 2179 nobilissima
1413 2132 1579 2177 artem
1603 2121 1887 2192 gloriosius
1910 2133 2130 2173 exerce-

541 2221 625 2268 ret
649 2213 748 2284 (b).
781 2214 949 2270 Mater
973 2216 1132 2270 etiam
1177 2215 1332 2271 deum
1375 2215 1558 2270 nescio
1596 2214 1755 2278 unde,
1787 2228 1816 2266 a
1843 2213 2130 2266 Pessinun-

541 2311 594 2358 te
633 2307 676 2357 ‘.
719 2304 994 2375 Indignum
1043 2307 1186 2360 enim
1229 2314 1378 2371 erat,
1412 2315 1468 2359 ut
1513 2321 1633 2359 cum
1675 2304 1791 2373 ejus
1835 2303 1976 2357 filius
2019 2305 2129 2371 jam

540 2392 662 2446 colli
694 2392 1000 2464 Capitolino
1025 2395 1374 2465 praesideret,
1403 2395 1574 2449 adhuc
1605 2395 1714 2464 ipsa
1755 2394 1807 2448 in
1836 2393 1954 2447 loco
1981 2394 2132 2463 igno-

543 2483 632 2539 bili
653 2485 906 2542 latitaret.
928 2485 1058 2554 Quze
1084 2497 1259 2542 tamen
1281 2489 1324 2541 si
1347 2487 1580 2542 omnium
1601 2485 1820 2540 deorum
1841 2492 2009 2539 mater
2025 2493 2127 2552 est,

541 2591 649 2630 non
684 2577 855 2631 solum
901 2588 1079 2632 secuta
1111 2586 1193 2633 est
1239 2577 1459 2632 Romam
1509 2575 1767 2647 quosdam
1795 2576 1933 2630 ﬁlios
1962 2590 2087 2631 suos
2111 2617 2126 2642 ,

542 2680 725 2720 verum
751 2676 807 2722 et
828 2668 964 2722 alios
991 2668 1263 2736 praecessit
1283 2668 1442 2722 etiam
1465 2676 1766 2723 secuturos.
1796 2667 1956 2721 Miror
1979 2681 2126 2733 sane,

541 2758 587 2810 si
617 2760 729 2828 ipsa
755 2761 963 2829 peperit
991 2759 1444 2830 Cynoceplialum,
1475 2760 1565 2830 qui
1595 2761 1750 2830 longe
1781 2769 1962 2829 postea
1987 2759 2131 2814 venit

545 2865 611 2904 ex
662 2850 912 2921 ngypto.
947 2851 1136 2906 Utrum
1183 2854 1342 2906 etiam
1392 2852 1490 2907 dea
1530 2851 1718 2907 Febris
1759 2868 1826 2908 ex
1875 2853 1963 2906 illa
2007 2860 2129 2906 nata

544 2942 634 3006 sit,
667 2942 856 2997 viderit
885 2943 1224 3013 Esculapius
1253 2961 1516 3016 pronepos
1545 2945 1680 3015 ejus.
1713 2945 1808 3000 sed
1836 2945 2130 3000 undecum-

542 3048 646 3100 que
670 3043 791 3087 nata
819 3035 922 3098 sit,
969 3051 1071 3088 non
1103 3034 1356 3108 (opinor)
1386 3036 1656 3090 audebunt
1698 3053 1814 3091 eam
1847 3037 2129 3108 ignobilem

540 3121 721 3177 dicere
748 3123 820 3177 dii
848 3126 1116 3194 peregrini
1160 3126 1314 3180 deam
1342 3127 1514 3180 civem
1544 3126 1858 3181 Romanam.
1891 3127 2000 3182 Sub
2030 3126 2132 3182 hoc

545 3222 623 3267 tot
647 3214 869 3269 deorum
901 3217 1166 3285 praesidio,
1198 3231 1334 3287 quos
1362 3233 1644 3273 numerare
1674 3219 1793 3287 quis
1823 3229 2015 3286 potest,
2046 3219 2131 3273 in-

543 3303 766 3373 digenas
793 3315 848 3360 et
874 3307 1200 3376 alienigenas
1220 3347 1233 3368 .
1263 3307 1471 3362 caelites
1491 3349 1505 3373 ,
1537 3316 1839 3372 terrestres,
1873 3305 2127 3371 infernos,

545 3394 780 3450 marinos
805 3436 821 3460 ,
850 3396 1096 3452 fontanos
1119 3439 1134 3463 ,
1164 3396 1405 3452 fluviales
1449 3397 1510 3464 ³;
1547 3407 1602 3451 et
1623 3439 1638 3463 ,
1671 3406 1728 3451 ut
1754 3396 1925 3452 Varro
1961 3397 2126 3465 dicit,

543 3496 722 3541 certos
770 3495 930 3558 atque
984 3489 1255 3556 incertos,
1320 3490 1376 3544 in
1440 3489 1794 3559 omnibusque
1847 3490 2132 3560 generibus

544 3577 790 3646 deorum,
820 3581 957 3635 sicut
987 3579 1040 3636 in
1068 3581 1385 3636 animalibus
1409 3624 1423 3647 ,
1455 3597 1629 3637 mares
1657 3589 1713 3636 et
1741 3581 2003 3636 feminas?
2031 3582 2132 3637 sub

544 3668 649 3724 hoc
677 3684 806 3741 ergo
835 3680 913 3726 tot
941 3671 1162 3728 deorum
1193 3672 1442 3743 praesidio
1469 3673 1756 3728 conSIituta
1783 3673 1950 3728 Roma
1977 3714 1992 3740 ,
2024 3689 2130 3728 non

546 3767 654 3813 tam
697 3761 906 3830 magnis
930 3772 988 3818 et
1026 3762 1306 3818 horrendis
1332 3763 1568 3818 cladibus
1591 3805 1607 3829 ,
1635 3764 1821 3832 quales
1858 3779 1924 3818 ex
1951 3763 2132 3819 multis

549 3863 745 3918 paucas
764 3854 1214 3918 commemorabo,
1235 3854 1422 3923 agitari
1445 3853 1713 3922 affligique
1735 3855 1937 3908 debuit.
1965 3854 2130 3909 Nimis

548 3941 692 3999 enim
715 3941 912 3998 multos
927 3941 1057 3997 deos
1083 3944 1270 4010 grandi
1300 3946 1441 3998 fumo
1465 3959 1559 3998 suo
1583 3943 1680 4014 (c),
1709 3953 1952 4014 tanquam
1979 3945 2130 4016 signo

547 4031 693 4097 dato,
721 4032 789 4088 ad
815 4033 1090 4088 tuitionem
1119 4037 1566 4111 congregaverat;
1593 4033 1784 4102 quibus
1807 4034 2022 4104 templa,
2053 4035 2133 4089 al-

549 4122 681 4176 taria
705 4163 722 4190 ,
767 4123 1047 4190 sacrificia,
1080 4123 1387 4179 sacerdotes
1430 4121 1756 4178 instituendo
1794 4132 1953 4194 atque
1996 4139 2133 4194 pra:-

547 4212 746 4280 bendo,
771 4229 1034 4270 summum
1065 4231 1246 4270 verum
1273 4217 1458 4281 Deum,
1485 4215 1570 4270 eui
1600 4215 1689 4269 uni
1720 4216 1835 4271 bare
1857 4216 1960 4271 rite
1984 4226 2131 4287 gesta

546 4303 828 4370 debentur,
861 4306 1176 4362 offenderet.
1207 4308 1274 4360 Et
1302 4307 1505 4360 felicior
1530 4306 1743 4375 quidem
1769 4323 1888 4361 cum
1920 4308 2135 4378 paucio-

547 4395 694 4452 ribus
719 4397 850 4453 vixit
879 4417 893 4453 :
921 4398 1016 4454 sed
1044 4409 1241 4469 quanto
1285 4398 1456 4468 major
1499 4398 1634 4454 facta
1675 4408 1790 4466 est,
1820 4400 1956 4454 sicut
1981 4402 2132 4456 navis

547 4495 772 4552 nautas,
806 4495 954 4543 tanto
984 4489 1165 4559 plures
1193 4487 1520 4544 adhibendos
1562 4489 1796 4560 putavit;
1827 4489 2010 4558 credo,
2038 4491 2132 4547 dc-

545 4593 771 4649 sperans
800 4581 1081 4651 pauciores
1111 4583 1230 4638 illos
1250 4623 1263 4647 ,
1297 4581 1398 4636 sub
1425 4582 1617 4653 quibus
1648 4582 1700 4636 in
1734 4585 2132 4653 comparatione

547 4669 744 4740 pejoris
769 4671 892 4726 vitia
921 4673 1110 4728 melius
1152 4675 1396 4740 vixerat,
1429 4689 1533 4729 non
1573 4673 1818 4730 sufficere
1853 4674 1919 4730 ad
1957 4676 2132 4745 opitu-

545 4763 764 4821 landum
783 4765 1066 4837 granditati
1087 4782 1219 4822 suae.
1249 4767 1428 4823 Primo
1453 4768 1595 4823 enim
1620 4767 1717 4823 sub
1745 4767 1874 4838 ipsis
1894 4769 2127 4840 regibus,

607 4940 626 4972 ι
660 4939 798 4998 Editi.
823 4936 968 4990 abicit
989 4949 1198 4990 Romam.
1234 4947 1290 4990 At
1328 4949 1528 4991 veteres
1553 4941 1682 4999 libri,
1700 4940 1893 4992 ambiri!
1917 4949 2127 4993 Romam.

543 5001 734 5064 -_—_‘cod.
760 5001 872 5064 766,
912 5001 1060 5064 2050,
1090 5001 1228 5064 0051,
1255 5002 1394 5062 2052,
1419 5001 1607 5054 ambivit
1629 5002 1694 5054 ad
1719 5012 1928 5054 Romam.
1969 5005 2126 5055 Codex

541 5059 680 5120 2033,
707 5059 867 5114 venire
889 5062 1081 5114 ambivit
1099 5062 1164 5113 ad
1189 5059 1395 5114 Romam.
1465 5073 1520 5114 at.

605 5124 625 5154 ³
661 5124 791 5172 viud.
818 5135 920 5174 Am.
943 5132 1016 5174 Er.
1047 5140 1059 5174 :
1089 5131 1237 5176 Mater
1260 5133 1417 5176 autem
1450 5129 1648 5176 deorum
1686 5126 1844 5178 nescio
1869 5129 1995 5178 unde
2015 5136 2130 5179 nam

541 5186 890 5252 Prteriestiaum
920 5196 1123 5252 montem
1153 5186 1343 5237 insedit.
1382 5189 1650 5252 _Ludovicus
1689 5192 1830 5238 vives
1867 5188 2129 5252 legendum

541 5245 802 5316 existimat,
830 5247 1117 5316 palatium»
1136 5256 1340 5316 montem
1373 5248 1546 5316 insedit
1561 5263 1590 5316 ;_
1609 5251 1722 5313 quia
1755 5254 1804 5302 in
1827 5245 2018 5310 Pala'tio,
2042 5254 2128 5316 ait,

541 5303 698 5355 locata
721 5303 798 5357 est
813 5309 960 5358 deum
984 5319 1155 5361 mater.
1182 5311 1273 5360 Sed
1299 5314 1458 5362 verior
1479 5303 1640 5362 lectio'
1658 5319 1766 5362 Lov.
1787 5320 1839 5362 et
1868 5303 2128 5364 manuscril

541 5374 912 5440 ptorumsyater
929 5371 1072 5440 etiam
1082 5373 1232 5440 actim
1248 5372 1406 5440 nescio
1431 5375 1573 5440 unde,
1593 5385 1624 5424 τι
1648 5373 1939 5426 Pessinunte.
1956 5376 2127 5427 Ooufer

536 5441 700 5491 supra,
735 5429 819 5480 lib.
846 5431 890 5502 l_,
916 5444 1018 5495 cap.
1044 5434 1123 5491 50,
1162 5435 1253 5484 col.
1278 5435 1356 5496 42,
1381 5445 1479 5487 not.
1509 5436 1597 5499 (b).

607 5491 630 5522 ³
661 5497 711 5540 tu.
737 5491 904 5545 multis
926 5499 1053 5545 Mm.
1079 5494 1322 5545 vlutvt'ales.

607 5509 630 5522 ·
661 5509 711 5540 In.
737 5509 904 5545 multis
926 5509 1053 5551 ωδ,
1079 5509 1322 5556 ptuvtates.

601 5553 674 5676 $0)
699 5551 846 5611 Joris,
865 5553 1038 5626 dicitur
1056 5561 1344 5607 nonmiativo
1366 5573 1496 5617 casu,
1523 5571 1620 5632 non
1643 5559 1875 5630 genitivo.

629 5613 678 5676 ὁ)
703 5613 1024 5676 Ᾱῐεουιτψιυηι
1061 5630 1122 5665 ex
1162 5621 1391 5676 Etidauro
1431 5621 1615 5670 Achaiae
1651 5621 1828 5676 oppido
1859 5634 1874 5670 ι

629 5613 678 5676 b)
703 5613 1024 5676 AZsculapium
1061 5630 1122 5684 ex
1148 5621 1391 5684 ﬁjidauro
1421 5613 1828 5684 VAchaiaaﬂvoppido
1859 5622 1910 5670 iu
1949 5621 2127 5674 Urbem

537 5675 792 5746 advectum
814 5675 1051 5746 meiuornt
1069 5675 1242 5738 Livius,
1266 5679 1350 5746 lib.
1383 5683 1456 5746 lO,
1476 5696 1582 5746 cap.
1607 5679 1686 5746 47.

601 5736 672 5800 (c)
693 5747 865 5808 fungo,
886 5740 1177 5808 inanitatem
1199 5736 1547 5796 sacrificiorum
1556 5744 1640 5797 au't
1673 5745 1920 5808 superbiat
1943 5747 2125 5799 vanita-

537 5799 914 5872 teni’siguificat.

2221 467 2447 530 excepto
2471 458 2639 513 Numa
2677 455 2974 528 Pompilio,
3004 454 3074 512 de
3110 469 3220 527 quo
3257 453 3369 526 jam
3397 466 3556 526 supra
3587 449 3813 513 locutus

2220 566 2357 616 sum,
2372 559 2627 621 quantum
2648 548 2848 603 malum
2869 547 3184 603 diseordiosi
3203 548 3512 604 certaminis
3527 546 3645 616 fuit,
3663 546 3812 618 quod

2221 643 2440 698 fratrem
2466 641 2676 697 Romuli
2703 641 2877 712 coegit
2903 639 3117 696 occidi?

2221 753 2447 810 CAPUT
2487 752 2626 808 Xlll.
2654 782 2725 793 —
2750 752 2862 820 Quo
2886 749 3014 805 lure
3032 793 3048 819 ,
3074 767 3172 822 quo
3201 750 3389 820 [radere
3427 749 3645 806 Romani
3679 750 3817 806 obti-

2700 844 2896 898 nuerint
2924 843 3086 914 prima
3113 843 3369 913 conjugia.

2309 957 2587 1027 Quomodo
2639 973 2739 1015 nec
2803 958 2981 1025 Juno,
3045 974 3322 1028 quaecum
3370 957 3502 1014 Jove
3554 975 3651 1014 suo
3698 960 3816 1030 jam

2288 1119 2523 1164 Romanos
2541 1125 2709 1162 rerum
2728 1112 2964 1183 dominos,
2978 1050 3546 1183 lgentemqufgjggziam,

2722 1174 2944 1236 (Aeneid.
2971 1174 3054 1224 lib.
3081 1177 3126 1234 1,
3145 1174 3267 1225 vers.
3288 1174 3398 1234 28f,
3420 1174 3562 1238 282.)

2229 1294 2329 1335 nec
2350 1277 2528 1334 Venus
2553 1279 2666 1349 ipsa
2684 1278 2942 1335 Eneidas
2962 1295 3088 1333 suos
3110 1279 3281 1349 potuit
3300 1279 3572 1348 adjuvare,
3597 1288 3654 1334 ut
3671 1279 3822 1334 bono

2229 1380 2283 1427 et
2303 1387 2456 1442 aequo
2487 1387 2635 1426 more
2662 1372 2905 1442 conjugia
2936 1383 3273 1427 mererentur
3295 1414 3309 1436 ,
3337 1372 3622 1441 cladesque
3667 1381 3824 1427 tanta

2230 1466 2382 1520 irruit
2409 1465 2566 1534 hujus
2592 1467 2804 1534 inopiae,
2823 1473 2879 1519 ut
2897 1481 2959 1519 ea
2977 1465 3102 1519 dolo
3123 1475 3392 1532 raperent,
3415 1479 3640 1533 moxque
3666 1479 3824 1519 com-

2231 1559 2557 1628 pellerentur
2584 1572 2822 1629 pugnare
2847 1572 2966 1611 cum
2997 1557 3236 1621 soceris;
3287 1565 3346 1610 ut
3372 1557 3577 1610 miserae
3605 1555 3826 1611 feminae

2233 1650 2466 1703 nondum
2498 1664 2566 1703 ex
2598 1649 2787 1717 injuria
2818 1649 3021 1702 maritis
3041 1647 3336 1702 conciliata:
3366 1687 3381 1711 ,
3409 1647 3517 1717 jam
3537 1656 3822 1716 parentum

2232 1741 2487 1809 sanguine
2515 1739 2864 1794 dotarentur?
2888 1742 2955 1793 At
2978 1739 3118 1794 enim
3152 1739 3393 1793 vicerunt
3428 1739 3480 1792 in
3505 1738 3601 1793 hac
3632 1738 3827 1794 confli-

2233 1833 2410 1886 ctione
2449 1832 2676 1886 Romaui
2710 1833 2912 1886 vicinos
2954 1846 3096 1885 suos.
3128 1831 3350 1899 Quantis
3375 1839 3429 1885 et
3456 1847 3610 1899 quam
3638 1831 3826 1885 multis

2234 1926 2497 1994 utrimque
2522 1925 2832 1980 vulneribus
2861 1933 2915 1979 et
2950 1923 3227 1979 funeribus
3267 1934 3372 1978 tam
3400 1926 3823 1994 propinquorum

2233 2025 2290 2072 et
2316 2018 2602 2072 confinium
2631 2018 2745 2071 ista:
2761 2017 2996 2072 victoria:
3015 2017 3392 2072 constiterunt?
3414 2019 3635 2088 Propter
3653 2032 3826 2072 unum

2232 2107 2497 2164 Cursarem
2529 2124 2774 2165 socerum
2806 2119 2859 2164 et
2885 2125 3048 2164 unum
3069 2125 3319 2178 generum
3347 2111 3460 2179 ejus
3484 2109 3824 2182 Pompeium,

2228 2199 2337 2269 jam
2365 2212 2572 2255 mortua
2616 2201 2843 2257 Caesaris
2873 2201 2976 2255 filia
3002 2244 3016 2266 ,
3047 2217 3210 2257 uxore
3235 2202 3472 2273 Pompeii
3503 2244 3517 2269 ,
3547 2213 3742 2273 quanto
3762 2212 3827 2259 et

2233 2307 2392 2362 quam
2417 2291 2563 2363 justo
2587 2292 2790 2348 doloris
2812 2293 3063 2348 instinctu
3087 2293 3331 2348 Lucanus
3367 2293 3654 2359 exclamat,

2294 2423 2423 2498 bella
2446 2438 2536 2498 per
2556 2425 2795 2498 Emathios
2812 2425 2921 2498 plus
2937 2438 3079 2498 quam
3096 2425 3254 2498 civilia
3276 2440 3493 2490 campos,

2294 2493 2477 2548 Jusque
2492 2486 2658 2537 datum
2680 2486 2856 2538 sceleri
2879 2486 3122 2537 cauimus!

2806 2551 2824 2611 (
2849 2558 3021 2599 Lucam
3049 2549 3131 2600 lib.
3159 2550 3204 2610 f,
3227 2561 3350 2601 vers.
3378 2551 3424 2611 l,
3443 2549 3526 2612 2.)

2234 2673 2491 2728 Vieerunt
2521 2690 2647 2745 ergo
2673 2676 2918 2740 Romani,
2950 2685 3003 2730 ut
3031 2685 3207 2747 strage
3237 2691 3545 2732 socerorum
3577 2677 3824 2736 manibus

2232 2769 2469 2823 cruentis
2495 2768 2562 2823 ab
2589 2785 2771 2822 eorum
2803 2769 3010 2824 filiabus
3052 2770 3326 2839 amplexus
3363 2771 3695 2835 miserabiles
3719 2787 3824 2826 ex-

2235 2866 2578 2928 torquerent;
2610 2876 2706 2913 nec
2736 2859 2839 2914 illa:
2864 2859 3122 2915 auderent
3143 2860 3272 2916 flere
3293 2871 3468 2931 patres
3497 2863 3721 2929 occisos,
3751 2877 3825 2919 ne

2233 2953 2568 3009 offenderent
2624 2956 2850 3010 victores
2913 2955 3165 3019 maritos;
3201 2972 3319 3025 qua:
3358 2956 3530 3011 adhuc
3572 2957 3677 3014 illis
3718 2973 3823 3025 pu-

2232 3047 2545 3116 gnantibus,
2582 3063 2678 3118 pro
2717 3049 2910 3119 quibus
2938 3050 3170 3103 facerent
3209 3059 3330 3103 vota
3371 3049 3675 3104 nesciebant
3718 3048 3821 3119 (α).

2235 3139 2449 3195 Talibus
2476 3141 2675 3210 nuptiis
2721 3142 2970 3211 populum
2999 3141 3299 3196 Romanum
3329 3158 3436 3197 nou
3464 3143 3643 3196 Venus
3671 3184 3686 3210 ,
3718 3123 3824 3198 sed

2235 3231 2452 3286 Bellona
2473 3231 2689 3286 donavit
2716 3233 2768 3287 ¹ε
2801 3243 2893 3287 aut
2939 3233 3177 3288 fortassis
3203 3234 3387 3288 Alecto
3432 3233 3518 3286 illa
3546 3233 3827 3289 infernalis

2234 3321 2367 3375 furia
2392 3323 2434 3387 ³,
2463 3322 2572 3391 jam
2613 3322 2692 3377 eis
2714 3321 2922 3378 favente
2947 3323 3156 3379 Junoue
3188 3365 3204 3391 ,
3252 3326 3366 3394 plus
3395 3324 3446 3378 in
3493 3325 3610 3380 illos
3637 3325 3825 3382 habuit

2234 3410 2481 3478 licentiae,
2513 3427 2672 3482 quam
2699 3427 2820 3467 cum
2843 3415 2958 3482 ejus
2989 3414 3232 3482 precibus
3251 3424 3438 3469 contra
3470 3413 3680 3469 Eueau
3705 3415 3825 3470 fue‘

2233 3509 2317 3556 rat
2347 3502 2572 3556 excitata
2617 3503 2713 3574 (ὁ).
2758 3502 3128 3557 Andromacha
3173 3501 3380 3558 felicius
3404 3505 3663 3573 captivata
3691 3513 3816 3573 est,

2233 3605 2391 3661 quam
2418 3593 2505 3647 illa
2526 3594 2771 3665 conjugia
2813 3594 3050 3649 Romana
3075 3604 3372 3664 nupserunt
3408 3596 3477 3667 (c)
3505 3615 3519 3650 :
3552 3596 3676 3651 licet
3699 3611 3825 3651 ser-

2235 3685 2387 3751 viles,
2420 3694 2595 3740 tamen
2627 3696 2747 3755 post
2773 3687 2888 3756 ejus
2917 3687 3194 3756 amplexus
3224 3688 3426 3741 nullum
3458 3687 3822 3756 Trojauorum

2235 3774 2469 3847 Pyrrhus
2490 3777 2702 3831 occidit.
2733 3778 2956 3832 Romani
2983 3788 3160 3833 autem
3190 3793 3406 3833 soceros
3432 3779 3827 3836 interficiebant

2234 3866 2287 3920 in
2316 3869 2535 3936 praeliis,
2561 3883 2785 3936 quorum
2809 3869 2919 3937 jam
2947 3870 3081 3926 filias
3106 3871 3545 3941 amplexabantur
3560 3873 3612 3927 in
3643 3872 3828 3926 thala-

2234 3961 2355 4013 mis.
2406 3959 2497 4014 llla
2549 3960 2734 4014 victori
2791 3961 3045 4029 subdita,
3104 3962 3286 4018 dolere
3343 3973 3545 4018 tantum
3599 3979 3826 4020 suorum

2234 4057 2460 4103 mortem
2505 4052 2716 4120 potuit,
2762 4067 2867 4106 non
2900 4054 3120 4110 timere:
3165 4055 3269 4109 illa:
3311 4057 3524 4110 sociatae
3568 4057 3825 4112 bellanti-

2233 4139 2352 4207 bus,
2395 4153 2672 4211 pareutum
2711 4159 2926 4199 suorum
2979 4156 3179 4201 mortes
3227 4147 3639 4216 procedentibus
3689 4149 3827 4205 viris

2237 4234 2513 4301 timebant,
2548 4236 2892 4293 redeuntibus
2920 4239 3188 4304 dolebant,
3221 4256 3319 4295 nec
3345 4241 3586 4296 timorem
3617 4241 3825 4297 haben-

2236 4334 2315 4380 tes
2343 4327 2603 4393 liberum,
2656 4345 2754 4385 nec
2801 4330 3057 4386 dolorem.
3103 4332 3234 4386 Nam
3283 4344 3498 4403 propter
3547 4336 3827 4393 interitum

2234 4417 2450 4484 civium,
2481 4421 2920 4490 prepinquorum,
2951 4423 3171 4477 fratrum
3202 4465 3216 4491 ,
3251 4434 3530 4494 parentum
3555 4466 3570 4491 ,
3597 4437 3688 4480 aut
3731 4427 3828 4497 pie

2234 4511 2624 4577 cruciabantur,
2647 4522 2739 4567 aut
2767 4513 3056 4569 crudeliter
3094 4516 3412 4572 laetabantur
3440 4518 3673 4573 victoriis
3697 4534 3826 4574 ma-

2235 4603 2479 4659 ritorum.
2505 4605 2617 4660 Huc
2642 4606 2928 4661 accedebat
2951 4607 3116 4677 quod,
3150 4617 3207 4662 ut
3242 4620 3365 4665 sunt
3409 4611 3614 4667 alterna
3645 4611 3826 4668 bello-

2233 4714 2373 4767 rum,
2397 4699 2586 4770 aliquae
2613 4709 2891 4769 parentum
2921 4699 3064 4756 ferro
3093 4701 3388 4757 amiserunt
3412 4705 3553 4760 viros
3581 4747 3596 4773 ,
3624 4705 3835 4776 aliqua

2234 4800 2582 4861 utrorumque
2622 4790 2767 4847 ferro
2813 4802 2868 4849 et
2913 4803 3160 4863 parentes
3182 4805 3236 4849 et
3267 4795 3407 4850 viros
3433 4813 3447 4850 :
3475 4811 3649 4866 neque
3675 4799 3828 4854 enim
3913 4826 3921 4830 -

2237 4891 2291 4938 et
2317 4882 2456 4952 apud
2487 4882 2759 4937 Romanos
2808 4899 2963 4954 parva
3003 4886 3214 4939 fuerunt
3251 4885 3336 4940 illa
3379 4885 3704 4942 discrimina.
3738 4888 3831 4944 Si-

2235 4976 2447 5046 quidem
2466 4976 2530 5030 ad
2548 4977 2880 5032 obsidionem
2901 4993 3110 5049 quoque
3133 4985 3441 5049 perventum
3467 4988 3548 5033 est
3568 4980 3827 5049 civitatis,

2233 5067 2538 5138 clausisque
2565 5069 2730 5138 portis
2757 5084 2817 5124 se
2843 5069 3122 5125 tuebantur
3172 5089 3184 5124 :
3236 5071 3426 5142 quibus
3451 5071 3573 5126 dolo
3598 5073 3824 5141 apertis,

2234 5157 2585 5230 admissisque
2615 5159 2858 5216 hostibus
2889 5162 3024 5251 iptra
3053 5163 3246 5218 matula
3269 5205 3283 5230 ,
3317 5159 3369 5217 in
3406 5163 3522 5232 ipso
3556 5162 3673 5217 foro
3700 5178 3830 5219 sce-

2234 5252 2398 5310 lerata
2416 5262 2467 5309 et
2496 5253 2655 5310 nimis
2691 5263 2840 5308 atrox
2871 5247 3008 5311 inter
3030 5247 3258 5326 generos
3287 5270 3607 5326 socerosque
3645 5270 3828 5325 pugna

2298 5437 2315 5504 ξ
2349 5436 2421 5504 sic
2442 5445 2612 5504 omnes
2633 5445 2794 5504 prope
2810 5441 2916 5504 uss.
2934 5457 3003 5504 -—.
3027 5440 3076 5504 tn
3099 5440 3168 5496 8.,
3193 5433 3386 5504 dotauit.
3444 5440 3501 5504 lt.

2295 5498 2317 5527 ³
2352 5497 2488 5578 Ligd.
2517 5505 2614 5578 an].
2650 5496 2732 5545 Er.
2752 5503 2804 5546 et
2834 5502 2966 5556 Mss,
2985 5496 3172 5559 inferna
3201 5496 3346 5559 furia.
3372 5523 3436 5536 -—
3454 5498 3528 5548 Sic
3550 5505 3696 5548 etiam
3732 5509 3827 5546 eo-

2230 5559 2508 5739 degiaﬁgde
2675 5619 2708 5669 ὅ
2729 5626 2850 5670 Fast.
2879 5633 3006 5695 vers
3033 5619 3125 5669 205
3150 5628 3200 5670 et
3220 5633 3360 5684 seqq.

2321 5681 2371 5739 b)
2399 5682 2582 5731 ,βιζοριώ
2608 5681 2694 5731 lib.
2713 5685 2763 5739 7,
2801 5697 2931 5733 vers.
2955 5681 3048 5729 .325
3072 5690 3122 5731 et
3144 5695 3284 5739 seqq.

2297 5681 2371 5742 (ὁ)
2399 5682 2582 5731 Aineid.
2608 5681 2694 5731 lib.
2713 5685 2763 5740 7,
2801 5697 2931 5733 vers.
2955 5681 3048 5729 5:35
3072 5690 3122 5731 et
3144 5681 3311 5744 seqq.’
3328 5681 3342 5684 ⁷

2297 5745 2364 5817 (c‘,
2403 5745 2714 5817 indromaebe
2733 5753 2951 5817 ttectorts
2964 5757 3088 5792 uxor
3104 5757 3131 5817 a
3149 5745 3322 5807 Pyrrho
3338 5750 3448 5808 post
3464 5755 3690 5795 eversam
3705 5749 3828 5797 Tro-

2229 5809 2327 5872 jam
2351 5810 2398 5857 in
2422 5808 2645 5858 Grzeciaui
2666 5807 2808 5859 ducta
2833 5808 2980 5870 eique
3003 5815 3168 5867 nutu.
