4038 6488
205 309 279 367 b9

205 422 709 498 commissa'esua).
727 425 800 484 Et
827 437 1072 502 raptores
1101 431 1177 487 illi
1200 432 1360 489 etiam
1383 437 1811 506 superabantur;

205 528 258 574 et
284 517 486 574 crebro
514 516 784 590 fugientes
814 521 954 578 intra
984 522 1177 580 domos
1202 539 1326 580 suas
1350 567 1366 592 ,
1407 528 1623 597 gravius
1643 529 1810 584 foeda-

203 611 329 667 bant
359 611 658 681 pristinas,
695 616 942 685 quamvis
971 625 1024 672 et
1049 619 1189 688 ipsas
1229 619 1502 688 pudendas
1529 621 1812 693 lugendas-

202 721 301 777 que
324 706 586 762 victorias
611 705 687 779 (b)
707 746 720 761 .
749 708 848 763 Hic
878 718 1052 765 tamen
1078 712 1334 768 Romulus
1361 713 1427 769 de
1459 731 1675 770 suormn
1699 718 1808 787 jam

201 798 394 850 virtute
441 797 740 870 desperans
767 843 780 866 ,
826 801 1011 858 Jovem
1055 805 1258 874 rogavit
1289 814 1344 860 ut
1371 816 1574 862 starent
1606 828 1618 864 :
1651 819 1809 880 atque

200 887 282 941 ille
327 888 438 943 hac
490 893 778 947 occasione
810 908 1008 949 nomen
1039 895 1270 951 Statoris
1296 898 1518 953 invenit.
1548 900 1654 954 Nec
1687 902 1806 956 linis

200 988 332 1032 esset
363 982 510 1034 tanti
544 983 670 1036 mali
704 1025 722 1050 ,
767 985 866 1039 nisi
915 997 1077 1056 raptae
1124 989 1227 1042 illa:
1279 991 1523 1046 laceratis
1571 993 1804 1049 crinibus

201 1071 530 1136 emicarent,
561 1083 618 1128 et
647 1077 939 1144 provoluta:
982 1080 1290 1147 parentibus
1311 1126 1325 1146 ,
1353 1082 1482 1136 iram
1510 1100 1693 1139 eorum
1725 1085 1805 1156 ju-

200 1161 515 1229 stissimam,
543 1181 649 1218 non
676 1168 843 1222 armis
870 1169 1193 1238 victricibus,
1225 1173 1318 1228 sed
1347 1176 1571 1245 supplici
1606 1178 1800 1246 pietate

202 1254 447 1308 sedarent
476 1256 576 1327 (ε).
612 1257 820 1313 Deinde
840 1259 1016 1314 Titum
1055 1261 1266 1318 Tatium
1292 1307 1306 1328 ,
1364 1281 1544 1335 regem
1571 1267 1799 1324 Sabino-

203 1361 324 1408 rum,
347 1347 572 1401 socium
594 1350 743 1420 regni
766 1351 1023 1408 Romulus
1044 1351 1185 1409 ferre
1209 1357 1515 1426 compulsus
1536 1369 1636 1424 est,
1669 1358 1802 1415 Ger-

201 1437 328 1490 mani
356 1440 646 1493 consortis
698 1442 982 1512 impatiens
1011 1461 1023 1496 :
1056 1444 1148 1500 sed
1192 1447 1404 1517 quando
1434 1455 1490 1503 et
1519 1449 1676 1502 istum
1708 1448 1798 1504 diu

203 1528 503 1595 toleraret,
556 1533 648 1601 qui
694 1533 916 1588 fratrem
962 1539 1340 1609 geminumque
1386 1557 1490 1594 non
1545 1543 1797 1610 pertulit?

204 1617 334 1674 Unde
362 1631 425 1674 et
453 1621 579 1691 ipso
612 1624 916 1690 interfecto,
942 1637 998 1681 ut
1023 1629 1193 1697 major
1219 1629 1349 1684 deus
1376 1642 1538 1697 esset,
1573 1649 1794 1702 regnum

201 1711 330 1765 solus
355 1714 603 1768 obtinuit
632 1715 732 1786 (ά).
760 1714 892 1786 Quae
914 1730 1036 1774 sunt
1061 1722 1156 1775 ista
1175 1722 1293 1790 jura
1321 1726 1645 1794 nuptiarum,
1675 1743 1794 1797 quae

201 1800 530 1859 irritamenta
556 1806 848 1875 bellorum,
873 1827 990 1881 qua:
1020 1812 1220 1867 foedera
1247 1819 1632 1884 germanitatis,
1658 1818 1782 1872 afﬂ-

200 1895 390 1960 uitatis,
418 1901 699 1954 societatis
730 1943 742 1964 ,
779 1903 1110 1960 divinitatis?
1146 1921 1265 1976 quae
1293 1918 1561 1976 postremo
1588 1911 1687 1965 sub
1715 1920 1791 1966 tot

198 1984 297 2038 diis
338 1989 603 2043 tutoribus
635 1993 741 2044 vita
778 1993 1050 2048 civitatis?
1107 1996 1264 2052 Vides
1308 2010 1502 2069 quanta
1535 2001 1656 2056 hinc
1684 2003 1786 2058 dici

197 2087 244 2133 ct
270 2097 424 2149 quam
456 2083 626 2138 multa
675 2097 934 2155 possent,
975 2089 1074 2144 nisi
1115 2108 1233 2160 quas
1275 2106 1559 2163 supersunt
1604 2106 1784 2152 nostra

199 2183 393 2226 curaret
423 2175 677 2240 intentio,
707 2189 762 2234 et
792 2196 970 2234 sermo
993 2182 1043 2235 in
1071 2183 1173 2238 alia
1199 2184 1492 2242 festinaret.

198 2280 404 2338 CAPUT
435 2284 742 2342 ιαμ-οε
769 2290 1026 2358 impietate
1051 2294 1167 2348 belli
1191 2298 1328 2366 quod
1360 2297 1564 2353 Albanis
1590 2299 1780 2354 Roma-

226 2379 270 2431 ni
287 2379 594 2450 intulerunt,
615 2394 661 2437 et
677 2386 740 2438 de
754 2385 962 2440 victoria
990 2389 1286 2445 dominandi
1312 2391 1517 2447 libidine
1536 2394 1738 2464 adepta.

255 2489 297 2544 l.
353 2492 500 2557 Quid
553 2493 750 2550 deinde
808 2508 924 2566 post
969 2498 1189 2556 Numam
1241 2503 1341 2558 sub
1384 2505 1500 2559 aliis
1524 2507 1777 2576 regibus?

194 2577 380 2646 Quanto
403 2584 573 2649 malo,
610 2602 715 2642 non
743 2590 916 2644 solum
938 2607 1054 2659 suo,
1084 2595 1176 2649 sed
1204 2596 1363 2651 etiam
1383 2597 1770 2668 Romanorum,

195 2670 234 2724 in
280 2672 478 2728 bellum
537 2677 727 2732 Albani
763 2685 1030 2749 provocati
1059 2688 1221 2741 sunt!
1255 2688 1374 2756 quia
1400 2689 1645 2745 videlicet
1668 2706 1771 2761 pax

193 2759 350 2818 Numa:
374 2775 484 2819 tam
521 2767 676 2838 longa
711 2771 957 2828 vilucrat.
1001 2774 1170 2842 Quam
1197 2778 1399 2834 crebra:
1427 2792 1632 2849 strages
1661 2783 1772 2838 Ro—

191 2858 308 2908 mani
337 2857 648 2929 Albanique
669 2865 936 2919 exercitus
964 2867 1176 2923 fuerunt
1199 2911 1215 2937 ,
1246 2880 1300 2926 et
1321 2873 1595 2945 utriusque
1620 2892 1769 2932 eom-

189 2944 389 3002 minutio
444 2950 720 3007 cititatis!
768 2956 900 3010 Alba
957 2974 1184 3030 namque
1245 2962 1330 3016 illa
1361 3004 1376 3029 ,
1426 2981 1584 3034 quam
1627 2968 1768 3025 lilius

188 3033 352 3091 Encas
371 3043 584 3096 creavit
618 3044 879 3100 Ascanius
907 3089 922 3113 ,
964 3048 1149 3105 Roma:
1176 3063 1346 3108 mater
1390 3057 1607 3126 propior
1655 3060 1768 3127 ipsa

187 3141 321 3194 quam
343 3130 532 3202 Troja,
557 3149 586 3186 a
615 3135 772 3190 Tullo
801 3136 1026 3194 Hostilio
1052 3159 1176 3212 rege
1198 3157 1479 3214 provocata
1507 3149 1763 3206 conﬂixit:

183 3217 452 3289 conﬂigens
506 3233 690 3278 autem
737 3236 793 3281 et
830 3228 1022 3284 alﬂicta
1067 3241 1192 3297 est,
1238 3244 1294 3289 et
1331 3236 1541 3305 afﬂixit,
1595 3240 1766 3297 donec

181 3309 446 3366 multorum
480 3315 707 3371 taederet
737 3318 849 3386 pari
889 3320 1184 3380 delectione
1206 3329 1580 3384 certaminum.
1614 3331 1763 3388 Tunc

178 3411 410 3457 eventum
440 3405 570 3460 belli
599 3408 667 3464 de
691 3412 998 3475 tergeminis
1025 3414 1147 3470 hinc
1176 3426 1336 3488 atque
1360 3420 1483 3476 inde
1514 3423 1764 3479 fratribus

177 3489 372 3558 placuit
404 3500 670 3566 experiri:
705 3517 734 3555 a
762 3502 1017 3561 Romanis
1047 3515 1154 3564 tres
1183 3508 1403 3578 Horatii,
1435 3514 1503 3567 ab
1539 3515 1761 3572 Albanis

169 3590 346 3636 autem
375 3593 484 3640 tres
524 3589 735 3646 Curiatii
766 3608 1180 3664 processerunt;
1228 3617 1258 3656 a
1310 3600 1562 3659 Curiatiis
1592 3609 1761 3664 tribus

174 3673 370 3731 Horatii
395 3679 506 3734 duo
528 3725 542 3747 ,
582 3684 652 3738 ab
683 3703 791 3740 uno
816 3699 992 3744 autem
1028 3692 1246 3750 lloratio
1279 3705 1386 3751 tres
1415 3697 1635 3755 Curiatii
1665 3718 1757 3756 su-

170 3768 324 3834 perati
358 3780 409 3824 et
445 3775 701 3830 exstincti
729 3788 852 3833 sunt
878 3780 971 3851 (ε).
995 3780 1068 3836 Ita
1094 3783 1262 3840 Roma
1292 3787 1494 3843 exstitit
1519 3791 1706 3847 victrix
1738 3835 1753 3859 ,

169 3859 381 3915 eaclade
405 3864 572 3918 etiam
611 3867 662 3921 in
691 3873 981 3926 certamine
1006 3885 1267 3942 extremo,
1302 3888 1359 3934 ut
1410 3880 1476 3936 de
1502 3898 1595 3937 sex
1623 3885 1756 3941 vivis

168 3961 286 4004 unus
323 3953 534 4009 rediret
569 3957 811 4014 domum.
841 3961 939 4018 Cui
965 3964 1217 4023 damnum
1257 3969 1309 4024 in
1355 3973 1639 4043 utrisque?
1668 3978 1752 4032 cui

169 4039 338 4110 luctus,
369 4049 472 4102 nisi
501 4049 692 4106 {Ean
725 4055 910 4126 stirpi,
962 4059 1061 4112 nisi
1096 4061 1310 4117 Ascanii
1357 4067 1586 4134 posteris
1611 4111 1624 4134 ,
1648 4070 1750 4125 nisi

167 4136 285 4201 proli
311 4138 542 4196 Veneris
565 4184 581 4206 ,
635 4145 735 4199 nisi
790 4151 1072 4217 nepotibus
1097 4150 1251 4208 Jovis
1283 4156 1300 4186 ί
1327 4155 1350 4208 ?
1376 4172 1499 4212 nam
1549 4169 1601 4214 et
1649 4162 1750 4218 hoc

163 4226 264 4294 plus
284 4247 443 4300 quam
465 4235 630 4291 civile
652 4238 848 4294 bellum
878 4241 996 4310 fuit,
1027 4246 1241 4315 quando
1269 4249 1371 4304 lilia
1396 4252 1584 4308 civitas
1625 4271 1747 4312 cum

161 4317 356 4378 civitate
387 4335 567 4381 matre
596 4333 870 4398 pugnavit.
907 4335 1148 4391 Accessit
1175 4338 1319 4394 aliud
1353 4341 1473 4397 huic
1502 4349 1747 4416 tergemi-

160 4424 327 4468 norum
352 4432 556 4488 pugnae
585 4421 789 4477 ultimm
805 4435 956 4480 atrox
981 4436 1143 4499 atque
1170 4429 1496 4488 horrendum
1523 4438 1740 4494 malum.

156 4502 267 4560 Nam
294 4518 351 4563 ut
373 4521 538 4566 erant
561 4514 720 4570 ambo
752 4519 928 4586 pupuli
957 4521 1100 4588 prius
1121 4523 1278 4577 amici
1321 4525 1520 4593 (vieini
1547 4530 1742 4599 quippe

155 4597 292 4658 atque
313 4596 538 4664 cognati
566 4597 621 4666 ),
673 4601 765 4654 uni
815 4599 1171 4660 Curiatiorum
1209 4607 1528 4678 desponsata
1565 4596 1741 4670 luerat

151 4669 483 4734 Horatiorum
525 4695 682 4737 soror
716 4701 729 4737 :
773 4684 888 4741 hmc
916 4699 1260 4760 posteaquam
1307 4697 1485 4764 sponsi
1526 4698 1737 4767 spolia‘

149 4763 190 4815 in
217 4768 424 4825 victore
451 4771 618 4827 fratre
643 4777 941 4845 conSpexit,
967 4779 1033 4833 ab
1058 4781 1247 4836 eodem
1279 4783 1463 4853 fratre,
1485 4789 1734 4856 quoniam

147 4853 293 4927 ﬂevit,
341 4863 532 4918 occisa
574 4873 676 4920 est.
726 4867 1018 4927 Humanior
1062 4872 1220 4944 hujus
1269 4877 1426 4934 unius
1473 4879 1729 4952 feminaz,

192 5059 207 5090 ί
242 5063 420 5134 probae
444 5070 574 5134 notae
605 5071 733 5125 Mss,
757 5068 974 5130 neptibus
997 5070 1140 5122 Jovis.
1177 5082 1243 5124 Au
1267 5073 1393 5126 forte
1415 5077 1732 5134 referendum

140 5120 188 5190 al
224 5125 641 5198 civitatesﬂl’i‘liam
663 5120 730 5178 et'
755 5120 980 5193 matrem,
1013 5120 1077 5183 de
1100 5120 1278 5198 quibus
1289 5120 1732 5196 continuo-{2'

137 5184 262 5234 dish.-
289 5186 410 5236 cod.
437 5187 550 5236 766.
618 5197 672 5238 Μ.

187 5247 205 5309 ε
237 5247 418 5297 Plures
442 5256 572 5309 Mss.,
595 5252 856 5309 sponsalia.

187 5307 258 5388 ςξρ
282 5312 390 5388 £3"-
418 5310 518 5388 l‘b;
539 5307 713 5388 (κείω)-
737 5317 908 5388 ἕωβο
1035 5380 1050 5388 -
1083 5381 1097 5388 -
1137 5384 1145 5388 -

185 5367 254 5432 (ὁ)
282 5379 386 5421 Non
410 5372 477 5444 de
703 5379 942 5455 victorias,
962 5380 1050 5455 sed
1063 5381 1510 5455 de‘Cgeuiuensibus
1519 5389 1725 5455 aliisque

135 5439 404 5512 temtas
424 5435 674 5512 intelligit,
693 5440 758 5488 de
783 5435 1153 5512 quibusyvius,
1176 5445 1260 5496 lib.
1289 5448 1336 5509 l,
1358 5435 1566 5512 (55362

181 5495 261 5584 if).
276 5496 574 5584 Eliﬁ‘i’;
585 5495 918 5584 "fare-1.3%
933 5505 1019 5584 15;
1186 5495 1205 5584 ξ
1241 5577 1252 5584 ,
1484 5495 1503 5584 ,ξ

182 5556 235 5615 (ά
220 5561 261 5645 12
283 5562 475 5607 Tatium
513 5574 610 5611 non
633 5556 1019 5622 'Bofu'ulus,'sed
1052 5573 1318 5620 Laurentes
1348 5572 1718 5645 interfecerunt,

257 5620 566 5645 {adn-Jun-..“
610 5638 854 5645 ,ΑηρΛ-η--
881 5641 892 5645 -
942 5641 984 5645 η-
1029 5644 1033 5645 ,
1120 5643 1128 5645 ξ

131 5626 184 5662 ex
220 5619 567 5701 historicorum
605 5619 892 5701 consensui
935 5641 1042 5701 cani
1080 5643 1187 5701 rem
1232 5619 1722 5701 veroirrntinusgzegre

129 5682 490 5791 quamiiliguum
528 5694 634 5736 erat
668 5687 849 5736 tulisse
880 5682 1130 5741 Romulum
1151 5682 1337 5746 ferunt.
1359 5682 1546 5761 Livius;
1559 5682 1720 5763 libirl;

129 5751 218 5791 (2?.
316 5780 328 5790 .

128 5751 218 5799 (ἓξ).
252 5751 328 5791 Η.

180 5804 248 5863 (ε)
278 5806 394 5858 Vide
417 5810 612 5874 Livium,
640 5811 733 5864 lib.
762 5812 810 5874 1,
834 5826 938 5874 cap.
964 5813 1130 5867 22-30.

1564 321 1767 380 LIBER
1803 325 2121 390 TERTIUS.

3426 365 3500 426 90

1919 457 2078 542 quam
2109 449 2340 508 universi
2384 458 2562 528 populi
2591 460 2815 522 Romani
2845 509 2862 537 ,
2910 468 3041 528 mihi
3090 473 3252 533 fuisse
3287 479 3498 542 videtur

1915 536 2156 596 allectus.
2186 543 2277 598 Illa
2300 563 2460 617 quem
2503 553 2674 610 virum
2714 558 2826 629 jam
2847 536 2967 619 itide
2988 567 3163 624 media
3193 573 3494 646 retinebat,

1913 641 2004 685 aut
2032 633 2164 690 forte
2194 639 2352 694 etiam
2381 643 2551 711 ipsum
2603 647 2818 708 fratrem
2864 655 3053 714 dolens
3080 663 3168 732 qui
3199 680 3320 721 eum
3349 633 3493 726 oeci:

1911 721 2067 779 derat
2105 730 2189 782 cui
2231 745 2470 790 sororem
2521 744 2869 813 promiserat,
2893 732 3030 819 puto
3058 756 3200 825 quod
3239 774 3342 813 non
3375 762 3494 819 cul-

1913 820 2155 884 pabiliter
2205 823 2429 882 ﬂeverit.
2491 831 2643 890 Unde
2691 839 2831 894 enim
2870 845 3007 913 apud
3050 820 3326 920 \iirgilium
3372 858 3492 926 pius

1911 909 2110 969 Encas
2133 915 2464 977 laudabiliter
2477 925 2621 981 dolet
2639 927 2845 986 hostem
2869 909 3025 991 etiam
3041 955 3130 993 sua
3142 909 3333 1010 perem
3343 909 3488 1016 plum

1910 1018 2067 1059 manu
2101 1005 2216 1079 (a)?
2256 1013 2394 1069 unde
2429 1015 2709 1076 Marcellus
2747 1022 3130 1096 Syracusanam
3169 1035 3435 1093 civitatem
3469 1080 3486 1107 ,

1907 1097 2150 1154 recolens
2179 1102 2294 1171 ejus
2321 1107 2479 1176 paulo
2509 1121 2630 1168 ante
2657 1115 2867 1172 culmen
2900 1128 2952 1174 et
2978 1122 3200 1192 gloriam
3241 1129 3341 1185 sub
3369 1147 3484 1188 ma-

1908 1203 2008 1244 nus
2034 1206 2156 1247 suas
2184 1195 2360 1251 subito
2385 1201 2708 1271 concidisse,
2737 1222 3072 1267 communem
3101 1219 3338 1288 cogitans
3365 1238 3488 1280 con-
3546 1207 3549 1210 ⁴

1905 1280 2157 1340 ditionem
2185 1289 2361 1345 ﬂendo
2401 1296 2684 1354 miseratus
2711 1311 2792 1356 est
2814 1303 2930 1375 (b)?
2955 1305 3147 1374 Quaeso
3162 1313 3228 1368 ab
3255 1314 3485 1376 humano

1904 1373 2246 1444 impetremus
2273 1383 2484 1454 aﬂ'cetn,
2519 1398 2577 1444 ut
2603 1390 2794 1448 femina
2810 1373 3062 1465 sponsum
3091 1416 3244 1458 suum
3267 1422 3295 1460 a
3323 1408 3484 1468 fratre

1902 1478 2001 1519 suo
2031 1482 2358 1541 peremptum
2390 1477 2504 1532 sine
2529 1483 2751 1539 crimine
2778 1486 3003 1558 ﬂeverit,
3035 1493 3079 1547 si
3109 1495 3204 1550 viri
3242 1497 3424 1556 hostes
3452 1517 3483 1558 a

1901 1571 1958 1610 se
1979 1559 2144 1615 victos
2174 1564 2331 1620 ctiant
2369 1584 2490 1624 cum
2542 1573 2698 1631 laude
2739 1577 3018 1638 ﬂeverunt.
3068 1585 3211 1658 Ergo
3236 1606 3482 1662 sponsoa

1902 1647 2065 1705 fratre
2091 1653 2287 1710 illatam
2323 1670 2549 1718 mortem
2575 1670 2788 1735 quando
2810 1672 3003 1731 femina
3029 1679 3115 1734 illa
3140 1647 3328 1753 ﬂebat,
3359 1697 3482 1746 tunc

1897 1753 1956 1793 se
1985 1752 2166 1797 contra
2208 1757 2433 1805 matrem
2461 1754 2728 1813 civitatem
2759 1770 2899 1818 tanta
2928 1777 3106 1839 strage
3135 1752 3361 1831 bellasse
3381 1819 3396 1842 ,
3427 1789 3482 1835 et

1898 1839 2039 1885 tanta
2071 1835 2193 1891 hinc
2230 1849 2282 1893 et
2327 1841 2447 1897 inde
2475 1850 2685 1918 cognati
2729 1857 2936 1913 cruoris
2960 1858 3218 1920 eﬂ'usione
3245 1867 3433 1927 vicisse
3461 1913 3478 1941 ,

1898 1921 1934 1941 η
2209 1929 2219 1941 .
2260 1931 2270 1941 .

1893 1921 2061 1980 Roma
2083 1929 2364 1995 gaudebat.

1963 2013 2017 2068 2.
2047 2016 2184 2084 Quid
2227 2025 2357 2079 mihi
2380 2027 2688 2089 obtenditur
2717 2053 2910 2095 nomen
2943 2041 3150 2114 laudis,
3175 2064 3478 2123 nomenque

1891 2106 2166 2166 victoria}?
2213 2114 2454 2174 Remotis
2484 2123 2774 2183 obstaculis
2813 2131 3012 2190 insanae
3047 2139 3310 2208 opinionis
3349 2143 3479 2198 faci-

1890 2214 2016 2254 nora
2049 2205 2188 2261 nuda
2212 2222 2521 2282 cernantur,
2548 2219 2686 2274 nuda
2708 2235 3001 2291 pensentur
3024 2271 3038 2296 ,
3075 2233 3212 2286 nuda
3233 2234 3477 2303 judicen-

1891 2302 1991 2348 tnr.
2022 2297 2193 2355 Causa
2222 2302 2428 2362 dicatur
2449 2312 2616 2377 Albin,
2644 2315 2968 2390 sicutTroja:
2989 2297 3304 2382 adulterium
3333 2330 3474 2386 dice~

1884 2386 2057 2443 batur.
2090 2393 2242 2449 Nulla
2277 2399 2426 2467 talis,
2463 2405 2607 2461 nulla
2629 2408 2818 2466 similis
2855 2386 3157 2474 invenitur:
3190 2429 3392 2477 tantum
3417 2432 3473 2478 ut

1884 2483 2088 2540 resides
2118 2488 2134 2518 ⁸
2164 2503 2406 2548 moveret

1941 2617 2173 2707 Hygia
2185 2634 2320 2677 arma
2338 2629 2484 2690 viros,
2511 2639 2562 2684 et
2576 2635 2680 2698 jam
2699 2635 2908 2690 desueta
2926 2641 3180 2707 triumphis

1940 2683 2139 2744 Agmina

2333 2751 2548 2814 (Ασίηείά.
2569 2754 2650 2807 lib.
2675 2758 2722 2821 6,
2751 2774 2873 2814 vers.
2897 2764 3008 2827 814,
3025 2766 3158 2831 815.)

1879 2843 1975 2900 Illo
1997 2847 2174 2921 itaque
2203 2854 2333 2911 vitio
2366 2868 2570 2916 tantum
2601 2866 2775 2920 scelus
2798 2883 3156 2940 perpetratum
3189 2886 3269 2931 est
3289 2879 3464 2933 soeia-

1876 2937 1941 2993 lis
1972 2940 2094 2996 belli
2113 2955 2272 3016 atque
2293 2954 2525 3021 cognati.
2547 2956 2699 3022 Quod
2719 2937 3197 3023 vitinmSallustius
3214 2987 3461 3041 magnum

1877 3040 2216 3092 transeunter
2262 3042 2489 3114 attingit.
2556 3050 2688 3104 Cum
2752 3057 2892 3108 eniut
2959 3057 3179 3114 laudans
3231 3040 3463 3120 breviter

1873 3126 2172 3194 antiquiora
2203 3130 2223 3161 ³
2251 3147 2729 3196 commemorasset
2769 3152 3006 3214 tempora
3041 3190 3056 3216 ,
3103 3153 3313 3221 quando
3353 3155 3458 3210 vita

1873 3218 2146 3274 hominum
2195 3224 2312 3280 sine
2347 3229 2636 3297 cupiditate
2671 3236 2969 3305 agitabatur
2998 3282 3012 3306 ,
3061 3218 3237 3300 et‘sua
3267 3249 3457 3318 cuique

1870 3311 1998 3366 satis
2027 3314 2340 3381 placebant:
2375 3338 2394 3373 ί
2431 3321 2623 3379 Postea
2655 3343 2781 3382 vero
2807 3371 2823 3398 ,
2865 3351 2884 3382 ι
2916 3332 3127 3404 inquit,
3164 3356 3183 3389 σ
3220 3355 3376 3409 quam
3400 3342 3452 3397 in

1867 3401 1991 3455 Asia
2026 3402 2196 3475 Cyrus
2222 3449 2237 3474 ,
2283 3409 2336 3464 in
2389 3404 2593 3471 Graecia
2635 3401 3022 3480 Lacaedemonii
3076 3401 3251 3498 atque.
3285 3432 3452 3488 Athe-

1869 3493 2080 3551 nienses
2120 3514 2334 3570 erepere
2365 3506 2522 3563 urbes
2549 3518 2710 3581 atque
2736 3517 2978 3573 nationes
3006 3521 3256 3592 subigere
3276 3567 3290 3590 ,
3325 3525 3448 3581 libi-

1865 3587 2042 3644 dinem
2093 3591 2403 3652 dominandi
2461 3617 2675 3658 causam
2719 3606 2841 3662 belli
2891 3609 3121 3680 habere,
3163 3617 3447 3674 maximam

1863 3680 2086 3748 gloriam
2141 3684 2194 3738 in
2241 3689 2475 3744 maximo
2517 3693 2743 3764 imperio
2794 3708 2977 3768 putare
3019 3721 3038 3756 ι
3085 3705 3344 3776 (Sallust.
3394 3710 3445 3764 in

1863 3770 2014 3826 Catil.
2043 3791 2160 3846 cap.
2183 3778 2218 3832 2
2242 3776 2264 3852 )
2297 3798 2311 3834 :
2358 3792 2413 3838 et
2444 3795 2636 3841 caetera
2659 3770 3220 3862 qumipseinstitderat
3243 3799 3442 3857 dicere.

1860 3861 1986 3918 Mihi
2030 3865 2305 3941 hucusque
2337 3878 2468 3930 satis
2504 3878 2574 3932 sit
2613 3880 2731 3950 ejus
2774 3861 2936 3940 verba
2965 3889 3224 3956 posuisse.
3259 3893 3446 3949 Libido

1860 3953 1958 4008 ista
1987 3956 2292 4016 dominandi
2321 3966 2528 4036 magnis
2564 3971 2717 4026 malis
2742 3973 2906 4043 agitat
2929 3953 2984 4032 et
3007 3983 3235 4036 conterit
3259 3983 3446 4038 huma-

1857 4059 1982 4099 num
2017 4063 2203 4118 genus.
2244 4053 2354 4109 Hac
2398 4057 2616 4114 libidine
2641 4061 2805 4117 Roma
2851 4073 2974 4122 tunc
3002 4071 3138 4126 victa
3164 4073 3353 4129 Albam
3382 4091 3443 4131 se

1856 4138 2044 4195 vicisse
2074 4144 2468 4217 triumphabat,
2511 4161 2565 4206 et
2606 4155 2687 4209 sui
2725 4157 2941 4214 sceleris
2971 4161 3179 4218 laudem
3216 4167 3439 4236 gloriant

1854 4234 2180 4290 nominabat.
2205 4237 2456 4304 Quoniam
2484 4245 2744 4316 laudatur,
2761 4250 2931 4321 inquit
2948 4234 3435 4329 Scriptura—nostra,

1853 4333 2085 4390 peccator
2121 4327 2176 4380 in
2213 4329 2474 4388 desideriis
2511 4337 2698 4392 animi:
2722 4357 2868 4408 sum;
2911 4354 2957 4398 et
2983 4349 3068 4416 qui
3092 4349 3264 4420 iniqua
3285 4327 3431 4422 gerit,

1850 4412 2159 4472 benedicitur
2193 4419 2363 4490 (Psal.
2394 4441 2460 4489 χ,
2491 4427 2567 4500 δ).
2599 4429 2833 4487 Fallacia
2864 4412 3023 4505 igitur
3068 4412 3341 4512 tegmina,
3380 4412 3435 4502 et

1848 4506 2168 4578 deceptoriaa
2209 4514 2572 4576 dealbationes
2598 4523 2906 4582 auferantur
2929 4545 2958 4583 a
2987 4506 3148 4588 rebus
3168 4558 3188 4599 ;
3231 4549 3288 4590 ut
3323 4537 3435 4592 sitt-

1847 4614 1975 4656 cero
2001 4602 2352 4672 inspiciuntur
2367 4615 2632 4670 examine.
2663 4616 2830 4672 Nemo
2847 4621 2976 4676 mihi
3007 4624 3181 4694 dicat,
3213 4628 3430 4700 Magnus

1845 4693 1934 4747 ille
1959 4703 2120 4764 atque
2145 4698 2256 4766 ille,
2285 4701 2404 4770 quia
2429 4718 2552 4758 cum
2581 4706 2670 4761 illo
2697 4717 2752 4763 et
2783 4710 2875 4765 illo
2902 4693 3174 4784 pugnavit,
3202 4729 3256 4774 et
3282 4693 3424 4776 vicit.

1842 4786 2086 4858 Pugnant
2104 4791 2261 4846 etiam
2287 4794 2625 4867 gladiatores,
2648 4801 2867 4860 vincunt
2881 4817 2934 4862 et
2953 4808 3051 4878 ipsi
3071 4828 3083 4864 :
3107 4809 3264 4867 habet
3290 4829 3426 4882 pra:-

1841 4879 1945 4932 mia
1975 4881 2144 4937 laudis
2172 4894 2227 4939 et
2250 4885 2339 4941 illa
2360 4889 2666 4948 crudelitas.
2696 4893 2800 4950 Sed
2831 4908 2956 4968 puto
2984 4892 3107 4956 esse
3141 4879 3306 4958 satius
3331 4919 3421 4958 cu-

1836 4971 2054 5040 juslibet
2084 4975 2286 5031 inertia:
2317 4995 2502 5049 poenas
2525 4985 2692 5054 luere,
2724 5006 2880 5059 quam
2911 4991 3118 5049 illorum
3147 5011 3418 5053 armorum

1836 5064 2055 5133 gloriam
2102 5083 2362 5137 qumrere.
2397 5074 2464 5128 Et
2499 5084 2674 5133 tamen
2717 5081 2761 5136 si
2803 5082 2858 5137 in
2906 5098 3119 5140 arenam
3156 5089 3416 5156 procede-

1835 5167 1954 5212 rent
1987 5165 2266 5230 pugnaturi
2292 5166 2430 5223 inter
2471 5185 2530 5226 se
2563 5172 2880 5242 gladiatores
2903 5218 2919 5243 ,
2946 5195 3170 5248 quorum
3201 5183 3335 5238 alter
3352 5185 3415 5241 li-

1771 5298 1778 5304 .
1834 5249 1936 5306 lius
1954 5293 1968 5319 ,
2013 5255 2149 5309 alter
2169 5266 2322 5327 pater
2348 5271 2490 5317 esset
2517 5305 2532 5329 ,
2561 5267 2665 5321 tale
2694 5270 3050 5338 spectaculum
3071 5275 3190 5343 quis
3215 5275 3416 5334 ferret?

1831 5344 1950 5413 quis
1971 5361 2075 5400 non
2106 5349 2339 5406 auferret
2362 5353 2384 5407 ?
2406 5353 2684 5422 Quomodo
2710 5375 2836 5430 ergo
2869 5362 3161 5432 gloriosum
3193 5369 3414 5428 alterius

1830 5439 2018 5493 matris
2033 5481 2047 5504 ,
2070 5440 2290 5498 alterius
2311 5443 2434 5500 lilia:
2457 5448 2684 5504 civitatis
2707 5489 2722 5514 ,
2775 5451 2917 5508 inter
2936 5468 2996 5511 se
3018 5471 3288 5514 armorum
3310 5475 3411 5532 po-

1893 5577 2376 5662 :‘signegm'virgilio
2407 5582 2691 5662 legendum_
2709 5595 2760 5638 et
2793 5601 2905 5639 cum
2937 5598 3043 5644 Mss.
3063 5631 3077 5658 ,
3113 5593 3231 5658 766,
3268 5592 3408 5662 ωΰο,

1826 5637 1965 5698 205i,
2153 5647 2202 5690 ln
2226 5637 2293 5700 ΒΖ
2320 5637 2525 5696 desidis.
2651 5653 2707 5700 ιι.

1889 5703 1910 5771 ξ
1944 5709 1994 5771 tu
2018 5702 2262 5771 plerisque
2283 5713 2410 5771 Mss”
2434 5708 2754 5771 antiquorum.

1911 5765 1961 5840 δέ)
1986 5765 2649 5840 μωακίλὶὺηιοίνειξξίϐἓί
2677 5787 2819 5840 seqq.

1916 5827 1966 5890 υ)
1989 5834 2154 5891 Supra,
2174 5826 2256 5878 lib.
2289 5830 2333 5894 l,
2355 5843 2461 5896 mp.
2483 5832 2531 5882 6.
