4038 6474
576 399 639 458 9|
1643 387 1729 444 DE
1768 382 2088 449 CIVITATE
2128 378 2263 445 DEI,
2304 379 2359 435 S.
2403 377 2767 437 AUGUSTINI
3778 385 3854 444 93

578 520 677 579 tuit
698 532 818 577 esse
837 512 1144 575 certamen?
1164 510 1246 567 An
1272 507 1393 565 ideo
1417 505 1684 563 diversum
1704 500 1817 567 fuit,
1839 497 1980 570 quod
1997 510 2157 551 arena

578 612 665 671 illa
698 625 801 666 non
822 608 942 675 fuit,
971 616 1026 663 et
1055 604 1268 661 latiores
1290 598 1462 677 campi
1500 610 1609 665 non
1640 593 1865 651 duorum
1902 588 2159 662 gladiato-

580 716 720 768 rum,
754 699 848 755 sed
884 699 935 753 in
968 694 1175 751 duobus
1200 690 1410 764 populis
1431 687 1722 745 multorum
1762 679 2036 737 funeribus
2057 678 2158 732 im-

580 791 897 869 plebantur;
937 799 1037 842 nec
1062 780 1457 855 amphitheatro
1484 775 1829 847 cingebantur
1859 771 1949 826 illa
1993 776 2162 869 certa-

582 862 725 943 iniua
752 925 766 951 ,
791 879 883 938 sed
913 881 1163 937 universo
1188 875 1341 942 orbe,
1369 882 1424 933 et
1460 882 1586 933 tunc
1613 867 1746 927 vivis
1767 908 1782 933 ,
1823 872 1878 923 et
1899 862 2126 938 posteris
2144 901 2160 929 ,

584 987 860 1047 quousque
889 971 989 1028 ista
1014 970 1153 1029 fama
1183 966 1475 1043 porrigitur
1494 1004 1511 1032 ,
1555 961 1775 1032 impium
1802 954 2162 1031 spectaculum

585 1065 921 1142 prmbebatur
936 1063 961 1118 ἰ

652 1159 705 1213 5.
735 1156 851 1215 Vim
883 1164 1061 1213 tamen
1102 1151 1440 1224 patiebantur
1467 1146 1629 1209 studii
1671 1145 1751 1200 sui
1780 1142 1856 1200 dii
1878 1140 1953 1197 illi
1982 1136 2167 1209 praesi-

582 1247 679 1305 des
706 1247 915 1317 imperii
944 1243 1192 1313 Romani,
1231 1251 1287 1299 et
1317 1240 1498 1297 talium
1525 1236 1878 1295 certaminum
1913 1240 2165 1302 tanquam

583 1336 832 1396 theatrici
850 1344 1200 1409 spectatores,
1223 1333 1394 1390 donec
1416 1330 1759 1389 Horatiorum
1780 1339 1934 1382 soror
1954 1328 2168 1397 propter

587 1431 856 1492 Curiatios
885 1441 997 1489 tres
1031 1437 1335 1501 peremptos
1364 1425 1527 1482 etiam
1581 1422 1694 1493 ipsa
1722 1417 1877 1477 tertia
1906 1431 1972 1472 ex
2001 1414 2168 1471 altera

585 1535 738 1598 parte
787 1523 1024 1580 fraterno
1049 1521 1192 1581 ferro
1222 1518 1428 1577 duobus
1471 1514 1725 1572 fratribus
1770 1510 2073 1572 adderetur,
2104 1520 2169 1562 ue

588 1618 766 1674 minus
797 1616 1017 1675 haberet
1056 1613 1308 1671 mortium
1357 1610 1519 1669 etiam
1563 1607 1731 1662 Roma
1778 1618 1897 1674 qua:
1947 1601 2166 1659 vicerat.

594 1708 800 1765 Deinde
850 1706 917 1765 ad
945 1702 1176 1765 fructum
1206 1702 1447 1761 victoriae
1473 1699 1610 1759 Alba
1635 1698 1893 1755 subversa
1919 1702 2003 1751 est
2034 1710 2047 1747 :
2081 1690 2170 1751 ubi

592 1809 713 1872 post
765 1798 918 1855 llium
942 1839 958 1866 ,
1004 1796 1149 1869 quod
1206 1793 1379 1853 Graeci
1419 1796 1765 1856 everterunt,
1792 1795 1846 1843 et
1866 1794 1989 1858 post
2015 1782 2170 1839 Lavi-

597 1892 742 1947 nium
765 1932 781 1960 ,
809 1889 902 1946 ubi
925 1888 1127 1947 AEneas
1155 1901 1377 1959 regnum
1408 1882 1746 1957 peregrinum
1799 1887 1961 1950 atque
2003 1874 2173 1947 fugiti-

593 1999 718 2039 vum
747 1981 1164 2048 constituerat‘,
1211 1978 1373 2037 tertio
1417 1976 1536 2033 loco
1562 1972 1933 2029 habitaverant
1954 1965 2175 2025 numina

592 2074 685 2131 illa
715 2072 967 2145 Troiana.
1012 2071 1118 2129 Sed
1163 2084 1314 2127 more
1343 2082 1443 2127 suo
1468 2067 1629 2127 etiam
1657 2063 1780 2123 inde
1809 2061 1921 2137 jam
1950 2056 2177 2115 fortasse

599 2169 994 2240 migraverant;
1026 2165 1145 2222 ideo
1183 2162 1358 2221 deleta
1386 2168 1488 2218 est.
1538 2158 1906 2219 Discesserant
1930 2151 2179 2211 videlicet

607 2279 626 2312 ι
661 2272 850 2316 omnes
875 2255 1049 2331 adytis
1077 2255 1291 2328 arisque
1320 2252 1521 2313 relictis
1545 2251 1639 2317 dii,
1672 2247 1866 2321 quibus
1894 2245 2177 2318 imperium

599 2353 730 2409 illud
782 2360 1025 2409 steterat.
1056 2369 1075 2404 ι
1106 2349 1473 2406 Discesserant
1499 2359 1629 2403 sane
1669 2356 1795 2399 ecce
1832 2340 1943 2413 jam
1974 2337 2130 2395 tertio
2158 2376 2177 2404 ,

600 2450 657 2499 ut
685 2443 764 2500 eis
789 2451 978 2514 quarta
1013 2441 1184 2497 Roma
1210 2433 1681 2510 providentissime
1701 2426 2028 2489 crederetur.
2058 2427 2180 2489 Dis-

604 2538 859 2608 plicuerat
889 2535 1034 2592 enim
1083 2543 1137 2590 et
1166 2533 1322 2600 Alba,
1362 2529 1452 2586 ubi
1499 2525 1740 2584 Amulius
1790 2521 2022 2596 expulso
2074 2518 2181 2575 fra-

602 2640 684 2687 tre
713 2630 817 2702 (a),
845 2628 1090 2687 «Roma
1117 2625 1408 2697 memerat,
1439 2620 1531 2677 ubi
1556 2617 1819 2675 Romulus
1859 2613 2038 2669 occiso
2068 2611 2181 2666 fra-

602 2731 687 2779 tre
737 2720 812 2792 (b)
861 2723 1198 2791 regnaverat.
1236 2711 1347 2773 Sed
1375 2719 1661 2781 antequam
1691 2705 1823 2767 Alba
1852 2703 2181 2769 dirueretur,

606 2809 908 2868 transfusus
936 2798 1336 2877 est,'inquiunt,
1365 2800 1597 2877 populus
1627 2797 1744 2870 ejus
1766 2796 1823 2856 in
1847 2795 2099 2859 Romam,
2126 2798 2185 2848 ut

605 2920 670 2962 ex
697 2911 920 2973 utraque
948 2914 1051 2956 una
1082 2898 1276 2954 civitas
1303 2896 1474 2955 ﬁeret.
1505 2893 1655 2960 Esto,
1700 2890 1770 2945 ita
1817 2886 2014 2944 factum
2058 2884 2130 2967 sit
2168 2902 2181 2939 :

608 2997 735 3054 urbs
783 3005 958 3053 tamen
990 2993 1103 3060 illa,
1143 2989 1358 3047 Ascanii
1394 3002 1617 3061 regnum
1657 2992 1713 3045 et
1740 2982 1953 3039 tertium
1971 2979 2188 3037 domici-

610 3091 738 3146 lium
764 3088 1117 3161 Trojanorum
1143 3087 1385 3155 deorum,
1420 3082 1489 3138 ab
1511 3079 1642 3139 urbe
1663 3078 1769 3133 ﬁlia
1794 3084 1967 3133 mater
1999 3087 2186 3132 eversa

609 3190 713 3237 est.
748 3179 815 3237 Ut
841 3187 1019 3237 autem
1045 3176 1174 3235 belli
1207 3174 1443 3247 reliquis:
1482 3188 1514 3229 e
1550 3170 1759 3228 duobus
1782 3166 1992 3239 populis
2022 3179 2187 3221 unum

607 3273 846 3329 facerent
890 3269 1194 3331 miserabile
1239 3253 1559 3341 coagulum,
1614 3261 1812 3321 multus
1860 3267 1986 3317 ante
2038 3256 2187 3313 fusus

610 3365 883 3437 utriusque
907 3362 1122 3437 sanguis
1138 3359 1255 3419 fuit.
1275 3358 1413 3429 Quid
1433 3357 1544 3429 jam
1570 3351 1876 3425 singillatim
1897 3350 2071 3409 dicam
2089 3346 2190 3404 sub

607 3458 817 3516 caeteris
846 3456 1058 3533 regibus
1081 3454 1237 3510 toties
1280 3449 1469 3511 eadem
1492 3447 1633 3506 bella
1658 3453 1937 3511 renovata,
1962 3456 2081 3514 quae
2110 3440 2190 3499 vi-

608 3550 792 3607 ctoriis
850 3544 995 3606 ﬁnita
1047 3546 1385 3614 videbantur,
1429 3552 1484 3600 et
1514 3541 1673 3599 tantis
1697 3537 1962 3610 stragibus
1992 3535 2189 3593 iterum

613 3643 913 3713 iterumque
941 3635 1208 3707 confecta,
1238 3637 1430 3697 iterum
1461 3634 1761 3707 iterumque
1782 3636 1904 3701 post
1930 3627 2108 3687 fcedus
2135 3635 2191 3683 ct

610 3750 792 3809 pacem
815 3730 954 3790 inter
970 3744 1201 3805 generos
1225 3737 1280 3785 et
1308 3742 1525 3787 soceros
1551 3734 1605 3783 et
1630 3737 1821 3783 eorum
1842 3721 2071 3792 stirpem
2095 3734 2190 3790 po—

613 3834 891 3896 sterosque
928 3822 1192 3899 repetita?
1214 3820 1333 3879 Non
1372 3832 1594 3895 parvum
1627 3813 1879 3873 indicium
1909 3810 2190 3873 calamita—

618 3918 685 3974 tis
709 3917 867 3987 liujus
897 3914 1011 3983 fuit,
1036 3913 1178 3987 quod
1199 3920 1378 3985 portas
1401 3910 1527 3968 belli
1544 3908 1718 3965 nullus
1739 3905 1930 3961 clausit
1956 3904 2188 3959 illorum.

614 4008 802 4065 Nullus
829 4021 960 4083 ergo
994 4006 1203 4067 illorum
1234 4003 1333 4065 sub
1358 4010 1440 4063 tot
1490 3999 1590 4061 diis
1620 3996 1932 4071 praisidibus
1959 3996 2013 4055 in
2063 4008 2193 4064 pace

612 4098 871 4172 regnavit.

613 4210 838 4271 CAPUT
860 4209 978 4271 XV.
1006 4238 1081 4257 σι·-
1100 4208 1283 4280 Qualis
1303 4190 1650 4265 Romanorum
1685 4217 1862 4275 regum
1908 4201 2009 4261 ulla
2046 4208 2196 4270 atque

1141 4310 1149 4316 '
1214 4298 1381 4363 scitu

687 4438 740 4495 Ι.
770 4435 1011 4509 Ipsm
1042 4442 1217 4491 autem
1255 4446 1444 4504 regum
1488 4430 1578 4499 qui
1623 4427 1800 4485 exitus
1829 4422 2089 4481 fuerunt?
2116 4422 2195 4478 De

618 4529 845 4586 Romulo
872 4526 1064 4583 viderit
1088 4524 1323 4581 adulatio
1350 4521 1619 4589 fabulosa,
1647 4532 1752 4590 qua
1777 4515 2091 4588 perhibetur
2112 4528 2199 4570 re-

614 4631 803 4693 ceptus
831 4623 885 4678 in
906 4621 1101 4678 ccelum
1127 4617 1396 4675 :vlderint
1422 4613 1635 4687 quidam
1679 4611 1969 4682 scriptores
1989 4622 2195 4675 eorum,

618 4715 709 4787 qui
765 4729 887 4771 eum
929 4721 1147 4784 propter
1180 4708 1518 4767 ferocitatem
1573 4719 1606 4760 a
1655 4710 1844 4759 senatu
1874 4701 2202 4771 discerptum

626 4822 739 4867 esse
762 4805 1012 4863 dixerunt
1035 4846 1052 4873 ,
1094 4803 1550 4869 subornatumque
1577 4795 1758 4852 nescio
1805 4809 1964 4864 quem
2003 4790 2200 4848 Iulium

621 4898 931 4965 Proculum,
962 4895 1054 4966 qui
1102 4909 1225 4951 eum
1250 4892 1352 4948 sibi
1378 4888 1692 4961 apparuisse
1718 4885 1944 4953 diceret,
1970 4896 2203 4953 eumque

620 5008 721 5065 per
762 5006 822 5050 se
863 4987 1061 5062 populo
1089 4984 1372 5042 mandasse
1402 4981 1670 5046 Romano,
1698 4985 1757 5031 ut
1798 4976 1936 5031 inter
1980 4973 2201 5030 numina

626 5086 927 5151 coleretur;
960 5094 1134 5153 eoque
1176 5077 1339 5134 modo
1388 5073 1644 5147 populum
1670 5112 1685 5138 ,
1716 5069 1805 5141 qui
1833 5077 2018 5125 contra
2048 5083 2205 5125 sena-

622 5185 737 5233 tum
778 5176 1136 5232 intumescere
1165 5175 1407 5240 cmperat
1435 5206 1451 5234 ,
1505 5176 1814 5235 repressum
1860 5169 2023 5231 atque
2051 5158 2206 5215 seda-

626 5280 741 5326 tum
772 5268 866 5341 (c).
897 5267 1178 5324 Acciderat
1199 5262 1345 5321 enim
1372 5268 1427 5316 et
1453 5257 1583 5314 solis
1600 5254 1849 5324 dbfectio,
1872 5268 2033 5326 quam
2058 5262 2207 5311 certa

626 5361 842 5418 ratione
876 5359 961 5413 sui
986 5373 1174 5415 cursus
1197 5353 1445 5413 electam
1478 5347 1727 5420 imperita
1757 5346 2001 5401 nesciens
2024 5344 2208 5408 multi-

626 5452 765 5512 tudo
804 5450 1010 5507 meritis
1035 5449 1248 5507 Romuli
1278 5442 1563 5503 tribuebat.
1606 5439 1769 5508 Quasi
1792 5436 1924 5495 vero
1962 5438 2006 5493 si
2034 5437 2209 5493 luctus

694 5633 716 5668 ι
747 5634 822 5685 ste
859 5643 1037 5693 magno
1073 5641 1312 5693 consensu
1342 5634 1453 5677 Iss.
1504 5628 1562 5693 at
1589 5620 1744 5693 editi,
1774 5617 1859 5669 ubi
2022 5615 2215 5693 Latinas

633 5685 1478 5811 Βτέειῖηέἔενεῃήηωηαᾳω
1766 5685 2089 5733 Mucia.

722 5771 754 5811 ο
798 5758 1064 5807 Numitore.

794 5827 998 5936 militi).
1018 5880 1067 5942 l,
1085 5889 1193 5941 cap.
1213 5873 1289 5939 16,
1316 5876 1655 5936 ctbionystus,
1682 5870 1769 5924 lib.
1787 5869 1819 5922 2
1835 5867 2078 5932 Antiqttil..

2265 492 2359 549 ille
2387 493 2516 548 solis
2546 492 2755 560 fuisset,
2782 506 2889 553 non
2916 493 3085 563 magis
3108 492 3231 553 ideo
3258 494 3408 553 credi
3432 494 3655 555 Monet
3692 498 3848 555 occi-

2265 598 2381 650 sus,
2415 583 2698 655 ipsumque
2726 584 2904 643 scelus
2931 585 3212 643 aversione
3234 586 3392 645 etiam
3421 587 3599 645 diurni
3626 587 3849 647 luminis

2266 674 2557 730 iudicatum
2588 693 2599 729 :
2629 676 2767 733 sicut
2793 691 2979 733 revera
3008 675 3209 737 factum
3255 689 3340 736 est
3369 720 3386 745 ,
3433 695 3554 741 cum
3580 682 3848 741 Dominus

2267 766 2553 825 cruciﬁxus
2578 775 2664 825 est
2686 768 3001 825 crudelitate
3041 777 3203 840 atque
3239 770 3512 842 impietate
3537 772 3867 831 Iudaeorum.

2270 856 2420 928 (Luc.
2466 874 2616 927 unt,
2644 859 2759 931 45).
2810 859 2981 927 Quam
3008 861 3138 921 solis
3166 860 3603 923 obscurationem
3630 880 3740 921 non
3771 879 3846 922 ea

2269 951 2529 1007 canonico
2572 950 2808 1009 Siderllll
2858 966 3023 1010 cursu
3073 953 3358 1022 accidisse,
3401 957 3533 1015 satis
3560 957 3802 1014 ostendit
3833 999 3851 1026 ,

2271 1043 2414 1115 quod
2440 1052 2565 1100 tunc
2605 1050 2723 1103 erat
2762 1044 2958 1115 pascha
3009 1043 3353 1113 Iudaeorum;
3380 1062 3506 1105 nam
3532 1048 3689 1120 plena
3721 1048 3853 1105 luna

2272 1135 2585 1193 solemniter
2607 1136 2781 1207 agitur
2804 1152 2819 1191 ;
2839 1136 3102 1208 regularis
3125 1146 3307 1199 autem
3334 1138 3465 1195 solis
3484 1139 3721 1197 defectio
3736 1154 3855 1196 non

2272 1226 2375 1285 nisi
2412 1226 2554 1283 lunae
2602 1226 2706 1284 ﬁne
2724 1227 2999 1299 contingit.
3029 1226 3187 1295 Satis
3226 1237 3286 1285 et
3338 1229 3526 1287 Cicero
3573 1230 3717 1287 illam
3756 1230 3854 1287 in-

2274 1328 2358 1385 ter
2382 1320 2514 1379 deos
2549 1320 2761 1377 Romuli
2788 1321 3150 1392 receptionem
3176 1330 3418 1392 putatam
3454 1324 3623 1394 magis
3641 1323 3858 1396 signifi-

2268 1422 2360 1473 cat
2384 1427 2508 1471 esse
2530 1456 2546 1482 ,
2571 1428 2729 1484 quam
2773 1414 2988 1482 factam.
3039 1414 3252 1486 quando
3292 1423 3349 1474 et
3390 1415 3615 1472 laudans
3631 1430 3753 1473 eum
3797 1416 3856 1471 in

2282 1505 2434 1565 libris
2460 1506 2529 1564 de
2548 1506 2836 1577 Republica
2871 1507 2961 1580 (L.
3001 1506 3039 1565 2
3065 1549 3081 1577 ,
3111 1522 3161 1566 c.
3202 1506 3317 1579 10),
3343 1507 3713 1579 Scipionisqu
3734 1523 3858 1565 ser-

2276 1614 2474 1661 mone:
2511 1616 2532 1653 ι
2556 1599 2786 1657 Tantum
2812 1608 2916 1669 est,
2954 1618 2975 1655 ι
3008 1600 3204 1671 inquit,
3232 1619 3252 1655 ι
3288 1609 3625 1668 consecutus,
3648 1610 3707 1657 ut
3728 1615 3858 1657 cum

2281 1692 2463 1749 subito
2504 1690 2619 1749 sole
2644 1691 2928 1750 obscurato
2966 1706 3076 1751 non
3101 1692 3519 1763 eomparuisset,
3550 1691 3771 1749 duorm
3798 1691 3860 1749 in

2277 1797 2501 1840 numero
2547 1782 2838 1841 collocatus
2875 1790 3184 1853 putaretur:
3213 1796 3373 1854 quam
3416 1782 3724 1853 Opinionem
3753 1797 3861 1841 no—

2274 1892 2369 1937 mo
2418 1891 2652 1948 unquam
2701 1876 2942 1933 mortalis
2983 1876 3195 1947 assequi
3260 1878 3432 1947 potuit
3479 1876 3597 1933 sine
3658 1875 3862 1941 eximia

2283 1968 2495 2031 virtutis
2563 1969 2750 2041 gloria.
2804 1988 2825 2023 ι
2888 1967 3043 2038 Quod
3108 1976 3285 2026 autem
3358 1969 3484 2025 dicit
3516 2010 3532 2037 ,
3580 1984 3707 2025 cum
3760 1984 3863 2026 su-

2285 2062 2396 2123 bito
2441 2076 2547 2117 non
2590 2062 2977 2133 comparuisse,
3016 2060 3261 2133 profecto
3300 2062 3372 2118 ibi
3421 2061 3732 2133 intelligitur
3757 2068 3858 2117 aut

2286 2152 2536 2208 violentia
2582 2152 2949 2225 tempestatis.
2995 2161 3093 2213 aut
3150 2152 3313 2211 cadis
3354 2153 3711 2224 facinorisque
3756 2166 3858 2207 se-

2293 2253 2525 2301 cretum.
2569 2242 2702 2305 Nam
2756 2252 2814 2301 et
2858 2245 2947 2301 alii
2996 2245 3287 2317 scriptores
3324 2259 3510 2304 eorum
3566 2241 3861 2301 defectioni

2284 2334 2416 2395 solis
2439 2335 2644 2393 addunt
2668 2337 2832 2397 etiam
2869 2338 3099 2397 subitam
3150 2347 3520 2409 tempestatem
3540 2378 3562 2406 ,
3594 2352 3714 2409 qua
3738 2351 3866 2409 pro-

2285 2425 2428 2484 fecto
2454 2436 2545 2485 aut
2573 2429 2910 2486 occasionem
2949 2429 3137 2486 sceleri
3168 2429 3413 2501 praebuit,
3458 2437 3552 2486 aut
3577 2428 3867 2487 Romulum

2286 2519 2403 2592 ipsa
2448 2521 2799 2593 consumpsit.
2872 2521 2948 2578 De
2980 2520 3140 2577 Tullo
3168 2522 3364 2595 quippe
3408 2521 3570 2583 etiam
3611 2520 3864 2591 Hostilio,

2287 2611 2380 2683 qui
2405 2614 2593 2669 tertius
2619 2627 2650 2668 a
2682 2612 2914 2668 Romulo
2941 2626 3037 2669 rex
3067 2609 3189 2680 fuit,
3244 2612 3335 2683 qui
3379 2622 3435 2669 et
3486 2613 3601 2683 ipse
3642 2610 3870 2670 fulmine

2289 2704 2602 2776 absumptus
2649 2714 2752 2775 est,
2787 2704 2916 2761 dicit
2964 2704 3018 2767 in
3069 2703 3272 2760 eisdem
3297 2704 3447 2760 libris
3489 2704 3626 2761 idem
3649 2702 3867 2774 Cicero,

2290 2806 2570 2869 propterea
2608 2806 2662 2861 et
2690 2797 2850 2853 istum
2875 2812 2981 2853 non
3022 2796 3284 2854 creditum
3314 2797 3367 2852 in
3388 2795 3520 2852 deos
3549 2795 3566 2829 ¹
3595 2803 3869 2867 receptum

2292 2892 2387 2948 tali
2415 2902 2609 2961 morte,
2639 2894 2763 2965 quia
2789 2890 3016 2947 fortasse
3035 2890 3176 2962 quod
3212 2898 3328 2948 erat
3353 2889 3406 2945 in
3434 2888 3660 2945 Romulo
3678 2887 3872 2959 proba-

2292 2992 2405 3041 tum
2435 2983 2534 3058 (id
2561 2990 2643 3040 est
2678 2980 3031 3055 persuasum)
3056 2983 3283 3041 Romani
3311 2982 3527 3053 vulgare
3561 2979 3869 3050 noluerunt,

2290 3076 2345 3133 id
2362 3086 2443 3135 est
2468 3076 2572 3133 vile
2598 3075 2791 3143 facere,
2817 3074 2863 3131 si
2889 3074 2991 3129 hoc
3010 3084 3063 3131 et
3077 3074 3228 3133 alteri
3246 3073 3399 3130 facile
3423 3072 3744 3133 tribueretur
3763 3071 3870 3145 (α).

2295 3166 2433 3226 Dicit
2461 3167 2623 3225 etiam
2654 3176 2837 3243 aperte
2858 3166 2911 3221 in
2936 3165 3236 3234 lnveclivis,
3272 3184 3293 3219 ι
3322 3163 3477 3221 Illum
3502 3162 3592 3235 qui
3616 3164 3753 3219 hanc
3774 3178 3872 3218 ur-

2293 3259 2417 3319 bem
2468 3258 2733 3327 condidit,
2771 3257 3058 3314 Romulum
3087 3257 3153 3314 ad
3182 3257 3313 3314 deos
3337 3256 3666 3315 immortales
3693 3255 3869 3316 bene-

2293 3350 2529 3407 volentia
2556 3348 2804 3425 famaque
2835 3349 3145 3405 sustulimus
3178 3367 3198 3402 ›
3228 3347 3403 3420 (Orat.
3437 3348 3471 3406 5
3491 3348 3545 3403 in
3568 3346 3867 3419 Catilinam,

2294 3457 2409 3509 cap.
2458 3436 2526 3511 l)
2561 3458 2575 3498 :
2615 3447 2676 3497 ut
2720 3454 2827 3503 non
2865 3454 2992 3496 vere
3040 3439 3236 3495 factum
3281 3437 3376 3495 sed
3426 3447 3642 3511 propter
3680 3437 3876 3497 merita

2294 3530 2505 3588 virtutis
2551 3530 2666 3603 ejus
2720 3530 3089 3587 benevolentia
3136 3530 3390 3601 jactatum
3432 3528 3874 3598 diffamatumque

2296 3632 2645 3680 monstraret.
2673 3622 2730 3679 ln
2760 3622 3047 3681 Hortensio
3074 3636 3203 3677 vero
3248 3621 3459 3697 dialogo
3495 3636 3614 3676 cum
3646 3619 3712 3676 de
3737 3619 3874 3677 solis

2296 3715 2568 3771 canonicis
2588 3712 2973 3773 defectionibus
2999 3713 3344 3784 loqueretur,
3395 3730 3413 3764 ι
3450 3709 3521 3770 Ut
3553 3709 3763 3769 easdem
3782 3752 3807 3777 _,
3849 3729 3870 3766 ι

2297 3809 2486 3878 inquit,
2516 3825 2536 3859 ι
2566 3807 2816 3864 tenebras
2860 3804 3093 3873 efﬁciat,
3145 3821 3281 3879 quas
3334 3802 3511 3861 effecit
3548 3805 3601 3861 in
3652 3805 3874 3862 interitu

2300 3898 2529 3966 Romuli,
2563 3899 2655 3969 qui
2696 3897 3067 3954 obscuratione
3092 3898 3113 3929 ²
3143 3897 3270 3957 solis
3314 3906 3396 3953 est
3422 3896 3611 3953 factus.
3647 3915 3666 3950 ι
3709 3895 3876 3957 Certe

2299 3987 2387 4044 bic
2407 3989 2625 4044 minime
2650 3974 2825 4044 timuit
2852 3986 3085 4047 hominis
3117 3987 3387 4045 interitum
3405 3986 3602 4059 dicere,
3624 3986 3746 4063 quia
3765 3985 3884 4047 dis-

2300 4090 2515 4155 putator
2534 4081 2703 4157 magls
2723 4096 2881 4155 quam
2900 4080 3145 4139 laudator
3168 4080 3285 4137 fuit.

2368 4173 2425 4229 2.
2467 4171 2658 4231 Caeterl
2704 4179 2884 4231 autem
2934 4187 3086 4244 reges
3118 4172 3303 4245 populi
3346 4171 3601 4239 Romani,
3652 4179 3884 4242 excepto

2292 4264 2472 4322 Numa
2516 4263 2774 4336 Pompilio
2802 4270 2857 4321 et
2882 4263 3031 4319 Anco
3074 4262 3285 4333 Martio,
3332 4263 3420 4335 qui
3450 4262 3635 4318 morbo
3665 4261 3886 4318 interieo

2302 4366 2446 4425 runt,
2468 4372 2627 4432 quam
2661 4355 2959 4414 horrendos
2988 4356 3161 4413 exitus
3189 4354 3532 4412 habuerunt?
3574 4351 3755 4410 Tullus
3776 4395 3791 4419 ,
3820 4361 3889 4409 ut

2302 4449 2446 4516 dixi,
2480 4449 2757 4514 llostilius,
2789 4448 2962 4504 victor
2985 4452 3040 4504 et
3062 4461 3283 4502 eversor
3311 4445 3481 4512 Albae,
3510 4460 3629 4500 cum
3655 4452 3763 4499 tota
3778 4442 3886 4500 do-

2303 4559 2395 4601 mo
2419 4559 2514 4600 sua
2546 4542 2765 4599 fulmine
2788 4549 3162 4598 concrematus
3186 4546 3287 4597 est.
3321 4537 3535 4599 Priscus
3566 4534 3890 4609 Tarquinius
3921 4587 3942 4615 (

2304 4652 2403 4709 per
2431 4636 2513 4694 sui
2537 4634 2834 4699 decessoris
2859 4633 2996 4691 ﬁlios
3016 4632 3371 4705 interemptus
3394 4640 3495 4689 est.
3518 4629 3732 4687 Servius
3754 4626 3885 4686 Tui.
3918 4620 3949 4648 ’⁸

2306 4729 2413 4789 lius
2458 4727 2642 4800 generi
2692 4728 2773 4787 sui
2816 4724 3088 4796 Tarquinii
3127 4723 3373 4797 Superbi,
3411 4723 3498 4795 qui
3534 4723 3583 4779 ei
3627 4722 3887 4779 successit

2307 4826 2363 4879 in
2391 4836 2612 4894 regnum
2640 4863 2656 4891 ,
2709 4817 2912 4877 nefario
2939 4818 3141 4876 scelere
3178 4821 3386 4874 occisus
3412 4823 3512 4873 est.
3546 4814 3659 4877 Nec
3694 4832 3713 4868 ι
3760 4813 3881 4872 dis-

2308 4927 2523 4986 cessere
2552 4910 2723 4984 adytis
2762 4908 2975 4981 arisque
2993 4908 3195 4965 relictis
3216 4907 3310 4972 dii,
3340 4924 3360 4959 ι
3390 4914 3535 4962 tanto
3554 4906 3606 4962 in
3628 4905 3890 4977 optimum

2310 5004 2455 5061 illius
2481 5002 2660 5077 populi
2677 5016 2858 5074 regem
2881 4999 3166 5073 parricidio
3180 5007 3502 5069 perpetrato,
3523 5012 3658 5070 quos
3681 4995 3892 5066 dicunt,

2311 5105 2372 5157 ut
2400 5097 2505 5154 hoc
2556 5095 2769 5153 miserae
2819 5092 2997 5164 Trojze
3032 5091 3289 5156 facerent,
3320 5103 3546 5161 eamque
3571 5086 3772 5146 ϐιηθεὶς
3801 5086 3894 5145 di—

2313 5187 2574 5245 ruendam
2605 5184 3041 5255 exurendamque
3059 5181 3441 5254 relinquerent,
3465 5178 3724 5236 adulterio
3745 5177 3904 5235 Pari-

2313 5281 2397 5338 dis
2427 5280 2590 5337 fuisse
2611 5283 2930 5335 commotos.
2960 5274 3066 5332 Sed
3103 5274 3323 5345 insuper
3338 5270 3622 5337 interfecto
3649 5286 3681 5329 a
3709 5286 3773 5329 se
3796 5285 3902 5327 eo-

2310 5387 2444 5431 um
2471 5371 2798 5443 Tarquinius
2813 5369 2931 5441 ipse
2952 5367 3239 5425 successit.
3266 5366 3419 5425 Hunc
3438 5366 3515 5425 illi
3529 5365 3602 5423 dii
3632 5362 3911 5422 nefarium

2317 5466 2635 5540 parricidam
2671 5462 2845 5521 soceri
2873 5460 3245 5523 interfeetione
3284 5469 3616 5534 regnantem.
3667 5459 3907 5532 insuper

2382 5650 2403 5682 ι
2435 5648 2509 5698 Sic
2527 5654 2702 5697 omnes
2715 5639 3044 5711 manttsa'jpti.
3069 5643 3213 5711 11308.,
3399 5643 3456 5689 It.

2381 5712 2411 5743 θ
2434 5712 2508 5761 Sic
2525 5714 2631 5758 Mss.
2658 5711 2708 5754 In
2728 5710 2800 5765 3.,
2826 5700 2879 5753 in
2900 5700 3243 5754 obscuratione.
3308 5707 3364 5749 Μ.

2324 5792 2467 5913 nbat;
2496 5798 2564 5842 De
2599 5790 2693 5840 hoc
2714 5793 2768 5838 et
2800 5782 3122 5850 sequgttlbus
3155 5779 3254 5835 vid.
3286 5781 3383 5838 liv.
3415 5778 3582 5853 lib._l,
3613 5785 3665 5831 et
3701 5778 3916 5845 Dionys.
