4038 6492
207 461 272 518 π
1589 457 1788 514 LIBER
1823 458 2137 518 TERTIUS.
3401 487 3476 543 9t

203 575 394 632 multis
429 573 584 632 bellis
629 573 981 646 victoriisque
1027 575 1362 646 gloriantem,
1405 581 1460 632 et
1505 573 1572 630 de
1599 589 1792 630 manu-

203 667 306 724 biis
337 667 354 696 ⁸
399 665 722 736 Capitolium
745 664 1124 732 fabrieantem.
1149 681 1258 722 non
1283 666 1652 732 abscedentes,
1699 667 1794 722 sed

201 766 506 828 meantes
559 766 954 828 manentesque
998 757 1282 826 viderunt,
1311 767 1366 814 et
1415 774 1596 830 regem
1639 773 1793 814 suum

201 847 386 904 Jovem
421 848 478 906 in
505 847 600 904 illo
635 847 906 906 altissimo
933 849 1150 920 templo,
1171 849 1278 906 hoc
1297 859 1380 906 est
1405 850 1458 904 in
1481 864 1647 920 opere
1677 865 1796 920 par-

201 940 408 1008 ricidae,
433 941 539 996 sibi
569 940 868 1011 praesidere
903 950 1062 1012 atque
1111 955 1336 1012 regnare
1383 944 1622 1013 perpessi
1647 949 1789 998 sunt.

165 1011 172 1028 1
205 1033 382 1104 Neque
413 1033 566 1090 enim
595 1033 772 1090 adhuc
829 1011 1086 1092 innocens
1123 1011 1442 1105 Calitolium
1473 1011 1666 1092 struxit
1685 1077 1699 1099 ,
1738 1045 1794 1092 et

203 1134 382 1196 pstea
411 1126 574 1182 malis
591 1127 798 1184 meritis
827 1126 972 1186 Urbe
1019 1126 1206 1196 pulsus
1241 1137 1324 1184 est
1347 1144 1362 1184 :
1385 1128 1480 1184 sed
1521 1129 1588 1183 ad
1621 1129 1792 1198 ipsum

203 1234 426 1288 regnum
449 1259 468 1286 ,
511 1219 570 1276 in
609 1234 716 1290 quo
741 1220 1064 1289 Capitolium
1089 1220 1396 1290 fabricaret,
1421 1222 1792 1278 humanissimi

204 1310 426 1368 sceleris
451 1311 858 1381 perpetratione
905 1313 1162 1382 pervenit.
1193 1313 1346 1380 Quod
1371 1329 1500 1370 vero
1525 1329 1646 1370 eum
1685 1314 1792 1371 Ro-

203 1403 334 1456 mani
361 1418 550 1474 regno
575 1412 759 1473 postea
791 1405 1128 1474 depulerunt,
1155 1421 1218 1462 ac
1243 1408 1576 1462 seciuserunt
1603 1409 1793 1463 ιηωηὶ-

205 1495 290 1552 bas
311 1497 564 1554 civitatis
581 1539 600 1564 ,
639 1514 748 1554 non
777 1499 944 1568 ipsius
969 1500 1036 1555 de
1057 1499 1321 1556 Lucretiae
1347 1510 1553 1571 stupro,
1585 1500 1678 1557 sed
1697 1501 1790 1558 lilii

207 1598 490 1660 peccatum
523 1589 646 1654 fuit.
689 1591 784 1648 illo
811 1607 918 1646 non
945 1593 1118 1648 solum
1167 1593 1461 1660 nesciente,
1490 1591 1583 1648 sed
1627 1594 1788 1648 etiam

205 1681 422 1736 absente
451 1681 826 1738 commissum.
863 1683 1092 1738 Ardeam
1145 1685 1412 1739 civitatem
1459 1693 1584 1738 tunc
1621 1699 1790 1754 oppu-

203 1773 430 1842 gnabat,
475 1783 538 1830 et
589 1789 690 1843 pro
741 1776 936 1845 populo
983 1775 1224 1830 Romano
1273 1777 1469 1836 bellum
1529 1779 1786 1848 gerebat:

204 1863 470 1918 nescimus
519 1865 648 1934 quid
679 1865 902 1934 faceret,
931 1867 975 1922 si
1007 1867 1072 1922 ad
1103 1867 1220 1938 ejus
1247 1869 1488 1924 notitiam
1533 1869 1789 1940 flagitium

207 1953 298 2010 lilii
326 1955 654 2012 deferretur.
681 1957 752 2014 Et
781 1965 960 2016 tamun
993 1959 1322 2028 inexplorato
1342 1961 1460 2030 ejus
1492 1959 1694 2031 judicio
1733 1969 1789 2017 et

207 2045 504 2116 inexperto,
535 2048 584 2104 ei
619 2049 854 2118 populus
899 2049 1100 2106 ademit
1128 2051 1442 2120 imperium;
1475 2061 1530 2108 et
1561 2061 1784 2122 recepto

209 2139 470 2204 exercitu.
515 2155 546 2194 a
585 2154 696 2209 quo
735 2139 912 2196 deseri
963 2141 1146 2210 jussus
1193 2151 1312 2211 est,
1355 2143 1554 2199 clausis
1593 2144 1788 2201 deinde

211 2231 364 2299 portis
397 2245 510 2286 non
551 2231 678 2286 sivit
709 2231 912 2290 intrare
953 2235 1264 2290 redeuntem
1291 2235 1388 2306 (α).
1441 2237 1513 2291 At
1547 2237 1640 2296 ille
1670 2247 1788 2308 post

209 2321 332 2378 bella
363 2323 712 2392 gravissima,
749 2326 944 2395 quibus
967 2327 1182 2382 eosdem
1213 2328 1484 2386 Romanos
1509 2332 1786 2388 concitatis

213 2409 440 2472 finitimis
469 2415 704 2482 attrivit,
725 2425 1068 2486 posteaquam
1094 2417 1338 2474 desertus
1365 2420 1432 2476 ab
1451 2422 1528 2476 eis
1559 2437 1784 2492 quorum

207 2506 389 2566 ﬁdebat
451 2509 660 2566 auxilio
685 2551 702 2573 ,
747 2525 974 2580 regnum
1006 2513 1244 2580 recipere
1293 2529 1402 2570 non
1429 2514 1626 2570 evaluit
1655 2517 1698 2582 ³,
1731 2517 1783 2572 in

209 2599 392 2668 oppido
429 2598 674 2656 Tusculo
701 2599 888 2658 Romae
916 2603 1092 2660 vicino
1119 2605 1542 2674 quatuordeeim,
1573 2615 1632 2661 ut
1673 2607 1784 2662 fer-

209 2695 301 2756 tur,
327 2703 506 2746 annos
557 2691 820 2758 privatam
867 2693 1026 2748 vitam
1079 2695 1292 2764 quietus
1335 2695 1784 2765 habuit,etcum

207 2794 364 2836 uxore
385 2782 674 2840 consenuit
693 2781 792 2854 (6),
821 2784 1134 2854 optabiliore
1161 2785 1404 2844 fortassis
1429 2790 1596 2854 exitu,
1623 2805 1780 2860 quam

205 2886 344 2926 socer
379 2871 506 2944 ejus
531 2873 720 2944 generi
780 2871 862 2930 sui
905 2873 1168 2942 facinore,
1201 2893 1299 2932 nec
1329 2878 1606 2948 ignorante
1631 2879 1738 2936 filia
1762 2919 1778 2946 ,

205 2963 326 3018 siem
373 2964 718 3034 perhibetur,
765 2967 1060 3024 exstinctus
1097 2967 1192 3038 (ε).
1239 2969 1347 3024 Nec
1385 2979 1564 3026 tamen
1621 2971 1780 3026 istum

205 3051 544 3124 Tarquinium
570 3053 802 3112 Romani
839 3057 1112 3112 crudelem
1139 3067 1234 3114 aut
1279 3059 1620 3126 sceleratum,
1677 3061 1774 3118 sed

205 3141 488 3210 superbum
519 3143 954 3214 appellaverunt,
981 3146 1224 3204 fortassis
1258 3151 1436 3218 regios
1468 3150 1586 3220 ejus
1609 3149 1778 3208 fastus

201 3230 288 3284 alia
307 3233 564 3302 superbia
601 3249 712 3290 non
749 3234 1006 3294 ferentes.
1035 3237 1172 3294 Nam
1205 3239 1380 3296 scelus
1429 3242 1590 3298 occisi
1621 3243 1688 3298 ab
1711 3259 1777 3300 eo

201 3325 360 3382 soceri
381 3326 576 3396 optimi
619 3329 766 3398 regis
797 3329 1078 3399 cuiusque
1127 3329 1266 3386 adeo
1309 3341 1772 3406 contempserunt,

201 3425 252 3468 ut
273 3430 398 3472 eun
420 3431 608 3488 regem
635 3432 792 3476 suum
831 3418 1104 3478 facerent:
1138 3421 1228 3478 ubi
1269 3422 1436 3480 miror
1457 3426 1504 3479 si
1525 3441 1632 3480 non
1655 3441 1774 3484 see-

199 3507 314 3564 lere
339 3509 586 3580 graviore
607 3511 910 3570 mercedem
954 3520 1156 3568 tantam
1187 3523 1336 3570 tanto
1379 3517 1568 3574 sceleri
1595 3518 1774 3574 reddi-

193 3599 416 3656 derunt.
445 3599 558 3658 Nec
577 3621 598 3656 ι
629 3602 928 3662 discessere
961 3605 1134 3678 adytis
1163 3607 1375 3678 arisque
1401 3609 1600 3666 relictis
1619 3610 1714 3666 dii.
1749 3631 1768 3666 ι

195 3687 302 3746 Nisi
345 3691 488 3748 forte
541 3695 804 3764 quispiam
829 3697 910 3752 sic
933 3695 1186 3754 defendat
1213 3699 1342 3757 istos
1361 3701 1514 3768 deos,
1541 3713 1600 3758 ut
1633 3703 1774 3760 dicat

197 3795 282 3838 eos
305 3781 430 3842 ideo
453 3785 724 3846 mansisse
745 3787 950 3858 Bomte,
979 3805 1088 3864 quo
1113 3802 1330 3864 possent
1355 3794 1628 3852 Romanos
1653 3813 1770 3854 ma-

195 3877 268 3948 gis
291 3880 486 3948 punire
519 3882 824 3952 suppliciis,
865 3899 1026 3954 quam
1051 3885 1328 3946 beneﬁciis
1351 3886 1610 3959 adjuvare
1629 3931 1646 3956 ,
1687 3905 1771 3946 se-

197 3968 448 4028 dueentes
465 3987 566 4030 eos
591 3975 742 4032 vanis
765 3975 1002 4034 victoriis
1037 3980 1094 4036 et
1115 3978 1272 4036 bellis
1289 3983 1620 4052 gravissimis
1643 3999 1774 4040 con-

199 4074 440 4122 teremus.
489 4066 622 4122 Haec
659 4065 760 4124 fuit
815 4067 1176 4126 Romanorum
1225 4072 1332 4128 vita
1397 4073 1498 4130 sub
1553 4077 1770 4146 regibus

193 4153 438 4212 laudabili
469 4166 716 4227 tempore
739 4159 890 4216 illius
943 4161 1248 4232 reipublicae
1275 4179 1444 4236 usque
1479 4166 1549 4222 ad
1583 4169 1772 4238 expul-

189 4245 390 4302 sionem
435 4245 716 4318 Tarquinii
781 4247 1006 4320 Superbi
1051 4265 1148 4322 per
1189 4253 1452 4312 ducentos
1503 4256 1676 4314 ferme
1715 4267 1770 4316 et

191 4338 536 4410 quadraginta
581 4349 640 4398 et
679 4349 794 4400 tres
817 4356 1026 4410 annos,
1055 4357 1180 4400 eum
1221 4345 1326 4404 illae
1369 4361 1558 4406 omnes
1597 4351 1766 4407 victo-

191 4429 274 4482 τῖε
319 4437 434 4486 tam
485 4429 656 4486 multo
707 4432 963 4502 sanguine
1013 4443 1067 4488 et
1111 4436 1269 4492 tantis
1317 4447 1510 4507 emptae
1549 4441 1768 4496 calami-

191 4518 414 4586 tatibus,
463 4518 554 4574 vix
590 4519 716 4580 illud
765 4521 1046 4592 imperium
1117 4525 1254 4584 intra
1293 4527 1472 4597 viginti
1515 4529 1580 4584 ab
1615 4531 1765 4588 Urbe

189 4609 344 4664 millia
371 4609 394 4644 ⁸
419 4609 800 4668 diiatuerint:
831 4625 1084 4684 quantum
1111 4619 1340 4686 spatium
1391 4619 1530 4674 absit
1565 4631 1626 4676 ut
1666 4623 1764 4678 sal-

185 4707 284 4756 tem
309 4701 546 4776 alicujus
567 4704 776 4766 Gentio:
797 4709 1026 4768 civitatis
1059 4709 1134 4782 (ά)
1157 4727 1299 4770 nunc
1321 4713 1596 4772 territorio
1617 4731 1762 4772 com—

185 4805 400 4862 paretur
417 4797 433 4850 ι

241 4947 266 5020 ι.
293 4947 438 5020 Ρμὶιί,
461 4949 528 4998 de
550 4946 1048 5036 bellorumman‘tﬁbiis.
1075 4954 1234 5036 abest,
1251 4955 1564 5036 generantia
1578 4973 1762 5036 manu:

173 5017 824 5146 inpressam
839 5013 1762 5146 suae.{satiassatias

175 5083 300 5116 am
339 5083 640 5133 meutgttur
661 5087 804 5138 quam
839 5083 997 5138 prteda
1031 5083 1164 5126 bello
1195 5087 1347 5140 parta,
1371 5083 1452 5130 vel
1487 5095 1548 5132 ex
1587 5087 1758 5146 praedae

177 5129 462 5210 flatilique
478 5133 1129 5210 epilgctapeennianiiidxa.
1157 5137 1374 5210 Gellium,
1394 5139 1479 5190 lib.
1503 5145 1577 5210 l3,
1602 5159 1645 5210 ρ.
1671 5147 1758 5210 ‘25;

177 5188 336 5241 1-1an
365 5193 438 5242 de
469 5195 648 5244 conlcto
669 5188 924 5306 't'arqﬂmio
946 5195 1028 5247 lib.
1057 5200 1102 5259 i,
1127 5213 1170 5250 c.
1199 5201 1262 5252 7:
1293 5188 1398 5252 ibe
1417 5188 1658 5260 manubiis
1671 5188 1758 5262 "cii

181 5267 204 5296 ι
225 5257 420 5308 μετείω
439 5255 632 5304 urbium
651 5263 788 5308 terno
821 5271 886 5306 tm
910 5261 1087 5308 erexit.
1101 5277 1124 5305 ν

181 5267 204 5296 ι
223 5257 420 5313 μετ-ω
439 5255 632 5304 urbium
651 5255 886 5321 templum
910 5255 1124 5308 erexith

233 5313 258 5392 ξ
579 5321 906 5392 nianuscripti.
927 5320 1080 5392 vnlgp
1098 5320 1548 5392 legebatur,valuit.

233 5375 258 5406 ³
291 5379 368 5425 Sic
387 5390 566 5428 omnes
587 5387 691 5430 Mss.
709 5405 770 5416 —
792 5375 844 5430 In
867 5387 932 5442 8.,
957 5375 1200 5434 miliaria.
1267 5391 1323 5436 at.

231 5455 308 5529 ζει)
331 5457 518 5529 ιξιήιιςἱ
531 5461 616 5529 lib.
645 5463 688 5520 1,
717 5475 824 5524 cap.
849 5461 909 5512 57
935 5471 984 5512 et
1007 5479 1144 5529 seqq.

231 5519 306 5579 (ὁ)
343 5523 632 5598 Tarquinius
653 5519 1040 5598 revouaijrusculi
1077 5519 1402 5598 _'e'g_it__abqu9t
1443 5545 1594 5598 annos
1625 5537 1752 5598 apud

207 5591 420 5656 ςιεηιφ
434 5587 678 5634 Octavium
695 5585 980 5656 ﬂatiliiitltn;
1003 5588 1093 5656 sed
1113 5585 1232 5656 Qun
1247 5585 1404 5656 cumis
1423 5595 1550 5656 apud

201 5643 656 5716 etttum‘tyraunmn,
683 5655 817 5716 teste
840 5643 980 5716 Livio,
1003 5647 1086 5716 lib.
1113 5650 1158 5712 2,
1181 5665 1316 5716 capp.
1347 5655 1408 5704 15
1428 5643 1482 5706 ει

225 5705 300 5776 (ς)
333 5705 490 5776 Livius
511 5705 682 5776 libri;
717 5709 880 5776 Valer.
907 5705 997 5776 illi.
1016 5711 1064 5772 9,
1211 5705 1288 5776 li:

221 5761 305 5834 (Δ)
333 5761 537 5838 caulae,
561 5773 612 5826 id
635 5761 718 5826 est
733 5807 750 5836 ,
775 5771 830 5823 in
849 5761 1362 5862 ᾷοιυὶίείίιιιὲἱιὲξοω
1383 5791 1494 5842 pars
1515 5775 1746 5846 est.“

1903 577 2126 634 CAPUT
2167 579 2304 634 XVI.
2331 613 2402 624 —-
2431 581 2697 654 Deprimis
2719 593 2862 660 apud
2884 591 3142 652 Rerum:
3167 603 3472 671 consulibus,

1969 689 2181 742 quorm»
2209 675 2334 728 alter
2369 677 2582 731 alterum
2607 683 2770 748 patria
2813 687 3024 754 pepulit,
3055 705 3270 762 "totque
3297 692 3477 750 Roma:

1969 773 2080 832 post
2097 767 2411 822 atrocissima
2437 773 2710 840 parricidia
2733 791 2766 828 a
2791 779 3048 834 uulnerato
3075 783 3216 838 hosts
3239 785 3477 842 uulnera-

1969 863 2046 910 tus
2069 857 2274 912 interiit.

1971 969 2100 1026 iluic
2139 975 2362 1044 tempori
2405 975 2714 1047 adjiciamus
2739 983 2897 1036 etiam
2923 995 3129 1056 tempus
3157 989 3307 1058 illud,
3335 1007 3471 1062 quo-

1899 1077 2064 1133 usque
2101 1064 2228 1119 dicit
2269 1065 2547 1124 Salittstius
2585 1071 2744 1142 (Vide
2767 1087 2957 1144 supra,
3002 1077 3090 1132 tib.
3129 1079 3184 1148 2,
3210 1097 3324 1152 cap.
3361 1085 3468 1156 18)

1895 1171 2049 1226 aequo
2077 1166 2131 1212 et
2172 1157 2412 1216 modesto
2447 1161 2566 1232 jure
2607 1165 2881 1235 agitatum,
2913 1169 3038 1226 dum
3070 1183 3240 1230 metus
3268 1191 3298 1229 a
3339 1177 3472 1234 Tar-

1895 1249 2076 1318 quinio
2118 1261 2171 1306 et
2212 1265 2372 1324 grave
2419 1255 2614 1312 bellum
2664 1273 2784 1313 cum
2833 1261 3041 1318 Etruria
3091 1266 3313 1336 positum
3365 1281 3466 1326 est.

1895 1339 2152 1407 Quamdiu
2192 1345 2334 1400 enim
2361 1345 2568 1402 Etrusci
2611 1349 2893 1420 Tarquinio
2949 1355 3123 1411 redire
3154 1357 3204 1412 in
3247 1375 3467 1432 regnent

1894 1435 2103 1488 conanti
2143 1437 2384 1504 opitulati
2431 1449 2587 1506 sunt,
2630 1445 2774 1512 gravi
2819 1445 2958 1500 bello
2996 1445 3164 1504 Roma
3215 1465 3468 1510 concussa

1895 1535 1993 1580 est.
2025 1527 2144 1582 Ideo
2173 1529 2298 1584 dicit
2340 1547 2492 1602 :equo
2519 1544 2572 1588 et
2600 1535 2839 1592 modesto
2865 1537 2985 1608 jure
3008 1549 3210 1612 gestam
3257 1561 3471 1618 rempu-

1893 1615 2082 1672 blicam
2111 1629 2254 1676 metu
2295 1633 2588 1692 premente.
2633 1641 2738 1682 non
2781 1631 3130 1699 persuadente
3153 1615 3390 1704 justitia:
3413 1639 3468 1694 In

1893 1725 1998 1780 quo
2039 1711 2350 1768 brevissimo
2395 1725 2634 1786 tempore
2677 1733 2832 1789 quam
2881 1721 3119 1780 funestus
3163 1727 3254 1784 ille
3301 1741 3471 1785 annus

1893 1801 2008 1866 fuit,
2041 1819 2146 1873 quo
2189 1805 2347 1874 primi
2375 1807 2624 1864 consules
2668 1811 2834 1865 creati
2877 1824 3016 1880 sunt,
3063 1817 3280 1886 expulsa
3325 1821 3470 1890 regia

1889 1895 2194 1962 potestate?
2221 1893 2432 1952 Annum
2475 1899 2676 1968 quippe
2717 1913 2872 1955 suum
2913 1919 3018 1959 non
3045 1907 3464 1976 compleverunt.

1889 1981 2020 2040 Nam
2041 1985 2230 2042 Junius
2247 1986 2442 2044 Brutus
2457 1989 2842 2047 exhonoratum
2867 1995 3024 2064 ejecit
3049 1997 3190 2054 Urbe
3207 2001 3464 2072 collegam

1891 2073 2108 2128 Lucium
2141 2075 2486 2147 Tarquinium
2517 2079 2832 2138 Collatinum
2857 2099 2872 2147 ;
2901 2084 3094 2142 deinde
3119 2103 3242 2144 mox
3273 2091 3386 2162 ipse
3411 2093 3468 2148 in

1890 2166 2032 2222 bello
2049 2168 2240 2222 cecidit
2263 2172 2460 2226 mutuis
2485 2185 2606 2226 eum
2637 2172 2790 2229 hoste
2817 2177 3122 2234 vulneribus
3147 2179 3246 2252 (α),
3277 2184 3468 2239 occisis

1887 2272 1920 2312 a
1943 2273 2000 2313 se
2025 2259 2142 2328 ipso
2183 2261 2428 2329 primitus
2457 2263 2580 2320 illiis
2607 2265 2718 2320 suis
2741 2277 2796 2322 et
2825 2269 3008 2326 uxoris
3035 2287 3148 2330 suae
3179 2273 3427 2331 fratribus
3446 2319 3460 2342 ,

1887 2350 2028 2420 quod
2076 2367 2168 2406 eos
2213 2367 2310 2421 pro
2340 2355 2668 2410 restituendo
2714 2356 3006 2428 Tarquinio
3031 2364 3342 2431 conjurasse
3363 2381 3465 2422 eo-

1885 2451 2160 2511 gnoverat.
2187 2441 2340 2509 Quod
2367 2445 2558 2500 factum
2589 2446 2839 2518 Virgilius
2861 2462 3200 2524 posteaquam
3227 2455 3464 2512 laudabi-

1885 2532 2008 2588 liter
2051 2539 2510 2606 commemoravit,
2549 2541 2804 2598 continuo
2833 2543 3124 2602 clementer
3164 2549 3456 2622 exhorruit.

1883 2622 2020 2680 Cum
2045 2626 2184 2681 enim
2209 2627 2453 2696 dixiset,

2067 2745 2316 2802 Ratusque,
2339 2749 2478 2802 pater
2509 2753 2630 2792 nova
2653 2745 2782 2796 bella
2801 2757 3058 2800 moventes

1945 2798 2012 2848 Ad
2029 2798 2436 2866 pautatn'pulcbt‘a
2455 2817 2542 2866 pro
2563 2805 2794 2860 libertate
2819 2798 3032 2874 vocabit;

1883 2917 2008 2960 mox
2035 2907 2230 2963 deinde
2267 2909 2602 2977 exclamavit,
2625 2921 2680 2968 et
2707 2915 2782 2969 ait

1943 3017 2112 3068 Infelix
2133 3019 2144 3068 !
2171 3027 2432 3086 utcumque
2457 3021 2622 3076 ferent
2643 3039 2703 3076 ea
2725 3025 2846 3077 facta
2869 3029 3100 3080 minores.

1880 3119 2306 3190 Quomodnlibet,
2352 3125 2544 3196 inquit,
2575 3143 2638 3184 ea
2671 3131 2804 3186 facta
2837 3135 3036 3204 pesteri
3071 3133 3260 3206 ferant,
3293 3137 3345 3192 id
3375 3148 3460 3196 est

1879 3211 2162 3280 praeferant
2191 3221 2244 3268 et
2272 3217 2565 3284 extollant;
2612 3221 2699 3288 qui
2730 3221 2867 3278 ﬁlios
2894 3225 3108 3294 occidit,
3141 3227 3321 3286 infelix
3351 3240 3454 3286 est.

1879 3301 1948 3358 Et
2013 3313 2260 3376 tanquam
2311 3307 2378 3364 ad
2444 3311 2824 3370 consolandum
2879 3315 3181 3389 infelicem,
3235 3319 3460 3392 subjun-

1941 3507 2094 3558 vincit
2115 3520 2247 3561 amor
2268 3513 2778 3587 patrife,__laudnm_que
2789 3520 3244 3587 immensacupido.

2385 3575 2404 3636 (
2431 3575 2614 3628 .a‘ncid.
2665 3575 2747 3629 li'b.
2783 3581 2832 3642 6,
2857 3575 3275 3651 12133205813.)

1875 3667 2062 3726 Nonne
2089 3673 2140 3729 in
2166 3673 2268 3732 hoc
2293 3675 2474 3746 Bruto,
2509 3681 2596 3752 qui
2624 3691 2676 3737 et
2703 3683 2842 3740 filios
2871 3685 3082 3754 occidit,
3109 3698 3162 3744 et
3189 3705 3222 3746 a
3249 3704 3306 3746 se
3329 3707 3452 3762 per-

1874 3774 2030 3817 cusso
2062 3764 2200 3821 hosti
2241 3768 2348 3822 lilio
2373 3767 2642 3840 Tarquinii
2685 3785 2866 3830 mutuo
2897 3793 3182 3848 percussus
3211 3783 3454 3852 supervi-

1872 3865 2000 3909 vere
2026 3869 2130 3910 non
2177 3859 2366 3927 potuit,
2395 3860 2550 3932 eique
2577 3865 2754 3936 potius
2785 3865 2898 3940 ipse
2923 3865 3240 3940 Tarquinius
3270 3889 3458 3942 super-

1873 3943 2023 4014 vixit,
2058 3947 2302 4004 Collatini
2331 3952 2548 4022 collegte
2578 3955 2789 4011 videtur
2815 3957 3114 4017 innocentia
3145 3963 3408 4022 vindicata
3435 4009 3451 4034 ,

1872 4037 1962 4106 qui
1991 4035 2158 4092 bonus
2183 4039 2314 4096 civis
2351 4041 2453 4099 hoc
2477 4043 2765 4116 Tarquinio
2799 4050 2957 4122 pulso
2983 4067 3170 4124 passus
3207 4064 3290 4112 est
3313 4061 3454 4132 quod

1873 4135 2128 4200 tyrannus
2157 4133 2272 4202 ipse
2295 4133 2657 4206 Tarquinius?
2681 4137 2811 4198 Nam
2843 4152 2896 4198 et
2937 4143 3078 4200 idem
3107 4145 3299 4204 Brutus
3328 4166 3456 4212 con.-

1871 4227 2192 4296 sanguineus
2217 4225 2490 4300 Tarquinii
2538 4231 2702 4290 fuisse
2747 4235 3075 4306 perhibetur.
3103 4237 3206 4298 Sed
3232 4241 3453 4300 Collati-

1872 4329 1995 4368 num
2028 4315 2276 4374 videlicet
2303 4319 2594 4378 similitudo
2617 4325 2848 4382 nominis
2877 4330 3070 4400 pressit
3095 4372 3109 4398 ,
3140 4333 3264 4404 quia
3292 4336 3450 4392 etiam

1871 4403 2185 4476 Tarquinius
2225 4409 2529 4467 vocabatur.
2562 4413 2767 4474 Mutare
2801 4431 2930 4490 ergo
2971 4403 3188 4490 nomen,
3219 4439 3326 4480 non
3357 4443 3450 4498 pa-

1871 4495 2022 4549 triam
2055 4507 2331 4568 cogeretur
2359 4518 2372 4554 :
2409 4511 2677 4570 postremo
2704 4506 2756 4561 in
2787 4507 2903 4578 ejus
2931 4511 3146 4568 nomine
3175 4514 3192 4545 ί
3225 4513 3326 4572 hoc
3351 4495 3448 4574 vo-

1868 4585 2110 4640 cabulum
2133 4591 2307 4645 minus
2323 4601 2484 4661 esset,
2509 4593 2569 4648 L.
2591 4593 2884 4654 Collatinus
2907 4605 3274 4662 tantummodo
3294 4623 3449 4666 voca-

1868 4685 2033 4732 retur.
2063 4679 2166 4734 Sed
2197 4679 2317 4736 ideo
2345 4699 2452 4738 non
2480 4685 2659 4741 amisit
2687 4690 2826 4760 quod
2853 4692 2970 4748 sine
2994 4695 3102 4752 ullo
3128 4697 3448 4758 detrimento

1869 4778 2046 4838 posset
2065 4773 2328 4838 amittere,
2351 4781 2410 4828 ut
2431 4783 2484 4830 et
2505 4774 2708 4834 honore
2731 4781 2935 4850 primus
2952 4787 3138 4843 consul
3160 4798 3214 4844 et
3235 4791 3446 4848 civitate

1866 4855 2036 4914 bonus
2060 4861 2192 4916 civis
2217 4877 2398 4920 carere
2417 4865 2711 4936 juberetur.
2755 4871 3001 4931 Etiamne
3028 4878 3127 4934 ista
3169 4889 3249 4936 est
3275 4883 3441 4952 gloria

1865 4945 2006 5002 Junii
2032 4949 2174 5005 Bruti
2203 4951 2514 5011 detestanda
2542 4957 2789 5030 iniquitas
2817 4973 2869 5018 et
2895 4965 3066 5023 nihilo
3091 4969 3232 5026 utilis
3258 4945 3440 5042 reipu-

1864 5039 2051 5096 blicae?
2080 5043 2322 5102 Etiamne
2351 5047 2414 5102 ad
2445 5048 2581 5108 hanc
2619 5058 3050 5128 perpetrandam,

1926 5153 2042 5204 vicit
2062 5167 2196 5206 amor
2209 5160 2396 5222 patriai,
2412 5159 2703 5229 laudumque
2723 5169 2958 5222 immensa
2978 5171 3192 5236 cupido?

1789 5295 1792 5298 -
1859 5255 1976 5320 iam
2006 5259 2226 5328 expulso
2253 5263 2432 5334 utique
2460 5265 2752 5339 Tarquinio
2781 5279 3004 5341 tyranno
3028 5275 3074 5339 ³,
3097 5277 3288 5334 consul
3313 5295 3434 5340 eum

1859 5345 2026 5405 Bruto
2071 5360 2282 5410 creatus
2321 5361 2404 5410 est
2443 5359 2666 5416 maritus
2709 5359 2974 5422 Lucretiae
3018 5363 3080 5424 L.
3115 5367 3434 5442 Tarquinius

1921 5542 1943 5618 Ῐ
1972 5541 2106 5618 ΧΨ·
2130 5551 2314 5618 βαρ-,οε
2331 5553 2428 5612 El“:
2456 5563 2501 5602 α
2527 5550 2580 5602 in
2599 5551 2704 5618 eius
2723 5553 2928 5608 ηοιηίηθο
2967 5561 3102 5618 Apud
3127 5567 3235 5614 ιον.
3265 5573 3431 5618 autem

1857 5603 2097 5690 929.32%
2119 5605 2388 5690 ἐὲεξὲιξτιῑε»
2411 5603 2567 5690 bona
2585 5603 2927 5690 ηῖέτάιεὲέςξῖέ
2952 5603 3235 5690 animi}:
3265 5603 3432 5690 ῖέᾶὖέ

1855 5664 2086 5737 particula
2119 5676 2294 5742 neutro
2326 5664 2434 5722 loeo'
2454 5664 2544 5725 (ξεί
2554 5677 2604 5727 in
2627 5664 3283 5744 maauééiibdsi'ﬁé'c‘dti'ué

1855 5739 1958 5794 ετξ,
1987 5740 2080 5776 uno
2099 5727 2278 5794 ﬁrmior
2298 5732 2480 5794 absque
2505 5737 2584 5786 illa
2608 5744 2822 5794 procedit
2841 5745 3007 5794 oratio.

1854 5739 1958 5789 sm.
1987 5732 2080 5776 uno
2099 5732 2278 5780 ﬁrmior
2298 5732 2480 5796 absque
2505 5737 2584 5786 iua
2607 5744 2822 5802 Procedit
2841 5732 3036 5796 unus."
3051 5732 3098 5738 "
3121 5732 3278 5740 -τ
3307 5732 3408 5742 ·--”

1917 5790 2321 5876 Hestiaeus?
2343 5798 3186 5876 ρξίξῑγφροιεεμηθιιυωνίρςιεψκς.
3203 5815 3426 5876 erm.

1855 5853 2124 5984 ωὲα)ῷεὲιυ
2149 5865 2324 5908 At'uute
2343 5853 2484 5924 regis
2505 5853 3406 5935 Τιτψιὶἰιϋξίιῖἦὲδῖ-ωιῗί
