4038 6488
640 353 712 416 95
1730 346 1819 403 ne
1853 339 2170 400 ClVlTA‘l‘E
2197 338 2328 412 est,
2369 343 2426 400 s.
2469 347 2836 408 AUGUSTINI

637 471 954 530 Collatinus.
982 469 1150 539 Quam
1187 468 1328 538 juste
1368 463 1594 537 populus
1639 477 1816 518 mores
1860 465 1911 518 in
1938 463 2074 527 cive,
2103 476 2209 516 non

639 578 835 620 nomen
885 561 1146 618 attendit!
1196 573 1354 630 quam
1405 557 1598 627 injuste
1648 557 1665 588 ¹
1712 555 1904 610 Brutus
1954 553 2211 622 collegam

639 657 825 728 primae
849 670 912 712 ac
938 669 1088 709 nova:
1131 652 1273 706 illius
1299 650 1593 722 potestatis,
1625 663 1782 719 quem
1811 653 2009 716 posset,
2041 643 2089 698 si
2111 643 2214 698 hoc

638 746 1023 810 offendebatur,
1066 743 1281 798 nomine
1322 751 1523 796 tantum
1559 741 1786 810 privare,
1817 747 1871 793 et
1911 736 2076 806 patria
2109 734 2215 804 pri-

638 839 780 893 vavit
807 849 861 892 et
903 837 1143 891 honore?
1174 836 1297 890 llaec
1325 835 1462 890 mala
1493 833 1628 887 facta
1659 842 1800 896 sunt,
1835 833 1949 886 haec
1992 829 2212 884 adversa

637 931 962 993 acciderunt,
992 929 1204 1001 quando
1232 929 1284 984 in
1319 928 1407 982 illa
1429 927 1698 996 republica
1721 941 1874 996 aequo
1891 932 1948 980 et
1973 922 2214 977 modesto

631 1023 749 1094 jure
792 1023 1045 1092 agitatum
1087 1030 1188 1076 est.
1237 1020 1516 1075 Lucretius
1557 1032 1784 1088 quoque,
1827 1016 1915 1086 qui
1947 1016 1998 1068 in
2039 1013 2211 1067 locum

636 1115 784 1169 Bruti
809 1115 972 1169 fueral
996 1113 1329 1184 subrogatus,
1350 1113 1558 1178 morbo,
1579 1120 1860 1180 antequam
1883 1109 2020 1162 idem
2043 1121 2214 1161 annus

635 1206 1029 1269 terminaretur,
1078 1205 1388 1274 absumptus
1437 1212 1537 1259 est.
1583 1203 1657 1258 lta
1707 1202 1765 1256 Ρ.
1811 1200 2072 1264 Valerius,
2123 1199 2211 1268 qui

634 1304 964 1352 successerat
983 1295 1263 1359 Collatino,
1287 1303 1341 1350 et
1357 1293 1427 1349 Μ.
1449 1293 1714 1358 Horatius,
1738 1294 1824 1362 qui
1851 1306 1945 1360 pro
1965 1289 2212 1343 defuncto

634 1387 881 1444 Lucretio
906 1387 1156 1443 suffectus
1196 1387 1386 1452 fuerat,
1415 1402 1609 1441 annum
1640 1386 1784 1438 illiilli
1815 1384 2092 1438 funereum
2133 1389 2213 1436 at-

635 1497 739 1553 que
767 1491 1076 1548 tartaream,
1105 1481 1192 1552 qui
1231 1481 1477 1535 consules
1496 1480 1728 1550 quinque
1756 1478 1957 1542 habuit,
1986 1475 2215 1545 comple-

632 1583 867 1629 verunt:
901 1591 1005 1645 quo
1048 1589 1190 1628 anno
1237 1574 1543 1628 consulatus
1585 1571 1752 1641 ipsius
1794 1587 1988 1625 novum
2038 1569 2211 1624 hono-

633 1683 747 1722 rem
790 1682 854 1723 ac
900 1675 1220 1738 potestatem
1276 1665 1545 1736 auspicata
1605 1675 1686 1721 est
1735 1664 1972 1719 Romana
2025 1679 2213 1733 respu-

636 1758 792 1814 blica.

636 1870 862 1927 CAPUT
900 1871 1139 1927 XVll.—
1159 1870 1284 1926 Post
1313 1872 1459 1927 initia
1485 1872 1770 1927 consularis
1788 1871 2007 1942 imperii,
2031 1871 2210 1942 quibus

705 1965 851 2018 malis
879 1975 1054 2018 vexata
1081 1966 1232 2034 fuerit
1262 1964 1495 2019 Romana
1519 1964 1819 2035 respublica,
1857 1964 1954 2019 diis
1978 1980 2079 2018 non
2109 1964 2214 2034 opi-

703 2056 976 2111 tulantibus
1009 2073 1132 2126 quos
1158 2057 1369 2111 colebat.
2038 2045 2043 2052 ‘

706 2147 758 2202 1.
789 2145 938 2202 Tune
978 2148 1085 2218 jam
1115 2149 1375 2203 diiniiiuto
1412 2148 1680 2218 paululum
1723 2159 1886 2216 metu,
1934 2165 2040 2205 non
2084 2149 2209 2220 quia

631 2237 770 2294 bella
800 2240 1231 2310 conquieverant,
1258 2241 1352 2294 sed
1379 2241 1498 2312 quia
1527 2256 1631 2295 non
1660 2249 1765 2296 tam
1791 2243 1938 2312 gravi
1969 2243 2208 2312 pondere

632 2331 910 2402 urgebant,
941 2333 1089 2388 finito
1113 2335 1318 2390 scilicet
1339 2344 1576 2403 tempore
1593 2350 1700 2404 quo
1720 2351 1870 2406 coquo
1886 2346 1940 2391 et
1965 2337 2208 2392 modesto

625 2421 746 2493 jure
784 2427 1035 2496 agitatum
1081 2435 1182 2492 est,
1227 2437 1408 2481 secuta
1450 2435 1573 2481 sunt
1613 2443 1730 2496 quia
1760 2429 1900 2483 idem
1927 2428 2208 2486 Sallustius

632 2513 854 2588 (Hister.
884 2518 970 2571 lib.
1006 2517 1057 2588 l)
1090 2517 1319 2572 breviter
1345 2519 1573 2588 explicat
1605 2537 1618 2573 :
1647 2517 1778 2574 Dein
1806 2522 1974 2575 servili
1998 2523 2206 2591 imperio

631 2616 798 2673 patres
825 2608 1016 2678 plebem
1039 2626 1285 2678 exercere,
1313 2612 1376 2665 de
1403 2613 1501 2666 vita
1529 2622 1677 2676 atque
1717 2625 1854 2684 tergo
1892 2615 2028 2685 regio
2071 2631 2206 2669 more

627 2703 904 2767 consulere,
948 2720 1070 2773 agro
1122 2704 1327 2774 pellere,
1375 2715 1422 2759 et
1459 2707 1651 2761 cwteris
1694 2708 1976 2778 expertibus
2017 2709 2113 2762 soli
2150 2709 2202 2762 in

628 2792 837 2862 imperio
878 2812 1043 2866 agere.
1103 2797 1294 2864 Quibus
1325 2799 1545 2863 swvitiis,
1585 2809 1633 2854 et
1668 2802 1884 2855 maxime
1909 2807 2081 2874 fenore
2111 2820 2202 2871 op-

627 2895 798 2954 pressa
828 2887 991 2954 plebes
1011 2889 1056 2956 ³,
1088 2904 1203 2942 cum
1227 2890 1444 2944 assiduis
1469 2892 1609 2946 bellis
1637 2891 1872 2946 tributum
1903 2905 1950 2948 et
1971 2895 2198 2949 militiam

625 2975 778 3028 simul
803 2976 1055 3044 toleraret,
1082 2989 1276 3032 armata
1306 2990 1522 3034 montem
1552 2980 1767 3035 Sacrum
1806 2993 1953 3055 atque
1991 2985 2197 3039 Aventi-

625 3083 746 3120 num
791 3069 969 3123 insedit
997 3086 1015 3123 :
1046 3080 1246 3138 tumque
1277 3071 1498 3125 tribunos
1537 3073 1692 3142 plebis
1736 3084 1781 3128 et
1810 3075 1912 3128 alia
1940 3075 2035 3130 sibi
2070 3077 2197 3146 jura

622 3159 836 3228 paravit.
874 3157 1253 3215 Discordiarum
1281 3171 1328 3216 et
1356 3165 1641 3218 certaminis
1683 3166 1929 3235 utrimque
1956 3169 2071 3236 linis
2098 3169 2195 3237 fuit

621 3251 891 3303 secundum
919 3251 1102 3306 bellum
1147 3248 1416 3308 Punicum.
1461 3253 1670 3330 [XVIL]
1712 3257 1846 3324 Quid
1892 3259 2067 3330 itaque
2097 3277 2196 3330 ego

620 3345 792 3394 tantas
817 3356 992 3396 moras
1013 3342 1095 3398 vel
1122 3344 1361 3400 scribens
1381 3347 1568 3416 patiar,
1591 3348 1676 3402 vel
1698 3349 1913 3403 lecturis
1939 3351 2193 3406 afferam?

616 3429 785 3497 Quam
817 3431 1011 3487 misera
1058 3431 1219 3488 fuerit
1250 3436 1334 3489 illa
1365 3438 1660 3506 respublica
1692 3448 1795 3492 tam
1842 3440 1995 3510 longa
2036 3452 2194 3499 aetate

617 3536 712 3591 per
749 3531 828 3578 tot
853 3539 1021 3580 annos
1048 3541 1217 3596 usque
1244 3527 1310 3582 ad
1339 3529 1630 3584 secundum
1663 3529 1860 3585 bellum
1891 3531 2147 3590 Punicum
2171 3575 2188 3600 ,

615 3615 768 3672 bellis
795 3615 1088 3673 forinsecus
1110 3620 1404 3689 inquietare
1432 3637 1535 3676 non
1565 3623 1944 3680 desisteiitibus
1969 3635 2022 3681 et
2048 3628 2189 3683 intus

613 3704 894 3762 discordiis
922 3708 1374 3780 seditionibusque
1415 3711 1688 3780 civilibus,
1719 3729 1748 3767 a
1777 3713 2030 3771 Sallustio
2060 3717 2186 3773 bre-

613 3799 748 3851 viter
795 3798 1094 3855 intimatum
1161 3811 1261 3857 est.
1326 3801 1557 3859 Proinde
1615 3806 1850 3860 victoriae
1911 3807 2013 3862 ill.e
2076 3825 2184 3864 non

613 3887 779 3942 solida
826 3891 1095 3943 beatorum
1138 3892 1328 3960 gaudia
1358 3891 1589 3958 fuerunt,
1635 3896 1728 3949 sed
1775 3898 1948 3952 inania
1995 3900 2183 3956 solatia

613 3981 949 4047 miserorum,
980 3990 1034 4036 et
1067 3981 1133 4036 ad
1159 3983 1260 4037 alia
1289 3992 1448 4054 atque
1485 3986 1585 4038 alia
1615 3987 1814 4040 sterilia
1843 3989 1862 4019 ³
1888 3991 2023 4043 mala
2053 3992 2182 4046 sub-

610 4072 780 4126 eunda
832 4072 1143 4128 illecebrosa
1201 4074 1537 4129 incitamenta
1593 4078 1810 4133 minime
1859 4082 2180 4150 quietorum.

608 4163 717 4219 Nec
745 4166 917 4230 nobis,
963 4167 1081 4235 quia
1109 4167 1224 4222 hinc
1249 4167 1496 4232 dicimus,
1527 4169 1650 4224 boni
1695 4171 1920 4228 Romani
1949 4175 2179 4243 pruden-

609 4264 793 4326 tesque
814 4267 1164 4313 succenseant
1191 4277 1204 4312 :
1228 4274 1525 4328 quanquam
1548 4261 1613 4315 dc
1639 4262 1736 4316 hac
1762 4279 1819 4317 re
1843 4279 1942 4319 nec
1967 4267 2179 4335 petendi

605 4349 731 4412 sint,
777 4361 876 4402 nec
901 4347 1170 4414 monendi,
1198 4349 1410 4418 quando
1438 4365 1529 4405 eos
1569 4351 1787 4408 minime
1825 4368 2180 4412 suecensuros

605 4454 724 4495 esse
753 4440 1105 4495 certissimum
1128 4450 1228 4496 est.
1257 4440 1438 4510 Neque
1466 4442 1607 4496 enim
1636 4445 1847 4513 gravius
1869 4447 1949 4500 vel
1971 4449 2180 4516 gravio-

605 4549 661 4589 ra
699 4533 924 4589 dicimus
946 4535 1250 4589 auctoribus
1277 4549 1485 4600 eorum,
1520 4544 1574 4590 et
1599 4536 1719 4589 stilo
1745 4545 1798 4591 et
1818 4539 1925 4592 otio
1955 4540 2175 4595 multum

605 4630 831 4696 impares
861 4644 874 4680 :
905 4626 1096 4696 quibus
1126 4636 1300 4681 tamen
1326 4627 1623 4682 ediscendis
1651 4637 1705 4682 et
1736 4628 1831 4697 ipsi
1863 4629 2177 4687 elaborave-

602 4725 746 4778 runt,
775 4724 830 4770 et
857 4715 991 4770 filios
1030 4731 1154 4771 suos
1183 4718 1455 4772 elaborare
1479 4718 1822 4788 compellunt.
1867 4720 1967 4788 Qui
1995 4731 2171 4777 autem

601 4819 934 4875 succensent,
958 4809 1168 4878 quando
1193 4826 1278 4864 me
1301 4809 1519 4876 ferrent,
1551 4811 1594 4864 si
1623 4827 1721 4880 ego
1747 4811 2001 4879 dicerem,
2031 4816 2172 4884 quod

601 4901 880 4958 Sallustius
924 4900 1106 4973 (Ibid.)
1138 4901 1249 4954 ait?
1296 4900 1541 4955 Plurimae
1569 4903 1744 4968 turba,
1793 4904 2079 4968 seditiones,
2127 4916 2174 4961 et

549 5030 552 5036 ι
599 4998 664 5046 ad
690 5004 988 5061 postremum
1002 4992 1129 5046 bella
1149 4992 1312 5045 civilia
1334 5003 1443 5046 orta
1463 5003 1594 5058 sunt,
1621 4995 1741 5047 dum
1763 4996 1913 5064 pauci
1925 5007 2169 5065 potentes,

598 5101 808 5151 quorum
845 5085 897 5138 in
922 5085 1135 5155 gratiam
1176 5084 1400 5154 plerique
1434 5097 1801 5152 concesserant,
1847 5090 1938 5142 sub
1968 5090 2172 5144 honesto

599 5185 798 5241 patrum
844 5186 928 5228 aut
977 5175 1130 5244 plebis
1178 5177 1377 5228 nomine
1426 5177 1786 5232 dominationes
1829 5179 2171 5246 a/fectabant,‘

595 5263 808 5334 bonique
831 5275 877 5318 et
917 5267 1038 5319 mali
1067 5267 1194 5320 cives
1237 5267 1508 5336 appellati,
1542 5285 1642 5322 non
1672 5269 1732 5323 ob
1766 5273 1940 5325 merita
1966 5272 2018 5326 in
2042 5282 2171 5327 rem-

598 5357 866 5426 publicam,
912 5359 1138 5414 omnibus
1179 5361 1366 5429 pariter
1397 5364 1680 5430 corruptis,
1728 5363 1816 5415 sed
1862 5364 1936 5416 uti
1963 5364 2170 5433 quisque

596 5450 1012 5521 locupletissimus
1037 5465 1083 5508 et
1126 5456 1315 5525 injuria
1353 5453 1587 5518 validior,
1619 5457 1739 5524 quia
1782 5457 2046 5526 praesentia
2074 5457 2165 5510 de-

655 5699 673 5773 ξ
707 5705 833 5773 ἔζεε..
854 5713 1016 5773 ﬂuam
1057 5701 1216 5766 impie.
1243 5711 1394 5773 forte
1432 5705 1720 5773 legendum,
1751 5712 1848 5756 tam
1869 5705 2033 5773 impie.

654 5763 676 5833 ξ
707 5766 779 5833 sic
797 5762 1043 5833 sallustius
1067 5762 1217 5815 etiis.
1243 5767 1363 5833 766.
1379 5776 1430 5833 iii
1453 5762 1518 5830 ΒΤ,
1544 5762 1715 5833 ρίεὺδζ
1756 5776 1813 5819 Μ.

635 5823 677 5894 κδ
708 5822 780 5874 Sic
799 5831 905 5876 Mss.
930 5827 1047 5877 Editi
1071 5842 1205 5895 vero,
1226 5829 1477 5883 terribilia.

2317 475 2404 517 res
2442 462 2676 522 historiae
2716 470 2781 524 ad
2809 470 3087 529 honestam
3117 474 3413 534 libertatem
3442 481 3710 551 pertinere
3751 488 3913 544 arbi-

2318 556 2439 609 trati
2477 566 2632 625 sunt,
2669 562 2807 617 mala
2843 564 3068 622 civitatis
3089 571 3317 642 propria:
3353 587 3460 629 non
3500 585 3699 646 tacere,
3729 597 3912 652 quam

2317 648 2498 703 multis
2524 650 2654 707 locis
2682 669 2872 726 magno
2916 664 3182 729 praeconio
3204 665 3423 724 laudare
3451 673 3710 742 compulsi
3739 648 3900 746 sunt,

2317 752 2436 792 cum
2463 741 2617 797 aliain
2648 747 2928 816 veriorem,
2961 767 3066 822 quo
3105 755 3247 812 cives
3272 761 3460 815 aeterni
3491 741 3694 833 legendi
3719 779 3844 824 sunt

2318 847 2422 886 non
2453 835 2708 892 haberent
2730 858 2742 892 :
2765 843 2889 911 quid
2915 860 3013 900 nos
3032 846 3208 905 facere
3226 855 3493 922 convenit,
3515 871 3739 927 quorum
3761 835 3904 932 spes

2317 937 2514 995 quanto
2543 929 2595 984 in
2627 931 2735 986 Deo
2778 937 2968 992 melior
2993 948 3048 995 et
3085 943 3304 1013 certior,
3339 957 3484 1003 tanto
3513 952 3684 1022 major
3725 929 3905 1014 debet

2317 1031 2436 1072 esse
2451 1019 2682 1086 libertas,
2702 1038 2822 1080 cum
2841 1029 2976 1084 mala
2995 1036 3271 1100 praesentia
3292 1036 3504 1095 Christo
3519 1019 3702 1100 nostro
3717 1046 3910 1118 impu-

2321 1119 2447 1177 tant,
2477 1123 2535 1168 ut
2562 1115 2877 1175 infirmiores
2894 1122 3356 1201 imperitioresque
3373 1145 3577 1192 mentes
3591 1115 3909 1199 alienen—tur

2319 1203 2387 1257 ab
2407 1206 2777 1298 eaeivitate,in
2794 1228 2893 1281 qua
2912 1217 3023 1269 sola
3040 1218 3235 1290 jugiter
3255 1221 3586 1298 feliciterque
3609 1232 3905 1292 vivendum

2315 1297 2434 1350 est?
2461 1297 2571 1352 Nec
2593 1299 2641 1354 in
2660 1301 2789 1357 deos
2805 1319 2987 1361 eorum
3011 1309 3326 1369 horribilora
3353 1333 3451 1372 nos
3470 1297 3711 1387 dicimus,
3728 1342 3904 1396 quam

2316 1400 2499 1441 eorum
2532 1390 2815 1449 identidem
2837 1407 3100 1467 auctores,
3131 1419 3264 1473 quos
3290 1407 3470 1478 legunt
3490 1421 3542 1466 et
3567 1390 3853 1482 priedicaiit
3877 1437 3903 1477 :

2316 1480 2740 1552 quandoquidem
2769 1498 2822 1541 et
2850 1506 2915 1545 ex
2941 1492 3068 1562 ipsis
3096 1510 3214 1565 qua:
3237 1499 3540 1558 diceremus
3563 1480 3899 1584 accepimus,

2316 1578 2370 1623 et
2396 1572 2538 1626 nullo
2565 1576 2720 1630 modo
2745 1578 2920 1637 dicere
2948 1584 3028 1638 vel
3059 1585 3202 1654 talia,
3233 1590 3315 1644 vel
3355 1603 3543 1649 cuncta
3575 1572 3898 1660 sufficimus:

2385 1661 2439 1714 2.
2477 1661 2574 1718 Ubi
2598 1677 2747 1758 erant
2771 1684 2896 1740 ergo
2921 1673 2994 1727 illi
3020 1675 3112 1739 dii,
3142 1680 3227 1748 qui
3261 1694 3479 1752 propter
3505 1689 3752 1758 exiguam
3785 1692 3896 1749 fal-

2316 1750 2590 1824 lacemque
2628 1757 2782 1830 hujus
2810 1765 2991 1820 mundi
3017 1767 3319 1826 felicitatem
3347 1750 3553 1832 colendi
3581 1750 3898 1842 evxistimanv

2317 1856 2441 1914 tur;
2471 1865 2589 1906 cum
2621 1854 2866 1923 Romani,
2897 1861 3084 1929 quibus
3112 1879 3170 1919 se
3198 1867 3451 1924 colendos
3477 1875 3892 1936 mendacissime

2313 1943 2506 1996 astutia
2532 1946 2887 2014 venditabant,
2923 1955 3079 2008 tantis
3105 1958 3492 2018 calamitatibus
3521 1974 3885 2028 vexarentur?

2315 2031 2414 2087 Ubi
2459 2045 2631 2102 erant,
2674 2041 2884 2108 quando
2918 2042 3153 2101 Valerius
3196 2053 3380 2106 consul
3424 2055 3492 2108 ab
3535 2060 3806 2116 exsulibus
3835 2076 3890 2120 et

2313 2128 2481 2181 servis
2511 2128 2782 2185 incensum
2808 2134 2825 2164 ¹
2848 2134 3160 2204 Capitolium
3187 2157 3308 2196 eum
3330 2143 3646 2216 defensaret,
3676 2155 3888 2212 occisus

2313 2230 2394 2273 est
2424 2218 2543 2292 (a)?
2571 2220 2904 2295 Faciliusque
2932 2227 3045 2298 ipse
3075 2232 3327 2299 prodesse
3369 2239 3534 2306 potuit
3571 2242 3670 2296 sedi
3697 2243 3846 2302 Jovis
3866 2291 3888 2318 ,

2311 2326 2465 2380 quam
2499 2313 2570 2368 illi
2599 2315 2749 2371 turba
2783 2327 2859 2372 tot
2893 2321 3166 2376 numinum
3197 2340 3315 2380 cum
3347 2343 3443 2384 suo
3471 2333 3699 2386 maximo
3724 2313 3890 2407 atque

2312 2406 2511 2473 optimo
2556 2424 2698 2478 rege,
2740 2411 2891 2481 cujus
2934 2416 3186 2484 templum
3215 2418 3548 2491 liberaverat,
3579 2406 3866 2487 subvenire

2311 2495 2409 2550 Ubi
2440 2508 2612 2565 erant,
2634 2503 2842 2570 quando
2857 2505 3184 2562 densissimis
3209 2509 3418 2582 fatigata
3453 2517 3636 2576 civitas
3663 2523 3883 2579 seditio-

2309 2602 2434 2641 num
2463 2590 2632 2653 malis,
2652 2606 2772 2647 cum
2798 2593 3000 2664 legatos
3026 2597 3262 2656 Athenas
3287 2603 3479 2659 missos
3507 2608 3572 2661 ad
3601 2610 3740 2679 leges
3764 2629 3880 2669 nm.

2309 2679 2530 2734 tuaudas
2548 2682 2813 2751 paululum
2837 2699 3010 2755 quieta
3029 2693 3383 2760 apperiretur,
3402 2698 3551 2766 gravi
3569 2699 3704 2755 fame
3721 2705 3861 2771 pesti

2309 2770 2572 2841 lcntiaque
2599 2784 2796 2829 vastata
2825 2788 2907 2832 est
2945 2778 3017 2851 (b)
3043 2783 3066 2834 't
3097 2781 3196 2837 Ubi
3225 2795 3398 2852 erant,
3444 2791 3654 2858 quando
3695 2770 3888 2851 rursus.

2308 2863 2550 2930 populus,
2606 2881 2725 2919 cum
2768 2866 2907 2924 fame
2959 2871 3239 2940 laboraret,
3299 2878 3606 2948 praefectum
3655 2902 3884 2942 annona

2307 2953 2531 3021 primum
2558 2957 2798 3021 creavit;
2843 2970 3000 3030 atque
3027 2962 3114 3017 illa
3149 2963 3288 3021 fame
3327 2968 3702 3040 invalescente,
3735 2975 3875 3047 Spu-

2304 3046 2414 3100 rius
2440 3045 2627 3103 Melius
2652 3049 2695 3116 ³,
2730 3051 2818 3120 qui
2847 3055 3098 3109 esurienti
3131 3058 3450 3115 multitudini
3481 3062 3738 3122 frumenta
3771 3045 3874 3124 lar-

2302 3138 2439 3207 gitus
2468 3151 2568 3207 est,
2597 3143 2743 3211 regni
2771 3142 2998 3199 affectati
3045 3148 3244 3202 crimen
3290 3150 3534 3220 incurrit,
3563 3167 3613 3210 et
3639 3157 3882 3227 ejusdem

2303 3231 2536 3298 praifecti
2566 3232 2809 3288 instantia
2857 3250 2954 3304 per
2977 3235 3290 3294 dictatorem
3317 3240 3377 3296 L.
3410 3243 3678 3311 Quintium
3716 3259 3883 3307 aetate

2299 3321 2646 3394 decrepitum,
2674 3340 2702 3378 a
2730 3326 2923 3394 Quinto
2947 3327 3172 3385 Servilio
3197 3334 3452 3404 magistro
3481 3339 3717 3406 equitum
3747 3357 3874 3399 cum

2299 3417 2530 3471 maximo
2558 3426 2612 3471 et
2653 3419 3102 3487 periculosissimo
3131 3426 3358 3481 tumultu
3397 3428 3624 3484 civitatis
3664 3433 3875 3492 occisus

2295 3516 2378 3562 est
2400 3510 2513 3578 (c)?
2543 3509 2642 3564 Ubi
2663 3521 2832 3578 erant,
2861 3515 3073 3580 quando
3104 3518 3399 3586 pestilentia
3422 3522 3646 3575 maxima
3662 3535 3874 3592 exorta,

2295 3598 2396 3653 diis
2411 3600 2806 3658 inutilibussine
2819 3605 3054 3659 remedio
3073 3608 3394 3677 populusdin
3407 3611 3732 3683 multumque
3747 3613 3874 3669 fati-

2292 3693 2475 3762 gatus’
2495 3709 2625 3748 nova
2651 3696 2991 3761 lectisternia,
3015 3699 3154 3768 quod
3176 3716 3440 3772 nunquam
3463 3713 3616 3759 antea
3647 3705 3872 3776 fecerat,

2291 3784 2584 3839 exhibenda
2607 3786 2889 3843 arbitratus
2905 3797 2986 3845 est
3007 3790 3112 3861 (d)?
3133 3790 3276 3846 Lecti
3297 3801 3473 3848 autem
3495 3796 3873 3855 sternebantur

2293 3876 2345 3930 iii
2375 3877 2627 3932 honorem
2658 3879 2900 3947 deorum,
2936 3882 3073 3936 unde
3103 3881 3203 3937 hoc
3231 3899 3439 3938 sacrum
3467 3886 3548 3941 vel
3575 3887 3746 3957 potius
3771 3903 3872 3944 sa-

2289 3969 2560 4037 crilegium
2588 3985 2784 4025 nomen
2826 3975 3049 4042 accepit.
3079 3973 3175 4028 Ubi
3207 3984 3380 4042 erant,
3408 3979 3618 4047 quando
3649 3993 3742 4048 per
3767 3980 3871 4037 de-

2288 4076 2404 4115 cem
2433 4062 2712 4117 continuos
2753 4080 2921 4120 annos
2948 4067 3087 4121 male
3125 4069 3405 4138 pugnando
3434 4071 3646 4126 crebras
3671 4081 3723 4127 et
3746 4089 3870 4130 ma-

2285 4169 2418 4224 gnas
2442 4155 2619 4211 clades
2637 4157 2775 4226 apud
2802 4157 2957 4212 Veios
2977 4161 3244 4215 exercitus
3263 4159 3536 4218 Romanus
3555 4176 3862 4233 acceperat,

2287 4248 2385 4303 nisi
2415 4266 2508 4318 per
2524 4249 2738 4303 Furium
2755 4250 3034 4304 Camillum
3053 4252 3265 4306 tandem
3288 4254 3679 4324 subveniretur,
3698 4272 3867 4326 quem

2287 4350 2466 4409 postea
2489 4340 2673 4394 civitas
2693 4341 2894 4410 ingrata
2917 4341 3186 4397 damnavit
3207 4343 3315 4412 (e)?
3337 4344 3436 4400 Ubi
3457 4357 3625 4411 erant,
3645 4347 3866 4417 quando

2283 4429 2420 4486 Galli
2465 4431 2684 4486 Romam
2725 4443 3000 4502 ceperunt,
3041 4435 3422 4503 spoliaverunt,
3468 4437 3862 4507 incenderunt,

2345 4545 2362 4576 ι
2397 4543 2656 4610 Ludovicus
2695 4546 2836 4610 Vives
2877 4546 3183 4610 scribendum
3213 4555 3364 4610 putat,
3386 4547 3671 4610 inscensum,
3697 4553 3756 4598 ali
3779 4553 3865 4600 in-

2279 4607 2489 4674 scendo:
2515 4621 2612 4674 non
2635 4608 2765 4674 enim
2788 4607 3065 4674 Capitolium
3084 4607 3393 4659 incenderant
3410 4613 3558 4674 servi.
3586 4607 3671 4660 Nos
3691 4613 3866 4674 legen-

2278 4669 2393 4737 duin
2415 4669 2673 4737 credimus,
2696 4668 2945 4737 insessum,
2965 4670 3011 4717 id
3034 4677 3110 4720 est
3131 4673 3513 4737 occupatumlab
3535 4668 3865 4737 insideofquo

2282 4733 2431 4799 verba
2455 4731 2609 4799 utitur
2623 4732 2779 4799 livius
2814 4744 2921 4780 rem
2939 4744 3045 4780 eam
3068 4731 3284 4793 narrans,
3309 4731 3395 4782 lib.
3413 4735 3461 4783 3.
3481 4737 3702 4785 —Nostri
3718 4731 3860 4799 (illd,

2342 4859 2360 4887 ¹
2396 4851 2785 4964 κεηήιὶιιδ.
2823 4861 2879 4904 At
2916 4862 3040 4914 Mss,
3081 4853 3284 4906 Melius:
3316 4855 3390 4908 sic
3409 4863 3462 4908 et
3495 4857 3667 4921 leim,
3691 4858 3776 4910 lib.
3801 4860 3862 4924 4,

2342 4933 2383 4964 ll.
2440 4931 2490 4964 ὁ·
2557 4953 2568 4964 .

2277 4931 2383 4967 ean.
2412 4918 2568 4965 15-16.

2338 4932 2902 5041 ς⁸,ιῖιῐιῖιἓί-ξιιίίιιιοι.Δ
2927 4978 2976 5025 in
3009 4979 3298 5041 quibusﬂest
3325 4980 3461 5041 Corb.
3495 4984 3860 5034 vetustissimus

2277 5041 2494 5107 habent;
2527 5038 2628 5089 Diis
2643 5037 2913 5107 inutilibus
2935 5037 3134 5107 populus
3159 5040 3244 5107 diu
3271 5040 3562 5107 multumque
3585 5043 3813 5107 fatigatus
3837 5060 3857 5097 :

2278 5116 2371 5151 nec
2391 5103 2586 5168 addunt,
2611 5101 2714 5168 sine
2728 5100 3112 5168 remedio,quod
3138 5100 3637 5168 etiam‘omittit'vin'd.
3670 5100 3860 5168 Regius

2277 5173 2440 5235 autem
2459 5165 2610 5235 code;
2635 5163 3122 5235 ,_alte_r.tlorbeieusis
3145 5173 3196 5214 et
3217 5163 3296 5235 alii
3318 5166 3511 5235 quidam
3535 5163 3853 5235 maiiusudpti

2278 5225 2457 5274 habent
2477 5262 2491 5283 ,
2538 5225 2631 5289 diis
2652 5223 2896 5275 inutilibus
2916 5225 3056 5289 inane
3076 5223 3351 5289 remedium
3363 5225 3566 5289 populus
3598 5226 3684 5277 diu
3720 5223 3857 5279 mul-

2276 5294 2481 5351 limique
2504 5287 2744 5349 fatigatus.
2776 5293 2888 5351 non
2909 5287 3032 5335 male.
3056 5287 3286 5350 quidem:
3312 5287 3524 5338 attamen
3547 5293 3858 5351 suspicamur

2275 5351 2442 5409 verba,
2464 5348 2604 5399 inane
2623 5348 2904 5407 remedium,
2926 5348 3100 5411 scripta
3125 5351 3281 5411 primo
3297 5351 3355 5397 ad
3374 5362 3506 5398 oram
3527 5348 3654 5409 libri,
3673 5353 3721 5400 in
3735 5360 3858 5403 texo

2276 5420 2376 5480 tum
2399 5420 2569 5480 postea
2596 5411 2909 5473 migravisse;
2950 5409 3137 5475 proque
3158 5411 3234 5462 his
3268 5409 3370 5474 legi
3407 5413 3603 5464 demum
3619 5415 3857 5480 coepisse,

2199 5535 2204 5539 _
2272 5475 2372 5527 sine
2390 5473 2614 5524 remedio.

595 5545 861 5618 fendebat,
903 5563 995 5617 pro
1036 5547 1163 5602 bono
1211 5549 1484 5602 ducebatur
1529 5548 1693 5604 Porro
1737 5549 1780 5603 si
1825 5549 1897 5602 illi
1938 5549 2172 5620 scripto-
2242 5579 2248 5592 ε

2335 5581 2407 5644 (a)
2430 5579 2602 5644 Livius,
2623 5578 2705 5627 lib.
2722 5578 2778 5644 ᾖ)
2803 5590 2906 5640 cap.
2934 5577 3091 5628 15-18.

2334 5640 2407 5705 (b)
2431 5643 2568 5705 Ibid._,
2592 5653 2694 5705 cap.
2721 5640 2797 5688 32.

2334 5647 2384 5705 (υ
2431 5647 2568 5696 lbid.,
2592 5653 2694 5703 cap.
2721 5647 2797 5688 δι’.

2334 5647 2407 5817 (ej
2431 5704 2516 5762 ld.,
2542 5703 2626 5776 lib.
2651 5703 2697 5760 4,
2712 5717 2816 5765 cap.
2844 5701 3003 5778 12:15.

2335 5769 2353 5817 l
2397 5769 2413 5817 l
2439 5768 2524 5817 ω..
2547 5766 2633 5815 lib.
2656 5767 2706 5817 5.
2729 5778 2833 5817 can.
2860 5767 2935 5812 to.

2393 5769 2413 5831 )
2439 5768 2534 5831 ld.,_
2547 5766 2633 5815 lib.
2656 5767 2706 5826 δ,
2729 5762 2935 5831 gignis.

2358 5769 2413 5831 ιι)
2439 5769 2524 5826 ld.,
2547 5769 2633 5815 lib.
2656 5769 2706 5826 ες,
2729 5778 2833 5828 cap.
2860 5769 2935 5812 15.

2335 5769 2404 5894 le)
2438 5829 2577 5894 una,
2595 5841 2703 5894 cep.
2721 5826 2882 5891 iii-25,
2904 5833 2956 5878 et
2976 5837 3081 5892 ap.
3104 5824 3184 5877 δε.
