4038 6492
187 379 256 439 97
1485 381 1688 441 LIBER
1723 382 1760 443 Ἰ

1866 382 2042 445 rtus.
2597 342 2607 347 ’
2703 337 2722 342 Ἰ
3383 411 3455 472 93

189 494 421 554 aedibus
441 493 816 566 impleverunt
840 494 954 569 (a)?
985 495 1084 554 Ubi
1100 503 1270 564 erant,
1296 509 1416 553 cum
1447 497 1535 553 illa
1559 499 1780 570 insignis

193 587 490 661 pestilentia
524 598 637 642 tam
690 590 958 659 ingentem
988 599 1215 661 stragem
1261 591 1427 656 dedit,
1459 607 1560 662 qua
1609 603 1662 646 et
1693 593 1781 648 ille

194 679 386 736 Furius
407 675 673 734 Camillus
716 681 1010 736 exstinctus
1033 691 1136 746 est,
1167 681 1256 751 qui
1297 683 1674 752 rempublicam
1702 683 1781 736 in-

194 780 396 842 gratam
441 779 497 825 et
522 785 552 823 a
601 769 914 827 Veientibus
956 783 1078 826 ante
1121 771 1377 837 defendit,
1419 781 1472 828 et
1518 773 1585 828 de
1615 773 1780 828 Gallis

195 871 381 934 postea
407 860 702 917 vindicavit
732 862 850 934 (b)?
880 863 936 918 In
968 863 1065 918 hac
1106 865 1403 933 pestilentia
1431 865 1668 920 scenicos
1695 864 1777 918 lu-

193 952 307 1016 dos,
341 951 501 1006 aliam
542 967 737 1007 novam
767 963 992 1023 pestem,
1019 970 1123 1008 non
1164 955 1477 1024 corporibus
1509 955 1775 1010 Romano-

192 1061 335 1113 rum,
366 1047 484 1113 sed,
513 1047 658 1118 quod
685 1057 768 1102 est
791 1048 957 1102 multo
984 1049 1352 1118 perniciosius,
1383 1049 1619 1103 moribus
1646 1050 1778 1104 intu-

191 1135 370 1194 lerunt
400 1138 496 1210 (c).
520 1137 646 1194 “Ubi
676 1149 850 1205 erant,
880 1139 1092 1209 quando
1119 1141 1220 1194 alia
1262 1141 1558 1210 pestilentia
1601 1141 1776 1210 gravis

191 1227 255 1282 de
285 1228 514 1284 venenis
552 1236 918 1282 matronarum
962 1238 1144 1285 exorta
1172 1231 1370 1285 credita
1403 1239 1508 1292 est,
1551 1246 1775 1301 quarum

191 1333 348 1388 supra
395 1318 557 1373 fidem
585 1319 868 1374 multarum
896 1328 1054 1390 atque
1080 1319 1336 1374 nobilium
1377 1336 1550 1376 mores
1579 1321 1774 1391 depre-

189 1405 343 1463 hensi
367 1416 494 1462 sunt
517 1408 662 1463 omni
685 1410 981 1486 pestilentia
1009 1411 1278 1480 graviores
1307 1411 1428 1483 (d)?
1457 1411 1547 1466 Vel
1564 1411 1774 1482 quando

188 1497 242 1552 in
293 1497 566 1554 Caudinas
612 1499 847 1556 furculas
877 1502 892 1532 ⁸
923 1515 951 1553 a
995 1501 1318 1556 Samnitibus
1370 1502 1573 1557 obsessi
1618 1503 1774 1558 ambo

187 1605 306 1647 cum
337 1592 582 1647 exercitu
611 1594 858 1648 consules
901 1593 1075 1650 fmdus
1103 1609 1222 1649 cum
1267 1595 1346 1650 eis
1376 1595 1572 1650 fwdum
1601 1594 1775 1650 facere

185 1683 359 1736 coacti
388 1694 554 1749 sunt;
582 1683 651 1738 ita
683 1692 742 1738 ut
765 1685 1033 1754 equitibus
1061 1685 1311 1740 Romanis
1332 1687 1601 1741 sexcentis
1630 1687 1774 1742 obsi-

183 1771 344 1826 dibus
391 1771 552 1836 datis,
601 1775 778 1828 eteteri
830 1776 1040 1830 amissis
1083 1777 1246 1830 armis
1293 1776 1518 1846 aliisque
1563 1778 1771 1846 spoliati

181 1864 486 1934 privatique
510 1865 848 1935 tegminibus,
874 1867 1166 1937 subjugum
1197 1868 1428 1922 hostium
1453 1884 1572 1923 cum
1603 1870 1771 1924 vesti-

181 1955 378 2010 mentis
424 1955 648 2026 singulis
696 1959 1031 2014 mitterentur
1070 1959 1186 2033 (e)?
1235 1960 1329 2015 Vel
1370 1961 1582 2031 quando
1625 1961 1774 2032 gravi

181 2047 492 2117 pestilentia
536 2051 746 2105 caeteris
773 2051 1134 2106 laborantibus
1174 2051 1328 2105 multi
1357 2052 1514 2105 etiam
1547 2051 1599 2105 in
1628 2067 1772 2106 exer-

183 2140 288 2196 citu
321 2141 412 2196 icti
449 2141 667 2198 fulmine
708 2143 976 2211 perierunt
1007 2143 1072 2216 (ο
1097 2145 1119 2198 ?
1149 2143 1244 2198 Vel
1275 2144 1485 2214 quando
1513 2143 1638 2198 item
1668 2144 1770 2200 alia

181 2222 505 2289 intolerabili
534 2234 834 2305 pestilentia
853 2233 1067 2292 Escula
1077 2235 1216 2307 pium
1243 2237 1309 2288 ab
1335 2235 1599 2306 Epidauro
1619 2236 1768 2306 quasi

181 2325 452 2382 medicum
482 2327 639 2382 deum
670 2327 838 2382 Roma
867 2328 1128 2383 advocare
1152 2335 1311 2398 atque
1336 2327 1591 2382 adhibere
1616 2341 1767 2382 com-

179 2418 331 2489 pulsa
361 2428 448 2472 est
479 2417 554 2490 (g)
575 2419 598 2472 ἲ
623 2419 872 2488 quoniam
919 2435 1096 2490 regem
1141 2421 1376 2474 omnium
1406 2420 1591 2476 Jovem
1614 2460 1629 2484 ,
1675 2417 1764 2488 qui

179 2509 284 2581 iam
316 2511 410 2565 diu
458 2512 508 2566 in
537 2511 798 2583 Capitolio
838 2513 1074 2576 sedebat,
1125 2514 1288 2568 multa
1328 2522 1528 2584 stupra,
1573 2511 1767 2586 quibus

180 2603 498 2660 adolescens
516 2615 814 2670 vacaverat,
838 2621 942 2661 non
976 2607 1324 2676 permiserant
1340 2607 1567 2662 fortasse
1586 2607 1764 2662 dtsce-

179 2709 238 2749 re
263 2695 611 2750 medicinam.
644 2696 738 2752 Vel
767 2711 886 2752 cum
922 2698 1347 2766 conspirantibus
1378 2713 1484 2752 uno
1524 2708 1764 2768 tempore

182 2785 428 2843 hostibus
455 2829 472 2855 ,
503 2788 750 2854 Lucanis,
797 2789 1016 2855 Brutiis,
1045 2790 1392 2852 Samnitibus.
1435 2791 1671 2844 Etruscis
1709 2798 1765 2845 et

179 2875 486 2932 Senonibus
509 2877 698 2944 Gallis,
728 2880 898 2949 primo
938 2879 1005 2934 ab
1031 2881 1108 2934 eis
1136 2880 1290 2951 legati
1323 2881 1582 2950 perempti
1613 2887 1759 2947 sunt,

180 2968 368 3024 deinde
393 2985 515 3024 cum
548 2980 776 3041 praetore
805 2985 1092 3040 oppressus
1115 2972 1401 3036 exercitus,
1433 2980 1637 3042 septem
1664 2971 1760 3024 tri-

178 3058 332 3114 bunis
356 3075 482 3116 cum
513 3061 604 3114 illo
631 3061 971 3129 pereuntibus
996 3071 1049 3116 et
1070 3061 1294 3116 militum
1328 3060 1578 3116 tredecim
1601 3060 1758 3115 milli-

178 3148 314 3208 bus?
364 3152 465 3208 Vel
515 3153 731 3224 quando
798 3163 917 3224 post
973 3168 1160 3224 graves
1214 3162 1269 3208 et
1325 3153 1512 3224 longas
1576 3153 1760 3208 Romae

180 3246 492 3312 seditiones,
537 3247 732 3317 quibus
777 3248 842 3302 ad
892 3249 1131 3302 ultimum
1163 3249 1314 3320 plebs
1359 3251 1412 3303 in
1459 3248 1756 3304 Ianiculum

176 3335 350 3391 hostili
392 3337 693 3407 direptione
719 3340 741 3370 ²
778 3347 1094 3403 secesserat,
1145 3339 1303 3406 hujus
1331 3340 1456 3394 mali
1488 3349 1594 3394 tam
1640 3340 1756 3396 dira

175 3428 451 3483 calamitas
478 3439 634 3494 erat,
668 3439 726 3485 ut
754 3430 870 3500 ejus
899 3431 974 3486 rei
1003 3447 1182 3496 causa,
1228 3431 1370 3502 quod
1412 3432 1464 3486 itt
1505 3433 1758 3488 extremis

173 3521 423 3588 periculis
452 3520 562 3576 fieri
592 3521 818 3585 solebat,
844 3522 1070 3577 dictator
1113 3532 1388 3578 crearetur
1416 3519 1752 3589 Hortensius,

173 3610 280 3678 qui,
318 3610 474 3680 plebe
501 3624 769 3679 revocata,
809 3612 860 3666 in
919 3613 1102 3668 eodem
1156 3614 1467 3683 magistratu
1509 3615 1754 3684 exspira-

173 3701 272 3764 vit,
322 3702 465 3770 quod
512 3704 640 3757 nulli
691 3703 934 3758 dictatori
983 3715 1105 3758 ante
1151 3705 1465 3774 contigerat,
1513 3715 1567 3758 ct
1614 3705 1755 3775 quod

172 3792 271 3847 illis
296 3792 398 3846 diis
415 3793 526 3862 jam
560 3802 821 3864 prmscntc
846 3794 1155 3865 Esculapio
1175 3795 1385 3864 gravius
1404 3795 1604 3849 crimen
1635 3794 1751 3850 fuit.

241 3884 294 3938 3.
328 3883 466 3939 Tum
492 3900 617 3940 vero
649 3893 756 3940 tant
785 3885 946 3939 multa
974 3885 1112 3941 bella
1137 3886 1331 3956 ubique
1364 3885 1713 3940 crebruerunt
1731 3927 1750 3956 ,

170 3983 226 4028 ut
265 3975 445 4044 inopia
485 3976 708 4031 militum
747 3977 1020 4047 proletarii
1068 3977 1178 4041 illi,
1216 3978 1304 4048 qui
1340 3993 1406 4032 eo
1443 3978 1582 4048 quod
1617 3979 1752 4050 proli

168 4067 446 4136 gignenda:
472 4067 750 4132 vacabant,
775 4068 843 4122 oh
869 4077 1158 4138 egestatem
1188 4068 1414 4122 militare
1442 4083 1547 4122 non
1573 4070 1752 4124 valen-

170 4165 267 4220 tes,
301 4158 404 4210 ltoc
444 4171 634 4212 nomen
664 4166 1000 4227 acceperant,
1034 4157 1234 4211 militia:
1261 4158 1746 4214 conscriberentur.

168 4250 382 4302 Accitus
405 4249 566 4304 etiam
591 4263 622 4304 a
645 4248 944 4303 Tarentinis
965 4249 1219 4320 Pyrrhus,
1245 4265 1334 4303 rex
1360 4248 1598 4313 Grmcim,
1627 4259 1751 4306 tunc

167 4339 366 4409 ingenti
396 4341 564 4411 gloria
591 4340 912 4405 celebratus,
941 4339 1304 4395 Romanorum
1337 4339 1503 4393 hostis
1529 4340 1749 4395 effectus

167 4439 262 4484 est.
309 4430 408 4484 Cui
457 4444 584 4485 sane
622 4429 690 4484 de
738 4445 916 4484 rerum
961 4429 1139 4484 futuro
1177 4438 1368 4484 eventu
1411 4429 1745 4497 consulenti,

165 4523 294 4576 satis
332 4522 536 4577 urbane
577 4522 770 4592 Apollo
801 4523 877 4577 sic
910 4524 1212 4593 ambiguum
1244 4522 1515 4577 oraculum
1550 4523 1743 4588 edidit,

167 4623 222 4668 ut
244 4629 274 4667 e
303 4613 516 4668 duobus
540 4612 792 4684 quidquid
821 4614 1121 4680 accidisset,
1151 4613 1264 4684 ipse
1292 4611 1503 4668 divinus
1529 4613 1750 4670 babere-

164 4712 268 4758 tur.
299 4705 388 4758 Ait
412 4704 554 4758 enim
585 4720 596 4755 :
628 4704 754 4758 Dico
782 4695 851 4767 te,
877 4703 1099 4776 Pyrrhe,
1131 4704 1344 4760 vincere
1368 4718 1526 4773 posse
1551 4702 1749 4758 Roma-

160 4811 279 4850 nos.
312 4799 489 4866 Atque
516 4797 586 4850 ita
615 4796 726 4852 sive
757 4796 994 4868 Pyrrhus
1019 4812 1047 4850 a
1077 4796 1354 4863 Romanis,
1381 4799 1493 4852 sive
1522 4796 1746 4853 Romani

156 4933 164 4946 '
223 4931 240 4961 ί
278 4937 413 4993 μοι,
440 4928 682 4993 caudinus
709 4931 892 4991 ﬂtrcas.
915 4931 1085 4979 exteri
1107 4930 1301 4980 codices
1322 4937 1375 4979 et
1389 4930 1560 4989 Livius,
1586 4930 1670 4980 lib.
1693 4931 1743 4993 9,

157 4992 417 5054 Caluinus
427 4990 658 5054 furculas.
684 4990 924 5054 Augustis:
946 4993 1176 5040 montium
1196 4993 1376 5054 suntin
1398 4993 1601 5054 caudina
1618 4990 1743 5043 valle

157 5061 286 5102 mter
299 5052 518 5115 Abellam
532 5061 582 5101 et
595 5052 1084 5114 Beneventum,juxta
1099 5053 1321 5101 Caudium
1337 5053 1561 5115 oppidum
1571 5056 1742 5104 samnii

157 5127 257 5163 non
282 5113 452 5175 procul
476 5125 504 5176 a
529 5120 808 5176 Benevento
830 5123 882 5164 et
899 5113 1051 5176 Capua
1073 5115 1236 5176 situm.

219 5178 239 5206 ³
267 5173 412 5247 ἰξονη
440 5174 786 5248 git-entytirme‘,‘
810 5173 973 5248 caeteri
990 5173 1126 5248 libri,
1149 5173 1428 5248 άίνεριὶρῃς.
1468 5175 1646 5248 pte-hac
1661 5190 1742 5248 se-

157 5239 383 5299 cessione
397 5234 567 5299 plebis
589 5234 636 5286 in
661 5234 926 5299 Janicuium
949 5244 1190 5298 montem,
1213 5234 1340 5299 quod
1362 5239 1642 5287 Hontorium
1660 5239 1743 5288 ho-

155 5296 237 5347 die
266 5296 473 5359 vocatit,
497 5300 599 5359 egit
622 5299 777 5347 Livius
798 5297 883 5348 lib.
913 5300 987 5348 II.

217 5333 442 5430 is}
458 5333 600 5408 ίίῦῗέ
614 5333 998 5430 erasas:

241 5419 290 5481 ὁ)
316 5422 451 5478 tbid.,
477 5434 582 5483 cap.
609 5420 673 5483 46
692 5419 850 5483 seqq,
877 5419 1035 5483 et'lib.
1059 5422 1109 5479 7,
1129 5433 1234 5483 cap.
1262 5421 1307 5483 I.

241 5435 290 5481 υ)
316 5435 451 5478 nna.,
477 5435 582 5483 cap.
609 5435 673 5468 ω
692 5435 748 5468 se
783 5435 850 5483 q.,
877 5435 929 5471 et
951 5435 1035 5469 nn.
1060 5435 1109 5479 Ἰ,
1129 5435 1234 5483 cap.
1262 5435 1307 5470 ι.

240 5486 289 5591 9
317 5483 432 5532 vide
454 5495 617 5553 supra,
650 5480 732 5562 lib.
749 5435 801 5540 (ἕ,
826 5496 932 5556 cap.
957 5482 1046 5562 δᾲς
1069 5489 1122 5554 et
1145 5482 1229 5530 lib.
1256 5482 1439 5555 2,.cap.
1466 5481 1515 5530 8.

282 5546 299 5591 l
326 5550 436 5591 Duae
455 5557 518 5591 ex
545 5556 637 5591 eis.
663 5543 877 5591 (.ornelia
902 5551 954 5591 et
973 5555 1156 5591 set-ma.
1188 5552 1352 5591 genus
1373 5545 1515 5591 tueru

221 5542 299 5616 (ά)
326 5542 528 5616 Duteex:
545 5542 974 5616 eishtto‘rnelia'etn
973 5545 1156 5616 Sergia,
1188 5545 1352 5616 gentis
1373 5542 1573 5616 fuerunt
1589 5545 1738 5616 patri-

153 5605 258 5682 ci},
279 5603 410 5654 teste
433 5607 577 5658 Livio.
711 5603 757 5676 8,
783 5618 887 5682 capi.
919 5604 992 5664 18,
1008 5603 1090 5668 qui
1116 5603 1358 5682 matronas
1380 5607 1442 5654 ob
1464 5604 1509 5652 id
1535 5603 1737 5682 sceleth

154 5666 214 5714 ad
235 5675 424 5715 centum
446 5679 498 5716 et
517 5666 828 5726 septitagittta
851 5666 1096 5716 damnatas
1115 5667 1244 5715 dicit.

217 5727 282 5790 (e)
306 5731 422 5786 Liv.,
449 5729 544 5790 lib.
564 5727 614 5790 9,
640 5738 743 5790 cap.
764 5726 954 5790 gseqq.

215 5784 280 5852 (ri
302 5792 386 5851 Id.,
410 5784 502 5839 lib.
526 5789 606 5840 io.
631 5784 840 5852 cali._3i_.

209 5847 274 5920 (ἐν)
296 5847 382 5918 ιιι,
408 5852 553 5911 tbid.,
583 5861 692 5912 cap.
711 5848 790 5906 47,
810 5850 857 5898 in
879 5847 986 5899 nnc.

1893 515 1924 556 a
1962 501 2167 575 Pyrrho
2205 507 2572 579 vincerentur,
2615 527 2831 573 securus
2868 516 3110 578 fatidicus
3151 526 3459 590 utrumlibet

1889 607 2220 664 exstiectarct
2263 612 2528 656 eventum.
2571 605 2698 672 Qua:
2739 617 2863 666 tunc
2903 620 2958 666 et
2999 629 3153 682 quam
3197 616 3457 676 horrenda

1886 688 2161 758 utriusque
2200 696 2467 748 exercitus
2507 696 2725 753 clades?
2762 700 2817 756 In
2860 719 2961 772 qua
3003 714 3176 761 tamen
3217 711 3458 778 superior

1888 777 2120 847 Pyrrhus
2146 785 2364 849 exstitit,
2392 793 2448 839 ut
2466 786 2574 855 jam
2604 800 2783 854 posset
2808 795 3106 862 Apollinem
3135 814 3229 868 pro
3255 777 3354 854 suo
3379 803 3456 856 in-

1886 871 2099 926 tellectu
2138 875 2422 943 prmdicare
2448 877 2712 946 divinum;
2745 883 2844 938 nisi
2876 887 3115 954 proxime
3142 890 3247 944 alio
3273 894 3456 961 pra-lio

1885 960 2106 1017 Romani
2131 964 2478 1022 abscederent
2503 973 2822 1040 Superiores.
2848 977 3018 1047 Atque
3039 980 3089 1032 in
3116 989 3257 1036 tanta
3277 960 3456 1055 strage

1882 1051 2142 1109 bellorum
2177 1056 2335 1112 etiam
2387 1061 2683 1128 pestilentia
2721 1067 2896 1134 gravis
2932 1078 3112 1124 exorta
3149 1083 3231 1128 est
3265 1051 3455 1130 mulie-

1881 1159 1999 1199 rum
2035 1164 2047 1200 :
2075 1163 2195 1202 nam
2225 1150 2528 1222 priusquam
2567 1164 2804 1212 maturos
2839 1168 3020 1228 partus
3053 1163 3302 1232 ederent,
3331 1181 3453 1238 gra-

1881 1237 2016 1292 vidae
2038 1241 2419 1298 moriebantur.
2448 1244 2547 1302 Ubi
2568 1262 2647 1314 se,
2674 1251 2854 1316 credo,
2880 1253 3218 1326 jEscnlapius
3237 1237 3455 1318 excusa-

1881 1328 1990 1394 bat,
2016 1332 2156 1402 quod
2183 1335 2500 1390 archiatrum
2527 1339 2564 1404 ί,
2595 1355 2701 1394 non
2730 1342 3066 1400 obstetricem
3089 1349 3450 1418 profitebatur.

1883 1419 2120 1479 Pecudes
2149 1441 2357 1496 quoque
2391 1429 2635 1484 similiter
2664 1431 2967 1499 interibant,
2998 1437 3066 1492 ita
3094 1450 3149 1494 ut
3172 1441 3279 1509 jam
3307 1442 3455 1500 defe-

1877 1519 2085 1568 cturum
2141 1531 2310 1586 genus
2363 1519 2667 1575 animalium
2716 1525 3038 1582 crederetur.
3093 1529 3228 1596 Quid
3285 1532 3454 1588 hiems

1880 1603 1967 1658 illa
1999 1607 2361 1664 memorabilis
2388 1619 2492 1664 tam
2524 1612 2813 1669 incredibili
2844 1618 3168 1676 immanitate
3194 1623 3416 1679 szeviens
3436 1665 3450 1691 ,

1880 1702 1936 1750 nt
1962 1696 2168 1751 nivibus
2199 1697 2462 1755 horrenda
2491 1703 2766 1760 altitudine
2794 1707 2953 1762 etiam
2983 1710 3033 1763 in
3061 1709 3177 1765 foro
3210 1729 3305 1782 per
3338 1714 3454 1769 dies

1877 1785 2222 1857 quadraginta
2249 1792 2602 1857 manentibus,
2636 1795 2844 1851 Tiberis
2865 1813 3074 1870 quoque
3102 1802 3268 1870 glacie
3295 1803 3452 1860 dura-

1877 1880 2094 1944 retur',
2145 1881 2188 1934 si
2234 1884 2430 1937 nostris
2473 1888 2798 1956 temporibus
2845 1891 3150 1959 accidisset,
3201 1913 3318 1966 qua:
3367 1898 3450 1952 isti

1877 1977 1930 2023 et
1958 1981 2148 2040 quanta
2180 1973 2474 2030 dixissent?
2499 1977 2632 2044 Quid
2663 1980 2748 2034 illa
2781 1981 2958 2037 itidem
2989 1985 3174 2056 ingens
3200 1990 3450 2057 pestilen-

1878 2060 1965 2124 tia,
1991 2063 2238 2131 quamdiu
2263 2067 2483 2133 sawivit,
2508 2085 2663 2137 quam
2686 2072 2878 2126 multos
2903 2077 3158 2144 peremit?
3179 2080 3305 2144 Qua:
3328 2095 3448 2134 cum

1875 2151 1927 2204 in
1948 2166 2142 2206 annum
2165 2155 2322 2210 alium
2347 2159 2512 2213 multo
2531 2161 2740 2229 gravius
2762 2164 3083 2233 tenderetur,
3109 2169 3294 2224 frustra
3318 2187 3451 2241 prte-

1874 2249 2024 2296 settte
2044 2242 2367 2314 IEscuIapio,
2388 2247 2587 2301 aditum
2608 2252 2771 2306 estad
2796 2253 2960 2308 libros
2974 2256 3257 2328 Sibyllinos
3270 2260 3366 2332 (a).
3392 2262 3447 2316 In

1872 2345 1978 2400 quo
2003 2347 2198 2401 genere
2220 2336 2579 2405 oraculorum,
2599 2339 2733 2394 sicut
2758 2341 2943 2397 Cicero
2971 2344 3021 2398 in
3049 2346 3194 2401 libris
3213 2349 3280 2402 de
3309 2350 3451 2404 Divi-

1873 2422 2086 2477 natione
2108 2438 2506 2491 commemorat,
2537 2431 2701 2500 magis
2729 2431 3124 2502 interpretibus,
3148 2448 3204 2492 ut
3231 2453 3448 2508 possunt

1871 2528 1965 2574 seu
1994 2517 2379 2595 voluntkdubia
2407 2523 2845 2593 conjectantibus,
2868 2527 3011 2582 credi
3039 2531 3172 2585 solet
3195 2531 3366 2603 (Libro
3389 2534 3446 2601 2,

1868 2627 1984 2681 cap.
2021 2613 2134 2683 5i).
2166 2615 2317 2670 Tunc
2341 2629 2470 2684 ergo
2497 2614 2692 2670 dictum
2719 2627 2800 2672 est
2825 2633 2939 2673 eam
2966 2635 3084 2675 esse
3113 2637 3321 2677 causam
3351 2640 3444 2695 pe-

1866 2703 2112 2758 stilentia:
2129 2744 2146 2771 ,
2175 2705 2314 2774 quod
2342 2705 2595 2776 plurimas
2615 2707 2762 2764 ardes
2789 2723 2965 2764 sacras
2991 2710 3140 2766 multi
3166 2724 3448 2784 occupatas

1868 2794 2108 2862 privatim
2137 2805 2376 2852 tenerent
2408 2817 2421 2852 :
2449 2800 2526 2854 sic
2557 2802 2765 2857 interim
2789 2819 2815 2855 a
2840 2817 3032 2875 magno
3061 2805 3335 2874 imperitiae
3361 2809 3444 2864 vel

1865 2883 2084 2940 desidia:
2103 2887 2325 2944 crimine
2342 2889 2675 2961 Esculapius
2697 2893 2948 2950 liberatus
2969 2902 3069 2950 est.
3100 2894 3247 2950 Unde
3270 2906 3443 2953 autem

1863 2988 1893 3028 a
1924 2977 2106 3032 multis
2131 2979 2275 3034 aedes
2305 2980 2408 3035 illuc
2437 2981 2646 3039 fuerant
2675 2997 2976 3055 occupatis,
3007 2986 3221 3046 nemine
3259 2995 3444 3062 prohi-

1863 3067 2041 3136 bente,
2065 3071 2163 3125 nisi
2186 3072 2306 3142 quia
2329 3081 2488 3128 tantae
2516 3077 2788 3131 numinum
2813 3079 2977 3134 turba:
3002 3079 3090 3135 diu
3113 3081 3304 3139 frustra
3331 3085 3445 3142 fue-

1862 3171 1945 3216 rat
1969 3162 2354 3232 supplicatum;
2380 3175 2538 3236 atque
2561 3170 2629 3221 ita
2655 3169 2903 3238 paulatim
2927 3171 3041 3226 loca
3064 3173 3444 3234 deserebantur

1862 3264 1893 3305 a
1917 3253 2210 3307 cultoribus
2232 3295 2246 3319 ,
2277 3263 2333 3309 ut
2359 3265 2604 3326 tanquam
2631 3274 2794 3314 vacua
2823 3259 2938 3316 sine
2967 3263 3123 3318 ullius
3150 3267 3442 3328 offensione

1862 3353 2081 3413 possent
2108 3343 2354 3400 humanis
2391 3348 2578 3403 saltem
2621 3349 2802 3404 usibus
2838 3351 3130 3409 vindicari?
3162 3355 3293 3412 Nam
3323 3375 3440 3429 qua:

1861 3441 1984 3490 tunc
2010 3435 2153 3489 velut
2179 3437 2246 3492 ad
2272 3437 2559 3494 sedandam
2598 3442 2951 3512 pestilentiam
2981 3444 3260 3516 diligenter
3289 3466 3441 3521 repe-

1861 3524 1953 3580 tita
1980 3532 2138 3596 atque
2165 3539 2429 3599 reparata,
2459 3530 2559 3586 nisi
2590 3542 2770 3602 postea
2798 3534 2984 3590 eodem
3015 3537 3174 3592 modo
3200 3540 3437 3610 neglecta

1859 3625 2016 3686 atque
2047 3629 2291 3686 usurpata
2324 3620 2621 3688 Iatitarent,
2655 3640 2760 3678 non
2793 3626 2970 3695 utique
3006 3643 3208 3697 magna:
3239 3632 3438 3699 peritia:

1860 3708 2110 3764 Varronis
2138 3711 2481 3779 tribueretur,
2513 3715 2653 3784 quod
2685 3716 2924 3772 scribens
2954 3718 3020 3773 de
3048 3719 3250 3774 uadibus
3275 3723 3438 3778 sacris

1860 3808 1964 3854 tant
2007 3803 2167 3856 multa
2209 3804 2442 3870 ignorata
2481 3816 2878 3862 commemorat.
2919 3808 3024 3864 Sed
3067 3821 3189 3866 tunc
3228 3813 3435 3869 interim

1857 3891 2100 3962 elegans,
2130 3909 2234 3949 non
2264 3897 2575 3964 pestilentia:
2601 3897 2844 3968 depulsio
2864 3940 2880 3966 ,
2907 3900 2999 3955 sed
3028 3900 3246 3956 deorum
3274 3919 3436 3960 excu~

1856 3985 1993 4039 satio
2021 3998 2300 4055 procurata
2332 3998 2435 4043 est.
3159 4029 3161 4031 ι

1856 4073 2080 4132 CAPUT
2117 4077 2300 4131 XVIII.
2327 4110 2398 4120 —
2426 4080 2641 4145 Quanta:
2669 4081 2836 4138 clades
2876 4083 3130 4139 Romanos
3163 4087 3253 4140 sub
3294 4087 3434 4144 bellis

1909 4165 2119 4220 Punicis
2141 4169 2363 4222 triverint
2381 4211 2396 4234 ,
2426 4173 2616 4240 {rustra
2641 4173 2844 4226 deorum
2865 4177 3112 4244 prasidiis
3134 4179 3380 4248 expetitis.

1927 4257 1978 4310 I.
2011 4255 2126 4310 Jam
2171 4273 2299 4312 vero
2338 4259 2548 4313 Punicis
2593 4262 2775 4326 bellis,
2812 4278 2931 4318 cum
2973 4265 3111 4319 inter
3153 4258 3433 4339 utrumque

1854 4347 2131 4418 imperium
2162 4350 2379 4403 victoria
2407 4351 2494 4404 ditt
2521 4368 2718 4422 anceps
2743 4365 2900 4424 atque
2929 4356 3125 4411 incerta
3155 4359 3428 4428 penderet,

1854 4439 2138 4509 populique
2178 4439 2282 4492 duo
2325 4442 2596 4509 prmvalidi
2639 4443 2865 4512 impetus
2895 4446 2944 4498 in
2980 4447 3289 4502 alterutrum
3323 4451 3430 4504 for-

1855 4533 2085 4586 tissimos
2105 4540 2160 4586 et
2179 4532 2612 4601 Opulentissimos
2632 4543 2866 4604 agerent,
2893 4547 3015 4606 quot
3043 4539 3324 4595 minutiora
3348 4555 3433 4595 re-
3475 4589 3497 4606 .

1851 4639 1951 4695 gna
1977 4625 2206 4679 contrita
2236 4624 2394 4680 sunt?
2418 4639 2535 4693 quae
2562 4625 2721 4678 urbes
2743 4625 2931 4694 amplm
2957 4627 3265 4699 nobilesque
3289 4629 3434 4686 dele-

1852 4714 1954 4769 tua?
1979 4722 2106 4784 quot
2128 4715 2358 4780 afflictae,
2387 4723 2510 4784 quot
2541 4713 2759 4784 perdita:
2785 4715 3064 4770 civitates?
3092 4733 3248 4787 quam
3277 4719 3432 4790 longe

1851 4806 2060 4877 lateque
2073 4816 2145 4860 tot
2159 4807 2405 4876 regiones
2420 4814 2678 4875 terraique
2690 4813 2906 4859 vastata:
2921 4807 3076 4860 sunt?
3090 4809 3296 4876 quoties
3307 4810 3429 4864 victi

1851 4895 1976 4950 hinc
2001 4907 2158 4966 atque
2180 4897 2303 4950 inde
2327 4896 2551 4949 victores
2566 4897 2588 4945 ’ἰ
2608 4893 2732 4963 quid
2761 4893 3032 4948 hominum
3057 4907 3426 4967 consumptum

1849 4998 1950 5054 est,
1979 4989 2058 5040 vel
2090 4989 2440 5058 pugnantium
2471 4987 2715 5051 militum,
2743 4985 2823 5040 vel
2855 4985 2922 5039 ab
2947 4988 3106 5041 armis
3131 4989 3426 5044 vacantium

1850 5080 2204 5151 populorum?
2232 5091 2427 5149 quanta
2452 5080 2534 5134 vis
2562 5077 2773 5133 navium
2800 5078 3020 5132 marinis
3042 5078 3200 5132 etiam
3231 5078 3429 5146 praelii:

1847 5186 2101 5242 oppressa
2124 5212 2141 5238 ,
2173 5182 2229 5227 et
2253 5173 2581 5229 diversarum
2611 5180 2979 5242 tempestatum
3016 5169 3270 5226 varietate
3299 5171 3430 5227 sub-

1847 5279 2021 5320 mersa
2051 5265 2176 5319 est?
2211 5265 2269 5320 Si
2305 5280 2559 5321 enarrare
2588 5265 2671 5320 vel
2704 5277 3122 5319 commemorare
3150 5276 3425 5331 conemur,

1846 5356 1977 5412 nihil
2017 5356 2161 5411 aliud
2201 5371 2358 5426 quam
2398 5357 2687 5426 scriptores
2720 5359 2880 5412 etiam
2909 5370 3007 5410 nos
3035 5354 3233 5409 erimus
3262 5355 3429 5410 histo-

1844 5451 1958 5505 riae.
1997 5450 2148 5506 Tunc
2190 5463 2381 5519 magno
2424 5458 2568 5503 metu
2615 5449 2915 5517 perturbata
2958 5447 3196 5501 Romana
3241 5445 3426 5501 civitas

1843 5541 1912 5598 ad
1939 5542 2174 5599 remedia
2204 5557 2338 5596 vana
2363 5547 2418 5596 et
2447 5539 2663 5594 ridenda
2700 5542 2965 5594 currebat.
2997 5540 3272 5594 Instaurati
3303 5547 3426 5592 sunt

1841 5649 1913 5690 ex
1941 5633 2532 5690 auctoritate-librorum
2563 5630 2936 5700 Sibyllinorum
2969 5629 3076 5682 lttdi
3106 5628 3420 5691 saeculares,

1808 5721 1820 5729 '
1911 5727 1928 5756 ι
1965 5724 2101 5782 aditi,
2121 5720 2420 5773 archiatrum
2436 5733 2504 5769 se.
2532 5718 2792 5778 ttedundat,
2817 5731 2883 5778 se,
2908 5723 2961 5766 et
2981 5717 3122 5766 abest
3143 5729 3172 5780 a
3193 5724 3301 5767 tta.

1910 5789 1931 5818 ²
1962 5784 2180 5835 Nonnulli
2207 5786 2623 5843 Mss.,moraretttr.

1911 5846 1985 5910 (α)
2006 5846 2216 5907 mosius,
2241 5842 2329 5895 lib.
2349 5843 2399 5905 4,
2415 5855 2519 5906 cap.
2539 5842 2590 5894 δ.
