4038 6480
674 410 750 477 99
1750 412 1836 470 DE
1873 406 2191 471 CIVITATE
2229 405 2361 478 DEI,
2401 412 2460 468 S.
2496 410 2857 479 AUCUSTINI

679 516 905 607 quorum
942 530 1219 590 celebritas
1254 528 1393 586 inter
1426 536 1637 584 centum
1679 542 1845 585 annos
1882 529 2051 587 fuerat
2091 526 2244 586 insti-

678 634 822 691 tuta,
852 622 1276 693 felicioribusque
1308 619 1633 690 temporibus
1662 620 1915 676 memoria
1950 620 2248 691 negligente

676 717 925 789 perierat.
971 715 1313 770 Renovaruut
1356 713 1513 769 etiam
1558 712 1834 784 pontifices
1872 712 2024 769 ludos
2067 726 2255 785 sacros.

676 790 878 875 inferis,
908 812 964 861 et
988 804 1131 876 ipsos
1156 800 1382 860 abolitos
1408 803 1561 860 annis
1594 811 1885 861 retrorsum
1915 804 2241 862 melioribus.

674 899 930 956 Nimirum
960 896 1101 954 enim
1122 895 1333 969 quando
1362 896 1599 953 renovati
1625 905 1768 962 sunt,
1792 905 1933 953 tanta
1956 899 2106 969 copia
2132 908 2245 954 mo-

673 988 922 1045 rientium
943 985 1138 1045 ditatos
1159 986 1358 1045 inferos
1378 989 1537 1045 etiam
1560 986 1746 1045 ludere
1764 987 2063 1045 delectabat
2084 1008 2098 1045 :
2121 1004 2242 1045 cum

672 1079 908 1151 profecto
933 1078 1113 1137 miseri
1139 1076 1382 1136 homines
1410 1078 1521 1153 ipsa
1548 1078 1727 1136 rabida
1754 1078 1894 1136 bella
1920 1088 1975 1137 et
1996 1086 2243 1136 cruentas

669 1172 1034 1228 animositates
1070 1170 1421 1245 funereasque
1459 1173 1584 1229 hinc
1622 1181 1781 1244 atque
1808 1173 1931 1230 inde
1963 1173 2239 1241 victorias,

672 1282 892 1339 magnos
916 1274 1133 1338 agerent
1156 1264 1310 1323 ludos
1335 1264 1633 1321 daemonum
1661 1273 1713 1321 et
1735 1265 1937 1338 opimas
1955 1266 2139 1338 epulas
2163 1265 2242 1321 in-

668 1358 922 1415 ferorum.
954 1352 1095 1413 Nihil
1124 1372 1252 1413 sane
1281 1354 1632 1414 miserabilius
1666 1357 1837 1429 primo
1874 1356 2012 1414 bello
2040 1356 2241 1413 Punico

668 1450 896 1519 accidit,
926 1465 1083 1523 quam
1123 1448 1265 1522 quod
1304 1450 1376 1507 ita
1407 1446 1630 1507 Romani
1659 1451 1781 1506 victi
1810 1458 1967 1518 sunt,
1997 1459 2054 1507 ut
2082 1450 2239 1507 etiam

669 1541 904 1614 Regulus
928 1540 1019 1598 ille
1042 1551 1344 1612 caperetur,
1372 1541 1524 1611 cujus
1549 1540 1601 1597 in
1627 1542 1797 1612 primo
1823 1551 1878 1599 et
1903 1542 1955 1597 in
1981 1541 2147 1597 altero
2173 1541 2241 1598 Ii-

668 1633 768 1689 bro
808 1633 1131 1690 mentionem
1171 1630 1392 1688 fecimus
1420 1630 1572 1703 (Lib.
1614 1634 1668 1703 i,
1697 1650 1846 1705 capp.
1880 1632 1948 1690 l5
1984 1642 2031 1690 et
2056 1632 2160 1700 24;
2196 1640 2243 1688 et

668 1724 757 1780 lib.
785 1724 842 1792 2,
871 1739 985 1795 cap.
1015 1723 1130 1795 25),
1158 1723 1240 1779 vir
1267 1723 1422 1795 plane
1449 1739 1671 1795 magnus
1695 1734 1748 1781 et
1772 1724 1941 1781 victor
1964 1733 2119 1782 antea
2146 1724 2241 1782 do-

667 1818 931 1892 utitorun
957 1817 1241 1876 Ptenorum
1267 1834 1279 1873 :
1303 1817 1395 1888 qui
1419 1816 1577 1873 etiam
1600 1817 1769 1889 ipsum
1794 1816 2024 1890 primum
2043 1817 2241 1875 bellum

667 1911 926 1967 Punicum
962 1907 1311 1975 confecisset,
1347 1904 1453 1966 nisi
1486 1906 1735 1965 aviditate
1780 1908 1944 1965 nimia
1983 1910 2151 1965 laudis
2187 1918 2243 1966 et

663 2001 847 2073 gloria:
875 2000 1119 2058 duriores
1146 1996 1497 2067 conditiones,
1524 2012 1681 2072 quam
1708 1997 1845 2055 ferre
1874 2008 2111 2071 possent,
2141 1997 2242 2056 fes-

664 2094 739 2149 sis
764 2092 1264 2164 Cartbaginensibus
1291 2093 1625 2163 imperasset.
1651 2090 1796 2148 Illius
1819 2092 1917 2148 viri
1941 2102 1996 2148 et
2020 2092 2242 2162 captivi-

666 2192 746 2240 tas
771 2183 1214 2256 inopinatissima,
1242 2192 1297 2239 et
1318 2184 1545 2240 servitus
1566 2180 1949 2254 indignissima,
1972 2190 2026 2239 et
2044 2182 2240 2255 juratio

669 2272 1001 2343 fidelissima,
1020 2282 1073 2331 et
1098 2288 1242 2333 mors
1264 2273 1627 2331 crudelissima
1654 2274 1698 2330 si
1722 2274 1851 2331 deos
1875 2272 1994 2330 illos
2020 2289 2127 2329 non
2152 2289 2241 2329 co-

661 2364 739 2436 git
781 2365 1132 2434 erubescere,
1170 2380 1353 2420 verum
1388 2374 1473 2420 est
1508 2357 1655 2435 quod
1686 2363 1812 2420 :erei
1848 2373 2009 2434 sunt,
2042 2374 2095 2419 et
2132 2380 2236 2419 nou

662 2456 863 2513 habent
887 2458 1219 2528 sanguinem.

733 2545 787 2601 2.
811 2544 920 2601 Nec
937 2546 1070 2599 mala
1099 2545 1190 2600 illo
1228 2554 1465 2617 tempore
1494 2538 1803 2619 gravissima
1853 2545 1994 2602 intra
2038 2545 2236 2603 moenia

662 2635 958 2692 defuerunt.
988 2634 1118 2692 Nam
1145 2635 1446 2692 exundante
1495 2635 1653 2691 nimis
1690 2634 1824 2693 ultra
1853 2651 2053 2693 morem
2076 2636 2237 2692 fluvio

664 2729 913 2789 Tiberino
958 2745 1093 2800 pene
1149 2730 1324 2786 omnia
1379 2730 1522 2787 urbis
1570 2728 1729 2801 plana
1779 2731 2032 2787 subversa
2082 2739 2233 2798 sunt;

664 2821 788 2879 allis
814 2823 1015 2893 impetu
1041 2821 1192 2892 quasi
1222 2820 1471 2878 torrentis
1500 2822 1767 2892 impulsis,
1802 2822 1920 2879 aliis
1949 2824 2093 2878 velut
2122 2832 2234 2879 sta-

662 2924 769 2985 gno
789 2913 1037 2969 diuturno
1056 2911 1364 2970 madefactis
1385 2922 1543 2985 atque
1562 2913 1843 2986 sublapsis.
1864 2914 2021 2970 Istam
2044 2914 2234 2971 deinde

665 3016 872 3077 pestem
907 3006 1037 3077 ignis
1076 3006 1424 3078 perniciosior
1450 3006 1767 3063 subsecutus
1793 3018 1902 3077 est,
1934 3008 2024 3081 qui
2050 3024 2231 3064 corre-

660 3099 771 3168 ptis
795 3099 935 3155 circa
962 3098 1135 3156 forum
1160 3099 1458 3170 quibusque
1488 3099 1823 3168 celsioribus,
1851 3100 2006 3156 etiam
2038 3103 2232 3171 templo

661 3189 838 3248 Vestae
862 3206 960 3248 suo
990 3190 1415 3267 ‘familiarissimo
1448 3208 1553 3249 non
1583 3193 1841 3265 pepercit,
1875 3192 1961 3249 ubi
1994 3192 2043 3250 ei
2070 3188 2235 3249 veluti

661 3282 822 3339 vitam
852 3292 1160 3354 perpetuam
1204 3283 1606 3356 diligentissima
1652 3286 2024 3342 substitutione
2063 3284 2231 3357 ligno-

657 3389 811 3444 rum,
855 3391 963 3432 non
1012 3386 1119 3433 tam
1165 3376 1439 3434 honoratae
1482 3393 1639 3449 quam
1693 3378 1957 3435 damnatae
2003 3379 2232 3450 virgines

657 3465 858 3523 donare
886 3478 1293 3526 consueverant.
1321 3468 1474 3525 Tunc
1500 3484 1625 3524 vero
1655 3468 1763 3524 illic
1792 3470 1948 3542 ignis,
1980 3486 2084 3526 non
2113 3478 2227 3527 tau-

658 3567 768 3613 tum
795 3558 1035 3624 vivebat,
1079 3558 1173 3615 sed
1201 3559 1361 3614 etiam
1392 3560 1659 3616 saeviebat.
1688 3556 1851 3630 Cujus
1893 3561 2091 3632 impetu
2124 3576 2230 3618 ex-

656 3648 855 3705 territa:
881 3648 1146 3721 virgines,
1176 3663 1324 3705 sacra
1355 3650 1444 3705 illa
1472 3649 1648 3706 fatalia
1668 3692 1685 3719 ,
1712 3667 1827 3723 quae
1859 3651 1968 3722 jam
2000 3662 2106 3707 tres
2128 3694 2141 3719 ,
2170 3653 2223 3709 in

658 3740 853 3809 quibus
892 3727 1133 3807 fiierant,
1162 3750 1468 3810 presserant
1491 3741 1732 3799 civitates
1757 3742 1869 3815 (a),
1898 3759 2019 3799 cum
2046 3743 2113 3798 ab
2141 3744 2229 3800 illo

655 3827 902 3884 incendio
928 3829 1155 3886 liberare
1182 3845 1288 3885 non
1318 3840 1557 3900 possent,
1586 3828 1829 3888 Metellus
1858 3829 2093 3904 pontifex
2121 3848 2230 3890 sum

590 3914 595 3915 “
656 3916 882 3987 quodam
912 3916 1069 3973 modo
1098 3918 1281 3974 salutis
1307 3919 1502 3977 oblitus
1544 3921 1751 3977 irruens
1779 3934 1840 3978 ea
1887 3924 2227 3979 semiustula-

655 4017 739 4064 tus
789 4007 1017 4079 abripuit
1057 4008 1157 4080 (b).
1181 4008 1365 4079 Neque
1408 4011 1550 4066 enim
1581 4012 1665 4067 vel
1702 4012 1873 4084 ipsum
1904 4014 2038 4087 ignis
2063 4030 2227 4086 agno-

656 4098 730 4154 vit
757 4117 769 4130 ·
800 4108 890 4154 aut
921 4114 1051 4155 vero
1093 4109 1205 4155 crat
1250 4100 1319 4155 ibi
1366 4117 1563 4159 numen
1590 4143 1604 4169 ,
1633 4104 1775 4175 quod
1819 4120 1925 4160 non
1955 4105 2113 4160 etiam
2135 4149 2152 4174 ,
2183 4107 2229 4162 si

648 4187 872 4255 fuisset,
917 4188 1155 4263 fugisset.
1207 4191 1379 4248 llomo
1428 4193 1586 4266 igitur
1605 4196 1781 4267 potius
1828 4197 1996 4252 sacris
2032 4195 2225 4266 Vestae,

649 4297 810 4353 quam
841 4282 925 4338 illa
957 4282 1158 4340 homini
1199 4286 1457 4355 prodesse
1480 4297 1793 4359 potuerunt.
1821 4288 1879 4348 Si
1907 4300 2084 4347 autem
2110 4307 2141 4347 a
2172 4306 2230 4349 se

650 4373 783 4443 ipsis
810 4372 985 4444 ignem
1014 4388 1120 4431 non
1146 4377 1494 4447 repellebant,
1519 4380 1808 4450 civitatem,
1831 4382 1983 4453 cujus
2006 4382 2228 4439 salutem

652 4464 791 4521 tueri
821 4466 1159 4536 putabantur,
1182 4468 1307 4538 quid
1336 4478 1519 4525 contra
1552 4470 1670 4528 illas
1697 4488 1865 4545 aquas
1885 4473 2231 4546 flammasque

574 4539 594 4553 ’
649 4565 896 4628 poterant
943 4556 1238 4628 adjuvare?
1284 4559 1423 4616 sicut
1476 4561 1637 4618 etiam
1686 4539 1775 4622 res
1825 4563 1939 4635 ipsa
1987 4564 2118 4620 nihil
2142 4539 2231 4623 ἀι

578 4672 581 4677 -
652 4659 873 4731 prorsus
904 4648 1140 4718 potuisse
1168 4650 1436 4721 patefecit.
1471 4653 1597 4711 llaec
1622 4655 1739 4713 istis
1769 4672 2106 4729 nequaquam
2132 4657 2230 4714 ob-

642 4735 936 4809 iicerentur
964 4752 997 4792 a
1024 4739 1217 4808 nobis,
1243 4742 1289 4797 si
1318 4742 1406 4797 illa
1437 4758 1586 4801 sacra
1624 4745 1900 4817 dicerent,
1934 4765 2043 4805 non
2071 4759 2230 4806 tuen-

646 4827 737 4884 dis
756 4827 845 4885 his
867 4827 1023 4886 bonis
1047 4834 1429 4901 temporalibus
1456 4835 1719 4907 instituta,
1751 4839 1852 4897 sed
1873 4834 2233 4911 significandis

643 4920 901 4988 aeternis;
924 4930 977 4977 et
1003 4921 1147 4989 ideo,
1174 4938 1298 4980 cum
1321 4926 1335 4955 ¹
1359 4940 1421 4981 ea
1462 4929 1605 4998 quod
1646 4930 1947 5002 corporalia
1976 4930 2232 4987 visibilia-

643 5027 748 5084 que
771 5023 973 5083 essent,
995 5016 1169 5086 perire
1202 5018 1555 5092 contingeret,
1580 5023 1712 5081 nihil
1733 5024 1817 5082 his
1841 5024 2010 5083 rebus
2040 5027 2227 5093 minui,

642 5118 859 5179 propter
884 5124 1023 5181 quas
1064 5109 1275 5168 fuerant
1302 5113 1539 5171 instituta
1564 5157 1579 5181 ,
1626 5126 1680 5174 et
1706 5135 1870 5191 posse
1910 5118 1977 5174 ad
2011 5119 2229 5175 eosdem

641 5209 771 5255 usus
809 5199 985 5257 denuo
1008 5203 1268 5274 reparari.
1299 5198 1447 5261 Nunc
1473 5223 1601 5265 vero
1643 5214 1885 5269 caecitate
1927 5210 2228 5277 mirabili’.

642 5287 723 5346 eis
766 5292 931 5347 sacris
970 5309 1088 5364 qua:
1131 5297 1308 5367 perire
1336 5300 1573 5370 possint,
1602 5302 1722 5361 fieri
1751 5308 1999 5378 potuisse
2044 5302 2230 5358 existi-

639 5385 819 5443 mant,
846 5388 906 5435 ut
927 5383 1077 5439 salue
1100 5394 1310 5444 terrena
1330 5398 1384 5445 et
1409 5393 1719 5463 temporalis
1744 5397 1966 5455 felicitas
1992 5394 2232 5455 civitatis

642 5469 821 5540 perire
847 5486 953 5526 non
978 5487 1178 5543 posset.
1211 5480 1442 5539 Proinde
1466 5498 1588 5541 cum
1634 5489 1739 5545 illis
1767 5492 1927 5548 etiam
1956 5486 2232 5551 manenti-

639 5557 740 5617 bus
759 5561 946 5629 sacris,
967 5564 1051 5619 vel
1072 5568 1254 5627 salutis
1282 5573 1552 5643 contritio,
1577 5579 1666 5637 vel
1694 5580 1973 5642 infelicitas
1999 5585 2231 5646 irruisﬁe

693 5672 719 5803 ἒ
744 5669 1483 5803 $3951

698 5794 772 5869 ςρ)
786 5795 926 5869 nium
948 5794 1195 5869 intelligit,
1214 5794 1538 5869 ιλῖῖηῖιὶᾶίέι
1556 5815 1733 5869 Alban.

690 5853 762 5918 (ὁ)
782 5853 954 5923 livius,
979 5853 1203 5916 ubm‘ia'.

3813 427 3922 491 100

2348 541 2689 601 monstratur,
2720 544 2926 594 mutare
2948 541 3281 612 sententiam,
3310 554 3479 615 quam
3503 540 3792 603 defendere
3819 558 3918 605 ne-

2345 635 2577 697 queunt,
2605 626 2922 685 erubescunt
2949 631 2988 684 τ.

2344 796 2572 858 CAPUT
2589 800 2732 861 XIX.
2760 802 2929 862 -De
2967 807 3228 880 aﬁlictione
3268 810 3387 866 belli
3430 811 3617 869 Punici
3665 818 3917 887 cum,

2415 906 2516 964 qua
2533 892 2662 948 vires
2688 896 2846 966 partis
2862 896 3118 970 utriusque
3139 910 3448 973 consumpta
3468 913 3613 959 sum.

2417 1066 2661 1124 Secundo
2713 1080 2888 1127 autem
2936 1073 3079 1130 bello
3123 1076 3327 1133 Punico
3366 1077 3528 1135 nimis
3571 1080 3784 1153 longum
3832 1096 3921 1143 eos

2346 1168 2763 1217 commemorare
2790 1162 2968 1220 clades
2996 1164 3224 1221 duorm]
3254 1169 3594 1240 populorum,
3627 1181 3731 1228 tam
3759 1175 3919 1246 longe

2344 1264 2525 1308 secum
2560 1252 2768 1323 lateque
2793 1257 3178 1327 pugnantium;
3216 1260 3288 1313 ita
3317 1270 3376 1315 ut
3405 1261 3487 1316 his
3510 1278 3727 1334 quoipso
3746 1266 3919 1322 fateri-

2347 1343 2505 1411 tibus,
2534 1345 2624 1416 qui
2652 1360 2758 1401 non
2789 1356 2895 1402 tam
2926 1360 3144 1405 narrare
3170 1350 3313 1405 bella
3342 1352 3597 1420 Romam,
3623 1369 3783 1426 quam
3812 1358 3918 1415 Bo-

2345 1450 2563 1493 manum
2592 1438 2873 1509 imperium
2902 1440 3118 1496 laudare
3146 1440 3756 1511 instituenmt,-similier
3776 1450 3924 1503 victe

2347 1526 2506 1583 fuerit
2528 1528 2619 1584 ille
2643 1529 2734 1600 qui
2769 1530 2894 1585 vicit
2927 1530 3029 1602 (α).
3067 1532 3330 1589 Annibale
3365 1534 3560 1605 quippe
3584 1536 3655 1591 ab
3670 1536 3919 1608 Hispania

2345 1627 2630 1691 surgente,
2673 1629 2728 1677 et
2773 1621 3042 1694 Pyrenaeis
3085 1624 3363 1679 montibus
3409 1630 3703 1695 superatis,
3747 1628 3914 1687 Gallia

2346 1720 2670 1778 transcursa,
2703 1713 3031 1786 Alpibusque
3055 1714 3314 1785 disruptis
3332 1756 3348 1783 ,
3378 1724 3484 1772 tam
3510 1719 3677 1790 longe
3692 1720 3917 1777 circuit:

2344 1804 2515 1861 auctis
2539 1806 2773 1873 viribus,
2805 1815 2994 1862 cuncta
3032 1808 3289 1863 vastando
3325 1817 3418 1864 aut
3446 1810 3777 1881 subigendo,
3804 1822 3914 1869 ter-

2343 1896 2510 1952 rentis
2535 1896 2695 1951 modo
2721 1895 2885 1953 Italiae
2929 1897 3168 1955 faucibus
3210 1899 3479 1965 irruente,
3506 1914 3675 1972 quam
3695 1913 3917 1960 auecta

2342 1986 2481 2043 bella
2510 1995 2659 2058 gesta
2688 1998 2809 2043 sunt
2827 2031 2842 2056 ,
2870 2002 3030 2059 quam
3054 1990 3221 2045 multa
3246 1989 3427 2061 praelia
3452 1993 3512 2047 ἰ
3561 1994 3785 2060 Mes
3809 1995 3915 2052 Bo-

2344 2081 2489 2135 mani
2518 2082 2751 2152 superati
2777 2082 2790 2135 t
2844 2092 3002 2152 quam
3028 2082 3191 2137 multa
3219 2084 3287 2138 ad
3315 2084 3525 2140 hostem
3552 2086 3745 2157 oppida
3769 2086 3913 2142 dele-

2343 2180 2563 2239 cerunt,
2596 2184 2756 2244 quam
2795 2173 2963 2229 multa
2989 2183 3141 2245 capta
3171 2184 3229 2231 et
3253 2178 3549 2246 oppressa!
3599 2192 3758 2251 quam
3787 2182 3914 2238 dicte

2346 2275 2533 2335 pugnae
2555 2307 2570 2332 ,
2594 2272 2649 2321 et
2683 2266 2839 2321 taties
2877 2267 3122 2322 Annibali
3166 2267 3413 2324 Romam
3446 2270 3603 2327 clade
3633 2273 3909 2343 glorieer

2343 2354 2419 2409 De
2448 2351 2714 2412 Cannensi
2742 2363 2920 2412 autem
2967 2359 3282 2416 mirabiliter
3322 2359 3590 2418 horrende
3614 2365 3757 2419 melo
3792 2367 3919 2436 quid

2342 2443 2514 2501 dicam
2534 2487 2549 2513 ,
2584 2447 2670 2503 ubi
2701 2448 2927 2505 Annibal
2956 2462 3075 2505 cum
3101 2461 3242 2506 esset
3271 2452 3711 2522 crrﬂefissimus,
3739 2466 3913 2513 tamen

2342 2546 2484 2595 tanta
2513 2538 2847 2597 inimicorum
2876 2545 3331 2601 atrocissimorum
3356 2546 3505 2604 cado
3528 2548 3769 2618 satiatus,
3798 2566 3919 2621 perv

2341 2632 2391 2687 ci
2419 2631 2647 2701 iussisse
2677 2633 2987 2704 perhibetur
3007 2637 3124 2709 (li)?
3152 2637 3307 2695 Unde
3334 2646 3445 2696 tres
3468 2641 3676 2698 modice
3696 2646 3913 2699 ammte.

2343 2734 2464 2777 rum
2496 2734 2779 2780 aureorum
2803 2723 3175 2797 Carthaginem
3204 2729 3349 2785 misit
3374 2728 3455 2801 (ο)
3478 2745 3498 2784 :
3520 2744 3628 2802 quo
3655 2732 3913 2807 intellige-

2339 2821 2459 2868 rent
2488 2822 2687 2868 tamam
2712 2815 2765 2869 in
2790 2815 2884 2871 illo
2905 2816 3089 2886 praelia
3107 2817 3421 2888 dignitatem
3440 2820 3703 2877 αἱιῑίεδο
3719 2822 3911 2879 Roma-

2340 2917 2482 2972 nam,
2508 2912 2566 2960 ut
2586 2904 2787 2962 facilius
2806 2920 2924 2963 eam
2948 2919 3163 2979 caperet
3185 2924 3432 2967 mensura
3453 2924 3615 2983 quam
3636 2929 3909 2982 numeres;

2340 3000 2498 3066 atque
2525 2995 2650 3051 hinc
2673 3008 2880 3069 strages
2907 3000 3075 3057 turbae
3098 3009 3329 3070 ceterae,
3351 3010 3502 3059 tanto
3528 3006 3708 3074 utique
3732 3022 3911 3063 nune-

2341 3088 2576 3155 rosioris,
2594 3098 2790 3161 quanto
2810 3092 3090 3147 inﬁmieris
3113 3093 3135 3124 ³
3149 3135 3163 3161 ,
3194 3106 3315 3165 qua
3334 3096 3449 3151 sine
3466 3099 3907 3169 annulieiaceltat,

2338 3178 2668 3251 conjicienda
2684 3182 2861 3251 potius
2875 3194 3033 3252 quam
3050 3185 3336 3240 nuntianda
3362 3196 3655 3256 putaretur.
3680 3188 3910 3260 Denique

2339 3276 2484 3326 tanta
2530 3272 2760 3327 militum
2806 3274 2983 3344 inopia
3033 3285 3215 3331 secuta
3261 3287 3379 3342 est,
3424 3287 3486 3335 ut
3523 3280 3746 3336 Romani
3793 3298 3908 3339 reos

2338 3356 2629 3419 facinorum
2670 3367 2948 3436 proposita
2978 3367 3294 3438 impunitate
3329 3371 3638 3442 colligerent
3657 3414 3671 3441 ,
3700 3378 3906 3431 servitia

2336 3454 2586 3511 libertate
2613 3456 2891 3525 donarent,
2915 3465 3079 3529 atque
3100 3475 3170 3514 ex
3195 3461 3300 3515 illis
3329 3462 3604 3532 pudendos
3626 3464 3648 3495 δ
3668 3479 3778 3520 non
3806 3477 3905 3521 tam

2335 3547 2677 3618 suppleretur
2702 3556 2860 3618 quam
2887 3549 3260 3606 institueretur
3286 3554 3573 3609 exercitus.
3601 3554 3784 3612 Servis
3806 3557 3903 3612 ita-

2336 3646 2459 3710 que,
2491 3640 2598 3694 imo
2622 3654 2692 3696 ne
2733 3640 2990 3697 faciamus
3015 3642 3285 3712 iniuriam,
3314 3645 3425 3715 jam
3452 3645 3653 3702 libertis
3683 3663 3779 3717 pro
3802 3648 3903 3703 Ro-

2335 3738 2492 3784 mana
2519 3730 2795 3800 republica
2828 3734 3138 3802 pugnaturis
3162 3746 3311 3789 ama
3338 3734 3642 3792 defuerunt.
3671 3738 3904 3794 Detracta

2335 3829 2459 3877 sunt
2505 3820 2738 3892 templis,
2785 3831 3037 3894 tanquam
3082 3824 3307 3881 Romani
3349 3827 3452 3882 diis
3493 3828 3604 3885 suis
3654 3831 3901 3900 dicerent,

2336 3914 2526 3970 Ponite
2572 3929 2690 3985 quae
2741 3924 2846 3970 tam
2904 3916 2999 3971 diu
3061 3918 3295 3974 inaniter
3334 3920 3616 3987 habuistis,
3659 3926 3733 3979 ne
3779 3922 3905 3979 forte

2335 4003 2533 4075 aliquid
2573 4005 2703 4061 utile
2747 4004 2873 4062 inde
2919 4005 3096 4062 facere
3143 4010 3351 4079 possint
3401 4020 3584 4068 nostra
3629 4015 3901 4086 mancipia,

2336 4097 2476 4153 unde
2496 4111 2612 4162 vos,
2644 4106 2823 4160 nostra
2850 4100 3089 4165 numina,
3113 4100 3245 4155 nihil
3268 4100 3446 4159 facere
3466 4105 3736 4175 potuistis.
3764 4107 3905 4162 Tune

2335 4189 2496 4244 etiam
2524 4189 2801 4260 stipendiis
2827 4189 3155 4247 sufflciendis
3182 4204 3304 4247 cum
3333 4193 3619 4252 defecisset
3645 4198 3901 4264 marium,

2335 4278 2390 4338 in
2428 4297 2556 4338 usus
2583 4282 2823 4354 publicos
2850 4296 2978 4353 opes
3003 4297 3199 4341 venere
3229 4287 3446 4355 privata:
3464 4328 3480 4356 ,
3521 4288 3655 4346 adeo
3674 4303 3906 4361 unoquo-

2336 4388 2440 4447 que
2468 4374 2521 4429 id
2564 4372 2706 4445 quod
2746 4373 2929 4431 habuit
2955 4376 3300 4442 conferente,
3346 4387 3405 4433 ut
3447 4388 3639 4449 prater
3678 4381 3905 4453 singulos

2337 4467 2562 4522 annulos
2589 4479 2782 4523 aureos
2810 4467 3152 4539 singulasque
3176 4468 3371 4536 bullas,
3399 4471 3724 4529 miserabilia
3744 4473 3901 4543 digni-

2336 4559 2461 4615 tatis
2499 4558 2760 4631 iusignia,
2801 4558 2933 4615 nihil
2977 4560 3079 4615 sibi
3124 4560 3241 4616 auri
3279 4570 3496 4617 senatus
3533 4564 3678 4633 ipse,
3716 4571 3905 4636 quanto

2337 4651 2507 4725 magis
2532 4651 2713 4709 caeteri
2740 4651 2956 4708 ordines
2976 4652 3249 4724 tribusque
3274 4655 3636 4725 relinquerent
3653 4655 3764 4729 (ὀμ
3784 4656 3906 4726 Qui

2337 4738 2505 4800 ferret
2545 4740 2695 4809 istos,
2741 4741 2787 4798 si
2817 4746 3015 4799 nostris
3044 4743 3373 4814 temporibus
3396 4744 3465 4800 ad
3500 4745 3640 4801 hanc
3677 4746 3905 4817 inopiam

2337 4844 2673 4909 Cogerentur,
2702 4848 2823 4891 cum
2852 4846 2951 4891 eos
2972 4833 3135 4891 modo
3161 4835 3249 4890 vix
3277 4830 3509 4893 feramus
3531 4878 3547 4906 ,
3576 4837 3791 4910 quando
3814 4852 3905 4909 pro

2335 4927 2607 5001 superﬂua
2619 4928 2894 4999 voluptate
2910 4927 3064 4999 plura
3084 4926 3351 4985 donantur
3370 4927 3737 4999 histrionibus,
3753 4943 3903 5001 quam

2400 5126 2609 5205 ﬂetus.
2621 5124 2775 5176 codex
2799 5131 2843 5175 s.
2868 5124 3083 5186 amandi,
3101 5135 3245 5189 quem
3265 5122 3523 5188 defelldere
3541 5130 3799 5190 nequeant,
3816 5133 3906 5176 non
3928 5148 3929 5205 ί

2366 5223 2985 5324 ξ
3000 5246 3176 5313 pratia
3194 5254 3327 5312 gata
3345 5246 3494 5300 non?
3513 5245 3718 5311 ριιοιία,
3740 5255 3904 5300 etc.--
3926 5278 3927 5291 ι

2336 5313 2408 5362 sic
2430 5314 2574 5361 etiam
2594 5311 2675 5360 Ms.
2700 5311 2808 5360 766.
2872 5318 2929 5360 tl.
3004 5311 3011 5313 ⁷
3197 5311 3211 5312 ί
3924 5360 3925 5383 γ

2341 5438 2350 5448 .
2400 5374 2421 5405 ³
2453 5370 3097 5448 Ἇῖανβηβηῖἓίοτίδκηέιίυὲ
3116 5385 3237 5448 vero
3258 5380 3394 5448 Mss»
3414 5369 3697 5448 ίπῇηιίονίει
3732 5369 3784 5422 ω
3811 5374 3923 5447 θεῖν,

2338 5436 2637 5501 ignobilioris
2659 5435 2830 5493 turbte,
2852 5436 2932 5485 cui
2952 5444 3053 5484 non
3073 5442 3179 5486 erat
3194 5447 3312 5485 usus
3327 5435 3511 5486 annuli.
3922 5435 3923 5471 ξ

2398 5501 2419 5531 δ
2451 5508 2551 5546 Am.
2577 5504 2629 5546 et
2649 5503 2745 5546 ιιι..
2766 5496 3023 5546 nudatis.

2400 5508 2419 5531 δ
2451 5508 2551 5546 Am.
2577 5508 2629 5546 et
2649 5508 2745 5556 δικ,
2766 5508 3023 5559 paucitate.

2400 5560 2479 5682 fa)
2501 5561 2599 5641 Liv.
2623 5560 2760 5630 initio
2781 5556 2869 5637 lib.
2890 5558 2971 5620 Si,
2995 5565 3048 5608 et
3066 5557 3207 5630 Silius
3227 5557 3327 5608 Ital.
3458 5559 3502 5609 ι.

2423 5622 2471 5682 b)
2500 5630 2755 5671 Cmmensts
2795 5620 2957 5670 clades
2980 5628 3171 5682 bonum
3195 5627 3459 5680 exercitus,
3484 5630 3601 5682 quas
3618 5626 3771 5681 prope
3787 5616 3903 5682 gan-

2400 5622 2471 5685 (b)
2500 5622 2755 5671 cannensis
2795 5622 2957 5670 clades
2980 5623 3171 5669 “omni
3195 5622 3459 5680 exercitus,
3484 5630 3597 5682 qua
3618 5626 3771 5681 prope
3787 5622 3901 5687 (htt-

2337 5697 2423 5757 nas
2444 5683 2615 5757 urbem
2652 5695 2743 5757 seu
2764 5684 2921 5732 vicum
2947 5680 3126 5744 Apulia
3146 5682 3364 5744 contigit,
3401 5681 3687 5733 describitur
3709 5692 3739 5731 a
3757 5677 3901 5739 Livio,

2336 5748 2420 5796 lib.
2446 5744 2523 5803 22,
2548 5757 2651 5853 cap.
2678 5743 2732 5791 41
2754 5756 2895 5806 seqq.
2984 5743 2993 5744 “

2398 5809 2466 5869 (c)
2490 5809 2583 5856 Liv.
2612 5807 2692 5869 ab.
2717 5804 2792 5869 ἓξ),
2813 5819 2917 5868 cap.

2420 5809 2466 5869 ε)
2490 5809 2583 5856 Liv.
2610 5809 2692 5854 lib.
2717 5809 2792 5863 25,
2813 5819 2917 5868 cap.
2945 5809 3017 5852 12.

2398 5809 2478 5931 itii
2505 5871 2589 5932 ωε,
2610 5867 2693 5917 lib.
2714 5867 2789 5927 22,
2817 5880 2919 5929 cap.
2946 5868 3023 5926 57,
3051 5875 3100 5917 et
3122 5880 3225 5929 cap.
3251 5867 3415 5918 Sil-Gl.
