4038 6480
177 359 266 416 101

177 487 295 534 tunc
337 475 650 546 legionibus
708 491 811 548 pro
857 485 1104 533 extrema
1154 476 1326 533 salute
1367 475 1558 532 collata
1604 478 1768 532 sunt?

180 589 392 648 CAPUT
415 587 539 645 XX.
563 621 638 630 -—
661 585 740 644 De
761 587 912 646 exitio
931 589 1346 660 Saguntinorum,
1369 589 1546 654 quibus
1575 597 1776 658 promer

251 681 594 736 Romanorum
627 681 914 736 amicitiam
939 681 1257 752 pereuntibus
1281 679 1351 733 dii
1379 679 1598 734 Romani
1625 681 1772 734 auxi-

250 773 372 828 lium
395 790 496 827 non
519 773 774 828 tulerunt.

247 886 352 944 Sed
394 887 446 942 in
495 885 582 942 his
625 886 882 944 erunibus
927 885 1052 942 belli
1099 885 1282 940 Punici
1327 884 1546 939 secundi
1595 885 1768 956 malis,

181 978 308 1034 nihil
367 976 734 1034 miserabilius
803 993 868 1034 ac
923 976 1214 1032 miserabili
1259 977 1478 1048 querela
1533 975 1768 1048 dignius,

181 1085 334 1142 quam
373 1071 598 1128 exitium
641 1069 1059 1142 Saguntinorum
1103 1067 1204 1122 fuit
1249 1065 1348 1142 (ιι).
1399 1067 1524 1124 lla-c
1573 1069 1772 1140 quippe

181 1163 446 1234 Hispaniae
497 1163 690 1220 civitas
735 1161 1058 1218 amicissima
1105 1161 1286 1233 populi
1335 1159 1600 1228 Romani,
1643 1160 1768 1216 dum

177 1257 344 1312 eidem
369 1257 576 1328 populo
619 1255 780 1312 fidem
825 1263 1022 1320 servat,
1067 1268 1252 1310 eversa
1297 1261 1400 1308 est.
1449 1253 1584 1310 llinc
1623 1254 1766 1310 enim

177 1348 405 1404 Annibal
433 1349 608 1406 fracto
649 1347 856 1404 findere
879 1347 1268 1412 Romanorum,
1297 1358 1489 1400 causas
1520 1345 1770 1416 quaesivit

175 1441 360 1511 quibus
389 1453 488 1498 eos
515 1439 752 1496 irritaret
791 1437 856 1492 ad
883 1437 1100 1492 bellum.
1147 1437 1438 1508 Saguntum
1465 1451 1594 1507 ergo
1621 1436 1766 1490 fero-

173 1533 299 1586 cite:
324 1531 616 1587 obsidebat
649 1549 662 1584 :
690 1529 832 1600 quod
861 1529 948 1584 ubi
973 1529 1158 1584 Itonia:
1197 1529 1438 1584 auditum
1471 1536 1587 1594 est,
1617 1527 1766 1584 missi

173 1623 324 1692 legati
353 1622 424 1676 ad
447 1621 802 1688 Annibalem,
827 1629 884 1676 ut
906 1619 974 1676 ab
999 1620 1114 1690 ejlts
1139 1619 1418 1676 obsidione
1443 1619 1760 1676 discederet.

169 1714 476 1784 Centenipti
523 1713 900 1784 Carthaginem
947 1720 1218 1782 pergunt,
1260 1712 1760 1782 querimonian'ique

165 1805 444 1878 deponunt
481 1805 706 1862 foederis
745 1805 914 1874 rupti,
957 1804 1264 1876 infectaque
1295 1805 1506 1876 negotio
1533 1805 1758 1860 Romam

167 1897 412 1954 redeunt.
445 1898 584 1952 Dum
609 1895 696 1950 ha:
723 1911 888 1952 morat
915 1903 1170 1966 agtnttur,
1197 1895 1392 1950 misera
1436 1895 1528 1950 illa
1571 1895 1760 1952 civitas

166 1987 600 2058 epulentissima,
643 2000 754 2040 suae
803 1985 1108 2055 reipublicu:
1147 1983 1505 2056 Romanmque
1549 1984 1756 2040 charis.

165 2079 334 2145 sima,
385 2087 586 2132 octavo
634 2078 720 2132 vel
761 2091 958 2132 nonoa
995 2075 1176 2130 Pugnis
1215 2090 1399 2130 mense
1443 2075 1614 2130 deleta
1653 2083 1754 2132 est.

167 2169 322 2240 Cujus
351 2168 630 2224 interitum
673 2166 876 2238 legele,
915 2175 1111 2237 quanto
1135 2166 1306 2236 magis
1343 2165 1594 2232 scribere,
1629 2165 1756 2221 hor-

167 2262 298 2316 roris
347 2269 454 2316 est.
507 2259 751 2314 Breviter
795 2267 969 2314 tamen
1017 2273 1137 2312 eum
1185 2255 1618 2312 commemorabo
1647 2275 1659 2310 :
1687 2255 1754 2312 ad

167 2367 270 2406 rem
294 2351 500 2421 quippe
525 2365 646 2420 qua:
669 2350 859 2420 agitur,
883 2350 1104 2404 multum
1134 2349 1385 2419 pertinet.
1413 2348 1589 2404 Primo
1615 2347 1754 2404 fame

167 2441 438 2496 conualuit
463 2459 480 2494 :
511 2456 634 2496 riam
681 2441 848 2496 etiam
891 2455 1108 2496 suorum
1153 2439 1503 2496 cadaveribus
1543 2453 1574 2493 a
1615 2451 1750 2496 non-

165 2533 324 2588 nullis
339 2543 498 2603 pasta
521 2531 852 2603 perhibetur.
883 2531 1090 2587 Deinde
1121 2531 1362 2586 omnium
1385 2531 1526 2586 iussa
1549 2546 1748 2600 rerum,

165 2637 232 2679 ne
265 2623 466 2680 saltem
515 2623 726 2694 captiva
775 2623 830 2677 in
875 2635 1062 2676 manus
1105 2623 1382 2678 Annibalis
1427 2623 1746 2692 perveniret,

165 2718 430 2788 ingentem
461 2732 650 2787 rogum
681 2713 890 2786 publice
919 2716 1132 2782 Struxit,
1177 2715 1228 2770 in
1257 2729 1413 2786 quem
1471 2715 1748 2772 ardentem

165 2809 300 2864 ferro
327 2809 493 2864 etiam
541 2807 832 2862 trucidatos
870 2821 1057 2861 omnes
1101 2821 1158 2860 se
1201 2821 1431 2876 suosque
1469 2807 1745 2862 miserunt.

165 2897 254 2954 llic
277 2897 482 2968 aliqm'd
519 2905 740 2967 agerent
780 2897 852 2951 dii
885 2895 1162 2951 helluones
1189 2895 1202 2928 ¹
1229 2904 1388 2968 atque
1429 2897 1746 2966 nebulones,

165 2989 546 3046 sacriﬁciorum
591 2987 838 3058 adipibus
883 2985 1170 3053 inhiantes,
1209 2993 1264 3040 ct
1307 2987 1569 3043 fallacium
1611 2983 1746 3042 divi-

167 3085 432 3136 nationum
480 3079 706 3150 caliginc
751 3077 1076 3148 decipiemus
1109 3097 1119 3132 :
1153 3077 1236 3132 llic
1278 3077 1474 3150 aliquid
1504 3085 1746 3150 agerent,

166 3175 358 3230 civitati
389 3173 572 3246 populi
599 3171 828 3228 Romani
864 3171 1202 3227 amicissima:
1232 3171 1596 3238 subvenirent,
1626 3169 1746 3226 fidei

165 3267 570 3323 conservatione
609 3275 930 3338 pereuntem
977 3263 1150 3336 perire
1199 3281 1302 3318 non
1349 3265 1602 3320 sinerent.
1643 3263 1746 3334 ipsi

163 3363 338 3432 utique
381 3359 549 3415 medii
599 3357 948 3429 prmfucrunt,
993 3373 1114 3412 cum
1143 3355 1398 3411 Bormum
1443 3355 1746 3426 reipublica:

164 3455 442 3524 interiecto
485 3451 687 3509 fmdere
733 3449 978 3520 copulata
1031 3457 1134 3505 est.
1195 3449 1512 3504 Custodiens
1564 3449 1746 3518 itaque

161 3545 392 3602 ﬁdeliter
433 3543 571 3618 quod
611 3545 743 3614 ipsis
783 3541 1096 3614 praesidibus
1136 3541 1328 3614 placito
1351 3541 1618 3612 junxerat,
1643 3541 1746 3596 fide

167 3637 436 3702 vinxerat,
460 3633 730 3706 juratione
771 3635 1178 3700 constrinxerat,
1208 3649 1237 3686 a
1279 3631 1481 3701 perfido
1507 3631 1742 3698 obsessa,

161 3745 436 3802 oppressa,
465 3737 780 3798 consumpta
810 3734 908 3782 est.
939 3726 992 3782 Si
1017 3725 1116 3796 ipsi
1151 3725 1221 3780 dii
1247 3729 1560 3792 tempestate
1584 3727 1744 3792 alque

162 3819 474 3875 fulminibus
515 3817 834 3874 Annibalem
892 3825 1074 3887 postea
1133 3805 1389 3870 Romanis
1443 3813 1740 3884 proximum

161 3914 426 3971 manibus
477 3921 800 3976 terruerunt,
855 3909 1118 3980 longeque
1161 3907 1420 3964 miserunt
1461 3905 1574 3978 (b);
1621 3911 1747 3960 tunc

163 4005 387 4077 primum
423 4003 529 4062 tale
558 4001 758 4076 aliquid
787 4001 1040 4058 facerent.
1085 3999 1267 4054 Audeo
1312 4000 1508 4069 quippe
1547 3997 1742 4064 dicere,

161 4097 435 4155 honestius
460 4097 584 4152 illos
611 4112 708 4168 pro
734 4095 919 4150 amicis
949 4093 1308 4149 Romanorum
1332 4133 1345 4158 ,
1381 4091 1500 4146 ideo
1539 4087 1745 4159 pericli-

161 4187 392 4244 tantibus
439 4202 512 4242 ne
558 4183 812 4242 Romanis
861 4183 1169 4256 frangerent
1217 4183 1396 4250 fidem,
1447 4191 1500 4237 et
1545 4179 1744 4236 nullam

159 4291 312 4348 opem
338 4287 468 4332 tunc
493 4275 833 4342 habentibus,
861 4289 1018 4346 quam
1049 4289 1144 4346 pro
1181 4274 1308 4344 ipsis
1333 4273 1587 4328 Romanis
1606 4312 1622 4339 ,
1655 4273 1745 4342 qui

159 4381 252 4437 pro
277 4384 338 4424 se
381 4367 720 4440 pugnabant,
762 4377 922 4438 atque
963 4363 1220 4422 adversus
1253 4363 1568 4419 Annibalem
1611 4375 1743 4433 opu-

159 4459 286 4516 lenti
309 4466 492 4522 erant,
524 4459 760 4530 potuisse
787 4465 1101 4528 tempestate
1129 4457 1340 4512 saevire.
1373 4455 1431 4510 Si
1456 4469 1582 4527 ergo
1607 4463 1744 4509 tuto-

159 4561 456 4608 resessent
497 4551 752 4606 Romana:
781 4547 1049 4604 felicitatis
1091 4559 1144 4604 et
1187 4545 1390 4620 glorire,
1441 4555 1546 4601 tam
1586 4559 1746 4616 grave

159 4643 222 4698 ab
242 4659 304 4699 ea
327 4643 536 4698 crimen
560 4639 864 4711 Saguntina:
887 4639 1203 4694 calamitatis
1227 4645 1532 4692 averterent
1559 4653 1570 4687 :
1603 4647 1744 4690 nunc

157 4750 284 4790 vero
310 4749 478 4804 quam
513 4733 670 4788 stulte
693 4731 929 4786 creditur
967 4729 1070 4786 dlis
1115 4729 1217 4783 illis
1241 4727 1610 4783 defensoribus
1633 4725 1744 4782 Ro-

155 4843 296 4882 mam
339 4825 546 4880 victore
585 4824 848 4880 Annibale
887 4833 990 4878 non
1033 4823 1264 4892 perisse,
1308 4823 1394 4892 qui
1441 4819 1746 4891 Saguntina:

158 4918 274 4974 urbi
297 4931 412 4974 non
439 4925 746 4988 potuerunt,
771 4931 836 4971 ne
860 4929 956 4986 pro
981 4915 1098 4985 ejus
1121 4915 1320 4984 periret
1341 4913 1593 4982 amicitia,
1617 4913 1746 4968 sub-

157 5004 388 5066 venire?
427 5009 486 5065 Si
511 5009 924 5080 Saguntinorum
951 5007 1274 5064 christianos
1307 5006 1533 5076 populus
1579 5014 1742 5074 esset,

161 5100 556 5172 cthujusmodi
581 5099 782 5171 aliquid
820 5113 920 5170 pro
962 5099 1068 5155 fide
1105 5098 1408 5168 evangelica
1451 5099 1742 5170 pateretur,

155 5208 466 5266 quanquam
489 5207 548 5246 se
575 5191 686 5264 ipse
714 5207 810 5246 nec
839 5189 1001 5256 ferro,
1029 5205 1126 5244 nec
1153 5189 1359 5260 ignibus
1385 5190 1743 5262 corrupisset;

163 5286 260 5341 sed
283 5295 468 5340 nmen
498 5284 544 5340 si
571 5299 670 5354 pro
697 5281 806 5338 fide
823 5281 1126 5353 evangelica
1163 5281 1424 5338 excidium
1455 5292 1744 5354 pateretur,

161 5391 222 5433 ea
264 5389 362 5448 spe
405 5383 680 5448 pateretur
719 5385 822 5445 qua
865 5375 919 5428 in
958 5373 1226 5428 Christum
1269 5372 1598 5442 crediderat,
1641 5389 1746 5429 non

159 5469 408 5526 mercede
433 5467 734 5524 brevissimi
775 5467 1049 5536 temporis,
1085 5465 1178 5522 sed
1219 5467 1534 5524 aztcrnitatis
1575 5469 1744 5522 inter-

219 5583 236 5614 ι
271 5583 407 5632 vim].
431 5589 482 5632 et
503 5591 620 5642 ann,
653 5577 930 5630 duelliones.

221 5643 291 5706 (α)
315 5653 597 5704 Saguntum,
619 5644 726 5692 sive
743 5649 978 5706 saguntus
999 5641 1118 5706 urbs
1145 5643 1260 5706 olim
1298 5641 1558 5706 clarissima
1581 5645 1746 5704 Hispa-

159 5703 254 5756 niae
275 5703 668 5762 ‘t'arraeonensis,
689 5717 782 5754 non
808 5703 972 5766 prt'icul
989 5717 1015 5752 a
1037 5703 1142 5754 loco
1165 5705 1246 5752 ubi
1271 5718 1398 5754 nunc
1421 5703 1748 5766 Valentiafue

161 5767 290 5832 illius
305 5785 390 5832 per
416 5767 704 5832 Anniltalfnt
733 5765 989 5832 eversione
1009 5767 1181 5828 Livius,
1207 5767 1287 5816 lib.
1315 5767 1392 5830 2i,
1417 5779 1520 5830 cap.
1539 5765 1666 5816 6-15.

219 5831 288 5894 (ὁ)
305 5825 472 5896 livius,
501 5832 594 5881 lib.
615 5827 696 5890 26,
723 5839 826 5890 cap.
855 5825 930 5878 tl.

1527 357 1728 414 usus
1769 343 2115 419 rsurms.‘

3359 375 3460 434 l0?

1884 481 2040 534 minae
2061 481 2099 532 ¹.
2125 479 2228 535 Pro
2247 481 2361 536 istis
2381 490 2558 538 autem
2581 485 2702 550 diis,
2731 487 2820 557 qui
2845 493 3126 558 propterea
3152 489 3252 544 coli
3277 493 3451 560 perhi-

1880 571 2088 636 bentur,
2113 573 2202 644 qui
2235 583 2510 644 propterea
2542 577 2747 632 colendi
2779 581 3143 650 requiruntur,
3181 591 3236 636 ut
3265 581 3458 636 harum

1880 664 2164 720 labentium
2188 675 2345 737 atque
2365 673 2746 726 transeuntium
2770 687 2946 730 rerum
2976 673 3203 730 felicitas
3225 685 3336 730 tuta
3363 677 3452 742 sit,

1877 755 2004 826 quid
2043 755 2196 812 nobis
2233 757 2542 816 defensores
2579 769 2632 816 et
2670 775 3012 822 excusaturos
3037 781 3226 822 eorum
3250 767 3317 824 de
3355 769 3452 825 Sa-

1875 849 2109 918 guntinis
2137 853 2481 922 pereuntibus
2508 855 2939 927 respondebunt,
2965 861 3065 915 nisi
3091 861 3238 932 quod
3259 859 3328 918 de
3359 861 3460 918 illn-

1877 941 2080 1011 Regulo
2127 945 2432 1001 exstincto?
2472 945 2585 1005 Hoc
2628 950 2824 1020 quippe
2867 953 3123 1018 interea,
3171 953 3314 1024 quod
3363 953 3454 1008 ille

1877 1047 2012 1088 unus
2041 1031 2220 1100 homo,
2253 1035 2364 1092 hinc
2389 1045 2495 1092 tota
2519 1039 2712 1095 civitas
2736 1059 2749 1105 ;
2775 1043 3054 1113 utriusque
3081 1053 3258 1100 tamen
3281 1045 3452 1100 inter-

1875 1124 1979 1180 itus
2017 1137 2174 1180 causa
2202 1131 2538 1184 conservatio
2567 1129 2687 1186 fidei
2713 1131 2829 1186 fuit.
2868 1133 3092 1203 Propter
3141 1136 3276 1192 hanc
3303 1138 3448 1192 enim

1872 1217 1938 1270 ad
1963 1215 2145 1272 hostes
2174 1225 2228 1273 et
2249 1219 2424 1275 redire
2459 1221 2548 1278 ille
2569 1223 2755 1288 voluit,
2789 1231 2844 1279 et
2865 1225 3034 1281 noluit
3072 1227 3170 1282 ista
3195 1229 3442 1286 transire.

1871 1305 2195 1364 Conservata
2243 1321 2372 1381 ergo
2418 1323 2672 1381 provocat
2716 1314 2940 1371 deorum
2989 1317 3120 1372 iram
3171 1319 3342 1374 ﬁdes?
3379 1335 3447 1376 an

1871 1405 2094 1466 possunt
2133 1409 2188 1455 et
2233 1401 2334 1456 diis
2377 1403 2622 1474 propitiis
2663 1407 2838 1475 perire
2891 1421 3004 1462 now
3039 1409 3218 1464 solum
3249 1411 3448 1483 quique

1869 1489 2135 1560 homines,
2163 1509 2344 1550 verum
2367 1497 2526 1551 etiam
2569 1499 2788 1570 integras
2819 1501 3110 1558 civitates?
3141 1503 3326 1560 Utrum
3349 1521 3450 1560 vo-

1867 1583 1999 1650 lunt,
2025 1583 2242 1656 eligant.
2275 1587 2330 1643 Si
2359 1589 2500 1644 enim
2528 1589 2652 1646 ﬁdei
2677 1601 2902 1647 servatae
2921 1594 3226 1650 iraseunnu
3245 1595 3320 1651 illi
3349 1595 3446 1668 dii,

1867 1685 2108 1744 quierant
2137 1679 2368 1746 perfidos
2392 1693 2424 1733 a
2461 1681 2652 1750 quibus
2685 1683 2930 1738 colantur
2955 1701 2968 1737 :
2997 1685 3042 1740 si
3078 1697 3256 1742 autem
3285 1691 3446 1744 etiam

1867 1765 1976 1820 illis
2011 1769 2250 1837 propitiis
2276 1769 2456 1825 multis
2485 1771 2840 1844 gravibusque
2869 1777 3192 1834 cruciatibus
3239 1779 3442 1850 afflicti,

1865 1859 2084 1914 interire
2125 1859 2372 1917 homines
2407 1863 2754 1935 civitatesque
2799 1879 3042 1936 possunt,
3087 1872 3234 1928 nullo
3273 1873 3444 1930 fructu

1863 1950 2128 2008 felicitatis
2159 1953 2316 2024 hujus
2341 1955 2611 2012 coluntur.
2639 1959 2894 2016 Desinant
2919 1962 3076 2032 igitur
3105 1979 3438 2037 succensere,

1861 2047 1948 2116 qui
1989 2047 2156 2103 sacris
2194 2047 2414 2104 deorum
2440 2063 2656 2106 suorum
2697 2055 2920 2123 perditis
2945 2069 3004 2110 se
3044 2057 3282 2114 infelices
3319 2073 3440 2117 esse

1861 2137 2027 2194 factos
2056 2145 2258 2209 putant.
2295 2141 2520 2197 Possem
2561 2145 2704 2198 enim
2736 2146 2842 2202 illis
2885 2161 2992 2203 non
3022 2149 3192 2203 Solum
3221 2165 3442 2206 manen—

1863 2227 2020 2296 tibus,
2053 2243 2234 2285 verum
2267 2231 2428 2286 etiam
2458 2231 2758 2290 fatentibus
2778 2277 2792 2301 ,
2819 2249 2954 2305 non,
2987 2239 3124 2294 sicut
3151 2241 3342 2310 modo,
3371 2243 3440 2298 de

1860 2321 2074 2376 miseria
2106 2335 2462 2390 murmurare,
2489 2325 2582 2380 sed
2605 2328 2740 2381 sicut
2765 2335 2890 2383 mne
2911 2329 3142 2402 Regulus
3165 2343 3218 2388 et
3235 2333 3442 2405 Sagun-

1858 2413 1974 2478 tini,
2010 2415 2304 2468 excruciati
2337 2414 2664 2472 horribiliter
2691 2419 2852 2473 etiam
2883 2423 3096 2490 penitus
3125 2423 3362 2481 interire.

1853 2543 2080 2604 CAPUT
2115 2543 2260 2604 XXI.
2281 2577 2351 2590 --
2377 2549 2540 2620 Qumn
2567 2550 2767 2624 ingrata
2785 2551 2938 2624 fuerit
2963 2553 3198 2612 Romana
3222 2558 3436 2616 ciuitatis

1925 2639 2158 2708 Scipioni
2187 2641 2442 2696 liberatori
2463 2660 2555 2696 suo
2573 2685 2586 2710 ,
2617 2655 2662 2696 et
2693 2646 2744 2698 in
2769 2645 2950 2716 quibus
2984 2648 3204 2704 moribus
3231 2651 3387 2720 egerit
3415 2691 3432 2718 ,

1923 2735 2125 2804 quando
2155 2753 2265 2790 eam
2295 2737 2573 2798 Sallustius
2603 2739 2849 2808 optimam
2875 2741 3029 2808 fuisse
3051 2741 3306 2796 describit.

1927 2850 2098 2904 Porro
2123 2851 2262 2906 inter
2291 2850 2582 2906 secundum
2613 2861 2670 2906 et
2701 2861 3028 2922 postremum
3059 2855 3256 2912 bellum
3299 2855 3432 2914 Car.

1855 2939 2206 3010 thaginense,
2259 2942 2476 3011 quamlu-
2513 2943 2798 3000 Sallustius
2835 2947 3054 3015 Optimis
3096 2949 3332 3006 moribus
3377 2959 3432 3006 et

1857 3031 2088 3086 maxima-
2111 3033 2394 3088 concordio
2424 3034 2560 3090 dixit
2585 3035 2760 3106 egisse
2788 3036 3054 3094 llomanos
3075 3041 3262 3110 (multa
3287 3043 3429 3096 enim

1855 3133 2150 3193 materno,
2173 3126 2414 3194 suscepti
2429 3125 2612 3194 operis
2639 3127 2860 3184 modum
2901 3129 3163 3200 cogitans)
3195 3150 3206 3186 :
3239 3132 3428 3188 eodem

1854 3229 1982 3283 ergo
2031 3213 2150 3282 ipso
2187 3221 2432 3284 tempore
2467 3234 2674 3274 morum
2721 3225 3042 3292 optimorum
3075 3227 3430 3296 maximaeque

1851 3302 2172 3372 concordiae,
2201 3301 2382 3374 Scipio
2417 3307 2510 3364 ille
2528 3309 2714 3366 Roma:
2743 3313 3012 3382 ltalizetwe
3039 3316 3288 3372 lilierator
3319 3317 3422 3387 (α),

1851 3399 2200 3470 ejusdemque
2241 3400 2366 3456 belli
2395 3401 2584 3456 Punici
2615 3399 2832 3454 secundi
2874 3413 2980 3458 tam
3007 3403 3256 3458 horrendi
3277 3444 3292 3468 ,
3321 3411 3428 3460 tam

1851 3493 2060 3547 exitiosi
2085 3527 2108 3557 ,ι
2137 3500 2244 3546 tam
2275 3490 2564 3560 periculosi
2593 3490 2882 3560 praeclarus
2911 3491 3274 3562 mirabilisque
3303 3507 3430 3548 con-

1852 3583 2044 3650 fector,
2065 3582 2234 3638 vietor
2259 3582 2532 3636 Annibalis
2554 3581 2892 3653 domitorque
2907 3582 3262 3654 Carthaginis,
3277 3583 3430 3654 cuius

1851 3673 1920 3728 ab
1941 3672 2302 3728 adolescentia
2319 3671 2424 3726 vita
2447 3671 2764 3726 describitur
2785 3671 2888 3726 diis
2909 3672 3086 3728 dedita
3115 3672 3430 3742 templisque

1853 3765 2050 3820 nutrita
2081 3764 2176 3834 (ὁ),
2201 3763 2538 3818 inimicorum
2569 3763 3000 3818 accusationibus
3015 3764 3196 3829 cessit,
3221 3778 3432 3820 carens-
3487 3821 3490 3826 _

1851 3872 1954 3928 (pro
1979 3857 2168 3926 patria,
2193 3869 2352 3926 quam
2378 3870 2478 3910 sua
2495 3856 2694 3910 virtute
2707 3856 2906 3910 salvam
2927 3865 2982 3912 et
3005 3857 3222 3912 liberam
3251 3857 3428 3914 reddi—

1851 3949 1968 4014 dit,-
1995 3950 2050 4004 in
2077 3948 2272 4020 Oppido
2301 3948 2644 4004 Linternonsi
2679 3947 2790 4019 egit
2831 3947 3090 4019 reliquam
3120 3949 3433 4020 complevit-
3481 3953 3490 3962 ’

1851 4057 1956 4111 (tuo
1999 4035 2196 4108 vitam,
2227 4051 2360 4112 post»
2392 4041 2656 4112 insignes:
2708 4055 2864 4096 suum
2915 4039 3240 4111 triumphum
3283 4041 3432 4098 nullo

1851 4133 1992 4188 illius
2037 4133 2186 4186 urbis
2235 4142 2426 4202 captus
2469 4133 2774 4198 desiderio,
2802 4133 2880 4188 ita
2903 4141 2962 4188 ut
2995 4132 3222 4203 iussisse
3249 4135 3430 4203 perhi-

1849 4223 2058 4290 beatur,
2087 4239 2156 4280 ac
2182 4223 2373 4280 saltem
2403 4232 2620 4278 mortuo
2645 4225 2696 4278 in
2725 4223 2930 4294 ingrata
2956 4226 3126 4294 patria
3151 4225 3308 4282 funus
3331 4226 3430 4284 tie-

1848 4327 1931 4373 ret
1960 4317 2052 4389 (c).
2085 4317 2298 4372 Deinde
2330 4322 2457 4372 tunc
2487 4315 2718 4386 primum
2761 4330 2856 4387 per
2883 4315 3084 4376 Coeum
3127 4317 3376 4376 Manlium
3408 4319 3430 4351 ⁸

1847 4412 2220 4482 proconsulem
2249 4411 2316 4467 de
2359 4409 2699 4482 Gallograecis
2725 4411 3138 4481 triumphantem
3158 4453 3172 4480 ,
3201 4413 3432 4468 Asiatica

1851 4505 2064 4560 luxuria
2109 4499 2334 4558 Romam
2378 4503 2522 4557 omni
2553 4501 2710 4558 hoste
2738 4501 2885 4572 pejor
2913 4503 3128 4573 irrepsit
3155 4501 3256 4574 (ά).
3283 4501 3434 4559 Tunc

1849 4599 1993 4652 enim
2027 4595 2254 4665 primum
2299 4593 2421 4649 lecti
2467 4595 2646 4659 turali,
2677 4601 2732 4648 et
2771 4595 3002 4664 pretiosa
3055 4593 3285 4666 stragula
3322 4593 3432 4649 visa

1849 4685 2199 4758 perhibentur
2225 4703 2242 4738 ς
2279 4693 2402 4740 tunc
2445 4685 2674 4740 inductae
2723 4685 2778 4738 in
2819 4685 3059 4740 convivia
3091 4687 3356 4755 psaltria,
3382 4695 3436 4740 et

1849 4779 1954 4835 alia
2001 4775 2282 4834 licentiosa
2327 4777 2580 4847 nequitia.
2615 4775 2721 4832 Sed
2751 4789 2892 4833 nunc
2917 4777 2986 4833 de
3011 4777 3096 4835 his
3123 4779 3278 4835 malis
3315 4793 3440 4848 quae

1850 4869 2258 4926 intolerabiliter
2283 4867 2530 4930 homines
2553 4871 2850 4946 patiamur,
2884 4887 2990 4928 non
3017 4873 3085 4928 de
3111 4873 3194 4926 his
3223 4883 3340 4941 qum
3367 4870 3436 4923 Ii-r

1850 4966 2040 5048 bentur
2065 4963 2291 5035 faciunt,
2319 4967 2517 5036 dicere:
2533 4967 2756 5024 institui.
2779 4966 2930 5024 Unde
2953 4966 3082 5021 illud
3107 4965 3272 5033 magis
3291 4962 3436 5032 qm

1850 5053 1918 5116 de
1947 5055 2197 5132 Scipione
2227 5061 2678 5128 commemoravi,
2705 5059 2846 5131 quod
2865 5057 3062 5116 cedens
3089 5055 3312 5112 inimicis
3337 5071 3438 5110 ex-

1917 5270 1932 5300 ¹
1969 5275 2018 5338 tu
2041 5269 2158 5338 solis
2175 5268 2318 5319 editis
2336 5305 2349 5326 ,
2382 5266 2470 5318 sed
2495 5263 2771 5318 alemitalis
2803 5260 3072 5316 intermina
3095 5259 3344 5325 βοήν-αυτ.
3373 5286 3438 5303 ——

1851 5331 2291 5389 Er.,iutcrmimitte.
2359 5337 2414 5380 M.

1916 5385 1941 5424 ³⁷
1971 5393 2105 5442 Vind.
2151 5400 2224 5440 ttr.
2264 5402 2314 5441 et
2353 5399 2478 5449 Mss,
2523 5399 2700 5438 Gncum
2735 5385 2980 5440 Metilium.
3004 5385 3202 5449 Codices
3245 5387 3396 5449 nostri
3415 5419 3435 5449 ,

1851 5462 2029 5505 Cneum
2057 5453 2298 5517 Molliunt.
2311 5447 2471 5517 Ipsum"
2489 5455 2562 5517 Liv
2571 5454 2644 5500 ius
2656 5451 2733 5517 159‘
2739 5457 2930 5517 gncunr
2947 5447 3171 5517 Manlium
3183 5447 3436 5517 Volsonem

1852 5524 1990 5566 vocat
2009 5549 2024 5574 ,
2051 5525 2102 5564 et
2121 5516 2185 5564 de
2207 5509 2348 5566 Gallis
2367 5515 2454 5574 qui
2473 5515 2624 5562 Asiam
2647 5511 2858 5572 (scilicet
2875 5511 3128 5574 nimirum)
3159 5509 3436 5561 incolebant

1853 5529 1990 5566 vocat
2009 5549 2024 5574 ,
2051 5529 2102 5564 8|.
2121 5529 2185 5564 ue
2207 5529 2348 5566 uanis
2399 5529 2454 5563 ιιι
2473 5529 2624 5562 ASINI]
2647 5529 2858 5572 {SCIIICCI
2875 5529 3128 5572 ΙΙΙΙΙΟΙἪΕΙ)
3159 5529 3436 5561 HIC-Olenii“.

1853 5577 1956 5642 (qui
1970 5577 2246 5642 Gallogrt’eci
2261 5586 2310 5626 et
2321 5529 2494 5626 (tanta!
2503 5575 2614 5642 dicti
2629 5573 3360 5636 sunt)triumphasse1nemorat.
3373 5579 3444 5634 1th;

1939 5641 1990 5702 α)
2015 5640 2602 5702 Scipio.t'riumusmajor.
3151 5699 3176 5702 _
3359 5695 3374 5702 _
3439 5673 3446 5684 .

1940 5695 1987 5764 έν)
2013 5695 2178 5760 Livius,
2205 5705 2286 5750 lib.
2314 5705 2388 5755 uti,
2414 5695 2524 5762 cap.
2553 5699 2718 5764 late).
2741 5707 2792 5748 Α.
2819 5698 3018 5760 nullius,
3043 5697 3124 5746 lib.
3150 5699 3200 5756 7,
3223 5709 3328 5760 cap.
3353 5695 3398 5746 l.

1941 5756 1988 5824 εδ
2013 5756 2184 5821 livius,
2213 5763 2291 5822 liii.
2320 5765 2397 5820 58,
2423 5756 2527 5824 cap.
2563 5756 2720 5812 50-56.

1921 5825 1997 5890 (d)
2021 5825 2108 5886 td.,
2131 5825 2214 5874 lib.
2239 5825 2318 5885 39,
2330 5835 2434 5886 cap.
2460 5823 2514 5871 6.-
