4038 6478
568 430 675 493 I03

568 558 650 606 tra
677 546 930 620 patriam,
960 557 1118 615 quam
1143 538 1408 605 liberavit,
1432 542 1676 591 mortuus
1702 541 1803 599 est,
1832 529 1897 584 ad
1920 543 2156 599 praesen-

572 653 680 699 tem
719 639 952 712 pertinet
977 634 1410 705 disputationem,
1431 627 1570 700 quod
1599 627 1646 682 ei
1672 625 1908 680 Romana
1940 621 2154 676 numina

570 751 603 791 a
644 748 870 805 quorum
917 727 1130 798 templis
1159 725 1353 780 avertit
1380 719 1695 778 Annibalem
1715 759 1731 781 .
1767 732 1871 770 non
1901 713 2152 769 reddide-

573 838 700 886 runt
728 829 917 889 vicem,
947 839 1066 895 qua:
1087 832 1307 893 propter
1327 820 1480 874 istam
1510 810 1879 871 tantummodo
1907 809 2158 866 coluntur

576 922 909 980 felicitatem.
935 916 1042 974 Sed
1071 916 1196 988 quia
1229 912 1516 971 Sallustius
1553 923 1619 964 eo
1648 917 1890 977 tempore
1922 905 1994 960 ibi
2023 903 2158 959 dixit

576 1031 754 1073 mores
806 1013 1038 1084 optimos
1090 1010 1290 1075 fcisse,
1349 1014 1628 1078 propterea
1682 1003 1784 1057 hoc
1830 1001 1898 1057 de
1962 1000 2154 1056 Asiana

577 1108 663 1163 lux
673 1107 784 1161 uria
799 1101 1330 1160 commemorandum
1357 1097 1554 1169 putavi,
1577 1104 1636 1152 ut
1660 1094 1982 1165 intelligatur
1996 1093 2156 1147 etiam

583 1198 710 1255 illud
740 1214 769 1253 a
821 1195 1073 1254 Sallustio
1113 1195 1164 1250 in
1224 1191 1624 1262 comparatione
1680 1189 1906 1243 aliorum
1950 1194 2159 1255 tempo-

500 1295 506 1301 '
578 1307 696 1348 rum
742 1290 979 1357 dictum,
1022 1288 1213 1360 quibus
1265 1283 1592 1355 temporibus
1631 1283 1842 1352 pejores
1878 1279 2059 1348 utique
2106 1278 2159 1332 in

580 1385 911 1458 gravissimis
947 1383 1226 1440 discordiis
1267 1394 1446 1436 mores
1488 1377 1723 1433 fuerunt.
1754 1375 1884 1430 Nam
1927 1381 2084 1438 tunc,
2109 1370 2162 1426 id

580 1489 665 1536 est
701 1479 844 1534 inter
875 1476 1169 1534 secundum
1216 1483 1270 1529 et
1298 1480 1625 1543 postremum
1657 1467 1853 1522 bellum
1883 1463 2160 1533 Carthagi-

580 1584 746 1627 nense
765 1610 780 1634 .
817 1569 922 1624 lata
951 1577 1035 1626 est
1059 1567 1218 1622 etiam
1247 1565 1334 1620 illa
1359 1565 1441 1618 lex
1471 1560 1728 1624 Voconia,
1761 1574 1830 1614 ne
1853 1557 1973 1628 quis
1994 1555 2165 1610 haeres

581 1663 702 1718 dem
735 1660 984 1718 feminam
1004 1659 1219 1725 faceret,
1245 1671 1342 1711 nec
1373 1655 1580 1710 unicam
1605 1652 1763 1707 ﬁliam
1787 1648 1884 1722 (a).
1909 1649 2023 1715 Qua
2047 1647 2164 1716 lege

588 1753 713 1824 quid
743 1745 976 1822 iniquius
1001 1751 1106 1805 dici
1128 1757 1217 1803 aut
1239 1748 1456 1818 cogitari
1486 1744 1676 1816 possit,
1707 1744 1913 1813 ignoro.
1942 1738 2167 1794 Verum-

585 1853 760 1900 tamen
811 1851 922 1898 toto
953 1842 1046 1896 illo
1072 1841 1348 1894 intervallo
1377 1839 1602 1893 duorum
1635 1835 1894 1890 bellorum
1934 1830 2165 1885 Punico-

584 1951 702 1992 rum
749 1933 1078 1990 tolerabilior
1123 1931 1406 1987 infelicitas
1453 1929 1568 1983 fuit.
1602 1927 1765 1982 Bellis
1802 1921 2168 1979 tantummodo

591 2027 720 2083 foris
741 2025 1118 2082 conterebatur
1142 2023 1407 2078 exercitus
1425 2061 1441 2087 ,
1471 2018 1564 2074 sed
1592 2017 1826 2072 victoriis
1851 2013 2168 2069 consolaba-

527 2165 530 2168 ι
586 2129 675 2176 tur
701 2139 714 2175 :
742 2119 885 2174 domi
911 2127 1088 2173 autem
1119 2116 1299 2182 nullae,
1323 2114 1458 2168 sicut
1485 2112 1636 2175 alias,
1665 2107 1948 2164 discordiae
1973 2105 2166 2160 saevie-

585 2212 734 2267 bant.
767 2209 872 2275 Sed
903 2209 1087 2264 ultimo
1131 2206 1273 2262 bello
1305 2204 1508 2260 Punico
1547 2217 1654 2256 uno
1701 2201 1900 2269 impetu
1949 2195 2170 2251 alterius

589 2300 850 2371 Scipionis
870 2341 884 2364 ,
916 2301 1005 2370 qui
1034 2298 1103 2352 ob
1135 2298 1237 2352 hoc
1276 2296 1437 2351 etiam
1461 2294 1572 2364 ipse
1601 2290 1835 2347 Africani
1866 2301 2163 2358 cognomen

589 2393 794 2449 invenit
827 2390 926 2462 (b),
978 2390 1168 2445 aamula
1214 2384 1427 2456 imperii
1472 2382 1697 2439 Romani
1742 2380 1808 2435 ab
1859 2380 2026 2448 stirpe
2076 2377 2174 2432 de-

590 2485 694 2541 leta
728 2493 810 2540 est
837 2481 913 2552 (c)
945 2502 958 2537 :
985 2497 1048 2536 ac
1072 2479 1265 2537 deinde
1293 2477 1452 2532 tantis
1477 2476 1735 2530 malorum
1763 2471 2041 2543 aggeribus
2076 2485 2174 2539 op-

593 2591 776 2647 pressa
817 2576 1054 2628 Romana
1097 2569 1398 2641 respublica
1420 2611 1434 2635 ,
1466 2577 1523 2622 nt
1547 2566 1898 2637 prosperitate
1926 2578 1990 2618 ac
2019 2576 2175 2617 secu-

593 2668 750 2724 ritate
771 2681 953 2722 rerum
976 2706 990 2730 ,
1019 2663 1162 2719 unde
1189 2663 1412 2718 nimium
1451 2659 1716 2728 corruptis
1759 2656 1995 2710 moribus
2038 2653 2177 2708 mala

596 2759 685 2814 illa
737 2766 992 2828 congesta
1042 2765 1162 2811 sunt
1188 2795 1204 2822 ,
1233 2754 1354 2826 plus
1383 2753 1629 2808 nocuisse
1672 2757 1998 2804 monstretur
2025 2748 2040 2778 ι
2070 2757 2177 2800 tam

595 2853 701 2908 cito
729 2865 951 2916 eversa,
979 2864 1136 2920 quam
1180 2847 1328 2918 prius
1370 2852 1625 2902 nocuerat
1663 2851 1770 2897 tam
1823 2841 1912 2895 diu
1959 2840 2179 2894 adversa

600 2945 889 3016 Carthago.
921 2943 1034 2999 Hoc
1073 2951 1184 2997 toto
1210 2950 1449 3010 tempore
1479 2952 1646 3008 usque
1673 2935 1741 2991 ad
1766 2934 2032 2990 Caesarem
2069 2933 2180 2987 Au-

600 3048 834 3109 gustum,
862 3039 954 3108 qui
990 3036 1202 3092 videtur
1227 3051 1331 3090 non
1357 3033 1529 3088 adhuc
1553 3031 1636 3087 'vel
1667 3031 1904 3100 ipsorum
1931 3027 2184 3098 Opinione

599 3132 884 3202 gloriosam
914 3171 930 3196 ,
960 3129 1056 3185 sed
1099 3128 1484 3182 contentiosam
1516 3133 1570 3178 et
1609 3124 1885 3178 exitiosam
1929 3128 1980 3174 et
2025 3119 2184 3188 plane

599 3223 708 3294 jam
741 3237 992 3278 enervem
1023 3235 1086 3276 ac
1133 3219 1437 3290 languidam
1487 3217 1784 3271 libertatem
1831 3213 1974 3270 omni
2024 3211 2185 3266 modo

611 3314 902 3368 extorsisse
941 3312 1230 3377 Romanis,
1262 3319 1317 3365 et
1358 3309 1424 3364 ad
1467 3308 1646 3379 regale
1689 3306 1964 3361 arbitrium
1993 3309 2184 3357 cuncta

601 3421 923 3471 revocasse,
979 3414 1033 3461 et
1076 3403 1226 3476 quasi
1278 3402 1519 3457 morbida
1569 3407 1833 3455 vetustate
1887 3396 2177 3464 collapsam

603 3498 767 3553 veluti
819 3498 1145 3552 instaurasse
1193 3509 1256 3549 ac
1283 3507 1572 3549 renovasse
1616 3488 2038 3560 rempublicam:
2071 3493 2186 3539 toto

605 3607 732 3662 ergo
762 3590 864 3645 isto
891 3599 1148 3658 tempore,
1179 3587 1366 3640 omitto
1411 3601 1477 3640 ex
1517 3583 1636 3637 aliis
1665 3589 1822 3650 atque
1862 3579 1984 3634 aliis
2010 3576 2187 3632 causis

604 3685 763 3739 etiam
787 3692 946 3752 atque
973 3680 1134 3735 etiam
1155 3679 1372 3734 bellicas
1393 3674 1594 3739 clades,
1613 3682 1668 3728 et
1685 3671 2060 3728 Numantinum
2087 3667 2188 3724 fte-

607 3775 706 3829 dus
736 3773 813 3846 (ά)
843 3771 1104 3827 horrenda
1154 3767 1441 3840 ignominia
1467 3765 1796 3820 maculosum
1830 3780 1843 3816 :
1875 3762 2188 3816 volaverant

591 3855 748 3922 'enitn
789 3865 919 3934 pulli
950 3865 1017 3918 de
1056 3876 1216 3917 cavea
1235 3902 1250 3926 ,
1280 3867 1335 3914 et
1361 3859 1604 3913 Mancino
1632 3855 1842 3911 consuli
1867 3894 1882 3918 ,
1913 3861 1973 3907 ut
2001 3853 2185 3919 aiunt,

608 3957 886 4028 augurium
955 3953 1152 4008 malum
1202 3950 1436 4005 fecerant
1464 3947 1568 4022 (e);
1609 3947 1760 4016 quasi
1807 3961 1901 4014 per
1945 3952 2024 3999 tot
2087 3960 2187 3999 an-

591 4035 741 4114 :nos,
773 4047 962 4115 quibus
1003 4043 1092 4099 illa
1133 4041 1320 4111 exigua
1371 4039 1558 4095 civitas
1609 4038 1909 4092 Romanum
1965 4040 2191 4090 circum-

592 4131 756 4212 ',sessa
784 4139 1075 4195 exercitum
1119 4133 1421 4197 amiserat,
1463 4131 1668 4201 ipsique
1714 4129 1968 4183 Romanae
2013 4128 2190 4197 reipu-

609 4231 761 4286 blicae
791 4228 978 4283 terrori
1005 4241 1125 4281 esse
1143 4227 1251 4295 jam
1274 4230 1548 4294 coeperat,
1573 4220 1663 4276 alii
1691 4229 1877 4276 contra
1901 4234 2018 4275 eam
2048 4219 2190 4274 malo

610 4324 834 4396 augurio
855 4319 1216 4393 processerint
1236 4319 1280 4371 ³.

610 4456 835 4517 CAPUT
871 4455 1114 4513 XXII.—
1137 4452 1210 4506 De
1226 4449 1540 4505 Mithridatis
1565 4449 1744 4514 edicto,
1759 4464 1861 4519 quo
1877 4463 2048 4502 omnes
2063 4446 2191 4502 cives

682 4550 959 4609 Romanos,
991 4546 1078 4618 qui
1102 4545 1238 4598 intra
1263 4543 1433 4596 Asiam
1451 4540 1813 4604 invenirentur,
1833 4541 1987 4612 jussit
2005 4537 2186 4592 occidi.

686 4663 792 4720 Sed
819 4663 933 4716 hare
957 4703 974 4728 ,
997 4661 1210 4730 inquam
1233 4699 1248 4721 ,
1276 4657 1464 4712 omitto
1487 4697 1501 4719 ,
1535 4653 1777 4725 quamvis
1822 4653 1951 4708 illud
1986 4667 2190 4722 nequa-

595 4763 768 4828 ‘quam
813 4751 1101 4816 tacuerim,
1126 4747 1267 4819 quod
1313 4745 1648 4802 Mithridates
1691 4761 1783 4800 rex
1828 4743 1968 4798 Asiae
1998 4743 2193 4812 ubique

592 4838 665 4907 :In
707 4844 830 4900 Asia
873 4841 1271 4913 peregrinantes
1317 4839 1462 4897 cives
1504 4835 1809 4898 Romanos,
1841 4843 2001 4901 atque
2029 4831 2189 4885 innu-

609 4937 854 4996 merabili
881 4937 1032 5006 copia
1064 4936 1174 4989 suis
1214 4933 1441 5003 negotiis
1481 4930 1745 4993 intentos,
1776 4942 1880 4980 uno
1906 4926 1993 4981 die
2021 4925 2191 4980 occidi

603 5035 764 5108 jussit
791 5033 858 5108 (Γ)
891 5051 904 5089 :
932 5041 986 5089 et
1005 5032 1198 5088 factum
1231 5038 1333 5084 est.
1364 5028 1531 5096 Quam
1561 5025 1646 5079 illa
1674 5022 1989 5078 miserabilis
2013 5035 2188 5077 rerum

671 5207 690 5238 ί
724 5206 880 5255 Codex
904 5203 1013 5262 766,
1039 5205 1402 5252 monstraretur.
1438 5203 1496 5246 tu.

670 5269 692 5300 ¹
724 5274 851 5323 Mss.,
877 5269 1222 5327 processerim.

578 5339 596 5355 -’
641 5357 646 5368 ι
673 5327 746 5450 Ea;
775 5319 944 5399 Livius.
971 5325 1055 5374 lib.
1089 5325 1168 5382 41,
1186 5336 1291 5386 cap.
1313 5319 1391 5371 54.

698 5390 724 5439 b
767 5389 1007 5450 Africanus
1028 5388 1203 5436 minor.

767 5389 1007 5437 Africanus
1028 5388 1203 5436 minor.

681 5449 752 5513 (ε)
775 5450 945 5506 Livius,
972 5449 1185 5513 librum,

681 5453 732 5513 (ο
775 5453 945 5506 Livius,
972 5453 1185 5500 libroSI.

673 5453 752 5575 (αξ
775 5510 1019 5575 Numantia
1035 5511 1151 5575 urbs
1172 5510 1264 5558 fuit
1281 5506 1515 5575 ltiSpanjaa
1528 5501 1898 5575 Tarraconensis
1919 5505 2060 5575 gesto
2083 5510 2193 5575 cum

609 5559 830 5624 Romanis
853 5571 984 5620 bello
1001 5572 1246 5619 nobilitata
1271 5578 1322 5618 et
1344 5559 1376 5617 εἰ
1394 5568 1614 5628 scipione
1647 5559 2075 5628 AtricanQPMem
2105 5559 2195 5628 ἀφ’

609 5621 728 5688 leta,
753 5621 821 5684 De
847 5633 927 5681 illo
964 5645 1075 5681 cum
1105 5632 1398 5680 Numantinis
1422 5621 1542 5688 facto
1567 5639 1655 5688 per
1675 5633 1723 5672 C.
1743 5622 1997 5688 hostilium
2020 5621 2192 5688 Manci-

609 5684 726 5773 iith
746 5696 952 5808 Rugii-se,
968 5693 1132 5756 deque
1157 5694 1206 5741 in
1229 5696 1382 5742 fausto
1418 5684 1657 5754 pullorum
1679 5685 1843 5738 volatu
1873 5685 1938 5735 de
1955 5695 2104 5734 cavea
2119 5684 2193 5732 Li-

611 5774 722 5808 vius
762 5773 776 5808 t
815 5795 826 5806 .
915 5795 924 5805 .

611 5774 722 5811 vms
746 5773 826 5808 III).
846 5773 924 5807 ῧῧ.

697 5825 745 5879 e)
769 5822 940 5879 Livius,
959 5817 1089 5867 libro
1107 5818 1188 5868 55.

771 5883 858 5947 ld.,
882 5882 1005 5933 libro
1021 5880 1101 5936 78.

1621 414 1710 470 DE
1747 407 2063 468 CIVITATE
2102 404 2236 476 DEI,
2273 405 2347 464 S.r
2374 407 2750 506 AUGUS’I‘INI

3731 419 3837 480 I04

2262 523 2427 580 facies
2458 537 2573 580 erat
2598 570 2612 594 ,
2653 527 2830 582 subito
2868 543 3132 600 quemque
3157 572 3172 598 ,
3203 531 3524 604 ubicumque
3550 533 3734 593 fuisset
3756 537 3837 594 in-

2259 627 2488 684 ventus,
2544 619 2596 673 in
2647 636 2773 691 agro
2798 663 2813 687 ,
2861 621 2913 675 in
2960 623 3073 687 via,
3107 622 3160 677 in
3199 624 3395 694 oppido
3419 666 3434 690 ,
3468 624 3520 680 in
3565 627 3756 696 domo,
3783 629 3833 686 in

2262 712 2382 768 vico
2401 754 2416 778 ,
2447 714 2498 767 in
2528 713 2643 768 foro
2663 757 2678 782 ,
2708 715 2760 768 in
2793 716 2990 784 templo
3016 758 3030 783 ,
3077 715 3129 770 in
3158 716 3298 772 lecto
3321 759 3336 786 ,
3381 719 3434 772 in
3462 721 3722 786 convivio,
3754 723 3839 778 iu-

2263 806 2480 876 Opinate
2505 814 2664 877 atque
2688 807 2848 878 impie
2882 808 3042 864 fuisse
3075 809 3430 865 trucidatum?
3465 810 3593 878 Quis
3617 815 3843 884 gemitus

2264 899 2646 965 morientium,
2702 916 2821 971 quae
2864 901 3117 974 lacryma:
3173 904 3570 973 spectantium,
3620 907 3846 965 fortasse

2263 991 2423 1045 etiam
2452 989 2752 1046 ferientium
2778 991 3030 1048 fuerunt?
3064 993 3232 1062 Quam
3259 993 3392 1049 dura
3425 997 3716 1052 necessitas
3745 997 3844 1053 ho—

2264 1083 2459 1153 spitum
2486 1124 2500 1148 ,
2527 1099 2632 1138 non
2659 1084 2834 1139 solum
2864 1085 3076 1141 videndi
3108 1087 3340 1142 nefarias
3363 1089 3479 1143 illas
3504 1090 3680 1144 caades
3702 1090 3844 1146 domi

2265 1191 2399 1241 sum,
2430 1193 2611 1232 verum
2643 1178 2807 1233 etiam
2836 1179 3175 1250 perpetrandi
3200 1197 3214 1246 ;
3245 1181 3312 1235 ab
3343 1180 3432 1235 illa
3461 1181 3648 1237 blanda
3678 1183 3850 1239 comi-

2267 1277 2376 1324 tate
2415 1269 2758 1326 humanitatis
2803 1281 3024 1342 repcnte
3055 1273 3268 1327 mutatis
3297 1274 3531 1328 vultibus
3563 1273 3626 1330 ad
3662 1273 3852 1330 hostile

2267 1361 2539 1430 negotium
2583 1361 2635 1415 in
2682 1377 2811 1432 pace
2839 1365 3221 1434 peragendum,
3251 1365 3451 1419 mutuis
3477 1365 3652 1421 dicam
3684 1368 3700 1398 ¹
3737 1381 3853 1421 om-

2270 1453 2399 1507 nino
2422 1453 2730 1509 vulneribus
2753 1496 2767 1519 ,
2797 1469 2916 1509 cum
2964 1470 3251 1524 percussus
3275 1457 3328 1510 in
3355 1471 3581 1526 corpore
3603 1499 3619 1523 ,
3641 1468 3695 1513 et
3733 1473 3857 1528 per-

2271 1560 2462 1600 cussor
2488 1545 2539 1599 in
2571 1547 2750 1601 animo
2779 1545 3071 1601 feriretur?
3097 1546 3233 1601 Num
3263 1555 3316 1602 et
3355 1547 3440 1600 isti
3465 1562 3652 1603 omnes
3689 1563 3855 1618 angu-

2269 1637 2350 1692 ria
2375 1639 2845 1708 contempserant?
2870 1656 2996 1694 num
3027 1638 3156 1694 deos
3181 1649 3236 1694 et
3257 1639 3580 1694 domesticos
3603 1649 3655 1694 et
3681 1641 3855 1710 publi-

2270 1745 2396 1795 cos,
2451 1746 2571 1787 cum
2622 1729 2689 1785 de
2737 1730 2955 1786 sedibus
3007 1731 3118 1785 suis
3165 1730 3231 1785 ad
3274 1731 3415 1785 illam
3471 1731 3858 1786 irremeabilem

2273 1822 2758 1892 peregrinationem
2786 1821 3008 1892 profecti
3031 1832 3153 1876 sunt
3176 1863 3190 1886 ,
3215 1837 3349 1892 quos
3371 1822 3729 1889 consulerent,
3753 1837 3860 1877 non

2275 1913 2588 1968 habebant?
2618 1912 2730 1968 Hoc
2755 1914 2799 1968 si
2832 1915 2913 1969 ita
2939 1923 3053 1980 est,
3083 1930 3189 1968 non
3222 1914 3420 1969 habent
3445 1930 3540 1969 cur
3564 1915 3652 1970 isti
3683 1915 3732 1969 in
3762 1915 3863 1971 hac

2275 2019 2434 2060 causa
2463 2005 2531 2060 de
2561 2006 2758 2059 nostris
2790 2005 3119 2076 temporibus
3149 2016 3565 2076 conquerantur.
3595 2005 3730 2060 Olim
3757 2006 3866 2062 Ro-

2277 2098 2423 2153 mani
2451 2098 2566 2153 haec
2586 2114 2719 2152 vana
2743 2107 3111 2153 contemnunt.
3144 2098 3198 2155 Si
3235 2108 3410 2153 autem
3441 2099 3861 2168 consuluerunt,

2277 2190 2664 2259 respondeatur
2683 2191 2807 2262 quid
2828 2191 2924 2246 ista
2948 2191 3282 2262 profuerunt,
3308 2190 3520 2260 quando
3556 2205 3652 2260 per
3678 2189 3867 2246 huma-

2281 2296 2376 2335 nas
2397 2280 2652 2337 duntaxat
2687 2283 2836 2354 leges
2861 2324 2876 2349 ,
2909 2283 3122 2338 nemine
3152 2281 3467 2352 prohibente
3486 2325 3502 2350 ,
3529 2282 3789 2338 licuerunt
3817 2286 3865 2338 '.

2280 2435 2506 2493 CAPUT
2547 2435 2735 2491 XXIII.
2763 2466 2838 2477 —
2862 2435 2940 2490 De
2979 2436 3297 2491 interioribus
3338 2436 3486 2490 malis
3505 2479 3520 2503 ,
3550 2438 3726 2507 quibus
3753 2437 3870 2493 Ro-

2353 2545 2506 2582 mana
2531 2528 2817 2600 respublica
2842 2529 3097 2602 exagitata
3126 2539 3200 2583 est
3222 2569 3237 2595 ,
3272 2529 3586 2599 praecedente
3609 2531 3866 2602 prodigio,

2353 2618 2490 2690 quod
2523 2621 2575 2672 in
2620 2621 2759 2674 rabie
2801 2620 3027 2674 omnium
3071 2619 3404 2688 animalium,
3434 2636 3549 2692 qua:
3586 2621 3875 2676 hominibus

2353 2711 2576 2764 seruiunt
2607 2751 2622 2777 ,
2653 2711 2771 2781 fuit.

2357 2843 2462 2900 Sed
2509 2843 2618 2914 jam
2668 2844 2756 2898 illa
2801 2843 2938 2899 mala
2961 2843 3236 2910 breviter,
3269 2853 3522 2914 quantum
3565 2860 3872 2915 possumus,

2284 2951 2770 2992 commemoremus
2792 2979 2805 3003 ,
2839 2953 2958 3007 qure
2986 2945 3187 3006 quanto
3212 2937 3464 3017 ipteriora
3491 2979 3505 3002 ,
3542 2948 3686 2994 tanto
3712 2941 3878 2996 mise-

2285 3027 2427 3083 riora
2455 3028 2776 3083 exstiterunt
2802 3045 2815 3080 :
2847 3027 3130 3107 discordiae
3158 3028 3341 3083 civiles
3371 3069 3386 3093 ,
3419 3029 3502 3083 vel
3538 3030 3712 3099 potius
3740 3030 3879 3085 inci~

2287 3120 2460 3186 viles;
2515 3135 2615 3174 nec
2668 3120 2776 3189 jam
2827 3119 3162 3187 seditiones,
3215 3120 3309 3175 sed
3360 3121 3519 3176 etiam
3567 3123 3677 3193 ipsa
3710 3122 3853 3177 bella

2289 3211 2489 3267 urbana
2517 3253 2532 3277 ,
2575 3212 2664 3266 ubi
2688 3219 2868 3266 tantus
2892 3212 3110 3282 sanguis
3139 3211 3340 3267 eﬂ'usus
3363 3221 3444 3267 est
3467 3255 3482 3278 ,
3517 3213 3604 3267 ubi
3650 3213 3881 3282 partium

2289 3303 2498 3371 studia,
2541 3319 2646 3358 non
2698 3305 3015 3359 concinnum
3071 3305 3091 3335 ³
3139 3305 3567 3360 dissensionibus
3610 3306 3884 3376 variisque

2288 3394 2510 3452 vocibus
2532 3395 2586 3449 in
2615 3395 2953 3462 alterutrum,
2987 3395 3082 3450 sed
3113 3396 3270 3466 plane
3294 3396 3404 3467 jam
3428 3396 3570 3451 ferro
3605 3397 3886 3466 armisque

2294 3486 2588 3542 saeviebant
2617 3504 2630 3540 :
2664 3487 2801 3541 bella
2825 3486 3051 3541 socialia
3071 3527 3086 3551 ,
3111 3485 3247 3540 bella
3275 3487 3508 3552 servilia,
3539 3487 3674 3541 bella
3703 3487 3886 3542 civilia

2290 3588 2544 3651 quantum
2573 3579 2870 3633 Romanum
2896 3593 3143 3632 cruorem
3168 3577 3454 3644 fuderunt,
3486 3587 3737 3648 quantam
3769 3577 3887 3632 Ita-

2291 3673 2376 3729 lize
2419 3672 2768 3727 vastationem
2819 3671 3287 3740 desertionemque
3335 3668 3614 3724 fecerunt?
3640 3669 3890 3738 Namque

2291 3774 2574 3836 antequam
2602 3781 2660 3820 se
2706 3764 2960 3820 adversus
2987 3764 3213 3818 Romam
3259 3761 3454 3816 sociale
3482 3760 3691 3818 Latium
3724 3776 3888 3816 com-

2291 3869 2552 3924 moveret,
2583 3869 2774 3914 cuneta
2815 3857 3068 3912 animalia
3108 3855 3353 3910 humanis
3388 3852 3571 3908 usibus
3615 3852 3831 3908 subdita
3862 3893 3883 3916 ,

2292 3968 2481 4017 canes,
2513 3952 2673 4021 equi,
2709 3949 2843 4004 asini
2872 3989 2888 4015 ,
2923 3948 3085 4003 boves
3108 3989 3123 4012 ,
3167 3955 3222 4001 et
3265 3959 3492 4015 qumque
3535 3943 3636 3996 alia
3682 3957 3892 4012 pecora

2294 4046 2393 4102 sub
2440 4045 2719 4100 hominum
2771 4042 3012 4098 dominio
3054 4039 3305 4106 fuerunt,
3337 4037 3513 4092 subito
3557 4035 3772 4092 efferata
3831 4046 3895 4091 et

2293 4137 2600 4194 domesticas
2630 4135 2864 4190 lenitatis
2885 4133 3082 4195 oblita,
3112 4131 3317 4186 relictis
3344 4129 3500 4184 tectis
3526 4127 3690 4183 libera
3721 4143 3896 4198 vaga-

2295 4231 2488 4287 bantur
2513 4269 2526 4292 ,
2554 4239 2608 4283 et
2634 4242 2846 4282 omnem
2874 4240 2978 4280 non
3011 4223 3184 4279 solum
3211 4223 3434 4277 aliorum
3459 4262 3476 4287 ,
3508 4236 3693 4276 verum
3720 4220 3893 4275 etiam

2293 4321 2629 4376 dominorum
2675 4316 3062 4373 aversabantur
3105 4327 3378 4369 accessum
3401 4353 3417 4379 ,
3441 4327 3547 4366 non
3576 4311 3692 4366 sine
3719 4313 3897 4366 exitio

2293 4413 2380 4469 vel
2404 4411 2640 4482 periculo
2664 4407 2910 4464 audentis
2934 4449 2949 4476 ,
2975 4407 3021 4463 si
3047 4406 3166 4476 quis
3186 4406 3251 4458 de
3275 4405 3517 4473 proximo
3544 4412 3755 4472 urgeret
3778 4402 3889 4475 (a).

2294 4505 2485 4575 Quanti
2525 4504 2648 4558 mali
2692 4503 2898 4571 signum
2941 4497 3074 4564 fuit,
3122 4497 3166 4552 si
3206 4495 3310 4550 hoc
3338 4494 3548 4564 signum
3599 4492 3699 4548 fuit
3739 4493 3900 4563 quod

2295 4606 2498 4652 tantum
2542 4593 2738 4650 malum
2768 4592 2903 4658 fuit,
2935 4590 2979 4644 si
3011 4589 3168 4644 etiam
3195 4586 3401 4656 signum
3423 4599 3526 4638 non
3555 4583 3652 4638 fuit
3674 4583 3740 4638 ‘?
3771 4583 3904 4641 Hoc

2295 4693 2338 4750 si
2369 4692 2566 4748 nostris
2589 4689 2916 4758 temporibus
2935 4684 3234 4747 accidisset,
3255 4681 3546 4740 rabidiores
3571 4681 3702 4738 istos
3722 4696 3900 4753 quam
3935 4662 3948 4668 ’

2295 4787 2372 4843 illi
2399 4801 2492 4840 sua
2518 4783 2764 4838 animalia
2793 4791 3116 4852 pateremur.

2295 4885 2522 4978 CAPUT
2547 4917 2739 4975 XXIV.
2763 4947 2835 4958 —
2858 4914 2940 4971 De
2959 4913 3216 4970 discordia
3241 4912 3394 4975 ciuili,
3438 4926 3593 4982 quam
3619 4909 3906 4966 Gracchia:

2756 5011 3026 5066 seditiones
3054 5007 3414 5062 excitaverunt.

2361 5107 2569 5161 Initium
2598 5113 2775 5160 autem
2815 5101 3047 5157 civilium
3077 5099 3340 5155 bellorum
3371 5095 3394 5129 ⁸
3435 5095 3562 5159 fuit,
3590 5093 3911 5150 seditiones

2363 5244 2378 5274 ί
2417 5241 2552 5299 Editi,
2571 5233 2934 5299 πιηιιιὶδνιιεγίιιι⁸
2957 5231 3336 5299 dicam._Abest,
3360 5233 3416 5299 με
3446 5226 3541 5299 ita,
3578 5239 3606 5275 a
3640 5225 3920 5299 codicibus

2296 5291 2632 5363 manuscriptis
2646 5315 2666 5363 ;_
2683 5298 2782 5363 sed
2797 5298 2903 5359 ejus
2921 5294 3025 5363 loco
3044 5295 3093 5343 in
3117 5292 3343 5363 pluribus
3360 5291 3560 5354 legitur,
3585 5294 3804 5363 repertae.

2345 5349 2717 5478 ἔ-Εδῖιίζιαὶὲα
2749 5349 3003 5409 licuerunt.
3047 5349 3347 5418 Manusa'iptj
3381 5349 3503 5404 véro
3541 5349 3648 5400 non
3683 5349 3916 5410 habent,

2378 5441 2424 5477 a.

2294 5429 2424 5480 talia.
3487 5448 3496 5455 ,

2359 5475 2549 5548 i“aditi,
2573 5481 3262 5548 contentionumttanuscripti
3284 5492 3420 5548 vero,
3445 5475 3745 5548 equitatum.

2359 5554 2381 5583 ⁸
2413 5534 2673 5601 Ῐίῖὖίιιῖίυε
2691 5534 2797 5595 uss.
2821 5553 2872 5609 At
2891 5545 3027 5609 editi,
3047 5544 3181 5609 Quod
3197 5534 3366 5606 'quanu'
3396 5534 3727 5609 inali‘séqnwn
3755 5534 3860 5609 fuit
3889 5535 3921 5587 Ρ

2293 5615 2425 5676 quod
2447 5611 2491 5662 si
2513 5612 2600 5663 hoc
2615 5610 2811 5676 signum
2833 5601 3086 5676 {uitaquod
3109 5601 3291 5676 tuatim}
3308 5601 3487 5676 malum
3509 5601 3598 5663 fuit
3617 5612 3634 5659 ;
3656 5605 3920 5661 quantum

2294 5664 2476 5727 hiatum
2496 5675 2584 5736 fuit
2607 5664 2747 5730 illud,
2773 5683 2911 5736 σξη-’ῥίς
2935 5664 3021 5716 hoc
3045 5667 3231 5736 :ignnm
3254 5664 3382 5736 mi}

2357 5719 2747 5796 restabam;
2767 5719 2974 5796 uiuam;
2996 5719 3394 5796 malorum.¥-sic
3415 5725 3560 5796 etiam
3581 5721 3665 5796 qi,
3684 5719 3922 5796 766.3.

2297 5863 2349 5922 ⁸,
2363 5782 2920 5922 Tu‘IiBBEoiiséqnens
2938 5793 3003 5842 de
3019 5791 3263 5854 Prodigiis,
3288 5802 3392 5853 cap.
3421 5789 3540 5850 tu,
3569 5794 3621 5843 et
3637 5793 3797 5871 om:
3810 5782 3916 5835 lib.
