4038 6488
223 401 332 462 105

220 516 585 578 Gracchorum
610 519 848 588 agrariis
877 518 1082 592 legibus
1109 519 1370 575 excitatte.
1403 517 1662 574 Volebant
1682 519 1824 576 enim

218 625 378 681 agros
406 609 600 681 populo
620 609 894 677 dividere,
913 627 1046 682 quos
1071 611 1318 666 nobilitas
1345 627 1623 682 perperam
1650 613 1826 684 possi-

220 701 404 757 debat.
454 699 560 757 Sed
594 709 701 755 tam
752 712 1024 758 vetustam
1086 703 1414 774 iniquitatem
1453 703 1651 758 audere
1694 719 1828 760 cou-

219 792 424 848 vellere
442 833 458 858 ,
488 792 1006 864 periculosissimum
1034 811 1047 860 ;
1079 796 1187 850 imo
1214 810 1365 864 vero,
1394 803 1450 850 ut
1471 795 1585 866 ipsa
1614 810 1700 851 res
1725 796 1828 851 do-

216 885 352 952 mit,
381 884 914 955 perniciosissimum
944 885 1062 940 fuit.
1092 886 1221 954 Quae
1266 885 1454 942 funera
1481 885 1620 942 facta
1661 895 1786 942 sunt
1807 928 1824 955 ,

217 993 329 1035 cum
357 980 520 1049 prior
547 977 828 1035 Gracchus
850 977 928 1053 (a)
957 979 1166 1036 occisus
1190 979 1317 1035 est?
1343 995 1463 1050 quae
1487 981 1670 1046 etiam,
1699 995 1826 1037 cum

217 1071 344 1126 alius
377 1069 556 1127 frater
584 1071 704 1139 ejus
734 1087 842 1126 nou
871 1071 1028 1142 longo
1059 1070 1375 1142 interposito
1408 1069 1692 1141 tempore?
1721 1069 1827 1128 Ne-

217 1176 311 1232 que
351 1161 512 1216 enim
553 1161 762 1232 legibus
811 1170 866 1216 et
909 1161 1095 1216 ordine
1138 1171 1500 1234 potestatum,
1532 1161 1625 1218 sed
1657 1162 1826 1217 turbis

215 1269 600 1325 armorumque
615 1253 951 1310 conﬂictibus
966 1254 1175 1310 nobiles
1191 1255 1556 1327 ignobilesqne
1569 1255 1828 1312 necaban-

220 1359 313 1404 tur.
337 1349 476 1404 Post
508 1346 740 1404 Gracchi
776 1348 997 1403 alterius
1019 1347 1092 1419 (b)
1131 1347 1592 1415 interfectionem,
1629 1349 1826 1407 Lucius

219 1443 456 1513 Opimius
481 1443 709 1508 consul,
731 1442 826 1514 qui
853 1441 1110 1498 adversus
1139 1456 1261 1496 eum
1292 1442 1428 1497 intra
1453 1441 1651 1499 Urbem
1675 1458 1825 1498 arma

221 1542 589 1590 commoverat
610 1575 627 1598 ,
649 1549 822 1604 eoque
851 1549 972 1588 cum
1001 1532 1161 1587 sociis
1191 1547 1450 1604 Oppresso
1480 1543 1533 1589 et
1561 1536 1822 1591 exstincto

222 1626 486 1696 ingentem
534 1626 732 1680 civium
763 1634 995 1695 stragem
1043 1623 1279 1690 fecerat,
1307 1641 1428 1680 cum
1472 1627 1822 1697 quaestionem

227 1719 438 1774 haberet
483 1718 600 1788 jam
648 1717 929 1788 judiciaria
976 1716 1320 1787 inquisitione
1363 1726 1589 1772 caeteros
1636 1735 1821 1788 persc-

222 1825 384 1882 quens
409 1849 428 1875 ,
458 1810 565 1864 tria
595 1808 760 1863 millia
789 1807 1064 1862 hominum
1094 1806 1358 1863 occidisse
1378 1807 1705 1878 perhibetur.
1738 1809 1820 1864 Ex

221 1918 320 1973 quo
339 1901 567 1972 intelligi
591 1909 790 1972 potest,
815 1909 1066 1971 quantam
1098 1899 1489 1954 multitudinem
1519 1902 1768 1955 mortium
1799 1903 1816 1934 ι

226 1992 422 2049 habere
449 1993 689 2064 potuerit
721 1991 964 2048 turbidus
988 1989 1266 2046 conﬂictus
1291 2005 1586 2059 armorum,
1605 1992 1818 2061 quando

223 2098 414 2144 tantam
441 2088 634 2143 habuit
664 2087 994 2158 iudiciorum
1025 2086 1171 2142 velut
1209 2085 1510 2142 examinata
1554 2089 1811 2158 cognitio.

223 2181 504 2238 Percussor
535 2180 768 2236 Gracchi
815 2180 983 2252 ipsius
1006 2187 1168 2250 caput
1194 2188 1449 2249 quantum
1469 2195 1630 2251 grave
1655 2190 1771 2237 erat
1797 2224 1812 2248 ,

225 2283 356 2327 tanto
397 2273 522 2327 auri
554 2272 797 2343 pondere
829 2271 1035 2326 consuli
1071 2270 1345 2326 vendidit:
1370 2270 1487 2327 haec
1522 2272 1665 2327 enim
1714 2287 1814 2344 pa-

221 2365 312 2420 ctio
325 2364 536 2418 eadem
565 2372 945 2436 praecesserat.
972 2363 1029 2418 ln
1049 2379 1150 2433 qua
1175 2364 1335 2419 etiam
1355 2364 1563 2422 occisus
1590 2374 1673 2422 est
1689 2381 1811 2422 cum

223 2456 389 2512 liberis
420 2456 640 2512 Marcus
663 2456 885 2512 Fulvius
911 2455 1230 2512 consularis.

237 2593 454 2650 CAPUT
496 2592 673 2648 XXV.
703 2622 777 2633 —
801 2591 880 2647 De
910 2591 1019 2646 ade
1043 2589 1337 2647 Concordia:
1360 2608 1423 2647 ea:
1458 2602 1785 2650 senatuscon-

363 2687 504 2743 sulto
535 2688 590 2741 in
619 2687 732 2741 loco
752 2685 1057 2741 seditionum
1095 2694 1142 2740 et
1169 2685 1386 2740 caedium
1417 2686 1645 2741 condita.

275 2823 522 2892 Eleganti
567 2834 703 2877 sane
742 2817 1208 2876 senatusconsulto
1239 2833 1306 2874 eo
1357 2818 1474 2890 ipso
1509 2820 1666 2886 loco,
1715 2821 1807 2877 ubi

215 2915 456 2971 funereus
501 2915 768 2969 tumultus
815 2915 904 2969 ille
936 2914 1256 2969 commissus
1289 2922 1390 2978 est,
1426 2913 1512 2968 ubi
1551 2923 1628 2969 tot
1662 2915 1806 2970 cives

213 3010 395 3065 ordinis
443 3009 714 3078 cujusque
743 3007 1084 3073 ceciderunt,
1114 3005 1258 3061 :edes
1311 3004 1622 3061 Concordiae
1666 3005 1801 3061 facta

212 3113 302 3168 est,
332 3113 385 3156 ut
413 3101 790 3157 Gracchorum
825 3115 996 3170 ptente
1026 3099 1176 3153 testis
1205 3100 1637 3153 concionantium
1667 3115 1802 3155 ocu-

209 3195 282 3251 los
303 3196 489 3252 feriret
534 3235 551 3261 ,
605 3195 1033 3264 memoriamque
1085 3202 1492 3262 compungeret.
1545 3193 1651 3248 Sed
1702 3193 1805 3250 hoc

208 3290 323 3362 quid
345 3290 491 3344 aliud
523 3287 645 3353 fuit,
670 3302 830 3358 quam
858 3286 1034 3341 irrisio
1054 3284 1300 3348 deorum,
1320 3283 1524 3339 illidem
1546 3284 1800 3356 templum

208 3394 555 3447 construere,
580 3395 703 3451 quae
733 3379 779 3434 si
811 3387 955 3434 esset
983 3377 1034 3430 in
1071 3376 1289 3431 civitate
1311 3416 1328 3444 ,
1355 3391 1461 3430 non
1497 3377 1654 3430 tantis
1685 3376 1802 3431 dis-

203 3475 540 3532 sensionibus
579 3474 871 3528 dilacerata
907 3467 1217 3525 corrueret?
1256 3468 1359 3522 nisi
1402 3467 1543 3522 forte
1580 3468 1800 3523 sceleris

199 3567 366 3639 hujus
394 3583 490 3622 rea
515 3563 827 3628 Concordia,
859 3563 982 3634 quia
1009 3561 1320 3618 deseruerat
1348 3561 1556 3616 animos
1579 3563 1795 3628 civium,

201 3662 392 3718 meruit
429 3661 484 3714 in
510 3659 597 3714 illa
623 3658 741 3713 aede
781 3667 1031 3726 tanquam
1075 3656 1130 3712 in
1183 3670 1400 3710 carcere
1450 3655 1666 3710 includi.
1691 3655 1799 3712 Cur

200 3761 355 3820 extim,
375 3755 425 3811 si
448 3753 618 3809 rebus
637 3752 805 3821 gestis
852 3764 1148 3820 congruere
1200 3749 1504 3815 voluerunt,
1563 3763 1672 3802 non
1722 3748 1797 3804 ibi

201 3849 364 3921 potius
386 3846 569 3901 eadem
610 3841 903 3900 Discordia:
943 3837 1376 3897 fabricaverunt?
1407 3854 1472 3893 an
1518 3838 1622 3893 ulla
1661 3841 1796 3894 ratio

199 3942 453 4006 redditur,
479 3955 582 3994 cur
602 3935 904 3992 Concordia
935 3934 1034 3990 dea
1063 3934 1153 4002 sit,
1187 3945 1240 3988 et
1267 3932 1541 3989 Discordia
1561 3931 1660 3988 dea
1687 3949 1794 3989 non

199 4035 293 4100 sit;
322 4044 375 4088 ut
413 4029 721 4088 secundum
762 4027 1028 4084 Labeonis
1070 4025 1488 4090 distinctionem,
1541 4024 1680 4080 bona
1725 4026 1796 4081 sit

197 4125 310 4192 ista,
336 4125 429 4181 illa
453 4139 595 4178 vero
622 4121 760 4176 mala
783 4119 854 4190 (ε)
871 4119 895 4173 ‘l
915 4117 1024 4174 Nec
1041 4118 1153 4187 ipse
1169 4116 1310 4172 aliud
1334 4125 1548 4172 secutus
1563 4116 1791 4183 videtur,

197 4234 343 4292 quam
373 4213 528 4289 quod
549 4213 790 4269 advertit
813 4211 999 4266 Roma:
1021 4210 1183 4266 etiam
1209 4207 1392 4275 Febri,
1424 4208 1560 4263 sicut
1586 4207 1790 4277 Saluti,

196 4312 450 4382 templum
481 4306 858 4363 constitutum.
887 4301 964 4356 Eo
1004 4301 1165 4372 igitur
1209 4299 1369 4356 modo
1424 4313 1528 4354 non
1585 4306 1794 4354 tantum

193 4403 508 4460 Concordiae
533 4441 549 4466 ,
573 4413 762 4454 verum
802 4396 961 4452 etiam
1000 4393 1290 4450 Discordia:
1314 4392 1564 4448 constitui
1585 4392 1789 4449 debuit.

192 4497 498 4554 Periculose
538 4494 718 4562 itaque
745 4489 973 4545 Romani
1015 4498 1121 4543 tam
1151 4487 1288 4543 mala
1314 4486 1414 4542 dea
1456 4487 1588 4542 irata
1613 4485 1796 4544 vivere

191 4591 496 4656 voluerunt,
520 4600 624 4642 nec
647 4584 935 4654 Trojanum
962 4581 1228 4636 excidium
1258 4580 1602 4635 recaluerunt
1626 4580 1790 4651 origi-

187 4698 303 4738 nem
333 4683 408 4737 ab
437 4679 564 4750 ejus
590 4675 889 4731 offensione
923 4673 1236 4744 sumpsisse.
1283 4673 1400 4742 Ipsa
1425 4672 1624 4743 quippe
1671 4673 1796 4742 quia

185 4775 318 4832 inter
345 4775 486 4837 deos
514 4786 627 4826 non
649 4767 822 4824 fuerat
840 4768 1078 4832 invitata,
1109 4765 1269 4820 trium
1288 4764 1508 4820 dearum
1537 4763 1617 4836 (ά)
1648 4763 1796 4821 litem

183 4871 325 4926 aurei
355 4867 492 4924 mali
521 4863 892 4935 suppositione
933 4868 1234 4916 commenta
1273 4868 1357 4914 est
1399 4861 1420 4891 ³
1454 4857 1640 4914 :unde
1678 4859 1795 4914 rixa

184 4967 497 5030 numinum,
555 4970 612 5018 et
661 4959 837 5016 Venus
891 4955 1103 5021 victrix,
1157 4963 1213 5010 et
1262 4963 1416 5024 rapta
1469 4952 1693 5019 Helena,
1743 4962 1799 5008 et

182 5060 337 5131 Troia
371 5058 582 5114 deleta.
614 5053 972 5124 Quapropter,
1000 5049 1048 5105 si
1069 5047 1206 5103 forte
1236 5045 1507 5118 indignata
1535 5045 1675 5117 quod
1708 5046 1796 5100 in-

181 5164 258 5210 ter
287 5153 436 5209 deos
478 5148 536 5204 in
580 5145 730 5203 Urbe
789 5144 994 5200 nullum
1049 5141 1306 5212 templum
1350 5139 1549 5196 habere
1581 5140 1797 5210 meruit,

179 5245 301 5302 ideo
324 5245 450 5316 jam
477 5237 729 5295 turbabat
756 5235 917 5291 tantis
946 5233 1261 5289 tumultibus
1289 5232 1598 5298 civitatem;
1626 5247 1788 5302 quan-

179 5350 232 5395 to
275 5335 534 5394 atrocius
574 5331 747 5404 potuit
782 5327 979 5385 irritari
1003 5369 1019 5396 ,
1047 5343 1169 5383 cum
1199 5326 1254 5382 in
1279 5325 1400 5382 loco
1430 5325 1570 5382 illius
1608 5323 1792 5393 caedis,

241 5571 262 5602 ί
299 5561 544 5618 nonnulli
580 5560 806 5621 codices,
845 5562 1163 5608 mortuorum.
1187 5579 1250 5593 ——
1270 5555 1423 5604 Nostri
1460 5550 1625 5613 codd,
1676 5563 1805 5602 mor-

176 5630 389 5743 ἠιζηὲὶο
414 5633 519 5737 ais-9.
544 5687 662 5737 ι’Δίιί
687 5697 832 5742 vero,
871 5688 1183 5732 commentata
1199 5685 1286 5730 est.

263 5737 580 5814 aii'vrii‘erius
600 5737 859 5814 Gracchus.
886 5745 1000 5814 vide
1026 5743 1278 5814 supralib.
1302 5739 1351 5803 2,
1377 5751 1484 5803 cap.
1503 5737 1582 5790 21.

263 5771 297 5803 a
349 5757 580 5800 Tiberius
600 5757 859 5798 Gracchus.
886 5757 1000 5793 Viue
1026 5757 1169 5807 supra
1197 5757 1272 5792 ut).

239 5757 323 5876 ib;
351 5815 454 5863 Caii
477 5812 686 5862 Gracchi.
703 5807 942 5876 Plutarch.
970 5808 1017 5854 in
1034 5805 1272 5876 pracchis.

269 5869 328 5940 τ’)
365 5877 487 5925 Vide
509 5873 795 5940 Silpi‘ll,__lll_)_.
821 5869 998 5940 2,65”).
1030 5870 1104 5940 ii.

269 5894 299 5929 ί·
365 5881 487 5925 Vide
509 5887 678 5938 supra,
707 5881 795 5919 Im.
821 5881 870 5928 z,
894 5882 998 5929 cap.
1030 5881 1104 5916 ιτ.

240 5881 339 6008 ἒιδ
363 5941 583 5997 Iunonis,
609 5934 819 5984 Palladis
836 5938 890 5980 et
912 5931 1131 5980 Veneris.

435 6025 672 6095 Sutor.
728 6021 1008 6085 Aususr.
1039 6012 1178 6081 νιι.

1615 400 1822 458 LIBER
1857 399 2174 463 TERTIUS.

3418 431 3528 492 ιοσ

1942 518 2046 576 hoc
2070 530 2154 577 est
2179 521 2231 577 in
2260 521 2380 580 loco
2407 527 2491 583 sui
2514 529 2692 598 operis
2710 571 2728 601 ,
2758 532 3082 596 adversaria:
3117 553 3230 598 suae
3271 549 3531 606 constitu-

1936 620 2045 668 tam
2093 613 2262 670 mdem
2291 617 2532 675 videret?
2559 621 2686 679 llaec
2721 640 2855 682 vana
2894 628 3192 690 ridentibus
3246 638 3402 694 nobis
3451 641 3527 698 illi

1934 703 2080 762 docti
2106 708 2483 782 sapientesque
2509 717 2932 788 stomachantur,
2959 733 3014 778 et
3039 733 3221 782 tamen
3245 730 3526 788 numinum

1934 797 2195 892 honorum
2255 803 2628 878 malorumque
2671 809 2904 868 cultores
2959 814 3027 871 de
3079 817 3183 873 hac
3226 824 3525 892 quaestione

1933 890 2252 952 Concordia:
2282 897 2679 974 Discordizeque
2702 919 2810 960 non
2834 918 3050 978 exeunt,
3079 911 3196 968 sive
3224 890 3516 984 praetermi-

1934 983 2104 1040 serint
2128 985 2314 1043 harum
2345 989 2565 1047 dearum
2591 993 2791 1050 cultum
2812 1039 2829 1064 ,
2856 997 3041 1070 eisque
3077 983 3304 1060 Febrem
3345 1005 3520 1071 Bello-

1931 1091 2163 1148 namque
2183 1082 2538 1152 praetulerint,
2592 1085 2786 1156 quibus
2824 1091 3037 1163 antiqua
3075 1093 3192 1150 lana
3238 1096 3519 1164 fecerunt;

1931 1169 2046 1227 sive
2075 1181 2129 1226 et
2162 1173 2291 1230 istas
2311 1176 2608 1246 coluerint,
2635 1195 2755 1236 cum
2795 1183 2873 1239 sic
2897 1200 3010 1253 eos,
3038 1185 3348 1248 discedente
3375 1191 3516 1250 Con-

1928 1262 2133 1408 gordia,
2166 1266 2438 1325 Discordia
2467 1273 2696 1330 szeviens
2730 1291 2899 1348 usque
2923 1277 2992 1334 ad
3015 1279 3190 1337 civilia
3228 1282 3366 1341 bella
3385 1300 3515 1357 per-

1967 1365 2160 1408 uxertt.

1967 1365 2160 1411 uxerit.

1928 1509 2156 1570 CAPUT
2193 1512 2382 1571 XXVI.
2422 1545 2495 1558 —
2529 1516 2609 1573 De
2651 1519 2861 1576 diversis
2893 1523 3158 1594 generibus
3207 1526 3357 1597 belli,
3396 1544 3514 1602 qua

2093 1615 2206 1676 post
2228 1609 2490 1664 conditam
2517 1611 2677 1666 cedem
2706 1611 3005 1671 Concordia
3021 1627 3138 1673 sunt
3156 1629 3343 1675 secuta.

1997 1753 2318 1814 Prreclarum
2363 1776 2491 1817 vero
2517 1762 2866 1821 seditionibus
2895 1767 2912 1799 ί
2936 1767 3300 1840 obstaculum,
3339 1773 3510 1833 aedem

1925 1846 2238 1907 Concordiae
2282 1863 2473 1911 testem
2530 1857 2693 1912 c:edis
2746 1860 3100 1931 suppliciique
3143 1864 3510 1925 Gracchorum

1924 1941 2370 2001 concionantibus
2405 1949 2776 2018 apponendam
2821 1962 3090 2021 putarunt.
3134 1955 3400 2024 Quantum
3440 1975 3509 2018 ex

1922 2031 2026 2089 hoc
2056 2034 2377 2104 profecerim
2397 2082 2412 2106 ,
2441 2040 2679 2098 indicant
2705 2056 2885 2101 secuta
2922 2047 3126 2117 pejora.
3175 2049 3508 2113 Laborarunt

1921 2125 2063 2180 enim
2088 2127 2340 2201 deinceps
2361 2133 2790 2202 concionatores,
2820 2152 2926 2192 non
2948 2141 3250 2210 exemplum
3271 2142 3508 2202 devitarc

1920 2216 2305 2292 Gracchorum,
2329 2225 2422 2280 sed
2444 2240 2698 2296 superare
2725 2229 3080 2300 propositum,
3102 2231 3298 2290 Lucius
3325 2234 3507 2293 Satuh

1918 2311 2075 2368 ninus
2102 2315 2344 2373 tribunus
2371 2317 2574 2388 plebis,
2600 2329 2656 2376 et
2699 2321 2860 2378 Caius
2902 2322 3160 2380 Servilius
3195 2338 3424 2397 praetor,
3453 2339 3506 2388 et

1917 2403 2086 2460 multo
2107 2417 2229 2476 post
2255 2406 2333 2480 (a)
2363 2408 2570 2467 Marcus
2595 2410 2822 2481 Drusus,
2841 2429 3066 2485 quorum
3091 2419 3330 2475 omnium
3364 2420 3506 2476 sedi-

1917 2495 2150 2553 tionibus
2189 2500 2363 2558 caedes
2395 2502 2566 2573 primo
2603 2503 2714 2575 jam
2753 2514 2879 2561 tunc
2921 2509 3268 2578 gravissima},
3309 2511 3503 2570 deinde

1914 2590 2130 2646 socialia
2148 2593 2285 2650 bella
2305 2607 2620 2652 exarserunt
2641 2595 2718 2670 (b)
2743 2615 2756 2652 :
2781 2598 2973 2670 quibus
2988 2599 3137 2657 Italia
3161 2603 3504 2663 vehementer

1913 2683 2133 2754 afﬂicta,
2165 2698 2220 2742 et
2242 2689 2310 2744 ad
2341 2691 2643 2746 vastitatem
2672 2691 2970 2748 mirabilem
2991 2695 3012 2725 ³
3039 2693 3503 2768 desertiOnemque

1912 2779 2166 2848 perducta
2215 2790 2314 2836 est.
2358 2783 2563 2838 Bellum
2605 2783 2800 2840 deinde
2851 2785 3046 2840 servile
3093 2787 3358 2843 successit
3395 2785 3495 2861 (ο),

1912 2876 1968 2924 et
1993 2869 2132 2927 bella
2151 2873 2324 2928 civilia
2344 2892 2357 2928 :
2379 2874 2432 2928 in
2453 2875 2644 2944 quibus
2664 2874 2686 2907 ⁸
2705 2891 2825 2946 qua:
2847 2876 3026 2946 pmlia
3047 2878 3332 2935 commissa
3345 2889 3493 2950 sunt,

1910 2967 2040 3040 quid
2069 2969 2342 3039 sanguinis
2362 2967 2578 3024 fusum?
2620 2977 2679 3023 ut
2710 2983 2899 3025 omnes
2939 2969 3056 3026 fere
3097 2970 3245 3026 Italae
3269 2981 3496 3042 gentes,

1909 3063 2100 3134 quibus
2143 3063 2444 3119 Romanum
2487 3063 2719 3118 maxime
2756 3062 3108 3134 praepollebat
3156 3065 3441 3137 imperium
3477 3107 3494 3135 ,

1910 3162 2164 3224 tanquam
2189 3169 2330 3210 saeva
2356 3153 2672 3211 harbaries‘
2703 3153 3070 3210 domarentur.
3106 3154 3223 3211 Jam
3267 3171 3335 3213 ex
3365 3172 3498 3228 pau-

1907 3245 2157 3309 cissimis,
2187 3244 2288 3300 hoc
2312 3253 2396 3300 est
2424 3246 2602 3300 minus
2628 3261 2791 3316 quam
2834 3246 3167 3316 septuaginta
3188 3287 3204 3314 ,
3233 3249 3472 3319 gladiato

1906 3339 2055 3394 ribus
2097 3338 2543 3409 quemadmodum
2569 3339 2768 3396 bellum
2800 3341 2996 3396 servile
3026 3349 3361 3398 contractum
3391 3345 3494 3413 sit,

1905 3429 1973 3484 ad
2007 3439 2263 3500 quantum
2299 3444 2581 3486 numerum
2611 3439 2668 3487 et
2715 3445 2874 3500 quam
2925 3445 3104 3486 acrem
3155 3430 3498 3505 fcrocemque

1905 3522 2210 3588 pervenerit
2241 3539 2254 3574 :
2281 3536 2418 3592 quos
2468 3521 2561 3578 ille
2613 3536 2869 3577 numerus
2913 3521 3267 3593 imperatores
3314 3527 3495 3598 populi

1904 3611 2130 3668 Romani
2162 3614 2539 3685 superaverit:
2568 3630 2701 3686 quas
2741 3625 2797 3670 et
2825 3615 3096 3686 quomodo
3132 3617 3374 3675 civitates
3407 3635 3496 3677 re-

1901 3707 2196 3778 gionesque
2222 3709 2546 3773 vastaverit,
2579 3708 2666 3762 vix
2699 3707 2790 3777 qui
2832 3707 3114 3763 historiam
3154 3709 3493 3781 conscripse-

1902 3809 2048 3866 runt,
2077 3799 2207 3856 satis
2228 3800 2497 3870 explicare
2525 3807 2814 3870 potuerunt
2842 3798 2943 3872 (tl).
2995 3797 3185 3872 Neque
3220 3801 3272 3857 id
3317 3801 3491 3861 solum

1966 4043 1985 4075 ι
2018 4048 2149 4086 λιες..
2166 4039 2429 4086 mditiom's.

1966 4043 1985 4075 ί
2018 4039 2429 4102 Mss.,seditionis.

1960 4106 1983 4136 '
2016 4103 2150 4164 aditi.
2190 4100 2526 4164 miserabilem.
2566 4108 2622 4150 At
2660 4102 2986 4164 nanusa'lptl,
3007 4100 3295 4154 mirabilem.
3319 4107 3490 4155 Eutro-

1899 4167 2010 4229 pius
2040 4167 2106 4238 de
2135 4161 2269 4238 bello
2303 4162 2469 4238 sociali
2493 4169 2546 4212 et
2571 4161 2704 4237 .civili
2726 4176 2882 4238 agens
3030 4165 3087 4238 5‘
3117 4175 3342 4238 numerat
3371 4179 3489 4238 cpn-

1896 4224 2117 4292 sumptns
2138 4227 2265 4278 ultra
2285 4233 2484 4277 centum
2499 4224 2850 4289 quinquaginta
2885 4224 3037 4275 millia
3069 4224 3337 4287 hominum,
3360 4228 3492 4280 viros

1897 4289 2180 4338 consulares
2199 4289 2278 4338 24.
2304 4287 2559 4338 praetorios
2587 4287 2637 4338 7.
2661 4294 2918 4338 senatores
2958 4287 3068 4338 fere
3097 4287 3206 4338 aco.
3245 4292 3492 4338 Consentit

1897 4289 2180 4342 consulares
2199 4289 2278 4349 24,
2337 4289 2559 4337 rzetorios
2587 4289 2637 4346 7,
2661 4294 2918 4338 senatores
2958 4289 3068 4338 fere
3097 4289 3206 4338 300.
3245 4292 3493 4342 Consentit

1895 4362 2040 4466 m1
2059 4353 2145 4402 lib.
2167 4353 2216 4415 5,
2238 4365 2282 4403 c.
2304 4302 2386 4412 ἓξ.
2409 4349 2501 4400 sed
2533 4347 2704 4400 multo.
2723 4348 2893 4413 plures
2922 4350 3191 4401 exstinctos
3209 4350 3356 4402 tradit
3378 4351 3490 4402 Vel-

1917 4428 2024 4513 e198
2017 4453 2098 4528 tlte
2119 4475 2322 4537 voculae,
2343 4473 2397 4526 in
2419 4471 2608 4540 quibus,
2631 4473 2812 4526 desunt
2846 4476 2898 4526 in
2935 4473 3116 4524 nostris
3135 4474 3359 4526 omnim:
3387 4487 3490 4527 ma-

1897 4542 2174 4592 nuscriotis.
2234 4545 2295 4590 at.

1960 4548 2411 4663 fathpif'baﬁme.
2429 4598 2739 4663 caeteriediu
2761 4606 2813 4650 et
2834 4607 2963 4660 uss,
2977 4595 3238 4650 barbaries.

1964 4665 2038 4734 (ᾳ)
2063 4673 2112 4714 In
2134 4658 2429 4734 biss.,_(_:qius_
2451 4660 2674 4734 sortium
2691 4666 2909 4734 .prtetor.
2948 4658 3058 4734 llox
3087 4672 3261 4734 omnes
3280 4658 3411 4720 libri,
3428 4667 3485 4734 ει

1901 4721 2051 4779 mitto
2069 4733 2173 4790 post
2193 4739 2212 4777 :
2230 4721 2315 4776 ubi
2337 4725 2448 4774 Lud.
2470 4725 2610 4772 vives
2625 4721 2848 4785 Opinatur
2866 4721 3214 4790 legendum,“
3230 4734 3324 4773 non
3337 4723 3488 4790 multo

1901 4797 2036 4854 post;
2056 4784 2170 4854 quia
2191 4795 2384 4850 septem
2400 4797 2554 4836 annos
2574 4784 2760 4854 tantum
2772 4798 2806 4854 7a
2820 4784 3283 4854 Saturnino_tri_bupo
3300 4784 3358 4833 ad
3376 4792 3490 4854 atar-

1901 4844 2207 4902 cum'Li'vium
2227 4844 2428 4901 Drusum
2450 4847 2654 4902 reperit.
2673 4853 2741 4897 De
2764 4853 2914 4897 Druso
2935 4845 3128 4897 socialis
3145 4844 3265 4896 belli
3287 4851 3488 4896 auctore

1902 4915 2094 5025 εαίριὲι
2112 4911 2374 5025 nauseat).
2384 4912 2442 4962 7t
2459 4925 2474 4973 ;
2489 4903 2554 4960 de
2569 4910 2822 4960 Saturnino
2837 4915 3004 4960 autem
3016 4920 3074 4960 ac
3087 4906 3287 4958 Servilio
3301 4903 3491 4958 Glaucia

1903 4989 2004 5025 DIE
2083 4991 2130 5025 e.
2177 4991 2192 5025 ι
2229 5011 2242 5024 .
2328 5010 2341 5022 .

2007 4977 2130 5035 tore,
2157 4977 2242 5035 lib.
2261 4977 2341 5025 69.

1903 4989 2410 5102 μῗὸιῗέῗοέἓέαῠῖέαα
2431 5047 2542 5102 quae
2573 5035 2627 5102 in
2648 5041 2882 5102 pomarius
2901 5031 3017 5102 socii
3040 5042 3210 5081 eorum
3227 5035 3280 5079 et
3293 5029 3490 5092 cognati

1903 5096 2241 5169 διιὲοξδρεηᾳοιν
2266 5096 2681 5169 mmmam.
2704 5097 2993 5169 ξῆὲιίιὲίνειο·
3256 5149 3269 5169 .

1969 5151 2244 5228 (ci'uelluni
2265 5159 2450 5228 servile
2471 5151 2600 5208 aliud
2621 5151 2786 5228 sociali
2825 5151 2956 5228 bello
2977 5155 3110 5228 prius
3129 5151 3240 5228 fuit,
3414 5151 3489 5228 ab

1906 5212 2037 5277 ευΗὸ
2050 5212 2163 5292 Syro
2175 5212 2551 5292 quodam‘servo
2574 5220 2923 5292 excitatum,"e_t
2931 5229 2958 5265 a
2968 5212 3156 5292 elegiae.
3164 5212 3312 5292 scrip
3330 5212 3491 5292 alterq

1907 5273 2282 5354 piissimam
2293 5286 2446 5348 copiis
2463 5285 2744 5354 roboratum
2766 5273 2949 5354 Sta-ibit
2961 5273 3328 5354 Ligurem:
3356 5274 3491 5354 aliud

1908 5337 2077 5403 autem
2094 5337 2369 5414 posterius.
2382 5353 2687 5414 contractum,
2709 5357 2773 5392 ex
2801 5338 3183 5414 gladiatoribus,
3201 5351 3337 5414 quos
3349 5337 3490 5414 idem

1907 5401 2035 5478 ipsis
2056 5401 2143 5464 ιίΰο
2183 5411 2270 5478 θὲξν
2307 5415 2544 5478 meum“
2579 5413 2783 5478 (ιιιωυοτ
2807 5401 3197 5478 diem}???
3209 5407 3485 5478 ἓξὲξ.-βέ

1909 5464 2036 5528 ὦἆο
2056 5473 2240 5526 Lentuli
2258 5464 2556 5536 profugisse,
2580 5464 2830 5536 ducesque
2868 5464 3097 5536 Qhrysum
3117 5470 3181 5536 et
3208 5468 3485 5536 Spartacum

1912 5523 2087 5592 EBEiiui
2097 5523 2342 5588 Exercitui
2367 5523 2649 5598 primatis-sse;
2672 5523 3086 5598 Dgéemiinsitper
3114 5523 3267 5598 iidem.
3306 5523 3490 5598 habue-

1910 5579 2348 5655 iﬁhibrﬁaaiﬁiiﬁ.
2367 5579 2581 5647 armis
2591 5591 2687 5655 lib.
2703 5590 2750 5638 5.
2773 5597 2839 5655 De
2862 5589 2955 5638 isto
2970 5579 3241 5650 posteriore
3255 5579 3388 5634 bello
3403 5592 3491 5632 Itu-

1911 5653 2135 5732 sustinus
2156 5663 2233 5732 hic
2255 5668 2306 5732 st
2327 5660 2446 5732 intra
2469 5654 2624 5732 Ψξςὲν
2646 5653 2850 5732 emi;
3113 5709 3205 5732 οη.

1977 5709 2630 5789 (Ei—15?:islatlialoriel‘e'hé
2668 5709 3491 5789 ιαῦίίιυθιὲξνὶφξηίξεὲδῖρλῐὶΒῨΡἭξ

2167 5765 2415 5841 ἕῖξῖίίῆίῖέξ
2440 5780 2523 5828 lib.
2558 5780 2581 5826 1
2619 5765 2668 5826 in
2701 5775 2822 5843 (ine;
2861 5765 3042 5843 Florus,
3077 5770 3162 5820 lib.
3192 5765 3490 5843 emenso;

1915 5829 2406 5906 Fiuih'r'c'iiué'iiifvus
2427 5851 2479 5906 it.
2501 5843 2671 5906 Crassi,
2692 5840 2782 5906 qui
2804 5829 2896 5887 hoc
2925 5829 3110 5885 bellum
3126 5829 3359 5892 confecit;
3378 5837 3489 5877 Oro-

1980 5915 2058 5979 (α)
2091 5909 2205 5961 vide
2227 5905 2366 5969 infra,
2393 5905 2474 5956 hb.
2496 5903 2543 5968 4,
2568 5917 2672 5968 cap.
2691 5903 2737 5952 5.

2905 5975 3238 6061 ('thch
