4038 6516
534 336 636 394 107

533 453 630 509 fuit
656 453 848 511 servile
886 453 1120 522 bellum;
1148 455 1242 511 sed
1277 462 1330 510 et
1371 453 1732 510 Macedoniam
1781 453 2108 524 provinciam

531 547 678 618 prius
728 548 944 603 servitia
993 547 1308 618 depopulata
1350 555 1494 616 sunt,
1536 556 1589 602 et
1641 545 1836 603 deinde
1877 546 2112 602 Siciliam

529 653 787 710 oramque
813 639 1154 695 maritimam.
1181 637 1388 707 Quanta
1413 639 1574 694 etiam
1593 646 1646 694 et
1662 653 1820 710 quam
1846 636 2112 695 horrenda

529 731 897 788 commiserint
945 730 1116 802 primo
1159 731 1457 798 latrocinia,
1502 729 1696 786 deinde
1748 730 1922 786 valida
1971 729 2111 789 bella

529 824 824 894 piratarum
853 865 868 891 ,
927 824 1048 896 quis
1113 833 1209 895 pro
1276 822 1636 894 magnitudine
1695 836 1874 878 rerum
1919 821 2110 892 jvaleat

526 915 701 988 eloqui
718 914 793 988 (a)
810 916 834 970 1

526 915 610 972 elo
649 917 701 971 ui
740 933 771 970 a
810 916 834 970 ἲ

522 915 750 1091 (ἶΑὲυὲ
774 915 1000 1088 )XXVII.
1040 1058 1113 1071 --
1149 1029 1227 1086 De
1254 1028 1383 1086 bello
1403 1027 1534 1084 civili
1551 1027 1787 1086 Mariano
1808 1040 1954 1100 atque
1983 1029 2102 1102 Syl-

1244 1123 1382 1177 lano.

590 1234 722 1302 Cum
774 1251 901 1296 vero
948 1236 1146 1302 Matius
1184 1237 1331 1304 civili
1373 1237 1630 1308 sanguine
1669 1238 1781 1307 jam
1822 1247 2098 1306 emeatus,

517 1328 696 1381 multis
741 1328 1084 1383 adversarum
1129 1328 1227 1382 sibi
1278 1329 1510 1398 partium
1563 1331 1872 1399 peremptis,
1925 1330 2100 1395 victus

516 1417 659 1473 Urbe
682 1418 1024 1489 profugisset,
1060 1419 1150 1472 vix
1174 1419 1444 1487 paululum
1473 1421 1766 1489 respirante
1786 1421 2017 1486 civitate,
2042 1431 2100 1477 ut

512 1513 691 1568 verbis
735 1513 990 1568 Tullianis
1034 1522 1154 1567 utar
1183 1554 1195 1578 ,
1244 1514 1498 1584 superavit
1547 1524 1718 1584 postea
1767 1513 1930 1569 Cinna
1981 1532 2098 1570 cum

513 1604 704 1659 Mario.
739 1603 868 1660 Tum
904 1619 1020 1659 vero
1053 1603 1343 1659 clarissimis
1384 1605 1504 1658 viris
1530 1605 1802 1676 interfectis
1842 1647 1857 1674 ,
1905 1607 2097 1662 lumina

507 1698 721 1752 civitatis
742 1699 985 1753 exstincta
1014 1707 1149 1752 sunt.
1200 1697 1345 1752 Ultus
1365 1708 1436 1752 est
1468 1697 1617 1769 hujus
1640 1698 1856 1752 victoria:
1876 1697 2095 1752 crudeli-

508 1800 660 1846 tatem
681 1802 854 1862 postea
880 1790 1032 1862 Sylla
1051 1831 1066 1856 ,
1097 1806 1160 1845 ne
1187 1790 1287 1843 dici
1311 1791 1512 1860 quidem
1538 1807 1663 1862 opus
1685 1800 1756 1845 est
1796 1802 1983 1862 quanta
2010 1793 2093 1846 di-

508 1883 786 1938 minutione
826 1883 1008 1938 civium
1054 1891 1101 1936 et
1147 1890 1334 1951 quanta
1363 1883 1648 1936 calamitate
1695 1881 2093 1954 reipublichn

508 1973 778 2030 Catilinam
804 1975 946 2029 Orat.
979 1975 1033 2040 5,
1062 1991 1177 2045 cap.
1209 1973 1295 2040 10,
1324 1973 1484 2046 §24).
1531 1973 1606 2028 De
1657 1973 1755 2028 hac
1803 1974 1941 2028 enim
1979 1975 2093 2029 vin-

505 2069 664 2138 dicta,
710 2086 828 2142 qure
880 2069 1231 2142 perniciosior
1262 2070 1376 2136 fuit,
1425 2084 1580 2142 quam
1637 2069 1679 2124 si
1730 2069 1929 2125 scelera
1974 2085 2092 2140 quae

502 2164 876 2238 puniebantur,
900 2163 1157 2236 impunita
1177 2161 1622 2232 relinquerentur,
1649 2162 1722 2216 ait
1739 2171 1792 2216 et
1809 2160 2054 2218 Lucanus
2073 2181 2088 2216 :

622 2277 836 2332 Excessit
1110 2274 1330 2337 modum;
1349 2274 1649 2336 nimiumque
1671 2280 1838 2324 secuta
1858 2279 1954 2334 est,

622 2345 719 2394 Qua
737 2339 888 2386 morbi
906 2336 1097 2386 duxere
1120 2336 1349 2386 manum1
1373 2349 1386 2390 :
1413 2337 1611 2398 periere
1635 2341 1887 2384 nocentes.

620 2400 712 2447 Sed
731 2411 840 2448 cuni
859 2399 958 2461 jam
972 2398 1062 2448 soli
1087 2405 1285 2460 possent
1320 2408 1586 2461 superese
1605 2402 1860 2461 nocentes,

621 2457 1101 2553 ἔξιῇ
1121 2461 1264 2521 odiis,
1287 2457 1604 2530 resdlutaque
1627 2457 1796 2523 legum

620 2527 786 2572 Frenis
801 2527 872 2571 ira
888 2527 986 2572 ruit
1003 2527 1042 2570 ³.

1085 2579 1346 2646 (Pheraei.
1365 2581 1448 2633 lib.
1471 2581 1522 2644 9,
1541 2593 1667 2632 vers.
1686 2579 1932 2644 542-146.)

496 2685 596 2742 Illo
637 2686 779 2742 bello
818 2685 1056 2742 Mariano
1103 2695 1264 2757 atque
1305 2687 1556 2756 Syllano,
1589 2685 1827 2754 exceptis
1871 2683 1954 2738 his
1996 2684 2088 2753 qui

495 2778 630 2834 foris
657 2781 706 2834 in
733 2780 849 2836 acie
875 2780 1202 2847 ceciderunt,
1236 2780 1286 2834 in
1321 2780 1429 2849 ipsa
1455 2792 1665 2848 quoque
1696 2777 1837 2834 Urbe
1862 2777 2088 2832 cadave-

495 2873 644 2930 ribus
690 2874 813 2938 vici,
862 2873 1074 2943 plateaz,
1123 2873 1256 2938 fora,
1299 2873 1526 2937 theatra,
1578 2871 1774 2940 templa
1821 2871 2087 2940 completa

494 2973 657 3031 sunt;
698 2973 758 3020 ut
804 2961 1022 3020 difﬁcile
1061 2964 1389 3036 judicaretur
1419 2963 1630 3034 quando
1682 2964 1913 3019 victores
1965 2963 2086 3032 plus

495 3055 741 3112 funerum
788 3055 1100 3121 ediderint,
1148 3065 1325 3112 utrum
1373 3058 1520 3126 prius
1565 3065 1624 3111 ut
1675 3056 1972 3123 vincerent,
2014 3071 2085 3114 an

491 3157 677 3217 postea
706 3150 824 3222 quia
855 3149 1142 3204 vicissent:
1169 3161 1289 3203 cum
1322 3148 1551 3217 primum
1571 3147 1791 3202 victoria
1820 3146 2077 3216 Mariana,

495 3239 709 3308 quando
751 3240 818 3294 de
848 3239 1041 3295 exsilio
1070 3253 1127 3296 se
1158 3240 1274 3310 ipse
1300 3240 1556 3304 restituit,
1599 3239 1836 3309 exceptis
1879 3241 2081 3308 passim

493 3343 918 3402 quaquaversum
944 3330 1180 3388 cmdibus
1201 3331 1375 3398 factis,
1408 3339 1568 3401 caput
1594 3329 1798 3387 Octavii
1845 3331 2081 3385 consulis

489 3431 781 3492 poneretur
805 3423 858 3478 in
894 3424 1084 3478 rostris
1117 3423 1210 3493 (b),
1229 3422 1408 3479 Caesar
1422 3430 1477 3477 et
1495 3421 1725 3477 Fimbria
1753 3421 1808 3476 in
1833 3420 2081 3476 domibus

488 3513 878 3570 trucidarentur
914 3517 1024 3570 suis
1055 3515 1097 3581 ³,
1134 3515 1241 3570 duo
1281 3514 1483 3580 Crassi,
1533 3523 1685 3584 pater
1726 3523 1780 3570 et
1808 3514 1968 3580 ﬁlius,
2025 3517 2077 3569 in

489 3615 778 3676 conspectu
807 3615 992 3663 mutuo
1011 3615 1393 3686 mactarentur,
1413 3606 1608 3662 Bebius
1651 3613 1707 3662 et
1748 3606 2079 3663 Numitorius

487 3708 630 3752 unco
670 3697 828 3752 tracti
871 3699 1073 3768 sparsis
1132 3697 1430 3753 visceribus
1486 3696 1804 3763 interirent,
1851 3697 2077 3754 Catulus

487 3785 678 3842 hausto
720 3801 929 3844 veneno
971 3803 1030 3844 se
1055 3789 1300 3844 manibus
1328 3789 1664 3844 inimicorum
1713 3789 2072 3856 subtraheret,

487 3878 708 3947 Merula,
732 3880 923 3936 flamen
954 3880 1138 3946 Dialis,
1175 3880 1410 3949 praecisis
1444 3881 1594 3935 venis
1621 3880 1742 3935 Jovi
1773 3881 1932 3935 etiam
1975 3897 2074 3937 suo

486 3972 745 4042 sanguine
771 3971 964 4028 litaret.
997 3971 1056 4027 In
1077 3972 1246 4042 ipsius
1263 3978 1440 4026 autem
1468 3971 1616 4028 Marii
1634 3973 1802 4030 oculis
1817 3974 2072 4029 continuo

485 4061 812 4118 iaciebantur
831 4102 852 4130 ,
880 4063 1075 4135 quibus
1099 4062 1450 4124 salutantibus
1479 4062 1751 4129 dexteram
1797 4066 2073 4139 porrigere

485 4149 762 4209 noluisset.

483 4238 708 4303 CAPUT
745 4243 985 4303 ΧΧῖιιι.
1021 4274 1098 4304 -π
1135 4243 1318 4313 Qualis
1380 4243 1530 4315 fuerit
1579 4243 1796 4318 Syllano
1863 4246 2076 4311 uictoria

863 4341 1046 4394 vindex
1086 4338 1341 4394 Marianae
1364 4339 1696 4394 crudelitatis.

555 4431 778 4504 Syllana
799 4446 934 4490 vero.
951 4431 1172 4508 victoria
1203 4440 1410 4502 secuta.
1431 4429 1588 4500 huius
1612 4429 1860 4486 videlicet
1873 4429 2070 4494 vindex

484 4523 841 4592 crudelitatis,
889 4533 1010 4596 post
1063 4509 1265 4577 tantum
1312 4523 1622 4592 sanguinem
1677 4521 1914 4586 civium,
1962 4539 2070 4593 quo

482 4613 605 4674 ﬁsso
623 4623 934 4684 comparata,
959 4612 1151 4681 fuerat,
1185 4613 1334 4670 ﬁnito
1357 4613 1468 4686 iam
1497 4612 1637 4670 bello
1663 4612 1954 4668 inimicitiis
1981 4614 2065 4669 vi-

485 4705 750 4780 ventibus,
781 4707 1050 4764 crudelius
1085 4707 1138 4761 in
1173 4719 1302 4777 pace
1335 4714 1576 4776 grassata
1625 4715 1727 4760 est.
1749 4705 1870 4762 iam
1904 4707 2066 4764 etiam

483 4785 780 4868 μοιωῶ
805 4798 1024 4869 maioris
1066 4797 1316 4869 pristinas
1348 4811 1410 4856 ac
1453 4796 1844 4853 recentissimas
1893 4798 2067 4854 caedes

485 4887 679 4944 addita:
709 4886 922 4944 Fuerant
946 4889 1066 4943 alia
1101 4887 1378 4959 graviores
1407 4901 1437 4940 a
1462 4885 1630 4941 Mario
1648 4887 1864 4954 juvene,
1905 4897 2070 4958 atque

481 4979 734 5046 Carbone
752 4982 1060 5048 earumdem
1087 4982 1322 5054 partium
1364 4980 1718 5038 Marianarum
1745 4992 1764 5031 :
1794 4978 1886 5050 qui
1923 4979 2067 5052 Sylla

481 5075 825 5142 inminente,
851 5091 956 5132 non
977 5075 1148 5132 solum
1172 5073 1466 5138 victoriam,
1497 5086 1684 5127 verum
1711 5071 1872 5131 etiam
1897 5073 2064 5143 ipsam

480 5167 832 5238 desperantes
857 5169 1085 5230 salutem
1107 5209 1121 5236 ,
1159 5175 1351 5224 cuncta
1375 5165 1486 5222 suis
1511 5163 1804 5236 alienisque
1831 5165 2064 5222 caedibus

483 5257 861 5332 impleverunt.
919 5259 1054 5315 Nam
1082 5266 1279 5328 preter
1312 5265 1546 5326 stragem
1583 5255 1688 5314 late
1727 5270 1818 5325 per
1853 5254 2064 5322 diversa

547 5371 566 5404 ι
598 5372 673 5423 sic
687 5375 842 5424 nostri
870 5380 978 5423 Mss.
1015 5380 1068 5422 tn
1089 5377 1159 5432 3.,
1182 5368 1476 5433 nimiumque
1497 5375 1661 5436 secuta
1682 5371 1770 5430 est,
1793 5381 1889 5432 qua
1909 5369 2066 5423 morbi

481 5431 686 5494 duxere,
710 5447 897 5486 mam.
985 5442 1039 5482 st.

544 5496 566 5527 ²
597 5490 739 5546 Codd.
758 5498 911 5548 nostri
933 5497 1160 5547 omittunt
1180 5494 1331 5546 verba
1357 5507 1369 5542 :
1411 5501 1535 5552 Tunc
1559 5494 1672 5554 data
1692 5490 1886 5544 libertas
1916 5490 2062 5556 odiis,

453 5587 455 5590 -
479 5556 780 5621 resolutaque
802 5558 957 5621 legum
973 5557 1122 5621 frenis
1143 5557 1222 5607 ira
1243 5556 1358 5606 ruit.
1427 5564 1480 5604 at.

541 5621 566 5692 ξ
600 5615 732 5669 vind.
762 5615 865 5668 Am?
885 5615 1036 5670 Erfet
1057 5620 1238 5683 aliquot
1269 5618 1576 5680 mamiscripti
1594 5651 1609 5677 ,
1643 5615 2000 5668 trucidarentur
2031 5629 2062 5667 a

479 5692 594 5732 ⁸1118.
1681 5696 1696 5711 ⁸

566 5757 595 5793 a
638 5747 810 5801 Livius,
834 5743 916 5792 lib.
943 5743 1021 5792 99.

540 5745 617 5868 Eb;
642 5815 708 5854 De
726 5806 883 5855 hocet
904 5806 1225 5868 sequentibus
1260 5803 1370 5853 vide
1399 5805 1492 5852 Liv.
1521 5803 1598 5868 lib.
1631 5801 1722 5864 80;
1749 5803 1940 5868 Appian.
1966 5801 2002 5854 1.
2027 5803 2050 5856 1

480 5865 709 5918 ἀσϋὸιιίδ
730 5869 877 5925 civil.;
904 5865 1138 5919 Plutarch.
1164 5869 1212 5914 in
1237 5869 1374 5915 Mario
1399 5875 1449 5918 ct
1472 5866 1606 5928 Sylla,
1630 5873 1724 5916 etc.

1559 333 1646 393 DE
1685 335 1999 392 CIVITA'I‘E
2043 335 2174 405 DEI,
2205 334 2262 391 S.
2305 335 2673 396 AUGUSTINI

3707 359 3812 442 tce

2227 453 2470 510 dittusam
2515 498 2533 524 ,
2597 457 2818 516 obsesso
2883 461 3043 519 etiam
3102 472 3290 522 senatu
3363 465 3386 542 (
3405 467 3472 540 ὰ)
3493 511 3510 537 ,
3555 470 3624 527 de
3692 473 3812 544 ipsa

2221 548 2388 614 curia,
2432 558 2681 622 tanquam
2722 551 2787 608 de
2825 568 3057 621 carcere,
3105 558 3539 636 producebantur
3581 565 3647 620 ad
3687 567 3804 638 gia-

2217 638 2384 694 dium.
2414 640 2616 698 Mucius
2641 641 2875 701 Scaevola
2906 647 3161 717 pontifex,
3191 653 3446 721 quoniam
3486 656 3622 713 nihil
3663 652 3804 729 apud

2216 730 2486 789 Romanos
2533 737 2731 808 templo
2778 736 2953 795 Vesta
2999 742 3233 799 sanctius
3286 745 3601 816 habebatur,
3654 768 3803 810 aram

2215 823 2382 895 ipsam
2431 827 2726 897 amplexus,
2773 830 2980 888 occisus
3028 843 3110 888 est
3140 851 3154 902 ;
3183 835 3463 908 ignemque
3499 841 3671 908 illum,
3711 845 3804 916 qui

2215 927 2464 987 perpetua
2495 934 2623 976 cura
2671 921 2934 992 virginum
2977 939 3188 996 semper
3231 929 3470 1003 ardebat,
3522 949 3618 990 suo
3663 951 3802 1006 pene

2210 1012 2467 1081 sanguine
2493 1012 2762 1069 exstinxit.
2797 1013 2992 1070 Urbem
3030 1016 3220 1073 deinde
3249 1019 3394 1092 Sylla
3433 1023 3603 1080 victor
3628 1025 3799 1082 intra-

2211 1100 2402 1173 vit,qui
2422 1103 2474 1158 in
2495 1102 2616 1158 villa
2635 1105 2863 1174 publica,
2881 1122 2985 1161 non
3004 1108 3115 1178 jam
3134 1109 3294 1180 bello,
3309 1113 3401 1168 sed
3417 1115 3526 1185 ipsa
3541 1131 3671 1186 pace
3697 1134 3799 1176 sac-

2208 1198 2611 1269 viente,septem
2625 1199 2787 1255 millia
2801 1199 3122 1256 deditorum‘
3146 1203 3312 1274 (unde
3329 1207 3534 1278 utique’
3547 1209 3794 1283 inermia)

2208 1304 2314 1346 non
2343 1291 2627 1363 pugnando
2645 1335 2662 1361 ,
2685 1292 2778 1350 sed
2803 1294 3040 1364 jubendo
3065 1307 3419 1367 prostraverat
3440 1302 3539 1374 (ὁ).
3573 1303 3628 1358 1η
3651 1303 3795 1362 Urbe

2206 1393 2382 1440 autem
2431 1393 2536 1440 tota
2582 1402 2738 1456 quem
2770 1387 2928 1442 vellet
2970 1386 3219 1461 Syllanus
3264 1393 3487 1465 quisque
3531 1395 3788 1453 feriebat:

2206 1477 2348 1531 unde
2377 1485 2451 1532 tot
2493 1477 2678 1533 funera
2707 1480 2975 1535 numerari
3006 1484 3225 1539 omnino
3256 1499 3361 1540 non
3388 1496 3664 1556 poterant,
3695 1489 3792 1546 do-

2204 1582 2304 1623 nec
2324 1569 2482 1640 Syllae
2508 1580 2901 1642 suggereretur,
2931 1574 3186 1631 sinendos
3211 1590 3329 1633 esse
3357 1579 3561 1650 aliquos
3589 1581 3786 1651 vivere,

2205 1669 2264 1715 ut
2291 1672 2471 1716 essent
2499 1664 2690 1733 quibus
2716 1675 2935 1735 possent
2965 1668 3228 1737 imperare
3249 1670 3338 1740 qui
3359 1671 3613 1728 vicerant.
3637 1675 3790 1731 Tunc

2198 1752 2307 1822 jam
2335 1754 2565 1809 cohibita
2587 1799 2600 1820 ,
2642 1772 2758 1825 quae
2790 1757 2888 1814 hac
2927 1766 3086 1830 atque
3130 1761 3230 1816 hac
3261 1763 3456 1832 passim
3503 1763 3787 1822 furibunda

2203 1840 2471 1898 ferebatur
2518 1845 2730 1901 licentia
2761 1848 3066 1920 jugulantli,
3101 1851 3277 1907 tabula
3316 1853 3404 1908 illa
3444 1871 3562 1911 cum
3597 1874 3787 1929 magna

2203 1936 2556 2006 gratulatione
2583 1942 2850 2009 proposita
2880 1952 2994 2011 est,
3026 1959 3146 2014 qua:
3169 1944 3444 2001 hominum
3471 1963 3535 2002 ex
3560 1959 3786 2021 utroque

2201 2030 2388 2086 ordine
2426 2032 2739 2104 splendido,
2787 2037 3020 2105 equestri
3047 2037 3253 2093 scilicet
3293 2049 3450 2110 atque
3480 2044 3782 2112 senatorio,

2199 2123 2609 2180 occidendorum
2639 2141 2700 2180 ac
2727 2126 3228 2196 proscribendorum
3272 2129 3378 2185 duo
3417 2132 3580 2186 millia
3607 2135 3782 2189 conti-

2199 2216 2379 2271 nebat.
2421 2217 2780 2275 Contristabat
2824 2237 3106 2290 numerus,
3154 2223 3248 2278 sed
3268 2225 3642 2281 consolabatur
3669 2245 3784 2285 m0-

2198 2307 2324 2376 dus;
2367 2327 2465 2366 nec
2507 2313 2627 2382 quia
2672 2321 2751 2368 tot
2794 2311 3056 2369 cadebant
3105 2323 3308 2370 tantum
3357 2327 3471 2372 erat
3497 2324 3774 2388 maeroris,

2197 2413 2453 2474 quantum
2480 2405 2699 2472 laetitiae,
2734 2407 2855 2476 quia
2884 2409 3063 2462 caeteri
3108 2425 3215 2464 non
3257 2409 3536 2466 timebant.
3589 2413 3691 2468 Sed
3726 2415 3781 2470 in

2196 2497 2512 2566 quibusdam
2549 2513 2732 2553 eorum
2760 2541 2772 2563 ,
2817 2499 2905 2570 qui
2934 2500 3070 2554 mori
3092 2499 3228 2570 jussi
3261 2514 3413 2556 erant
3439 2546 3452 2570 ,
3479 2504 3634 2558 etiam
3665 2505 3778 2575 ipsa

2195 2587 2322 2643 licet
2339 2589 2571 2644 crudelis
2597 2599 2914 2646 cancrorum
2957 2593 3214 2650 securitas
3234 2635 3249 2661 ,
3295 2610 3491 2665 genera
3528 2598 3780 2655 mortium

2193 2679 2454 2748 exquisita
2499 2683 2822 2751 congemuit.
2868 2681 3162 2750 Quemdam
3208 2685 3350 2739 enim
3379 2685 3494 2739 sine
3521 2687 3661 2741 ferro
3701 2688 3779 2743 la-

2195 2769 2450 2824 niantium
2480 2785 2670 2826 manus
2699 2771 3066 2841 diripuerunt,
3098 2774 3382 2828 immanius
3411 2775 3654 2832 homines
3681 2777 3777 2834 ho-

2191 2863 2392 2918 minem
2417 2862 2594 2918 vivum
2618 2906 2630 2928 ,
2671 2882 2827 2935 quam
2871 2866 3052 2922 bestiae
3087 2868 3262 2922 seleut
3284 2868 3587 2939 discerpere
3617 2873 3776 2928 cada-

2190 2969 2284 3010 ver
2309 2955 2573 3025 abjectum
2605 2943 2879 3029 (c).'Alius
2901 2958 3068 3014 oculis
3095 2959 3305 3016 eilossis
3336 2972 3389 3016 et
3421 2965 3776 3032 particulatim

2190 3047 2444 3102 membris
2479 3050 2764 3118 amputatis
2809 3050 2859 3103 in
2905 3051 3064 3105 tantis
3092 3051 3409 3107 cruciatibus
3436 3053 3525 3108 diu
3555 3057 3736 3114 vivere
3756 3098 3772 3127 ,

2187 3138 2272 3193 vel
2297 3138 2472 3210 potius
2495 3138 2585 3193 diu
2629 3139 2762 3194 mori
2802 3152 3014 3196 coactus
3043 3151 3123 3196 est
3154 3144 3250 3214 (ά).
3299 3143 3630 3202 Subhastatm
3653 3158 3778 3206 sunt

2188 3231 2349 3286 etiam
2379 3230 2450 3303 (ε)
2483 3273 2497 3297 ,
2531 3239 2781 3303 tanquam
2808 3233 2948 3287 villm
2971 3275 2987 3300 ,
3016 3235 3255 3305 qumdam
3278 3236 3485 3292 nobiles
3509 3240 3771 3295 civitates.

2187 3321 2303 3377 Una
2333 3337 2484 3391 vero,
2515 3322 2661 3378 velut
2697 3339 2834 3378 unus
2870 3340 2992 3379 rcus
3035 3325 3157 3381 duci
3194 3325 3491 3397 juberetur,
3533 3331 3610 3385 sic
3659 3341 3771 3386 tota

2179 3413 2330 3486 jussa
2355 3423 2438 3470 est
2464 3415 2740 3472 trucidari.
2785 3416 2910 3473 Haec
2953 3417 3089 3474 facta
3116 3429 3242 3476 sunt
3268 3422 3319 3476 in
3351 3437 3481 3493 pace
3520 3433 3642 3494 post
3660 3423 3775 3480 bel-

2185 3507 2293 3564 lum
2316 3551 2332 3578 ,
2364 3524 2469 3564 non
2500 3519 2557 3564 ut
2581 3509 2968 3567 acceleraretur
2992 3512 3281 3570 obtinenda
3296 3514 3515 3571 victoria
3539 3557 3552 3582 ,
3581 3516 3675 3572 sed
3698 3533 3771 3574 ne

2183 3611 2622 3660 contemneretur
2648 3605 2885 3661 obtenta.
2916 3606 3023 3662 Pax
3051 3623 3170 3662 cum
3200 3607 3342 3663 bello
3365 3607 3430 3663 de
3457 3610 3772 3668 crudelitate

2183 3697 2434 3767 certavit,
2467 3705 2522 3753 et
2548 3698 2694 3752 vicit.
2718 3697 2855 3753 Illud
2876 3701 3017 3754 enim
3047 3701 3335 3766 prostravit
3369 3713 3635 3770 armatos,
3669 3705 3770 3760 ista

2182 3788 2430 3843 nudatos.
2475 3788 2677 3844 Bellum
2723 3799 2837 3845 erat
2861 3830 2875 3853 ,
2915 3799 2977 3844 ut
3008 3790 3098 3860 qui
3142 3789 3447 3859 feriebatur,
3488 3792 3532 3846 si
3564 3803 3768 3864 posset,

2180 3878 2364 3933 feriret
2401 3896 2414 3935 :
2463 3894 2561 3948 pax
2605 3888 2785 3946 autem
2810 3920 2825 3942 ,
2855 3893 2960 3933 non
3002 3888 3060 3933 ut
3106 3879 3197 3951 qui
3222 3890 3490 3948 evaserat,
3522 3883 3766 3952 viveret,

2179 3971 2274 4026 sed
2297 3980 2353 4025 ut
2380 3972 2614 4026 moriens
2647 3985 2752 4025 non
2781 3980 3118 4040 repugnaret.

2178 4063 2404 4120 CAPUT
2466 4062 2657 4118 XXIX.
2697 4095 2769 4104 —-
2803 4063 2896 4135 De
2935 4065 3310 4135 comparatione
3355 4064 3581 4120 Gothiae
3627 4069 3767 4120 irru-

2250 4135 2434 4206 ptionis
2457 4153 2568 4188 cum
2594 4152 2666 4187 eis
2691 4134 2924 4188 cladibus
2937 4134 3061 4201 quas
3088 4134 3301 4190 Romani
3326 4136 3403 4190 vel
3420 4154 3453 4191 a
3483 4135 3670 4206 Gallis,
3687 4140 3769 4196 uel.

2247 4219 2285 4260 tt
2314 4207 2560 4260 bellorum
2579 4206 2799 4260 civilium
2829 4208 3116 4263 auctoribus
3136 4217 3457 4277 exceperunt.

2246 4297 2376 4364 Quae
2400 4297 2577 4353 rabies
2603 4304 2908 4354 exterarum
2933 4299 3170 4370 gentium
3188 4339 3203 4365 ,
3236 4315 3357 4369 qua:
3385 4300 3588 4356 saevitia
3631 4301 3763 4357 bar-

2240 4431 2257 4462 ι
2294 4428 2426 4479 Vind.
2450 4435 2527 4494 Er_.
2551 4436 2603 4480 et
2626 4437 2759 4493 t.ov.,
2783 4429 3096 4494 peditumgtst
3120 4439 3218 4479 Am.
3248 4437 3306 4494 et
3321 4432 3646 4494 manuscripti,
3676 4434 3766 4484 de-

2175 4489 2401 4541 ditorum.
2427 4491 2720 4556 suffragatur
2736 4489 2909 4552 Livius,
2935 4493 2966 4540 1.
2984 4492 3062 4556 88,
3077 4494 3167 4544 nisi
3186 4493 3314 4556 quod
3337 4507 3434 4556 non
3449 4489 3658 4556 septeni,
3673 4497 3767 4547 sed

2183 4572 2206 4614 ς
2229 4562 2336 4619 octo
2360 4555 2507 4605 millia
2544 4554 2816 4619 deditorum
2833 4571 2857 4600 ι
2887 4555 3120 4619 trucidata
3151 4554 3322 4604 refert.
3348 4554 3568 4619 valemus
3588 4591 3601 4615 ,
3627 4554 3661 4619 l.
3711 4558 3764 4619 9,

2095 4609 2102 4618 ’
2174 4609 2217 4665 c.
2244 4616 2312 4665 2:
2364 4636 2386 4663 tt
2407 4627 2612 4680 quatuor
2651 4617 2890 4680 legiones,
2935 4618 3114 4680 inquit,
3149 4616 3406 4680 contrariae
3431 4609 3764 4678 partis'ﬂtieni

2182 4693 2204 4724 ι
2225 4692 2364 4752 suam
2401 4677 2610 4752 secutas,
2644 4677 3100 4752 insilia-publica,
3145 4690 3257 4741 qua:
3290 4679 3342 4728 in
3383 4677 3552 4742 campo
3596 4683 3764 4734 Martio

2182 4758 2204 4804 ᾳ
2228 4751 2412 4794 erat....
2437 4744 2707 4790 obtruncari
2727 4744 2887 4804 jussu.
2910 4755 2934 4783 ι

2236 4803 2258 4835 ί
2277 4811 2405 4864 Lov.,
2430 4803 2779 4865 undectmtque.
2802 4807 2855 4851 at
2872 4809 2998 4862 Mss,
3015 4799 3142 4852 unde
3167 4801 3344 4866 utique.

2239 4865 2312 4914 (al
2338 4867 2452 4914 Liv..
2481 4865 2561 4914 lib.
2579 4864 2656 4914 86.

2261 4866 2312 4917 al
2338 4867 2452 4917 Liv..
2481 4866 2561 4914 lib.
2579 4866 2656 4914 86.

2259 4902 2312 4987 ῖς
2695 4925 2760 4976 dc
2777 4924 3060 4987 Clementia,
3081 4938 3187 4987 cap.
3214 4924 3292 4976 12.

2258 4985 2306 5050 c)
2333 4985 2528 5038 Bebium
2552 4989 2680 5038 hunc
2698 4987 2911 5051 appellat
2933 4985 3112 5051 Florus,
3138 4985 3226 5037 lib.
3256 4987 3306 5048 5,
3331 4997 3435 5050 cap.
3461 4985 3514 5036 21
3545 4999 3560 5036 :
3600 4985 3768 5038 diver-

2171 5049 2527 5114 sum’intellige
2545 5052 2608 5100 ab
2629 5063 2708 5111 eo,
2730 5049 2818 5112 qui
2850 5050 2978 5101 inter
2996 5049 3294 5114 _Syllanarutn
3316 5049 3522 5113 partium
3545 5057 3759 5100 sectato-

2171 5066 2280 5100 sum
2305 5066 2527 5161 ιηιριιιῗε
2545 5066 2608 5100 an
2629 5066 2708 5111 eo,
2734 5066 2818 5112 qut
2850 5066 2978 5101 Inter
3000 5066 3294 5114 eyttanas'utn
3316 5066 3334 5113 ι

2171 5127 2255 5176 res
2270 5117 2457 5162 occisus
2495 5116 2656 5176 egitur
2679 5125 2839 5174 supra,
2865 5123 2969 5172 cap.
2989 5111 3069 5160 27.
3173 5173 3196 5176 η
3331 5119 3334 5122 ’

2181 5179 2208 5238 ξ
2235 5172 2313 5238 (ιι)
2340 5177 2439 5226 Fuit
2460 5172 2550 5225 bic'
2563 5172 2754 5238 Marius
2773 5179 2966 5238 m‘artor,
2990 5179 3044 5238 C.
3065 5173 3202 5238 rttarii
3240 5173 3555 5237 propinquus.
3595 5172 3761 5222 V’aler.

2171 5235 2253 5286 lib.
2277 5235 2326 5300 9,
2352 5251 2456 5300 cap.
2476 5238 2537 5300 2;
2562 5237 2683 5286 Flor.
2710 5235 2799 5300 lib.
2822 5236 2872 5292 3,
2891 5248 2997 5299 cap.
3021 5236 3098 5300 21.

2252 5295 2458 5363 e)'vind.
2487 5295 2586 5363 Ain.
2606 5308 2659 5351 et
2678 5298 2861 5363 aliquot
2877 5295 3002 5360 uss,
3024 5297 3509 5363 suovastatw.v_erius
3530 5295 3610 5346 alii
3627 5295 3761 5363 libri,

2166 5359 2470 5423 sublimitates,
2495 5361 2541 5411 id
2568 5368 2662 5423 est,
2685 5359 2779 5412 sub
2801 5359 2937 5410 hasta
2967 5359 3168 5424 venales
3189 5361 3462 5424 propositae.
3505 5367 3624 5424 Loco
3646 5359 3763 5424 huic

2169 5425 2329 5475 lucem
2366 5421 2506 5487 alie—rt
2539 5421 2719 5487 Florus,
2746 5424 2831 5472 lib.
2855 5424 2901 5484 3,
2925 5436 3034 5487 cap.
3060 5423 3116 5472 2i
3140 5437 3153 5472 :
3181 5421 3212 5487 Ai
3235 5421 3500 5487 municipia,
3523 5437 3547 5466 ν
3573 5421 3752 5484 inquit,

2176 5504 2196 5533 α
2221 5487 2366 5560 italia:
2385 5486 2781 5560 splendidissima
2806 5483 3063 5560 sull‘basta'
3074 5485 3358 5560 venierunt,
3383 5483 3654 5560 spoletum,’
3676 5491 3758 5560 In:

2173 5566 2195 5594 ei
2220 5545 2525 5608 teramnium,
2573 5557 2839 5608 (remeate,
2879 5547 3112 5598 Fluentia.
3173 5555 3288 5595 nam
3325 5545 3660 5595 Sulmonem...
3703 5554 3759 5597 ut

2174 5628 2195 5656 α
2219 5613 2413 5660 obsides
2432 5613 2541 5672 jure
2565 5611 2682 5660 belli
2704 5619 2755 5661 et
2775 5610 2913 5659 modo
2946 5609 3334 5672 n'iorterdamnati
3371 5608 3479 5656 duci
3499 5609 3755 5672 jubentur,

2175 5690 2195 5718 α
2219 5677 2287 5723 sic
2305 5670 2572 5724 (nuntiatam
2593 5675 2836 5724 civitatem
2855 5675 3000 5732 jussit
3031 5671 3155 5735 Sylla
3177 5671 3351 5735 deleri.
3372 5687 3392 5712 ν
3422 5678 3524 5735 rion
3551 5685 3672 5735 ergo
3690 5670 3756 5719 de

2166 5739 2486 5793 Przeiwstiuis,
2531 5744 2583 5786 ut
2616 5744 2817 5799 Coqua‘e
2843 5738 2996 5784 visum
3030 5732 3123 5791 est,
3160 5733 3247 5799 sed
3280 5733 3342 5781 de
3361 5732 3756 5799 Sulmmiensibus

2165 5799 2536 5855 intelligumlum
2571 5795 2709 5862 (μη)ιῖ
2739 5801 2816 5846 hic.
2839 5799 2953 5862 dicit
2997 5795 3306 5859 Augustinus,
3340 5808 3486 5844 unam
3509 5798 3756 5846 civitatein

2169 5867 2314 5912 totam
2327 5862 2508 5927 iussam
2532 5860 2644 5914 esSe
2666 5860 2905 5913 trucidari.
