4038 6484
495 372 614 472 ,111

515 485 774 551 fabulosis
794 527 811 556 ,
856 483 952 542 sed
974 477 1240 540 historicis
1257 519 1272 546 ,
1314 489 1408 533 seu
1433 488 1560 530 vera
1586 488 1679 529 seu
1698 470 1827 526 falsa
1855 470 1983 536 sint,
2000 485 2109 524 non

517 586 761 642 inferunt
807 577 1111 633 hominibus
1157 571 1478 643 perniciem,
1519 565 1614 621 sed
1662 573 1954 633 stuporem.
2004 559 2112 616 Sed

520 693 644 734 cum
675 675 805 746 pluit
827 682 986 734 terra,
1015 683 1135 723 cum
1167 665 1300 736 pluit
1321 671 1463 718 creta
1485 675 1639 727 ,cum
1671 659 1801 728 pluit
1824 655 2109 727 lapidibus,

520 787 628 828 non
651 779 709 824 ut
733 765 937 838 grando
965 760 1216 833 appellari
1259 757 1396 814 solet
1416 755 1517 810 hoc
1547 755 1785 818 nomine,
1816 751 1910 806 sed
1939 749 2112 805 omni-

521 878 595 918 no
621 858 918 931 lapidibus;
949 856 1063 909 bare
1081 850 1322 924 profecto
1344 849 1506 905 etiam
1534 845 1768 916 graviter
1787 842 1984 899 laedere
2019 855 2114 912 po-

524 961 761 1010 tuerunt.
807 949 1058 1019 Legimus
1123 941 1266 1014 apud
1335 954 1430 996 eos
1491 936 1718 994 Etnteis
1791 934 1999 1005 ignibus
2047 932 2115 987 ab

525 1046 643 1117 ipso
667 1041 866 1096 montis
899 1038 1100 1094 vertice
1139 1048 1306 1105 usque
1331 1031 1398 1088 ad
1419 1031 1566 1087 littus
1594 1029 1893 1100 proximum
1920 1027 2116 1082 decur-

524 1135 766 1191 rentibus
816 1133 885 1186 ita
933 1143 1081 1184 mare
1123 1125 1418 1189 lerbuisse,
1459 1131 1515 1178 ut
1541 1136 1704 1192 rupes
1742 1127 2115 1184 exurerentur,

523 1236 577 1284 et
623 1227 766 1296 pices
820 1221 1034 1278 navium
1080 1217 1434 1273 solverentur.
1491 1212 1605 1267 Hoc
1657 1213 1839 1281 utique
1889 1223 1995 1263 non
2036 1209 2116 1263 le—

523 1320 667 1374 viter
693 1316 909 1371 noxium
927 1313 1026 1367 luit
1047 1353 1063 1379 ,
1088 1309 1331 1381 quamvis
1363 1304 1746 1362 incredibiliter
1768 1302 1983 1356 mirum.
2013 1299 2121 1354 Eo-

523 1409 648 1465 dem
689 1420 873 1462 rursus
898 1412 1029 1459 azstu
1067 1401 1266 1473 ignittm
1309 1407 1453 1453 tanta
1483 1397 1531 1450 vi
1570 1393 1761 1449 favillae
1790 1390 2121 1462 scripserunt

526 1501 797 1570 oppletam
847 1510 970 1550 esse
1005 1493 1281 1558 Siciliam,
1332 1498 1388 1544 ut
1438 1483 1736 1542 Catinensis
1788 1482 1939 1538 urbis
1982 1489 2121 1537 tecta

527 1591 720 1648 obruta
746 1599 801 1644 et
819 1602 1072 1658 Oppressa
1099 1586 1335 1640 dirueret
1354 1583 1372 1614 ⁸
1403 1597 1417 1635 :
1447 1595 1551 1651 qua
1572 1577 1876 1635 calamitate
1901 1590 2118 1645 permo—

529 1684 612 1752 ti,
650 1679 1068 1738 misericorditer
1104 1676 1341 1746 ejusdem
1371 1673 1495 1728 anni
1541 1671 1793 1726 tributum
1824 1668 1874 1723 ei
1913 1669 2122 1723 relaxa-

531 1789 662 1831 vere
711 1772 957 1829 Romani.
1009 1769 1357 1825 Locustarum
1405 1764 1563 1846 etiam
1608 1763 1662 1816 in
1710 1760 1886 1816 Africa
1939 1759 2122 1814 multi-

532 1865 773 1922 tudinem
816 1861 1038 1932 prodigii
1084 1858 1311 1913 similem
1341 1856 1536 1921 l'uisse,
1575 1869 1696 1910 cum
1723 1853 1830 1923 jam
1859 1860 2001 1907 esset
2025 1867 2122 1921 po-

532 1957 645 2029 puli
674 1955 898 2010 Romani
940 1950 1244 2023 provincia,
1278 1948 1468 2002 litteris
1512 1943 1899 2000 mandaverunt
1933 1961 1946 1996 :
1997 1957 2125 1996 con-

535 2051 762 2122 sumptis
805 2048 950 2103 enim
988 2045 1245 2101 fructibus
1297 2041 1540 2110 foliisque
1586 2041 1878 2110 lignorum,
1925 2037 2124 2107 ingenti

602 2185 625 2219 ³
655 2185 792 2234 Vind.
818 2191 918 2233 Am.
939 2189 992 2233 et
1013 2187 1146 2241 Lov.,
1170 2177 1433 2230 diruerent.
1459 2176 1762 2239 Itanuscripti
1785 2187 1922 2237 vero,
1958 2174 2126 2225 dirue-

536 2251 631 2299 ret.
655 2254 753 2307 En,
771 2243 996 2297 diruen't.

549 2367 1461 2394 Μ

1507 358 1596 416 DE
1631 353 1955 416 CIVITATE
1995 353 2136 427 DEI,
2172 351 2233 414 Β.
2271 347 2638 410 AUGUSTINI

3670 319 3672 321 ’
3699 352 3806 410 ita

2213 474 2370 537 atque
2403 461 2758 520 inaestimabili
2792 463 2935 522 nube
2979 463 3034 522 in
3072 479 3223 522 mare
3261 464 3448 522 dicunt
3485 481 3606 524 esse
3651 467 3806 539 deje-

2215 566 2358 613 ctam
2393 573 2407 609 :
2451 571 2555 626 qua
2592 565 2798 611 mortua
2826 556 3137 628 redditaque
3165 541 3654 632 littoribus,'atque
3685 562 3810 621 liiuc

2215 665 2341 706 aere
2371 659 2622 719 corrupto
2640 691 2656 717 ,
2688 656 2889 704 tantam
2912 662 3080 704 ortam
3098 651 3456 722 pestilentiam
3477 695 3493 720 ,
3521 664 3580 709 ut
3610 656 3663 710 in
3692 657 3810 712 solo

2216 757 2384 812 regno
2412 739 2700 796 Masinissae
2737 741 2812 814 (a)
2833 744 3135 814 octingenta
3168 743 3446 800 hominum
3486 747 3650 802 millia
3681 765 3809 818 pera

2214 834 2324 890 isse
2353 835 2670 899 referantur,
2706 843 2764 891 et
2819 836 2989 893 multo
3027 837 3256 909 amplius
3277 839 3330 894 in
3362 828 3518 896 terris
3545 841 3813 902 littoribus

2218 928 2499 1000 proximis.
2562 927 2714 984 Tunc
2750 927 2920 986 Uticze
2975 945 3043 986 ex
3090 932 3326 1006 triginta_
3359 932 3593 988 millibus
3631 921 3828 1006 junio-i

2217 1027 2376 1078 rum‘
2419 1063 2438 1090 ,
2477 1037 2597 1092 qua:
2641 1020 2714 1076 ibi
2763 1031 2951 1088 erant,
3021 1022 3206 1079 decem
3251 1020 3573 1082 remansisse
3618 1026 3819 1083 contiro

2221 1123 2389 1172 mant.
2420 1115 2564 1171 Talis
2599 1115 2780 1184 itaque
2798 1115 3039 1184 vanitas,
3089 1117 3305 1188 qualem
3346 1117 3570 1173 ferimus
3594 1159 3609 1180 ,
3654 1119 3816 1189 eique

2223 1208 2554 1280 respondere
2599 1209 2994 1279 compellimur,
3043 1209 3171 1280 quid
3202 1211 3390 1266 borum
3435 1227 3540 1267 non
3569 1211 3818 1268 christia-

2223 1317 2308 1358 na:
2335 1300 2578 1372 religioni
2606 1299 2902 1368 tribueret,
2924 1301 2971 1357 si
2995 1302 3324 1372 temporibus
3344 1301 3650 1359 cbristianis
3669 1303 3820 1360 vide-

2224 1394 2347 1450 ret?
2376 1394 2441 1448 Et
2485 1402 2659 1447 tamen
2700 1391 2804 1448 diis
2850 1393 2961 1449 suis
2990 1408 3098 1449 non
3144 1394 3244 1449 ista
3268 1394 3548 1450 tribuunt:
3591 1411 3819 1467 quorum

2226 1486 2347 1543 ideo
2389 1486 2590 1542 cultum
2630 1485 2910 1556 requirunt
2937 1528 2953 1554 ,
2995 1501 3066 1542 ne
3115 1490 3215 1542 ista
3254 1487 3338 1543 vel
3375 1488 3581 1544 minora
3613 1488 3823 1560 patian-

2230 1588 2337 1645 tur,
2393 1595 2527 1635 cum
2563 1593 2626 1636 ea
2657 1579 2865 1650 majora
2894 1580 3210 1652 pertulerint
3231 1596 3262 1636 a
3286 1581 3477 1652 quibus
3495 1591 3655 1638 antea
3675 1583 3824 1640 cole-

2228 1671 2439 1727 bantur.

2295 1785 2313 1815 ί
2348 1783 2484 1832 Vind.
2526 1795 2644 1848 am.
2668 1789 2762 1844 Ern,
2807 1780 3292 1848 virorumLTriginta
3331 1783 3482 1834 millia
3527 1793 3667 1837 erant
3703 1785 3828 1838 mili-

2233 1853 2369 1903 tum,
2413 1845 2538 1907 apud
2577 1845 2753 1909 Uticam
2785 1845 2844 1909 ad
2882 1845 3181 1908 prasidium'
3201 1848 3350 1896 totius
3394 1848 3556 1896 africae
3588 1848 3826 1909 ordinata,

2229 1914 2361 1974 teste
2378 1908 2559 1966 Orosio,
2579 1908 2672 1974 qui
2697 1907 2898 1957 eosdem
2936 1910 3200 1974 Augustino
3236 1907 3831 1974 consentiens__vomtju-l

2229 1969 2536 2036 nioresatox
2577 1970 2699 2036 intra
2723 1969 3206 2036 vetus__cOrlieiensis
3241 1972 3398 2021 codex
3439 1978 3491 2021 et
3523 1970 3606 2021 alii
3627 1969 3829 2036 quidam

2232 2037 2337 2080 Mss.
2363 2032 2566 2092 habent,
2587 2030 2756 2081 decem
2778 2030 2932 2082 millia
2954 2032 3256 2082 remansisse.

2296 2113 2371 2186 ((ι)
2399 2115 2668 2186 Masinissae,
2693 2116 2886 2188 tametsi
2906 2114 3007 2177 jam
3029 2116 3239 2188 obierat,
3257 2116 3831 2188 regnum‘diciturhquod

2232 2176 2324 2285 id)§i
2349 2175 2436 2249 pro
2460 2177 2683 2225 maximis
2703 2177 2891 2226 meritis
2910 2175 2951 2225 'a
2984 2175 3161 2240 populo
3201 2175 3408 2227 Romano
3443 2177 3613 2228 datum
3641 2175 3834 2242 Micipsa

2267 2236 2363 2285 ltus
2387 2251 2497 2285 eius
2519 2246 2620 2285 tum
2640 2241 2964 2285 aubernabat.

2267 2236 2363 2287 lius
2387 2239 2497 2301 ejus
2519 2246 2620 2288 tum
2640 2241 2964 2302 gubernabat.

3560 2328 3602 2347 κο

2560 2349 3835 2392 --------ὐ--

1465 2441 1949 2553 LIBER
2033 2365 2941 2571 93mm

539 2644 595 2691 In
615 2648 713 2712 quo
733 2635 962 2712 probatur
982 2630 1353 2712 amplitudinem
1385 2629 1574 2712 nopiam
1601 2625 2642 2712 imperiigadiuturnitatem‘ladscribendgm
2678 2644 2762 2681 ess

2763 2644 2812 2699 e,
2843 2644 2941 2699 non
2969 2633 3072 2682 Jovi
3109 2633 3630 2699 diisve__tfaganorum,
3661 2636 3843 2699 quibus

613 2667 1353 2764 ἓιῗιῖςῦῖίέἬῗρεῖξιῖίέἑΤέἕνὲἶ
1383 2667 1775 2764 insanasque
1797 2667 2140 2764 ριςηιιηίιιεηαε
2159 2667 2812 2764 ἐἴὲᾄρῗυὲιῖιὶῖιΐόἇιὶἶθζῖἕᾶ
2840 2667 3072 2746 am;
3089 2667 3844 2763 gratissimam“:

605 2757 851 2826 potestate
873 2771 931 2808 ac
949 2757 1124 2821 judicio
1143 2768 1297 2820 regna
1317 2761 1518 2806 terrena
1538 2757 1896 2804 constituuntur
1916 2759 2066 2816 atque
2087 2759 2358 2803 servantur.

1979 2885 2400 2943 -οὓΟἨῦοεζὶὩὲἑ-ο-

545 3018 774 3082 CAPUT
812 3015 1096 3076 PRIMUM.
1121 3045 1196 3059 —-
1215 3013 1296 3070 De
1322 3014 1400 3069 his
1423 3030 1536 3086 qua:
1559 3012 1723 3086 primo
1749 3012 2003 3103 volumine
2026 3012 2138 3068 dis-

1173 3120 1350 3185 putata
1375 3118 1512 3164 sunt.

619 3231 696 3287 De
717 3229 928 3285 civitate
954 3227 1048 3282 Dei
1068 3224 1247 3281 dicere
1267 3236 1510 3288 exorsus,
1539 3222 1687 3292 prius
1704 3219 2136 3292 respondendum

547 3322 729 3396 putavi
754 3323 874 3392 ejus
897 3319 1126 3374 inimicis
1145 3359 1162 3386 ,
1189 3317 1278 3387 qui
1305 3325 1512 3370 terrena
1535 3314 1725 3385 gaudia
1747 3321 2135 3378 consectantes,

549 3417 817 3486 rebusque
846 3413 1118 3483 lugacibus
1144 3411 1443 3474 inhiantes,
1475 3407 1729 3478 quidquid
1758 3407 1808 3462 in
1843 3407 1920 3462 eis
1952 3407 2101 3462 triste
2121 3448 2135 3471 ,

551 3505 917 3564 misericordia
946 3502 1122 3572 potius
1149 3500 1486 3555 admonentis
1517 3498 1646 3565 Dei,
1676 3513 1835 3568 quam
1876 3497 2142 3567 punientis

551 3601 840 3661 severitate
867 3598 1154 3670 patiuntur,
1186 3594 1428 3666 religioni
1467 3592 1785 3662 increpitant
1806 3591 2140 3657 christianum,

553 3707 677 3766 qum
705 3707 806 3747 una
837 3699 921 3747 est
943 3688 1170 3745 salubris
1190 3697 1241 3742 et
1258 3700 1381 3742 vera
1413 3685 1617 3754 religio.
1638 3683 1704 3738 Et
1721 3683 1968 3753 quoniam
1989 3722 2004 3748 ,
2021 3696 2144 3736 cum

553 3785 628 3841 sit
665 3784 722 3839 in
766 3783 846 3838 eis
891 3782 1054 3838 etiam
1103 3779 1292 3850 vulgus
1324 3777 1628 3840 indoctum,
1677 3776 1824 3830 velut
1865 3775 2144 3830 doctorum

556 3874 878 3931 auctoritate
903 3875 955 3928 in
984 3873 1164 3927 odium
1194 3881 1434 3925 nostrum
1466 3869 1680 3939 gravius
1704 3867 1997 3930 irritantur,
2030 3866 2144 3920 exi-

559 3966 898 4023 stimantibus
941 3961 1202 4033 imperitis
1230 3975 1291 4016 ea
1311 4001 1328 4027 ,
1365 3975 1482 4029 quae
1513 3959 1624 4012 suis
1651 3959 1977 4027 temporibus
2005 3957 2148 4013 inso-

559 4058 655 4116 lite
681 4057 1022 4121 acciderunt,
1057 4070 1151 4126 per
1187 4054 1289 4110 alia
1326 4062 1470 4108 retro
1500 4061 1736 4122 tempora
1767 4052 2012 4108 accidere
2039 4068 2150 4105 non

561 4151 775 4218 solere;
802 4163 1092 4219 eorumque
1118 4147 1422 4218 opinionem
1442 4186 1456 4211 ,
1487 4145 1646 4200 etiam
1677 4144 1742 4199 iis
1770 4146 1860 4214 qui
1897 4160 2014 4200 eam
2049 4142 2150 4198 fal-

561 4256 677 4299 sam
700 4256 821 4298 esse
849 4247 1142 4305 noverunt,
1175 4247 1234 4294 ut
1273 4237 1556 4292 adversum
1585 4251 1681 4291 nos
1701 4236 1842 4304 justa
1878 4250 2151 4291 murmura

563 4335 765 4392 habere
783 4334 1082 4401 videantur,
1105 4347 1216 4388 sua:
1240 4331 1478 4387 scientia:
1497 4330 1919 4386 dissimulatione
1938 4330 2154 4384 ﬁrman-

563 4430 710 4488 tibus
736 4447 750 4486 :
779 4429 848 4485 de
876 4428 1026 4483 libris
1061 4442 1196 4498 quos
1223 4433 1467 4481 auctores
1500 4440 1689 4481 eorum
1729 4423 1795 4479 ad
1826 4437 2154 4490 cognoscen-

566 4522 689 4578 dam
743 4520 1133 4592 praeteritorum
1183 4528 1480 4590 temporum
1548 4517 1822 4573 historiam
1881 4515 2153 4571 memoria:

569 4612 990 4678 mandaverunt,
1017 4612 1169 4682 longe
1198 4610 1353 4664 aliter
1379 4624 1498 4665 esse
1526 4624 1682 4679 quam
1706 4616 1910 4676 putant,
1933 4607 2156 4662 demou-

569 4703 846 4761 strandum
901 4702 1035 4770 fuit;
1085 4711 1138 4758 et
1184 4700 1342 4756 simul
1384 4701 1718 4767 docendum,
1767 4699 1896 4756 deos
1955 4698 2153 4767 falsos,

569 4813 705 4871 quos
731 4797 814 4853 vel
843 4796 1018 4868 palam
1047 4795 1329 4860 colebant,
1371 4794 1454 4849 vel
1493 4791 1702 4848 occulte
1726 4793 1902 4848 adhuc
1931 4794 2152 4862 colunt,

570 4907 667 4949 eos
692 4907 812 4948 esse
841 4886 1296 4946 immundissimos
1327 4887 1546 4957 spiritus
1574 4895 1627 4941 et
1656 4885 2070 4957 malignissimos
2095 4901 2160 4941 ac

573 4984 946 5041 fallacissimos
974 4983 1280 5046 dminones;
1313 4995 1477 5050 usque
1506 4979 1642 5034 adeo
1670 4987 1726 5032 ut
1753 4987 1843 5031 aut
1868 4978 2006 5032 veris
2029 5019 2045 5043 ,
2068 4986 2161 5032 aut

576 5075 712 5130 lictis
737 5076 896 5130 etiam
919 5115 933 5137 ,
976 5075 1087 5129 suis
1119 5082 1294 5127 tamen
1322 5071 1634 5126 criminibus
1659 5069 2013 5136 delectentur,
2041 5085 2160 5139 quae

574 5169 676 5224 sibi
703 5167 960 5224 celebrari
993 5182 1086 5237 per
1108 5181 1203 5221 sua
1227 5165 1358 5219 festa
1386 5164 1702 5228 voluerunt;
1728 5171 1784 5217 nt
1801 5178 1830 5216 a
1855 5171 2162 5232 perpetran-

543 5307 546 5310 .
574 5259 660 5315 dis
680 5258 1073 5315 damnabilibus
1102 5256 1256 5312 factis
1286 5255 1516 5310 humana
1561 5253 1801 5310 revocari
1843 5270 1948 5309 non
1996 5255 2162 5325 possit

577 5352 878 5420 inﬁrmitas,
917 5352 1045 5409 dum
1087 5351 1154 5407 ad
1197 5351 1311 5406 haec
1350 5348 1603 5404 imitanda
1629 5349 1773 5405 velut
1808 5348 1985 5404 divina
2029 5364 2162 5419 prte-

576 5445 734 5502 betur
761 5447 1067 5502 auctoritas.
1098 5445 1222 5499 Haec
1245 5459 1350 5498 non
1381 5457 1444 5497 ex
1468 5451 1648 5496 nostra
1700 5440 2003 5510 conjectura
2043 5456 2163 5511 pro-

580 5537 854 5602 baximus,
907 5537 1002 5594 sed
1072 5538 1261 5604 partim
1325 5551 1388 5589 ex
1439 5534 1638 5589 recenti
1695 5539 1983 5599 memoria,
2041 5531 2163 5602 quia

580 5639 635 5685 et
665 5630 760 5697 ipsi
790 5628 1020 5683 vidimus
1048 5628 1168 5681 talia
1212 5643 1274 5683 ac
1312 5627 1505 5681 talibus
1541 5625 1846 5680 numinibus
1881 5626 2160 5694 exhiberi;

649 5721 720 5784 (a)
743 5721 901 5776 quarti
923 5719 1140 5784 bnjuset
1158 5721 1315 5784 quinti
1331 5720 1398 5769 de
1427 5719 1633 5784 ~civitate
1673 5718 1758 5768 Dei
1803 5716 1913 5784 libri
1945 5720 2166 5784 meminit

582 5781 878 5846 Augustinus
916 5784 964 5831 in
992 5781 1208 5846 Epistula
1238 5782 1343 5846 169,
1382 5782 1438 5831 ad
1462 5783 1706 5846 Evodiuin,
1748 5787 1841 5830 sub
1873 5782 2018 5829 tinem
2051 5783 2164 5830 anni

580 5844 677 5896 415
711 5844 1210 5908 saipta,etxlemque
1236 5845 1340 5906 ipso
1359 5857 1486 5894 anno
1519 5844 1765 5908 incboatos
1798 5852 1849 5894 et
1872 5846 2115 5908 uert‘ecws'
2135 5856 2164 5893 a

579 5918 643 5969 se
663 5908 753 5959 hos
771 5909 894 5958 duos
909 5907 1056 5958 libros
1073 5914 1294 5967 testatur,
1319 5920 1401 5960 nn.
1429 5908 1452 5958 1
1479 5913 1532 5957 et
1560 5907 1619 5959 15

2243 3015 2436 3086 partim
2465 3032 2534 3072 ex
2560 3016 2750 3074 litteris
2780 2995 3122 3094 eorum":qui
3149 3038 3255 3079 non
3283 3031 3532 3084 tanquam
3561 3025 3615 3082 in
3642 3037 3846 3084 contu-

2242 3107 2492 3176 meliam,
2534 3109 2628 3164 sed
2674 3120 2924 3182 tanquam
2958 3113 3010 3182 i_n
3057 3113 3316 3169 honorem
3363 3116 3585 3173 deorum
3623 3134 3848 3176 suorum

2244 3197 2344 3253 ista
2389 3201 2689 3272 conscripta
2736 3205 2965 3273 posteris
3001 3205 3341 3276 reliquerunt
3373 3225 3386 3262 :
3417 3209 3487 3262 ita
3521 3217 3578 3263 ut
3624 3210 3706 3265 vir
3745 3211 3853 3267 do-

2245 3289 2515 3346 ctissimus
2542 3292 2681 3364 apud
2703 3309 2795 3348 eos
2810 3295 3021 3362 ,Varro,
3043 3303 3098 3351 et
3124 3298 3451 3368 gravissima:
3472 3301 3800 3357 auctoritatis
3825 3343 3852 3372 ,

2245 3398 2576 3440 cumrerum
2613 3386 2960 3442 humanarum
2997 3397 3156 3459 atque
3192 3389 3491 3446 divinarum
3533 3392 3854 3462 diSpertitos

2247 3474 2448 3532 faceret
2479 3478 2642 3533 libros
2664 3520 2680 3544 ,
2711 3480 2846 3536 alios
2875 3480 3123 3536 humanis
3147 3525 3161 3549 ,
3205 3484 3338 3540 alios
3364 3484 3587 3549 divinis,
3618 3492 3713 3555 pro
3740 3503 3845 3544 sua

2249 3569 2505 3640 cujusque
2553 3571 2628 3624 rei
2680 3571 3340 3643 dignitate-distribuens,
3389 3593 3494 3632 non
3549 3579 3736 3634 saltem
3789 3581 3855 3638 iu

2248 3663 2410 3719 rebus
2448 3663 2730 3736 humanis,
2761 3666 2856 3721 sed
2901 3667 2953 3722 in
2996 3669 3154 3723 rebus
3182 3668 3377 3722 divinis
3406 3670 3561 3726 ludos
3598 3672 3852 3731 scenicos

2252 3764 2510 3826 poneret:
2549 3773 2669 3810 eum
2713 3758 2930 3826 utique,
2977 3757 3023 3812 si
3063 3759 3434 3815 tantummodo
3479 3761 3600 3816 boni
3641 3774 3695 3817 et
3735 3764 3844 3819 ιω-

2251 3849 2389 3904 nesti
2421 3849 2662 3904 homines
2692 3850 2746 3903 in
2787 3851 2999 3905 civitate
3050 3861 3258 3919 essent,
3297 3867 3394 3908 nec
3442 3854 3496 3908 in
3541 3855 3701 3911 rebus
3743 3857 3856 3912 bu-

2253 3939 2426 3994 niauis
2466 3940 2574 3994 ludi
2620 3941 2817 3996 scenici
2863 3955 2983 4026 esse
3019 3942 3349 3999 debuissent.
3401 3946 3553 4010 Quod
3609 3947 3856 4018 proiecto

2253 4045 2358 4084 non
2404 4031 2722 4084 auctoritate
2767 4045 2862 4086 sua
2909 4031 3063 4096 fecit,
3095 4033 3190 4088 sed
3233 4036 3484 4104 quoniam
3525 4053 3619 4092 eos
3659 4040 3853 4098 Itonia

2255 4130 2412 4175 natus
2435 4131 2490 4176 et
2518 4121 2774 4178 educatus
2803 4123 2854 4177 in
2901 4123 3096 4179 divinis
3134 4125 3298 4199 rebus
3343 4128 3566 4182 invenit.
3595 4130 3662 4185 Et
3703 4149 3851 4202 quo-

2255 4214 2396 4269 niam
2422 4214 2472 4268 in
2495 4215 2600 4270 ﬁne
2622 4215 2774 4286 primi
2804 4216 2953 4283 libri,
2982 4233 3100 4288 quze
3123 4204 3376 4289 deinceps
3396 4220 3617 4276 dicenda
3645 4236 3851 4293 essent,

2255 4307 2489 4363 breviter
2517 4309 2790 4377 posuimus
2811 4351 2828 4376 ,
2857 4319 2912 4364 et
2938 4325 3002 4364 ex
3031 4309 3114 4365 bis
3141 4312 3382 4382 quaedam
3406 4312 3459 4367 in
3481 4313 3688 4370 duobus
3717 4331 3856 4373 con-

2257 4399 2603 4469 sequentibus
2647 4400 2911 4469 diximus,
2966 4405 3349 4472 exsliectationi
3402 4405 3687 4475 legentium
3730 4426 3858 4480 qua:

2257 4501 2462 4550 restant
2483 4494 2751 4551 reddenda
2775 4497 3166 4566 cognoscimus.

2258 4585 2488 4644 CAPUT
2527 4586 2589 4641 ll.
2617 4617 2692 4628 —
2717 4586 2795 4643 De
2822 4588 2900 4641 his
2923 4603 3037 4658 qua'
3065 4587 3192 4642 libro
3219 4589 3442 4643 secundo
3479 4600 3527 4646 et
3555 4591 3701 4648 tertio
3724 4609 3856 4649 con-

2941 4681 3179 4736 tinentur.

2332 4769 2757 4826 Promiseramus
2781 4785 2910 4841 ergo
2937 4771 3178 4841 quaedam
3197 4771 3306 4837 ἠὁε
3335 4788 3453 4830 esse
3479 4773 3716 4832 dicturos
3755 4777 3859 4834 ad-

2264 4877 2450 4920 versus
2475 4877 2570 4918 eos
2589 4904 2603 4928 ,
2631 4863 2721 4934 qui
2751 4861 3011 4918 Romana}
3037 4863 3341 4934 reipublicae
3364 4864 3540 4920 clades
3561 4865 3615 4920 in
3637 4867 3858 4936 religio-

2263 4969 2386 5010 nem
2436 4963 2672 5009 nostram
2727 4953 3000 5022 referunt,
3049 4964 3104 5010 et
3146 4966 3661 5012 commemoraturus
3708 4974 3860 5028 qua:-

2263 5061 2492 5116 cumque
2519 5053 2575 5100 et
2611 5054 3038 5116 quantacumque
3081 5061 3366 5103 occurrere
3405 5049 3736 5119 potuissent,
3772 5052 3858 5107 vel

2266 5141 2397 5196 satis
2425 5155 2544 5195 esse
2571 5139 2900 5208 viderentur,
2934 5142 3072 5196 mala
3093 5182 3108 5208 ,
3135 5157 3255 5210 quae
3281 5142 3368 5195 illa
3396 5142 3582 5196 civitas
3612 5145 3858 5213 pertulit,

2267 5232 2352 5290 vel
2379 5232 2444 5287 ad
2484 5232 2601 5303 ejus
2643 5233 2924 5302 imperium
2976 5233 3264 5303 provincia:
3312 5235 3674 5305 pertinentes,
3706 5245 3860 5290 ante-

2268 5342 2426 5398 quam
2453 5342 2640 5382 eorum
2664 5325 2922 5381 sacriﬁcia
2951 5327 3216 5397 prohibita
3241 5328 3465 5384 fuissent
3489 5345 3504 5382 :
3529 5344 3647 5399 quze
3676 5331 3858 5385 omnia

2269 5421 2450 5492 procul
2481 5420 2642 5474 dttbio
2664 5419 2819 5475 nobis
2844 5421 3171 5486 tribuerent,
3201 5422 3245 5477 si
3282 5421 3391 5491 jam
3426 5423 3506 5478 vel
3541 5423 3642 5478 illis
3680 5424 3857 5479 clare-

2269 5525 2350 5570 ret
2380 5522 2558 5567 nostra
2587 5512 2792 5583 religio,
2821 5513 2904 5568 vel
2931 5513 3006 5568 ita
3037 5528 3130 5570 eos
3154 5529 3184 5567 a
3211 5514 3375 5568 sacris
3401 5515 3672 5585 sacrilegis
3693 5516 3708 5546 ¹
3733 5531 3859 5586 ριόο

2272 5606 2497 5660 biberet.
2544 5603 2669 5659 Hi-c
2712 5605 2762 5658 in
2804 5606 3039 5660 secundo
3064 5615 3118 5661 et
3146 5607 3302 5660 tertio
3332 5606 3468 5662 libro
3500 5608 3628 5663 satis
3649 5648 3662 5673 ,
3687 5625 3862 5678 quan-

2270 5704 2380 5752 tum
2422 5696 2704 5764 existimo,
2755 5696 3122 5751 absolvimus:
3155 5696 3209 5749 in
3251 5697 3486 5752 secundo
3528 5706 3749 5768 agentes
3787 5699 3859 5756 de

2269 5789 2424 5846 malis
2455 5805 2663 5844 tuorum
2685 5831 2699 5856 ,
2727 5804 2846 5860 qua:
2877 5789 3012 5842 mala
3045 5788 3130 5843 vel
3153 5788 3296 5856 sola,
3320 5790 3402 5844 vel
3430 5793 3662 5850 maxima
3689 5792 3858 5866 depur

2336 5905 2353 5936 ί
2388 5909 2517 5968 Lov.,
2541 5902 2806 5968 sacrilegis.
2831 5902 3126 5955 Dissentiunt
3140 5902 3308 5956 caeteri
3329 5901 3456 5956 librt.
