4038 6474
259 310 358 369 113

260 427 414 484 tanda
454 436 620 496 sunt;
653 431 712 488 in
742 432 900 491 tertio
925 443 1103 492 autem
1149 436 1219 495 de
1259 435 1344 496 his
1384 453 1502 512 quae
1545 443 1691 498 stulti
1731 444 1844 500 sola

262 521 460 590 perpeti
487 522 818 594 exhorrent,
845 529 1085 598 corporis
1123 529 1368 586 videlicet
1396 540 1844 606 externarumque

219 653 233 664 .
262 627 468 679 rerum,
503 609 626 686 quze
665 619 981 691 plerumque
1021 621 1292 692 patiuntur
1327 632 1381 679 et
1419 624 1566 682 boni.
1599 627 1690 681 Illa
1719 643 1846 682 vero

261 706 395 760 mala
419 722 525 761 non
554 708 676 764 dico
704 713 991 781 patienter,
1018 714 1111 769 sed
1146 715 1373 772 libenter
1403 717 1630 786 habent,
1655 720 1847 791 quibus

262 798 360 870 ipsi
386 799 524 857 ﬁunt
559 802 703 860 mali.
739 805 809 860 Et
836 823 994 878 quam
1029 824 1194 879 pauca
1219 810 1327 866 disi
1351 811 1418 867 de
1443 814 1550 866 sola
1582 814 1690 883 ipsa
1719 814 1848 870 civi-

260 900 366 948 tate
409 903 572 966 atque
616 897 733 967 ejus
776 900 1037 972 imperio?
1075 917 1176 958 nec
1217 903 1340 958 inde
1369 908 1545 959 omnia
1575 921 1741 976 usque
1780 906 1846 962 ad

259 982 526 1042 Caesarem
561 988 875 1060 Augustum.
905 993 1069 1061 Quid,
1100 995 1145 1049 si
1183 1010 1605 1052 commemorare
1646 998 1846 1053 voluis-

259 1090 370 1132 sem
391 1121 407 1145 ,
440 1089 494 1134 et
524 1096 848 1153 exaggerare
877 1085 962 1139 illa
995 1086 1133 1142 mala
1159 1129 1172 1152 ,
1202 1103 1318 1158 qua:
1349 1105 1454 1144 non
1494 1090 1593 1144 sibi
1621 1091 1845 1145 invicem

260 1167 506 1228 homines
540 1173 774 1242 faciunt,
821 1177 956 1232 sicut
983 1188 1108 1234 sunt
1146 1181 1468 1235 vastationes
1513 1182 1846 1236 eversiones-

260 1279 362 1334 que
393 1266 738 1335 bellantium,
769 1269 860 1325 sed
888 1287 950 1325 ex
997 1271 1164 1342 ipsius
1202 1274 1382 1327 mundi
1419 1273 1698 1328 elementis
1735 1283 1847 1330 ter-

260 1356 404 1411 renis
451 1357 699 1414 accidunt
740 1361 938 1416 rebus?
969 1378 1086 1432 qum
1113 1379 1220 1419 uno
1247 1364 1363 1418 loco
1403 1364 1656 1434 Apuleius
1677 1364 1851 1419 brevi-

260 1455 340 1502 ter
381 1449 597 1519 stringit
637 1451 686 1504 iu
724 1467 789 1506 eo
831 1452 966 1507 libro
999 1469 1155 1524 quem
1187 1454 1254 1509 de
1295 1455 1488 1510 Mundo
1513 1455 1724 1527 scripsit
1749 1455 1844 1526 (ιι),

262 1547 472 1596 terrena
498 1543 679 1598 omnia
701 1543 883 1599 dicens
901 1546 1244 1613 mutationes,
1269 1546 1656 1602 conversiones
1687 1558 1848 1617 atque

191 1656 194 1658 η
263 1629 504 1688 interitus
536 1633 753 1690 habere.
785 1635 1021 1706 Namque
1055 1637 1352 1694 immodicis
1400 1638 1718 1693 tremoribus
1746 1649 1850 1693 ter-

261 1735 481 1790 rarum,
535 1734 593 1778 ut
641 1727 819 1780 verbis
871 1727 985 1797 ejus
1031 1736 1185 1795 utar,
1231 1728 1526 1784 dissiluisse
1586 1728 1847 1797 humum,

261 1820 315 1866 et
359 1813 690 1886 interceptas
738 1819 900 1874 urbes
948 1834 1068 1874 cum
1119 1819 1329 1890 populis
1375 1819 1505 1874 dicit
1552 1836 1565 1873 :
1613 1818 1851 1888 abruptis

260 1906 422 1962 etiam
465 1909 729 1965 imbribus
769 1911 1008 1982 prolutas
1052 1921 1190 1968 totas
1231 1928 1350 1969 esse
1397 1913 1643 1984 regiones
1681 1931 1695 1968 :
1733 1913 1852 1968 illas

262 1999 419 2054 etiam
461 2015 582 2071 qua:
619 2003 767 2072 prius
795 2003 1008 2059 fuerant
1031 2005 1398 2074 continentes,
1439 2006 1732 2077 hospitibus
1773 2014 1853 2061 at-

263 2107 361 2163 que
385 2093 613 2150 advenis
644 2095 894 2152 ﬂuctibus
919 2098 1206 2165 insulatas,
1239 2099 1475 2169 aliasque
1505 2099 1708 2154 desidia
1737 2115 1850 2155 ma-

261 2185 332 2240 ris
360 2185 600 2256 pedestri
623 2204 840 2244 accessu
869 2191 1076 2261 pervias
1106 2189 1270 2246 factas
1299 2209 1312 2246 :
1343 2191 1514 2246 ventis
1539 2207 1602 2246 ac
1633 2193 1849 2261 procel-

265 2277 324 2332 lis
351 2294 574 2336 eversas
603 2295 727 2337 esse
755 2283 995 2340 civitates
1022 2303 1036 2338 :
1067 2284 1310 2341 incendia
1349 2285 1417 2342 de
1460 2286 1690 2341 nubibus
1714 2286 1850 2340 emi-

263 2383 410 2426 casse
441 2373 481 2436 ¹,
520 2373 713 2444 quibus
749 2373 979 2431 Orientis
1011 2377 1260 2448 regiones
1291 2377 1628 2448 conﬂagrata:
1671 2378 1848 2448 perie-

264 2472 413 2528 runt;
451 2472 507 2519 et
554 2465 606 2519 in
653 2466 957 2523 Occidentis
997 2469 1165 2540 plagis
1213 2470 1558 2544 scaturigines
1595 2470 1850 2540 quasdam

263 2568 320 2610 ac
340 2556 689 2626 proluviones
716 2559 929 2614 easdem
966 2569 1171 2631 strages
1194 2561 1426 2617 dedisse.
1456 2561 1545 2618 Sic
1581 2578 1645 2616 ex
1673 2561 1852 2617 Etuta:

262 2652 554 2707 verticibus
576 2653 846 2723 quondam
878 2655 1063 2710 eﬂ'nsis
1095 2656 1425 2723 crateribus,
1456 2657 1636 2712 divino
1662 2656 1850 2711 incen-

264 2740 353 2797 dio
386 2759 484 2814 per
514 2744 739 2800 declivia
765 2788 780 2812 ,
815 2748 1066 2802 torrentis
1108 2749 1224 2803 vicc
1267 2748 1596 2803 ﬂammarum
1635 2748 1851 2804 ﬂumina

269 2836 596 2891 cucurrisse.
649 2836 705 2892 Si
760 2838 874 2893 hare
931 2848 1089 2910 atque
1148 2839 1483 2910 hujusmodi,
1529 2857 1646 2911 qua:
1694 2841 1854 2896 habet

267 2923 487 2983 historia
507 2970 524 2996 ,
552 2928 696 2985 unde
725 2945 938 3001 possem
962 2971 978 2998 ,
1007 2931 1260 3002 colligere
1288 2932 1576 2988 voluissem
1596 2973 1612 2999 ,
1639 2933 1852 3003 quando

265 3019 502 3076 ﬁnissem
546 3038 664 3092 qua:
695 3023 801 3078 illis
841 3025 1168 3094 temporibus
1209 3035 1537 3094 evenerunt,
1567 3035 1852 3096 antequam

263 3110 460 3167 Christi
487 3129 684 3170 nomen
713 3116 799 3170 illa
825 3116 1047 3172 istorum
1076 3133 1211 3172 vana
1233 3120 1254 3150 ³
1284 3128 1339 3174 et
1368 3133 1506 3174 verte
1531 3119 1688 3173 saluti
1723 3133 1851 3188 per-

265 3205 466 3260 niciosa
497 3209 920 3279 comprimeret?
945 3210 1300 3266 Promiseram
1329 3211 1488 3266 etiam
1515 3226 1602 3266 me
1633 3210 1854 3266 demon-

265 3306 555 3353 straturum
577 3343 593 3365 ,
621 3315 755 3371 quos
791 3317 976 3356 eorum
1015 3317 1227 3368 mores,
1271 3309 1326 3358 et
1366 3318 1523 3373 quam
1546 3304 1616 3358 ob
1637 3318 1853 3358 causam

268 3389 409 3445 Deus
436 3401 596 3446 verus
621 3392 688 3448 ad
713 3393 1012 3464 augendum
1031 3394 1314 3464 imperium
1340 3394 1591 3464 adjuvare
1611 3394 1853 3464 dignatus

265 3489 384 3546 est,
420 3483 474 3536 in
501 3483 654 3553 cujus
685 3494 946 3553 potestate
981 3493 1106 3541 sunt
1133 3501 1296 3557 regna
1342 3487 1556 3553 omnia;
1589 3502 1854 3557 quamque

266 3571 405 3626 nihil
452 3588 546 3629 eos
569 3574 868 3644 adjuverint
915 3576 968 3632 hi
1009 3592 1142 3648 quos
1180 3577 1310 3632 deos
1341 3585 1558 3648 putant,
1589 3589 1642 3634 et
1681 3579 1855 3648 potius

267 3672 526 3732 quantum
575 3666 896 3738 decipienda
943 3677 998 3724 et
1045 3669 1279 3724 fallendo
1326 3670 1605 3724 nocuerint
1649 3687 1662 3724 :
1715 3670 1856 3726 unde

267 3769 408 3809 nunc
459 3756 592 3811 mihi
641 3758 798 3814 video
854 3773 973 3816 esse
1035 3760 1440 3828 dicendum,et
1484 3762 1651 3832 magis
1674 3761 1742 3816 de
1771 3761 1854 3817 in-

268 3851 558 3904 crementis
615 3849 823 3922 imperii
890 3852 1137 3908 Romani.
1183 3852 1314 3908 Nam
1369 3853 1436 3908 de
1488 3855 1644 3908 noxia
1700 3853 1854 3909 falla-

268 3939 348 3994 cia
396 3941 740 4008 daemonum,
788 3959 921 4013 quos
967 3944 1114 4000 velut
1167 3943 1299 4000 deos
1353 3945 1631 4012 colebant,
1691 3961 1858 4016 quan-

270 4038 376 4083 tum
420 4032 682 4086 malorum
724 4033 984 4088 invexerit
1021 4035 1256 4089 moribus
1282 4049 1496 4102 eorum,
1530 4036 1580 4090 in
1621 4036 1857 4092 secundo

270 4123 503 4179 maxime
533 4125 672 4180 libro
705 4143 808 4180 non
846 4143 1014 4198 pauca
1037 4129 1146 4196 jam
1187 4127 1324 4182 dicta
1366 4137 1506 4183 sunt.
1541 4129 1642 4183 Per
1668 4144 1856 4185 omnes

271 4225 448 4270 autem
484 4215 760 4271 absolutos
786 4226 896 4273 tres
940 4219 1136 4285 libros,
1180 4219 1268 4274 ubi
1301 4231 1654 4290 opportumuu
1686 4221 1855 4275 visum

271 4319 385 4376 est,
427 4311 922 4366 commendavimus
949 4312 1150 4367 'etiam
1193 4313 1244 4366 in
1287 4313 1416 4382 ipsis
1459 4313 1663 4369 bellicis
1705 4312 1860 4367 malis

272 4410 526 4468 quantum
554 4402 864 4456 solatiorum
892 4403 1030 4458 Deus
1060 4419 1153 4472 per
1178 4402 1374 4456 Christi
1397 4419 1611 4471 nomen,
1637 4404 1719 4458 cui
1747 4413 1863 4459 tam

273 4501 385 4548 tum
437 4493 691 4562 honoris,
735 4496 953 4551 Barbari
1004 4495 1310 4550 detulerunt
1354 4504 1546 4566 praeter
1598 4496 1859 4550 bellorum

271 4601 517 4653 morem,
573 4587 726 4644 bonis
774 4589 1032 4659 malisque
1086 4589 1402 4653 contulerit,
1459 4587 1727 4658 quomodo
1771 4588 1862 4657 qui

273 4663 397 4732 facit
422 4679 593 4734 solem
620 4695 773 4735 suum
805 4681 934 4735 oriri
961 4696 1122 4751 super
1147 4679 1317 4734 bonos
1342 4688 1395 4734 et
1417 4679 1587 4734 malos
1606 4719 1620 4743 ,
1647 4687 1702 4734 et
1729 4680 1863 4750 pluit

271 4786 436 4841 super
455 4773 629 4842 justos
654 4782 710 4828 et
739 4774 963 4842 injustos
999 4773 1214 4844 (Matth.
1246 4789 1296 4839 v,
1329 4772 1443 4841 45).

271 4881 501 4940 CAPUT
542 4884 627 4939 Ill.
661 4915 732 4926 -—-
756 4885 834 4939 An
861 4886 1075 4940 latitudo
1104 4885 1322 4953 imperii,
1354 4899 1466 4955 qua
1494 4885 1695 4938 nonnisi
1714 4884 1858 4940 bellis

343 4969 642 5048 acquiritur,
670 4979 724 5033 in
760 4978 900 5034 bonis
922 4980 1023 5033 sive
1064 4977 1364 5049 sapientium
1403 4976 1632 5031 habenda
1655 4977 1738 5043 sit,
1764 4979 1866 5033 sive

346 5072 588 5140 felicium.

345 5187 464 5243 1am
496 5189 672 5260 itaque
709 5187 986 5243 videamus
1013 5185 1170 5258 quale
1207 5185 1299 5251 sit,
1345 5183 1486 5255 quod
1513 5191 1713 5238 tantam
1741 5182 1864 5238 lati-

275 5279 515 5334 tudinem
557 5294 621 5334 ac
670 5277 1068 5333 diuturnitatem
1115 5274 1322 5346 imperii
1368 5273 1591 5328 Romani
1636 5271 1738 5326 illis
1762 5271 1866 5326 diis

273 5373 474 5430 audent
514 5373 746 5429 tribuere
781 5391 796 5426 :
826 5387 959 5443 quos
1003 5372 1160 5426 etiam
1206 5384 1307 5440 per
1352 5366 1581 5436 turpium
1620 5365 1864 5420 ludorum

342 5488 358 5518 ι
395 5483 825 5550 [όὶιί,εηιὶσιιὶ.ςδςτ
853 5491 1245 5550 Μεεηεηιιεαεεε-
1334 5541 1369 5550 Α,
1421 5547 1459 5550 ,,
1546 5537 1639 5550 -..η
1685 5537 1804 5550 λι...

339 5551 359 5580 .
391 5535 590 5600 omne
611 5557 738 5608 Mss,
755 5546 854 5596 ulla
873 5535 1076 5608 ίδιρί-ιιηι
1096 5556 1234 5594 vane
1253 5541 1401 5590 -είο
1421 5547 1530 5608 μηδ’
1546 5535 1864 5599 “eam”

276 5613 440 5661 ueteri
465 5627 584 5662 vero
609 5602 779 5669 nostri,
798 5606 928 5658 nulla
951 5606 1150 5656 istorum.
1171 5617 1321 5669 vasta;
1343 5602 1487 5652 male.
1552 5608 1610 5650 lli.

311 5734 324 5744 θ
341 5675 362 5705 ³
393 5674 497 5724 Sola
523 5675 673 5724 editio
696 5667 828 5732 Lov.,
851 5669 931 5720 ubi
947 5675 1263 5732 opportunwn
1277 5667 1864 5717 visumestcommemora-

277 5749 547 5861 manus
577 5796 826 5850 sententia
861 5797 908 5843 in
941 5792 1141 5857 Apuleio
1172 5797 1445 5856 reperitur;
1478 5792 1738 5854 sequentia
1776 5781 1864 5833 mi-

278 5873 427 5914 nunc.

1602 322 1807 384 manu
1841 323 2183 398 ausurus.

3427 328 3532 388 “5

1955 445 2205 517 obsequia
2234 453 2290 502 et
2314 460 2411 504 ner
2428 447 2662 518 turpium
2699 444 2974 505 hominum
3014 444 3307 505 ministeria
3345 462 3406 505 se
3429 448 3532 506 ho-

1953 543 2103 592 neste
2139 536 2368 592 coluisse
2399 539 2788 596 contendunt’.
2809 538 3122 610 Quanquam
3162 537 3313 610 prius
3333 540 3534 597 vellem

1955 629 2222 698 paufulum
2259 630 2544 701 inquirere,
2590 648 2709 703 quae
2749 631 2818 687 sit
2859 634 3016 696 ratio,
3064 647 3184 704 qua:
3231 632 3532 702 prudentia,

1953 737 2072 777 cum
2105 721 2374 777 hominum
2411 721 2711 780 felicitatem
2740 741 2845 779 non
2871 727 3043 795 possis
3069 723 3368 790 ostendere,
3395 739 3538 779 sem-

1953 828 2049 884 per
2078 815 2127 868 in
2160 814 2360 869 bellicis
2387 815 2624 870 cladibus
2648 825 2702 870 et
2730 816 2782 869 in
2830 815 3084 886 sanguine
3127 815 3287 879 civili,
3320 813 3407 868 vel
3440 814 3537 867 ho-

1953 905 2080 970 stili,
2108 914 2281 960 tamen
2311 907 2563 973 humano,
2590 923 2709 962 cum
2734 908 3013 962 tenebroso
3035 906 3226 961 timore
3242 914 3296 960 et
3316 912 3536 959 cruenta

1952 997 2238 1066 cupiditate
2262 1001 2606 1066 versantimn,
2637 1009 2692 1054 ut
2718 999 2884 1054 vitrea
2926 1000 3110 1054 lzetitia
3153 1005 3493 1067 comparetur
3515 996 3536 1026 ⁸

1952 1086 2212 1159 fragiliter
2255 1091 2551 1161 splendida,
2590 1094 2673 1146 cui
2719 1093 2966 1146 timeatur
3010 1090 3318 1145 horribilius
3348 1105 3414 1144 ne
3443 1101 3536 1142 re-

1953 1188 2110 1248 pente
2138 1180 2425 1250 frangatur,
2455 1181 2522 1236 de
2553 1182 2756 1250 imperii
2787 1180 3149 1250 magnitudine
3174 1195 3235 1234 ac
3259 1177 3537 1232 latitudine

1953 1272 2090 1326 velle
2117 1273 2349 1343 gloriari.
2382 1273 2490 1328 [loc
2521 1281 2578 1328 ut
2623 1272 2825 1327 facilius
2849 1273 3181 1342 dijudicetur,
3226 1287 3329 1326 non
3373 1285 3538 1326 vane-

1954 1377 2162 1418 scamus
2209 1365 2347 1419 inani
2379 1366 2698 1419 ventositate
2723 1364 2928 1434 jactati,
2977 1372 3134 1434 atque
3179 1362 3536 1416 obtundamus

1955 1453 2263 1510 intentionis
2290 1456 2459 1511 aciem
2497 1456 2738 1510 altisouis
2769 1454 3039 1510 vocabulis
3064 1468 3261 1516 rerum,
3294 1467 3412 1506 cum
3437 1465 3534 1505 au-

1955 1546 2129 1604 dimus
2159 1549 2397 1618 populos,
2432 1565 2614 1617 regna.
2655 1549 2958 1618 provincias
2991 1566 3003 1600 :
3052 1545 3146 1602 sed
3175 1545 3308 1600 duos
3333 1541 3535 1599 consti-

1955 1647 2164 1694 tuamus
2187 1640 2430 1695 homines
2461 1641 2602 1714 (nam
2630 1640 2866 1710 singnlus
2909 1640 3130 1710 quisque
3167 1637 3350 1699 homo,
3385 1644 3444 1689 ut
3483 1633 3537 1690 in

1955 1747 2202 1788 sermone
2225 1750 2323 1787 una
2352 1734 2546 1797 littera,
2574 1734 2644 1788 ita
2673 1734 2824 1804 quasi
2854 1732 3174 1787 elementum
3205 1738 3284 1785 est
3311 1727 3539 1784 civitatis

1956 1833 2011 1880 et
2039 1826 2204 1896 regni,
2231 1826 2554 1896 quantalibet
2585 1838 2841 1880 terrarum
2882 1825 3227 1893 occupatione
3249 1819 3536 1892 latissimi),

1955 1935 2178 1990 quorum
2221 1919 2442 1974 duorum
2489 1919 2781 1982 hominum,
2815 1932 3097 1988 pauperem
3131 1931 3313 1982 unum,
3337 1913 3417 1969 vel
3446 1927 3541 1973 no-

1955 2010 2059 2064 tius
2089 2010 2443 2075 mediocrem;
2486 2011 2643 2064 alium
2689 2010 3012 2080 prmdivitem
3059 2008 3396 2077 cogitemus:
3441 2001 3538 2058 sed

1955 2103 2175 2158 divitem
2215 2103 2492 2158 timoribus
2523 2102 2760 2166 anxium,
2807 2101 3127 2157 maeroribus
3154 2099 3535 2162 tabescentem,

1954 2193 2240 2262 cupiditate
2260 2194 2592 2265 ﬂagrantem,
2623 2209 2890 2264 nunquam
2917 2207 3181 2248 securum.
3212 2203 3423 2256 semper
3452 2187 3538 2241 in-

1955 2286 2214 2354 quietum,
2262 2287 2529 2356 perpetuis
2575 2286 2965 2340 inimicitiarum
2991 2281 3420 2340 contentionibus
3443 2293 3540 2333 an-

1956 2375 2245 2441 helantem,
2276 2387 2554 2448 augentem
2600 2393 2728 2433 sane
2767 2377 2850 2432 his
2893 2377 3117 2432 miseriis
3160 2373 3537 2445 patrimonium

1955 2483 2109 2523 suum
2151 2469 2203 2523 in
2246 2469 2564 2524 immensum
2613 2469 2850 2534 modum,
2895 2476 3052 2538 atque
3097 2466 3202 2521 illis
3241 2462 3538 2533 augmentis

1955 2574 2113 2616 curas
2156 2575 2366 2632 quoque
2405 2561 2766 2616 amarissimas
2811 2569 3184 2630 aggerantem;
3213 2555 3538 2610 mediocrem

1955 2666 2085 2707 vero
2135 2652 2283 2707 illum
2335 2668 2395 2708 re
2444 2653 2687 2708 familiari
2730 2666 2889 2722 parva
2933 2658 3092 2719 atque
3129 2647 3396 2702 succincta
3437 2643 3537 2701 sibi

1956 2743 2334 2811 sufficientem,
2349 2745 2720 2800 charissimum
2735 2744 2865 2809 suis,
2878 2757 2998 2797 cum
3013 2739 3254 2810 cognatis
3265 2737 3306 2800 ³,
3328 2735 3536 2801 vicinis,

1956 2837 2143 2892 amicis
2169 2836 2468 2892 dulcissima
2516 2851 2646 2906 pace
2694 2834 3035 2906 gaudentem,
3082 2833 3275 2902 pietate
3322 2827 3538 2898 religio-

1957 2946 2096 2996 sum,
2129 2929 2414 3000 benignum
2441 2937 2639 2994 mente,
2673 2943 2860 2982 sanum
2886 2941 3130 2996 corpore,
3161 2925 3264 2977 vita
3295 2937 3536 2993 parcum,

1957 3023 2195 3078 moribus
2235 3031 2460 3088 castum,
2491 3020 2818 3075 conscientia
2844 3032 3111 3073 securum.
3143 3013 3335 3069 Nescio
3363 3021 3539 3066 utrum

1957 3115 2235 3185 quisquam
2262 3113 2330 3167 ita
2362 3112 2607 3181 desipiat,
2639 3119 2698 3164 ut
2723 3109 2917 3164 audeat
2942 3108 3183 3162 dubitare
3209 3121 3366 3176 quem
3397 3117 3539 3174 pras-

1957 3204 2111 3259 ferat.
2142 3203 2214 3259 Ut
2240 3218 2368 3273 ergo
2395 3203 2446 3257 in
2484 3201 2568 3256 his
2597 3201 2804 3256 duobus
2844 3199 3170 3264 hominibus,
3213 3198 3285 3252 ita
3322 3197 3374 3250 in
3416 3194 3538 3250 dua-

1957 3295 2058 3350 bus
2082 3293 2414 3361 familiis,'ita
2444 3296 2496 3348 in
2521 3292 2729 3348 duobus
2753 3291 2982 3361 populis,
3010 3290 3079 3344 ita
3120 3290 3175 3343 in
3216 3287 3422 3342 duobus
3450 3301 3541 3341 re-

1957 3389 2076 3459 gnis
2100 3387 2277 3458 regula
2322 3387 2561 3457 sequitur
2587 3384 2855 3455 aaquitatis
2882 3401 2896 3437 :
2924 3397 3025 3453 qua
3066 3379 3349 3450 vigilanter
3384 3373 3541 3430 adhi-

1958 3482 2089 3548 bita,
2121 3481 2164 3535 si
2209 3490 2388 3534 nostra
2438 3478 2660 3534 intentio
2690 3478 3016 3546 corrigatur,
3062 3472 3308 3528 facillime
3333 3467 3535 3525 videbiv

1959 3589 2078 3629 mus
2105 3571 2196 3628 ubi
2226 3571 2424 3626 habitet
2454 3570 2677 3634 vanitas,
2709 3577 2765 3624 et
2807 3568 2894 3622 ubi
2938 3565 3178 3622 felicitas.
3209 3563 3544 3632 Quapropter

1959 3666 2003 3722 si
2018 3681 2176 3722 verus
2209 3666 2346 3720 Deus
2366 3663 2590 3729 colatur,
2610 3661 2763 3730 eique
2782 3660 2948 3715 sacris
2980 3655 3257 3712 veracibus
3295 3662 3350 3709 et
3385 3651 3542 3707 bonis

1959 3756 2198 3812 moribus
2222 3754 2506 3818 serviatur,
2540 3751 2672 3807 utile
2695 3757 2780 3805 est
2797 3757 2855 3804 ut
2875 3747 2996 3805 boni
3025 3746 3179 3814 longe
3205 3744 3415 3814 lateque
3450 3740 3542 3798 diu

1960 3855 2201 3920 regnent.
2232 3845 2416 3916 Neque
2444 3845 2547 3899 hoc
2587 3853 2690 3899 tam
2744 3840 2894 3912 ipsis,
2936 3853 3093 3910 quam
3126 3837 3228 3892 illis
3265 3835 3393 3890 utile
3437 3841 3540 3900 est,

1959 3940 2152 4011 quibus
2177 3946 2418 4010 regnant.
2450 3937 2582 3993 Nam
2607 3945 2861 4008 quantum
2891 3932 2956 3987 ad
2988 3931 3134 4000 ipsos
3157 3927 3408 3999 pertinet,
3437 3925 3546 3996 pie-

1963 4040 2044 4087 tas
2084 4041 2138 4087 et
2183 4029 2418 4100 probitas
2442 4043 2648 4094 eorum,
2694 4041 2812 4096 qua:
2856 4037 3043 4093 magna
3073 4019 3209 4074 dona
3256 4018 3348 4071 Dei
3395 4023 3542 4081 sunt,

1962 4121 2160 4179 sufficit
2187 4123 2265 4176 eis
2291 4121 2355 4175 ad
2385 4135 2562 4174 veram
2593 4117 2916 4182 felicitatem,
2944 4128 3045 4183 qua
3074 4120 3126 4166 et
3153 4111 3250 4165 ista
3280 4108 3385 4162 vita
3407 4106 3544 4161 bene

1963 4224 2168 4285 agatur,
2199 4222 2253 4269 et
2297 4221 2482 4282 postea
2533 4209 2850 4280 percipiatur
2891 4215 3109 4260 mterna.
3169 4201 3224 4255 In
3279 4200 3377 4254 hac
3415 4211 3544 4267 ergo

1967 4317 2103 4362 terra
2130 4320 2348 4373 regnum
2381 4303 2637 4361 bonorum
2668 4315 2772 4354 non
2797 4308 2901 4352 tam
2932 4297 3036 4351 illis
3062 4301 3359 4364 praestatur,
3382 4305 3542 4361 quam

1965 4399 2124 4454 rebus
2156 4395 2400 4451 humanis
2439 4413 2451 4448 :
2485 4395 2745 4448 malorum
2793 4405 2923 4446 vero
2965 4401 3185 4457 regnum
3237 4384 3402 4452 magis
3457 4396 3545 4436 re-

1963 4491 2248 4564 gnantibus
2278 4496 2452 4554 nocet,
2499 4486 2586 4556 qui
2618 4499 2743 4540 suos
2781 4482 2988 4535 animos
3030 4482 3240 4530 vastant
3280 4471 3543 4564 scelerum

1967 4562 2167 4651 majore
2192 4579 2434 4642 licentia;
2465 4577 2548 4630 his
2572 4585 2748 4628 autem
2775 4572 2862 4643 qui
2891 4571 2968 4626 eis
3003 4565 3282 4623 serviendo
3307 4562 3546 4618 subduno

1968 4683 2074 4738 tur,
2105 4687 2208 4727 non
2238 4667 2506 4724 nocetnisi
2531 4666 2778 4735 iniquitas
2805 4659 3034 4731 prepria.
3060 4658 3191 4714 Nam
3213 4655 3368 4727 justis
3393 4651 3544 4723 quid-

1967 4765 2094 4838 quid
2117 4763 2376 4819 malorum
2415 4759 2483 4813 ab
2507 4757 2702 4827 iniquis
2730 4753 2958 4808 dominis
2989 4752 3273 4820 irrogatur,
3315 4761 3419 4800 non
3462 4751 3546 4798 est

1967 4874 2124 4932 poena
2154 4855 2410 4921 criminis,
2445 4851 2539 4908 sed
2570 4849 2776 4904 virtutis
2821 4863 3065 4902 examen.
3107 4841 3335 4900 Proinde
3373 4839 3546 4932 bonus

1968 4927 2175 5008 etiamsi
2206 4933 2422 5011 serviat,
2458 4945 2589 4999 liber
2614 4950 2734 4996 est:
2780 4939 2952 4994 malus
2979 4945 3156 4992 autem
3201 4927 3404 4987 etiamsi
3450 4941 3543 4982 re-

1969 5054 2114 5116 gnet,
2146 5055 2333 5096 servus
2360 5047 2472 5102 est;
2506 5048 2602 5090 nec
2648 5033 2802 5087 unius
2849 5029 3099 5092 hominis,
3139 5017 3546 5116 sed‘quoduest

1970 5109 2202 5207 gravius,
2249 5140 2326 5185 tot
2358 5128 2716 5191 dominorum,
2764 5129 2894 5193 quot
2933 5119 3200 5171 vitiorum.
3241 5111 3327 5207 De
3354 5109 3549 5207 quibtts

1971 5201 2117 5286 vitiis
2140 5242 2260 5282 cum
2288 5231 2471 5294 ageret
2497 5221 2765 5290 Scriptura
2807 5213 3004 5275 divina,
3033 5210 3075 5260 Α
3113 5222 3210 5277 quo
3247 5203 3379 5294 enim
3411 5201 3545 5294 quis,

1972 5321 2163 5392 inquit,
2186 5290 2406 5372 devictus
2427 5322 2520 5379 est,
2545 5311 2658 5364 huic
2681 5318 2725 5364 ct
2763 5319 2932 5360 servus
2951 5299 3181 5354 addictus
3200 5296 3272 5352 est
3298 5293 3362 5366 (Il
3401 5290 3547 5347 Pctr.

1972 5430 2029 5480 ll,
2056 5413 2169 5482 19).

2036 5591 2052 5623 ι
2090 5588 2221 5646 Editi,
2245 5590 2296 5635 ut
2333 5581 2454 5633 vitro
2485 5575 2650 5630 (mitia
2683 5585 2849 5646 eorum
2874 5561 3552 5646 _cotnparetur.._ﬁt:_meiio_ris

1971 5627 2225 5703 nouas-iss:
2247 5627 2454 5700 womisso,
2487 5627 2684 5699 corum,
2711 5637 2908 5696 habent,
2935 5627 3156 5683 ut'vitrca
3175 5627 3344 5680 laetitia
3363 5635 3554 5690 compa-

1972 5722 2125 5770 retur,
2150 5711 2196 5760 id
2223 5717 2299 5770 est
2322 5705 2610 5770 acquiratur.
2657 5761 2669 5770 .
2866 5758 2896 5770 Α
3053 5757 3063 5768 ο
3160 5753 3278 5770 “At

2037 5748 2583 5829 i"éiiii,‘£tiai~i‘s'si}iza}a:
2593 5748 2692 5829 suis
2709 5758 2949 5828 cognatis;
2972 5757 3144 5808 omissa
3160 5748 3411 5817 particula.
3419 5761 3552 5804 cum,

1975 5849 2121 5907 quam
2143 5825 2324 5885 habent
2350 5825 2660 5894 manuscripti
