4038 6530
487 289 586 346 115
1582 283 1670 338 DE
1709 279 2028 339 CIVITATE
2067 280 2201 348 DEI,
2244 280 2301 335 S.
2344 275 2710 335 AUGUSTINI

487 401 713 462 CAPUT
733 403 1067 472 lV.—Quam
1090 401 1276 458 similia
1297 401 1395 454 sint
1426 399 1704 454 latrociniis
1720 416 1876 471 regna
1892 399 2076 467 absque

451 480 468 560 ἦ
1170 492 1389 565 iustitia.

457 593 467 630 ί
559 595 785 665 Remota
816 609 993 679 itaque
1011 607 1235 678 justitia,
1261 597 1388 677 quid
1411 615 1536 661 sunt
1557 622 1739 676 regna,
1767 607 1865 660 nisi
1892 621 2080 676 magna

491 689 814 756 latrocinia?
842 700 965 770 quia
1009 706 1063 754 et
1112 699 1225 769 ipsa
1261 698 1279 730 ⁸
1321 696 1597 752 latrocinia
1644 697 1769 775 quid
1809 706 1950 764 sunt,
1979 697 2081 753 nisi

493 801 658 864 parva
683 788 883 864 regna?
909 789 1093 846 Manus
1128 791 1182 846 et
1208 789 1318 860 ipsa
1347 787 1622 844 hominum
1654 797 1736 845 est
1759 831 1772 854 ,
1815 788 2040 860 imperio
2058 789 2080 820 '

491 883 747 955 principis
799 882 1041 952 regitur,
1085 885 1242 952 pacto
1285 880 1556 937 societatis
1597 879 1924 952 astringitur,
1964 877 2081 951 pla-

488 974 580 1031 citi
632 975 748 1046 lege
789 969 969 1044 prtcda
1009 974 1278 1030 dividitur.
1321 971 1434 1028 Hoc
1475 973 1670 1027 malum
1707 973 1751 1027 si
1795 973 1848 1028 in
1880 982 2082 1028 tantum

489 1065 820 1139 perditorum
851 1067 1126 1124 hominum
1169 1067 1472 1122 accessibus
1517 1067 1729 1132 crescit,
1777 1074 1834 1121 ut
1872 1074 1926 1121 et
1969 1057 2082 1120 loca

491 1167 689 1226 teneat,
736 1159 892 1214 sedes
935 1159 1243 1225 constituat,
1285 1159 1528 1214 civitates
1565 1168 1808 1230 occupet,
1862 1145 2085 1228 populos

489 1250 758 1321 subjuget,
784 1251 1082 1306 evidentius
1125 1251 1273 1321 regni
1323 1266 1516 1306 nomen
1565 1252 1810 1318 assumit,
1853 1250 1993 1321 quod
2035 1252 2084 1306 ci

487 1341 597 1414 jam
622 1344 676 1397 in
702 1341 983 1397 manifesto
1009 1341 1217 1398 confert
1247 1359 1352 1398 non
1392 1342 1639 1412 adempta
1678 1341 1958 1412 cupiditas,
1991 1341 2085 1399 sed

491 1437 671 1493 addita
701 1437 1005 1508 impunitas.
1033 1437 1315 1508 Eleganter
1337 1437 1477 1492 enim
1503 1446 1558 1492 et
1578 1436 1838 1493 veraciter
1863 1437 2086 1491 Alexan-

491 1528 590 1587 dro
618 1529 692 1585 illi
725 1529 914 1602 Magno
939 1531 1152 1601 quidam
1201 1530 1622 1602 comprehensus
1665 1531 1834 1602 pirata
1864 1545 2088 1601 respon-

493 1621 589 1678 dit.
619 1621 750 1678 Nam
787 1638 909 1678 cum
940 1623 1080 1678 idem
1108 1638 1199 1678 rex
1233 1622 1501 1678 hominem
1529 1622 1929 1694 interrogasset,
1960 1623 2086 1693 quid

495 1716 546 1772 ei
572 1714 864 1784 videretur,
921 1724 978 1770 ut
1017 1730 1165 1770 mare
1207 1713 1427 1769 haberet
1480 1714 1729 1770 infestum
1757 1738 1769 1770 ;
1799 1715 1887 1770 ille
1922 1715 2087 1770 libera

491 1807 860 1873 contumacia,
919 1806 1068 1875 Quod
1097 1807 1117 1839 ³
1156 1806 1276 1876 tibi,
1330 1809 1533 1878 inquit,
1595 1817 1650 1862 ut
1700 1809 1869 1862 orbem
1924 1815 2087 1862 terra-

492 1909 608 1956 rum
636 1918 655 1958 :
681 1903 769 1958 sed
792 1903 910 1975 quia
942 1903 998 1957 id
1018 1920 1107 1974 ego
1135 1905 1317 1975 exiguo
1339 1904 1538 1976 navigio
1565 1904 1720 1976 facio,
1757 1903 1886 1959 latro
1918 1919 2084 1971 vocor,

492 1994 610 2064 quia
631 2003 685 2049 tu
699 2011 883 2067 magna
905 1993 1084 2062 classe,
1113 1996 1387 2065 imperator
1422 1995 1522 2067 (a).

494 2104 724 2164 CAPUT
765 2106 832 2162 ν.
871 2133 943 2148 --
981 2106 1061 2162 De
1089 2107 1313 2179 fugitivis
1333 2106 1725 2179 gladiatoribus,
1751 2124 1963 2179 quorum
1992 2123 2086 2178 po-

781 2199 940 2253 tentia
976 2200 1157 2254 similis
1181 2200 1332 2270 fuerit
1351 2200 1503 2271 regiae
1522 2199 1802 2270 dignitatis.

566 2311 800 2368 Proinde
824 2313 1016 2368 omitto
1061 2328 1304 2383 quaerere
1349 2313 1536 2382 quales
1577 2312 1836 2368 Romulus
1865 2323 2090 2381 congre-

487 2407 714 2478 gaverit,
761 2407 1014 2477 quoniam
1060 2406 1284 2460 multum
1324 2406 1402 2461 eis
1439 2405 1740 2460 consultum
1774 2413 1888 2469 est,
1930 2412 1990 2458 ut
2017 2411 2085 2458 ex

493 2499 585 2554 illa
611 2500 740 2564 vita,
771 2499 895 2554 dato
922 2499 1024 2554 sibi
1047 2498 1326 2554 consortio
1361 2498 1614 2565 civitatis,
1653 2509 1839 2568 pinnas
1879 2496 2089 2552 debitas

489 2591 727 2660 cogitem
772 2589 1120 2657 desisterent,
1164 2603 1391 2660 quarum
1439 2598 1616 2645 metus
1658 2603 1752 2644 eos
1783 2589 1838 2642 in
1885 2588 2086 2657 majora

488 2681 730 2737 facinora
771 2681 1143 2753 proponebat;
1183 2691 1244 2737 ut
1287 2681 1540 2752 deinceps
1573 2680 1871 2751 paeatiores
1908 2689 2088 2736 essent

496 2773 661 2828 rebus
686 2773 951 2829 humanis.
983 2772 1095 2828 Hoc
1120 2772 1265 2841 dico,
1290 2772 1430 2843 quod
1459 2772 1630 2842 ipsum
1649 2772 1954 2828 Romanum
1981 2772 2086 2826 im-

487 2864 722 2935 perium,
748 2868 858 2934 jam
889 2880 1139 2936 magnum
1166 2863 1347 2919 multis
1369 2863 1614 2935 gentibus
1652 2863 1950 2934 subiugatis
1975 2875 2083 2918 cac-

495 2956 734 3026 terisque
755 2955 1011 3023 terribile,
1044 2955 1238 3012 acerbe
1269 2956 1456 3021 sensit,
1481 2957 1717 3028 graviter
1751 2956 1948 3020 timuit,
1977 2968 2086 3011 non

495 3061 666 3116 parvo
697 3047 912 3117 negotio
950 3047 1248 3104 devitandas
1273 3047 1504 3117 ingentis
1528 3046 1698 3104 cladis
1725 3047 1997 3118 oppressis
2015 3046 2037 3077 ⁸
2068 3063 2081 3112 ;

492 3138 709 3209 quando
734 3141 1040 3210 paucissimi
1081 3139 1406 3210 gladiatores
1449 3140 1502 3194 in
1541 3138 1834 3210 Campania
1864 3140 1932 3194 de
1961 3139 2087 3193 ludo

491 3229 778 3303 fugientes,
808 3233 1102 3290 exoratum
1132 3248 1381 3306 magnum
1413 3243 1811 3305 compararunt,
1838 3241 1946 3288 tres
1983 3233 2085 3288 dn-

485 3336 585 3378 cos
614 3324 934 3393 habuerunt,
964 3324 1168 3381 italiam
1215 3325 1472 3381 latissime
1511 3335 1564 3380 et
1596 3325 1968 3381 crudelissime
1996 3335 2086 3381 va-

483 3415 771 3472 staverunt
795 3417 894 3488 (ὁ).
938 3418 1128 3474 Dicant
1151 3419 1272 3489 quis
1301 3419 1434 3474 istos
1462 3418 1595 3474 deus
1622 3418 1904 3488 adiuverit,
1934 3427 1995 3471 ut
2018 3429 2082 3472 ex

493 3509 660 3579 parvo
686 3517 743 3565 et
764 3511 1156 3581 contemptibili
1194 3510 1478 3567 latrocinio
1519 3515 1858 3582 pervenirent
1887 3512 1954 3566 ad
1999 3524 2088 3567 re-

483 3609 679 3669 m,
699 3601 862 3656 tantis
881 3601 989 3671 jam
1013 3601 1267 3658 Romanis
1288 3603 1488 3659 viribus
1507 3603 1828 3673 arcibusque
1845 3611 2087 3660 metuen-

483 3687 642 3744 dam.
674 3691 756 3745 An
773 3692 905 3761 quia
933 3706 1038 3748 non
1065 3693 1158 3749 diu
1183 3693 1401 3750 fuerunt
1429 3693 1525 3766 te),
1557 3694 1680 3750 ideo
1699 3694 1952 3750 divinitus
1983 3707 2084 3750 ne-

492 3781 758 3849 gabuntur
784 3784 950 3853 adiuti
971 3783 993 3838 i
1013 3785 1176 3852 Quasi
1211 3799 1344 3842 vero
1397 3787 1509 3856 ipsa
1543 3786 1830 3857 cujuslibet
1855 3786 2087 3842 hominis

464 3952 468 3956 1
494 3871 603 3927 vita
631 3871 880 3928 diuturna
907 3885 1010 3932 est.
1044 3875 1151 3932 Isto
1175 3891 1303 3947 ergo
1346 3885 1502 3947 pasto
1528 3883 1798 3933 neminem
1828 3878 1898 3932 dii
1930 3877 2085 3949 adju-

496 3975 626 4020 vant
643 3966 719 4021 ad
744 3967 1094 4037 regnandum,
1120 3969 1370 4038 quoniam
1388 3968 1590 4038 singuli
1611 3972 1811 4042 quique
1840 3972 1948 4027 cito
1967 3983 2087 4028 rno-

497 4056 749 4124 riuntur;
781 4073 879 4114 nec
909 4059 1224 4115 beneficium
1256 4061 1616 4132 deputandum
1641 4070 1746 4128 est,
1791 4063 1933 4134 quod
1973 4063 2087 4118 exi-

496 4163 604 4221 guo
626 4158 866 4220 tempore
909 4152 960 4205 in
989 4163 1308 4222 unoquoque
1349 4147 1586 4220 homine,
1621 4162 1685 4208 ac
1723 4169 1819 4224 per
1850 4154 1951 4210 hoc
1977 4155 2089 4210 sin-

486 4242 719 4314 gillatim
761 4246 942 4314 utique
987 4247 1038 4299 in
1082 4247 1330 4301 enimbns
1375 4247 1488 4301 rice
1538 4248 1747 4318 vaporis
1795 4249 2084 4307 evanescit.

491 4331 635 4402 Quid
663 4334 806 4390 enim
847 4336 1068 4392 interest
1096 4349 1281 4392 eorum
1311 4339 1402 4407 qui
1443 4339 1542 4393 sub
1562 4339 1797 4395 'ltomulo
1825 4341 1958 4395 deos
1993 4341 2103 4396 co-'

491 4422 727 4491 lucrum,
749 4435 805 4480 et
830 4426 956 4480 olim
993 4436 1117 4482 sunt
1141 4429 1359 4496 mortui,
1383 4431 1524 4500 quod
1555 4440 1674 4501 post
1711 4441 1896 4487 eorum
1943 4447 2087 4487 mor-

493 4523 604 4572 tem
635 4513 934 4572 Romanum
961 4526 1161 4574 tantum
1179 4521 1347 4576 crevit
1367 4521 1689 4592 imperium?
1709 4537 1832 4580 cum
1854 4524 1925 4579 illi
1947 4525 2086 4594 apud

497 4607 701 4666 inferos
737 4623 926 4666 causas
959 4625 1088 4667 suas
1115 4625 1274 4684 agant
1312 4633 1324 4668 :
1355 4625 1532 4671 utrum
1559 4617 1749 4683 bonas,
1796 4633 1863 4672 an
1892 4619 2081 4687 malas,

489 4702 562 4756 ad
593 4703 714 4758 rem
731 4713 1044 4774 praesentem
1076 4723 1178 4761 non
1210 4710 1455 4779 pertinet.
1489 4710 1601 4765 Hoc
1645 4722 1822 4767 autem
1859 4711 1927 4767 de
1964 4727 2083 4767 om-

513 4793 656 4850 tibus
708 4795 1105 4868 intelligendum
1147 4809 1264 4865 est,
1308 4803 1394 4870 qui
1441 4815 1535 4871 per
1584 4802 1755 4871 ipsum
1803 4783 2084 4874 imperium

488 4889 519 4956 ζ
547 4890 790 4959 quamvis
815 4889 1192 4947 decedentibus
1222 4894 1742 4965 succedentibusque
1769 4896 2084 4952 mortalibus

497 4984 550 5032 in
577 4980 736 5050 longa
765 4982 931 5051 spatia
957 4983 1349 5056 protendatur)
1382 4987 1562 5054 paucis
1591 4986 1779 5042 diebus
1817 4987 1939 5041 vitae
1969 5001 2081 5043 sua:

497 5074 696 5128 cursim
740 5077 1037 5146 raptimque
1069 5079 1429 5145 transierunt,
1475 5085 1686 5134 actuum
1716 5093 1933 5136 suorum
1964 5095 2081 5136 sar-

558 5187 579 5251 ?
613 5185 734 5248 Vox,
755 5187 877 5251 ipsa,
905 5188 1046 5239 abest
1065 5191 1127 5239 ab
1149 5191 1371 5251 omnibus
1396 5192 1572 5242 nostris
1590 5192 1731 5242 Codd.
1799 5200 1856 5242 Μ.

560 5250 818 5363 Μιξῗὲ
840 5258 894 5300 At
910 5258 1038 5313 tota,
1066 5250 1231 5302 pronus
1253 5253 1426 5304 elerum
1458 5254 1567 5318 ipsa
1595 5253 1839 5306 hominum
1859 5259 1949 5317 est,
1971 5267 2085 5306 cum

499 5323 720 5372 κηρεηο,
748 5323 838 5363 etc.

748 5324 860 5382 ecca
1071 5390 1100 5401 Α

565 5435 573 5439 Α
669 5379 751 5439 Alli,
777 5373 910 5435 quid.
939 5381 994 5425 At
1015 5381 1140 5438 Mss.,
1166 5378 1310 5439 quod.

501 5500 506 5507 _
547 5435 585 5507 _‘
609 5437 761 5507 ‘Edit_i_,_
795 5449 1089 5507 Oppressum.
1127 5435 1186 5488 λί
1223 5439 1614 5507 stss:,_oppressit
1642 5453 1658 5490 ε
1692 5447 1747 5490 ut
1771 5453 1959 5507 sensus
2002 5445 2080 5502 sit,

497 5498 626 5550 istud
648 5497 764 5548 belli
787 5497 1269 5567 servilisinonstrum
1305 5497 1456 5552 fuisse
1491 5515 1519 5551 a
1543 5509 1745 5552 Romano
1768 5504 1973 5566 imperio
1995 5497 2082 5567 op;

495 5574 738 5624 pressum,
768 5574 863 5611 non
885 5562 1008 5611 facili
1032 5565 1246 5624 negotio.

585 5625 636 5688 tr)
660 5625 1012 5688 ltelertﬁonius
1033 5625 1238 5688 Marce“.
1264 5637 1329 5676 ex
1350 5628 1499 5676 Cicer.
1521 5625 1553 5675 5
1574 5625 1638 5676 de
1663 5629 1937 5688 Republica.

586 5684 634 5749 ὑ)
661 5688 754 5734 Liv.
780 5684 976 5753 lib._93;
1003 5686 1234 5753 Plutarch.
1251 5751 1256 5753 _
1275 5689 1323 5735 in
1359 5697 1554 5753 Crasso;
1579 5684 1774 5738 ('n'osius
1802 5690 1882 5738 lib.
1910 5693 1958 5753 5,
1977 5703 2081 5753 cap.

500 5747 584 5819 Ἅι
609 5747 661 5819 et
684 5751 934 5819 angustia.
953 5762 1113 5819 supra,
1141 5747 1224 5819 lib.
1249 5751 1296 5819 β,
1321 5749 1528 5819 eap._26.

563 5811 634 5876 (c)
657 5809 788 5863 anno
808 5809 928 5866 belli
943 5809 1136 5865 servilis
1148 5814 1290 5866 tertio
1304 5809 1458 5873 deleti
1472 5821 1584 5870 sunt
1597 5826 1626 5868 a
1640 5820 1696 5870 Μ.
1714 5814 1888 5869 Licinio
1903 5822 2084 5871 Crasso.

3615 319 3622 326 .
3675 271 3778 327 HS

2187 417 2337 470 cinas
2364 415 2684 485 bajulantcs.
2717 411 2808 468 Sin
2830 425 2960 467 vero
2989 409 3149 467 etiam
3172 409 3286 479 ipsa
3307 406 3616 464 brevissimi
3645 413 3784 461 tem-

2187 508 2333 582 poris
2362 506 2620 566 beneﬁcia
2653 506 2873 563 deormn
2897 503 3163 574 adjutorio
3193 501 3473 558 tribuenda
3504 509 3652 566 sunt,
3677 513 3786 553 non

2187 617 2375 674 parum
2398 599 2567 670 adjuti
2594 607 2720 658 sunt
2749 597 2822 651 illi
2853 596 3205 667 gladiatores,
3240 594 3329 665 qui
3359 592 3569 648 servilis
3599 590 3788 646 condi-

2193 699 2354 752 tionis
2384 695 2595 752 vincula
2637 701 2918 763 ruperunt,
2951 690 3222 761 fugerunt,
3263 696 3585 753 evaserunt,
3629 699 3788 740 exer-

2189 791 2351 845 citum
2382 803 2632 860 magnum
2653 795 2706 841 et
2727 784 3073 840 fortissimum
3101 782 3447 851 collegerunt,
3471 779 3786 834 obedientes

2188 896 2373 952 regum
2412 894 2628 934 suorum
2673 878 2910 932 consiliis
2951 885 3003 931 et
3035 874 3229 945 jussis,
3260 873 3487 928 multum
3528 871 3786 926 Romanae

2190 971 2491 1028 celsitudini
2529 968 2830 1034 metuendi,
2871 977 2926 1023 et
2961 968 3163 1037 aliquot
3202 965 3456 1020 Romanis
3493 965 3788 1034 imperato-

2189 1064 2338 1119 ribus
2388 1061 2779 1131 insuperabiles
2821 1057 2986 1114 multa
3011 1067 3307 1130 ceperunt:
3341 1057 3495 1128 potiti
3534 1064 3658 1110 sunt
3703 1056 3789 1109 vi-

2191 1156 2375 1210 cloriis
2423 1155 2686 1225 plurimis,
2719 1153 2799 1206 usi
2845 1151 3205 1220 voluptatibus
3231 1150 3426 1220 quibus
3464 1149 3785 1214 voluerunt;

2192 1247 2334 1318 quod
2363 1247 2629 1317 suggessit
2662 1243 2843 1308 libido,
2876 1243 3154 1300 fecerunt:
3185 1252 3457 1312 postremo
3477 1241 3646 1296 donec
3674 1242 3790 1295 vin-

2192 1349 2442 1395 ccrentur
2461 1381 2476 1405 ,
2507 1336 2645 1407 quod
2693 1336 3006 1391 difficillime
3034 1344 3117 1390 est
3157 1335 3348 1389 factum
3367 1376 3381 1401 ,
3411 1333 3669 1389 sublimes
3697 1349 3790 1388 re-

2234 1443 2526 1500 nantesque
2556 1431 2825 1500 vixerunt.
2857 1428 2960 1483 Sed
2989 1429 3280 1500 adniajora
3314 1428 3607 1500 veniamus.

2234 1449 2526 1500 limitesque
2556 1449 2825 1484 V'XXBI'UIN.
2857 1449 2960 1483 δρα
2989 1449 3053 1482 au
3081 1449 3280 1496 ""110er
3314 1449 3607 1482 γεηιωιιυδ.

2194 1449 2422 1558 ἓΑΡῌΤ
2451 1499 2537 1556 Vl.
2556 1533 2627 1541 —
2651 1495 2723 1554 De
2753 1501 3030 1570 cupiditate
3058 1491 3186 1552 Nini
3210 1499 3351 1570 regis
3370 1541 3385 1565 ,
3411 1499 3515 1569 qui,
3549 1508 3603 1570 ut
3633 1499 3792 1553 latius

2375 1574 2720 1627 dominaretur
2742 1612 2754 1636 ,
2785 1557 2980 1642 primus
3001 1571 3174 1624 intulit
3199 1557 3332 1624 bella
3358 1557 3604 1638 ﬁnitimis.

2267 1667 2510 1724 Justinus
2539 1666 2626 1737 qui
2661 1671 2890 1736 grumam
2911 1708 2925 1733 ,
2954 1663 3041 1719 vel
3063 1663 3239 1734 potius
3267 1664 3625 1734 peregrinam,
3653 1661 3794 1720 Tro-

2195 1773 2316 1830 gum
2343 1761 2661 1830 Pompeium
2681 1757 2923 1826 secutus,
2943 1773 3050 1813 non
3075 1757 3241 1813 latine
3266 1766 3489 1822 tantum,
3511 1757 3650 1812 sicut
3673 1755 3792 1826 ille,

2199 1867 2382 1907 verum
2424 1851 2583 1906 etiam
2609 1850 2846 1906 breviter
2879 1849 3094 1919 scripsit
3123 1847 3425 1914 historiam,
3454 1861 3588 1920 opus
3617 1843 3790 1902 libro-

2196 1959 2316 2000 rum
2361 1951 2579 1999 Sporum
2627 1944 2704 1997 sic
2729 1942 2913 2012 incipit
2946 1958 3004 1996 τι
3033 1939 3303 2010 Principio
3342 1952 3525 1995 rerum
3555 1937 3793 2010 gentium

2196 2037 2579 2107 nationumque
2623 2036 2901 2105 imperium
2933 2047 3100 2105 penes
3148 2043 3306 2105 reges
3361 2041 3478 2088 erat
3502 2076 3517 2101 ,
3554 2045 3688 2103 quos
3723 2032 3794 2088 ad

2195 2129 2464 2200 fastigium
2515 2130 2672 2200 hujus
2709 2129 3003 2200 maiestatis
3051 2141 3160 2184 non
3213 2125 3439 2183 ambitio
3478 2125 3792 2197 popularis,

2195 2223 2291 2278 sed
2353 2232 2592 2293 Spectata
2637 2223 2784 2278 inter
2833 2222 3010 2277 honos
3075 2215 3379 2277 moderatio
3439 2211 3791 2290 provehebat.

2198 2314 2386 2385 Populi
2443 2315 2600 2369 nullis
2641 2314 2848 2385 legibus
2913 2313 3278 2371 tenebantur:
3336 2309 3553 2367 arbitria
3589 2312 3794 2381 princi-

2195 2413 2323 2476 pum
2355 2421 2452 2476 pro
2507 2407 2712 2477 legibus
2741 2413 2898 2462 erant
2933 2406 2976 2460 ‘.
3007 2405 3168 2462 Fines
3219 2406 3425 2476 imperii
3459 2405 3593 2460 tueri
3623 2403 3797 2473 magis

2194 2511 2354 2568 quam
2395 2499 2639 2569 proferre
2698 2513 2815 2553 mos
2864 2507 2980 2554 erat
3025 2517 3039 2553 :
3093 2499 3231 2553 intra
3274 2513 3422 2552 suam
3458 2495 3649 2568 cuique
3685 2495 3792 2550 Pa-

2195 2590 2352 2643 triam
2397 2601 2564 2661 regna
2630 2589 2973 2645 ﬁniebantur.
3006 2588 3216 2644 Primus
3281 2587 3518 2641 omnium
3584 2577 3792 2653 Ninus,

2195 2695 2293 2738 rex
2354 2684 2990 2754 Assyriorum,vetercm
3021 2690 3075 2736 et
3114 2680 3262 2751 quasi
3313 2681 3510 2734 avitum
3535 2667 3794 2750 gentibus

2193 2789 2399 2832 morem
2429 2791 2567 2831 nova
2593 2777 2799 2846 imperii
2851 2774 3139 2848 cupiditate
3178 2773 3427 2828 mutavit.
3461 2769 3563 2827 llic
3585 2767 3795 2841 primus

2195 2869 2375 2924 intulit
2425 2869 2561 2924 bella
2612 2867 2885 2931 finitimis,
2919 2871 2973 2921 et
3022 2866 3180 2920 rudes
3218 2865 3390 2920 adhuc
3421 2861 3487 2918 ad
3529 2863 3792 2918 resisten-

2195 2960 2322 3014 dum
2354 2961 2579 3031 populos
2609 2959 2675 3013 ad
2705 2959 2962 3014 terminos
2989 2971 3154 3028 usque
3197 2953 3380 3028 Libya:
3409 2951 3732 3026 perdomuit.
3765 2972 3786 3007 ι

2195 3055 2265 3110 Et
2295 3056 2456 3124 paulo
2485 3063 2604 3123 post
2635 3071 2648 3109 :
2676 3071 2694 3104 ‹
2731 3053 2920 3120 Ninus,
2974 3052 3166 3122 inquit,
3195 3049 3611 3119 magnitudinem
3641 3059 3791 3118 qua:-

2197 3148 2314 3203 sitae
2364 3147 2740 3201 dominationis
2813 3146 3064 3200 continua
3117 3141 3459 3212 possessione
3531 3139 3790 3195 ﬁrmavit.

2192 3240 2426 3295 Domitis
2481 3239 2642 3310 igitur
2713 3237 3004 3308 proximis,
3043 3251 3162 3291 cum
3236 3235 3545 3290 accessione
3592 3233 3791 3289 virium

2197 3334 2385 3389 fortior
2416 3334 2479 3395 ad
2522 3335 2654 3388 alios
2683 3331 2961 3397 transiret,
2995 3339 3048 3385 et
3076 3330 3324 3400 proxima
3354 3341 3575 3398 qumque
3617 3327 3793 3381 victo-

2194 3427 2273 3482 ria
2302 3427 2713 3480 instrumentum
2741 3422 3015 3494 sequentis
3041 3429 3182 3475 esset
3210 3461 3226 3484 ,
3254 3421 3417 3474 totius
3441 3415 3673 3473 Orientis
3703 3433 3791 3487 po-

2198 3517 2352 3588 pulos
2375 3515 2602 3587 subegit.
2627 3515 2900 3583 iQualibct
2917 3521 3092 3568 autem
3125 3511 3225 3566 fide
3246 3523 3444 3574 rerum,
3466 3509 3549 3564 vel
3575 3511 3674 3563 iste
3705 3507 3791 3563 vel

2198 3609 2406 3680 Trogus
2434 3608 2708 3678 scripserit
2738 3606 2880 3679 (nam
2911 3604 3152 3676 quoidam
3179 3602 3300 3658 illos
3327 3602 3489 3656 fuisse
3515 3601 3789 3669 mentitos,

2201 3701 2320 3756 alia:
2358 3700 2630 3755 "fideliores
2665 3700 2856 3753 littera:
2891 3693 3227 3766 ostendunt),
3278 3701 3489 3748 constat
3531 3702 3711 3748 tamen
3739 3703 3794 3748 et

2198 3793 2341 3849 inter
2385 3793 2518 3848 alios
2563 3792 2886 3860 scriptores,
2927 3796 3147 3857 regnum
3196 3784 3537 3856 Assyriorum
3585 3798 3616 3837 a
3655 3783 3795 3839 Nino

2199 3897 2327 3953 rege
2353 3882 2514 3936 fuisse
2543 3882 2698 3951 longe
2726 3879 2937 3948 lateque
2965 3884 3298 3948 porrectum.
3329 3871 3460 3929 Tam
3490 3873 3579 3928 diu
3610 3884 3794 3930 autem

2195 3973 2595 4045 perseveravit,
2635 3981 2689 4025 ut
2714 3970 3012 4026 Romanum
3053 3969 3285 4021 nondum
3335 3966 3404 4020 sit
3448 3964 3564 4035 ejus
3594 3959 3790 4021 relatis.

2199 4067 2329 4124 Nam
2355 4067 2493 4122 sicut
2513 4065 2754 4120 scribunt
2781 4064 2867 4135 qui
2886 4063 3191 4117 chronicam
3219 4059 3496 4115 historiam
3521 4060 3790 4130 persecuti

2199 4165 2326 4215 Sunt
2371 4157 2471 4229 (a),
2521 4156 2665 4212 mille
2710 4154 2970 4210 ducentos
3009 4161 3065 4208 et
3105 4151 3451 4224 quadraginta
3501 4167 3670 4206 annos
3719 4152 3792 4208 ab

2189 4261 2342 4306 anno
2368 4250 2545 4322 primo
2573 4263 2680 4320 quo
2708 4247 2874 4303 Ninus
2901 4261 3128 4318 regnare
3155 4247 3337 4317 ccepit,
3368 4245 3660 4317 permansit
3685 4245 3793 4302 hoc

2197 4355 2455 4414 regnum,
2499 4341 2674 4397 donec
2705 4341 3083 4396 transferretur
3132 4338 3197 4394 ad
3230 4337 3420 4393 'llledos
3459 4336 3558 4409 (li).
3591 4338 3794 4394 luferrc

2263 4457 2287 4568 ἲ
2450 4457 2694 4568 omittunt,
2719 4451 2923 4507 arbitria
2947 4452 3219 4519 principum
3243 4467 3331 4516 pro
3352 4449 3532 4517 legibus
3549 4459 3700 4503 erant.

2290 4533 2319 4567 a
2388 4529 2486 4568 .use
2505 4531 2614 4567 nus.

2290 4520 2339 4568 al
2364 4520 2614 4568 Eusebius.

2264 4519 2339 4646 811))
2678 4582 2750 4646 ab
2781 4580 2978 4644 Assyriis
3008 4578 3069 4646 ad
3090 4578 3253 4646 Medos
3277 4576 3507 4646 translato
3527 4591 3616 4646 per
3642 4578 3790 4646 Arba-

2203 4638 2284 4694 επὶ
2317 4638 2610 4705 'przcl'ect'un't
2653 4638 2921 4700 Medorum,
2963 4641 3045 4705 qui
3088 4638 3465 4705 Sardanapalum
3499 4638 3625 4705 vicit,
3669 4641 3792 4705 seri:

2326 4655 2610 4705 [tl‘lL‘lCClllll'l
2653 4655 2921 4700 Mcuorum,
2963 4655 3045 4749 qur
3088 4655 3454 4702 suruauapalum
3499 4655 3625 4697 νιυιι,
3669 4655 3792 4688 SCl‘l-

2291 4719 2347 4756 re.
2382 4707 2630 4764 Justinus,
2655 4706 2902 4763 Diodorus,
2943 4701 3256 4764 Pntarchus,
3295 4702 3554 4759 Eusebius,
3604 4706 3697 4750 etc.
3741 4703 3794 4751 Id

2198 4763 2304 4831 ipso
2327 4781 2454 4817 anno
2476 4779 2573 4829 quo
2591 4767 2716 4831 apud
2741 4766 2915 4831 latinos
2937 4772 3078 4831 Proca
3103 4763 3269 4811 Amulii
3295 4771 3347 4831 et
3363 4764 3616 4812 Numitoris
3631 4770 3793 4831 [ratem

2199 4824 2343 4879 livius
2367 4824 2532 4890 autem
2572 4824 2713 4876 alica:
2753 4825 2919 4890 Sylvia:
2935 4827 3102 4874 matris
3132 4824 3326 4890 gltomuli
3367 4837 3582 4888 regnare
3623 4828 3793 4890 coepit,

2197 4893 2462 4953 contigisse
2496 4889 2612 4940 dicit
2653 4885 2867 4939 Orosius.
2915 4895 3103 4953 _Porro_
3129 4889 3382 4948 imperium
3431 4885 3594 4953 penes
3627 4885 3797 4937 titulos

2198 4951 2287 5003 fuit
2333 4949 2485 5002 'aunis
2553 4953 2788 5001 trecentis
2845 4950 3249 5014 quinquaginta,_
3284 4962 3466 5014 usque,
3494 4949 3551 4997 ad
3608 4962 3794 5014 pegem

2199 5022 2473 5077 Astyagem.
2513 5019 2631 5062 Tum
2675 5025 2796 5062 vero
2820 5005 2908 5077 per
2937 5005 3108 5074 cirum
3128 5005 3373 5073 Cambysis
3408 5009 3554 5077 illium
3589 5005 3646 5077 ait
3675 5005 3798 5060 iicr-

2196 5073 2586 5127 sas'translatum
2621 5081 2698 5124 est
2717 5109 2732 5134 ,
2766 5073 3002 5136 stetitque
3035 5085 3190 5136 penes
3217 5081 3410 5136 Persas
3431 5074 3568 5121 anuis
3603 5073 3795 5136 ducen-

2199 5139 2264 5190 tis
2286 5140 2683 5200 trigtnta,gus_que
2706 5132 2767 5186 ad
2789 5132 3111 5200 Alexandrum
3131 5133 3328 5200 Philippi
3349 5132 3790 5200 filium._uujus_re-

2197 5195 2378 5263 gnum'
2388 5195 2716 5250 brevissiﬁtwn
2738 5203 2949 5258 tempore
2967 5197 3084 5246 dicit
3121 5195 3429 5258 Augustinus,
3453 5195 3535 5263 vel
3561 5197 3673 5257 qum
3697 5195 3787 5263 ille

2198 5259 2352 5332 annos
2373 5268 2480 5332 post
2496 5274 2724 5332 eversum
2743 5268 2999 5332 Persarum
3038 5271 3248 5332 regnum
3293 5271 3476 5332 paucos
3513 5259 3792 5332 apparavit,

2199 5315 2281 5373 vel
2303 5315 2415 5386 quia
2436 5324 2785 5386 Macedonicum
2809 5335 2897 5371 seu
2921 5315 3411 5386 armeuminmeritim
3435 5319 3498 5368 ab
3522 5315 3794 5370 Alexandro

2198 5383 2441 5435 conditum
2462 5396 2589 5434 anno
2610 5391 2725 5433 ante
2737 5384 2975 5433 Christum
2993 5384 3079 5432 551
3104 5383 3184 5432 vix
3203 5389 3460 5432 servarunt
3481 5391 3795 5430 successores

2201 5448 2308 5509 ejus
2330 5460 2487 5510 usque
2508 5447 2568 5496 ad
2590 5445 2845 5510 Seleucum
2869 5446 3216 5510 etgautiocbum
3236 5443 3430 5503 fratres,
3451 5444 3497 5492 id
3517 5451 3608 5503 est,
3631 5443 3692 5491 ad
3705 5457 3793 5490 au-

2198 5505 2316 5558 rium
2353 5505 2466 5558 ante
2505 5509 2742 5558 Christum
2780 5510 2886 5557 fere
2907 5505 3019 5567 ⁸246,
3045 5520 3142 5570 quo
3180 5514 3422 5568 tempore,
3447 5513 3676 5568 usurpato
3702 5519 3795 5567 per

2201 5578 2421 5620 Arsacem
2447 5570 2730 5632 lrincipatu,
2759 5584 2967 5633 regnum
3002 5569 3533 5633 Partum-amerinum):
3567 5573 3796 5633 Δ(εδῐηῃρςι

2199 5642 2363 5695 autem
2386 5627 2558 5682 mansit
2579 5627 2740 5695 usque
2761 5627 3021 5682 advannum
3043 5639 3150 5695 post
3193 5629 3428 5678 Christum
3467 5630 3659 5678 circiter
3677 5627 3788 5688 926,

2199 5694 2455 5744 Alexamtri
2480 5697 2644 5745 Severi
2665 5694 2865 5744 Caesaris
2909 5697 3146 5757 quintum,
3163 5756 3168 5757 ν
3185 5704 3282 5752 quo
3307 5697 3791 5757 Arlztxerxes_l'ersa,

2202 5758 2405 5808 devictis
2428 5760 2624 5818 Parthis,
2651 5767 2898 5820 Persarum
2916 5753 3193 5807 instauravit
3211 5755 3484 5819 imperium,
3498 5753 3628 5820 quod
3643 5755 3795 5808 etiam

2132 5897 2148 5908 ⁸
2205 5826 2352 5874 etate
2377 5821 2625 5884 augustae
2642 5819 2861 5875 durabat.
