4038 6488
470 433 579 493 m
1532 417 1624 476 ne
1659 411 1984 475 ClVl’l‘A'l‘E
2026 408 2085 496 nl

2196 410 2256 467 S.
2296 402 2664 467 AUCUS‘I‘INI
3647 397 3756 454 120

472 561 649 611 autem
674 546 993 621 paucissima
1034 543 1159 601 ideo
1195 539 1329 610 di‘xi,
1371 545 1435 595 ut
1475 536 1865 608 intelligeretur
1909 531 2056 588 nullo

471 645 633 703 modo
668 659 764 700 eos
789 642 970 699 dicere
992 637 1191 695 audere
1231 636 1335 692 ista
1379 631 1599 690 numina
1624 628 1903 701 imperium
1929 641 2061 682 eon-

471 736 727 803 stituisse,
748 735 989 799 auxisse,
1010 742 1364 787 conservasse
1383 725 1705 789 Romanum,
1725 737 1846 793 quas
1862 720 1935 775 ita
1948 719 2059 773 suis

471 843 696 901 quasque
736 825 1125 881 adhibebantur
1151 821 1365 887 ofﬁciis,
1391 828 1453 876 ut
1479 816 1611 873 nihil
1635 815 1941 872 universum
1965 810 2055 866 uni

471 923 630 979 alicui
654 921 983 978 crederetur.
1023 916 1245 986 Quando
1270 930 1398 986 ergo
1422 913 1631 985 Segetia
1653 917 1865 967 curaret
1892 906 2064 976 impe-

473 1015 633 1081 rium,
659 1012 744 1069 cui
769 1027 951 1068 curam
978 1025 1168 1083 gerere
1200 1007 1358 1064 simul
1387 1016 1443 1063 et
1481 1004 1750 1076 segetibus
1775 1010 1830 1058 et
1859 998 2065 1056 arbori-

472 1107 574 1163 bus
599 1122 706 1163 non
730 1105 963 1163 licebat?
1004 1102 1229 1174 Quando
1250 1102 1318 1158 de
1345 1100 1511 1156 armis
1546 1098 1753 1155 Cunina
1783 1096 2063 1165 cogitaret,

473 1201 626 1272 cuius
653 1201 1002 1271 praepositum
1035 1197 1376 1268 parvulorum
1396 1207 1564 1250 cunas
1593 1207 1698 1245 non
1732 1184 2068 1261 permitteba-

477 1302 563 1352 tur
588 1292 888 1350 excedere?
916 1288 1141 1360 Quando
1180 1286 1421 1343 Nodutus
1468 1284 1746 1353 adiuvaret
1791 1281 1846 1335 in
1890 1278 2063 1346 bello,

475 1389 565 1459 qui
595 1402 695 1443 nec
721 1387 788 1442 ad
820 1385 1109 1441 folliculum
1138 1382 1335 1454 spicm,
1378 1380 1473 1435 sed
1515 1386 1718 1433 tantum
1761 1375 1828 1431 ad
1868 1372 2067 1429 nodum

475 1481 703 1554 geniculi
732 1478 1063 1550 pertinebat?
1110 1476 1279 1533 Unum
1320 1473 1543 1545 quisque
1574 1469 1753 1525 domui
1785 1482 1896 1521 sum
1920 1464 2072 1536 ponit

477 1571 777 1635 ostiarium,
823 1579 877 1627 et
915 1570 1038 1641 quia
1076 1568 1237 1623 homo
1274 1574 1393 1631 est,
1433 1563 1654 1618 omnino
1695 1559 1931 1616 sufﬁcit:
1961 1566 2071 1613 tres

477 1664 611 1721 deos
631 1665 714 1720 isti
732 1671 1040 1736 posuerunt,
1062 1660 1347 1717 Forculum
1388 1656 1613 1724 foribus,
1635 1653 1895 1711 Cardeam
1919 1653 1936 1684 ¹
1955 1665 2073 1706 car-

478 1757 613 1823 dini,
637 1757 994 1813 Limentinum
1023 1753 1190 1809 limini
1222 1749 1317 1826 (a).
1348 1750 1422 1806 Ita
1449 1765 1555 1805 non
1580 1756 1788 1820 poterat
1812 1744 2072 1801 Forculus

480 1848 644 1911 simul
668 1856 723 1903 et
747 1846 1021 1904 cardinem
1052 1845 1322 1915 limenque
1351 1856 1591 1899 servare.

481 1985 705 2043 CAPUT
745 1984 835 2041 IX.
864 2015 930 2028 --
956 1984 1035 2040 An
1074 1984 1277 2055 imperii
1305 1982 1527 2040 Romani
1562 1978 1849 2052 amplitudo
1874 1984 1924 2032 et
1951 1975 2073 2030 diu-

554 2077 770 2133 turnitas
788 2076 907 2133 Jovi
926 2077 1079 2148 fuerit
1106 2076 1458 2141 adscribenda,
1488 2090 1636 2147 quem
1659 2087 1911 2128 sumntum
1924 2069 2078 2125 deum

509 2210 531 2225 .
555 2170 771 2225 cultores
795 2170 958 2240 ipsius
981 2170 1275 2240 opinantur.

555 2279 764 2338 Omissa
812 2281 973 2351 igitur
1014 2280 1114 2337 ista
1155 2280 1311 2337 turba
1354 2279 1681 2335 minutorum
1710 2277 1957 2341 deorum,
1991 2272 2081 2330 vel

483 2373 810 2445 aliquantum
841 2374 1163 2441 intermissa,
1185 2373 1423 2429 ofﬁcium
1451 2373 1714 2443 majorum
1741 2370 1962 2426 deorum
1984 2367 2080 2423 de:

485 2465 673 2521 bemus
719 2467 1003 2538 inquirere,
1033 2482 1142 2537 quo
1165 2467 1335 2521 Roma
1365 2476 1470 2521 tam
1504 2480 1693 2536 magna
1724 2464 1859 2519 facta
1889 2470 1995 2530 est,
2022 2468 2083 2517 ut

484 2556 687 2612 tamdiu
732 2567 808 2613 tot
844 2558 1093 2629 gentibus
1122 2558 1428 2628 imperaret.
1471 2556 1731 2611 Nimirum
1777 2570 1905 2624 ergo
1930 2550 2077 2608 Jovis

487 2647 591 2705 hoc
617 2662 754 2719 opus
780 2657 881 2704 est.
912 2648 1088 2720 ipsum
1129 2649 1271 2704 enim
1311 2648 1532 2704 deorum
1558 2646 1795 2702 omnium
1835 2644 2084 2699 dearum-

487 2756 593 2813 que
632 2756 813 2813 regem
842 2756 963 2799 esse
990 2742 1216 2798 volunt'
1247 2757 1261 2795 :
1294 2740 1397 2796 hoc
1424 2740 1539 2810 ejus
1568 2738 1763 2794 indicat
1790 2744 2081 2807 sceptrum,

489 2833 592 2890 hoc
619 2835 671 2889 in
698 2834 806 2889 alto
833 2834 970 2890 colle
1007 2834 1343 2905 Capitolium.
1374 2834 1448 2889 De
1476 2834 1578 2888 isto
1605 2831 1730 2898 deo,
1776 2829 2020 2902 quamvis
2052 2842 2083 2883 a

490 2934 671 3011 poeta,
702 2924 901 2982 dictum
931 2925 1432 3004 convenientissime
1459 2923 1773 2995 prmdicant,

1355 3039 1483 3102 iovis
1497 3040 1655 3089 omnia
1676 3036 1839 3102 plena.

1078 3102 1101 3168 (
1124 3101 1293 3170 Virgil.
1317 3100 1477 3167 Eclog.
1502 3102 1552 3162 δ,
1575 3100 1698 3152 ms:
1722 3100 1843 3164 eo.)

493 3205 647 3264 Hunc
670 3205 842 3263 Varro
869 3207 1041 3264 credit
1063 3210 1225 3263 etiam
1257 3207 1325 3263 ab
1353 3208 1435 3262 bis
1457 3207 1581 3271 coli,
1611 3205 1701 3277 qui
1729 3219 1894 3260 unum
1918 3203 2087 3260 Deum

494 3297 669 3354 solum
693 3298 810 3354 sine
835 3299 1121 3377 simulacro
1145 3299 1349 3367 colunt,
1376 3298 1472 3355 sed
1510 3298 1619 3354 alio
1638 3298 1856 3354 nomine
1882 3311 2091 3351 nuncu-

495 3391 631 3461 pari.
653 3390 807 3460 Quod
828 3391 875 3447 si
900 3391 973 3448 ita
997 3401 1100 3460 est,
1124 3408 1220 3447 cur
1240 3401 1347 3448 tam
1369 3392 1507 3447 male
1527 3399 1780 3448 tractatus
1801 3405 1884 3446 est
1902 3390 2089 3445 Romae

496 3480 660 3553 (sicut
685 3482 903 3553 quidem
931 3493 985 3539 et
1013 3484 1065 3539 in
1108 3484 1320 3541 caneris
1340 3483 1636 3557 gentibus),
1677 3493 1737 3539 ut
1759 3484 1809 3538 ei
1835 3482 1987 3539 ﬁeret
2011 3482 2089 3538 si-

498 3574 794 3633 mulacrum
814 3576 838 3632 2
862 3575 1016 3643 Quod
1042 3576 1142 3649 ipsi
1167 3578 1326 3633 etiam
1366 3577 1590 3634 Varroni
1638 3578 1709 3632 ita
1735 3577 2000 3648 displicet,
2033 3583 2091 3633 ut

498 3679 621 3723 cum
652 3676 812 3725 tantae
839 3668 1073 3726 civitatis
1100 3685 1348 3741 perversa
1390 3670 1778 3727 consuetudine
1814 3685 2090 3742 premere-

499 3765 610 3822 tur.
654 3774 988 3833 nequaquam
1032 3772 1207 3823 tamen
1237 3762 1417 3819 dicere
1457 3771 1514 3820 et
1555 3762 1795 3820 scribere
1822 3762 2092 3820 dubitaret

501 3849 643 3923 quod
668 3850 723 3906 bi
747 3852 836 3923 qui
864 3853 1073 3925 populis
1101 3854 1448 3910 instituerunt
1473 3855 1779 3923 simulacra,
1807 3863 1862 3912 et
1886 3865 2090 3913 metum

502 3942 871 4015 dempserunt,
900 3952 956 4000 et
979 3960 1217 4003 errorem
1252 3944 1592 4003 addiderunt.

503 4075 731 4136 CAPUT
768 4077 839 4134 X.
865 4109 937 4126 —-
957 4079 1098 4146 Quas
1122 4080 1384 4152 opiniones
1420 4082 1576 4137 secuti
1600 4082 1721 4151 sint,
1749 4082 1838 4155 qui
1873 4081 2095 4140 diversos

705 4170 826 4226 deos
848 4171 1057 4228 diuersis
1084 4174 1264 4228 mundi
1287 4175 1514 4245 partibus
1541 4175 1896 4246 prefecerunt.

577 4281 776 4340 Curiili
796 4285 956 4341 etiam
967 4285 1106 4341 Juno
1118 4302 1253 4342 uxor
1263 4286 1589 4359 adiungitur,
1607 4303 1726 4359 qua:
1746 4288 1941 4345 dicitur
1951 4304 2098 4344 soror

508 4384 555 4431 et
568 4378 761 4449 coniux
774 4377 795 4452 (
807 4378 1234 4451 Virgit.,/Eneid.
1246 4382 1365 4438 ωλι
1378 4384 1652 4455 ,νοτιιηῖ
1662 4382 1794 4451 Quia
1805 4382 2099 4453 Jovem,in-

509 4469 717 4541 quiunt,
738 4473 793 4528 in
817 4473 1019 4531 aethere
1041 4474 1351 4546 accipimus,
1373 4476 1426 4531 in
1443 4490 1567 4531 aere
1581 4475 1844 4531 Junonem
1868 4493 1884 4542 ;
1911 4484 1966 4533 et
1981 4475 2099 4533 haec

512 4560 623 4618 duo
649 4563 916 4621 elementa
942 4570 1227 4637 conjuncta
1247 4576 1393 4634 sunt,
1418 4568 1647 4624 alterum
1673 4570 1941 4639 superius,
1961 4569 2100 4624 alte-

513 4653 898 4712 rum-Nerius.
927 4656 1047 4715 Non
1074 4666 1159 4716 est
1186 4673 1316 4732 ergo
1341 4658 1430 4716 ille
1458 4658 1527 4715 de
1553 4673 1659 4731 quo
1681 4660 1881 4715 dictum
1906 4669 2010 4729 est,

1343 4772 1473 4824 Iovis
1493 4772 1652 4824 omnia
1674 4771 1853 4837 plena';

513 4869 559 4929 si
585 4870 820 4944 aliquam
843 4882 1048 4945 partem
1074 4874 1260 4948 implet
1283 4885 1340 4935 et
1357 4877 1520 4934 Juno.
1546 4879 1630 4935 An
1648 4886 1870 4950 uterque
1893 4885 2105 4934 utrum-

514 4976 621 5034 que
647 4962 852 5035 implet,
880 4972 937 5022 et
977 4965 1138 5024 ambo
1165 4967 1254 5024 isti
1275 4968 1529 5040 coniuges
1569 4977 1625 5025 et
1665 4968 1719 5023 in
1750 4967 1958 5023 duobus
1987 4967 2105 5024 istis

514 5054 818 5126 elementis,
856 5065 914 5115 et
940 5056 996 5115 in
1023 5059 1244 5132 singulis
1270 5060 1430 5117 simul
1456 5059 1625 5117 sunt?
1651 5058 1760 5115 Cur
1782 5073 1913 5130 ergo
1937 5056 2108 5115 :cther

516 5144 673 5203 datur
712 5148 870 5220 Jovi,
910 5166 1005 5209 aer
1047 5151 1285 5211 Junoni‘l
1325 5154 1607 5212 Postremo
1652 5153 1755 5225 ipsi
1801 5153 1908 5208 duo
1933 5151 2108 5208 ’satis

518 5247 701 5294 essent
731 5257 745 5294 :
777 5242 902 5313 quid
939 5253 1023 5301 est
1045 5245 1190 5317 quod
1218 5262 1367 5304 mare
1391 5246 1638 5318 Neptuno
1669 5245 1937 5310 tribuitur,
1964 5250 2109 5298 terra

519 5327 734 5385 Plutoni
752 5332 778 5385 τ
809 5332 877 5388 Et
908 5351 976 5393 ne
1005 5336 1105 5408 ipsi
1142 5351 1359 5411 quoque
1380 5338 1497 5394 sine
1519 5336 1837 5407 coniugibus
1862 5345 2108 5390 remane-

586 5471 605 5503 ³
637 5469 712 5522 sic
730 5469 913 5525 habent
933 5486 1104 5527 omnes
1117 5476 1250 5528 libri.
1267 5484 1478 5527 comam
1492 5473 1662 5524 mallet
1674 5471 1938 5522 Ludovicus
1947 5469 2109 5519 vives.

521 5530 841 5648 ῗῗίόθιέιθὲιω,
864 5546 1025 5588 corna
1048 5547 1100 5590 et
1120 5548 1276 5591 crane
1297 5544 1496 5591 vocatur
1518 5539 1581 5586 ab
1599 5536 1766 5586 Ovidio
1784 5540 1904 5582 Fast.
1930 5531 1963 5581 l.
1986 5529 2035 5592 6,
2061 5544 2110 5581 v.

617 5631 633 5655 .
753 5632 766 5647 .

524 5658 864 5771 Maeoniam
899 5662 1196 5727 exemplaria
1220 5664 1461 5727 praebent,
1486 5671 1649 5726 regem
1671 5658 2008 5724 comptetorem
2032 5666 2115 5705 vo-

588 5754 780 5860 ἲὶτλιξιίο
808 5785 851 5860 .si
870 5785 968 5860 ira:
990 5787 1103 5839 άυο-
1130 5785 1380 5860 sese.
1404 5800 1435 5860 ξ
1450 5795 1559 5839 uss-

532 5843 665 5959 Iogo)
688 5841 910 5902 Cardeaz'.
934 5859 1113 5915 Carna,
1127 5841 1387 5909 abOvi'dio',
1405 5857 1649 5902 Fastorum
1672 5846 1759 5899 lib.
1777 5846 1828 5911 6,
1845 5857 1977 5896 vers.
2004 5841 2114 5906 101,

2166 537 2307 595 rent,
2347 527 2559 583 additur
2593 524 2841 596 Neptuno
2878 521 3106 589 Salacia,
3154 517 3367 578 Plutoni
3413 516 3755 589 Proserpina.

2162 620 2295 677 Nam
2325 621 2462 676 sicut
2489 618 2798 675 inferiorem
2838 616 2963 674 cali
2986 626 3217 688 partem,
3244 612 3299 669 id
3324 620 3409 667 est
3434 626 3633 678 aerem,
3667 607 3759 666 in:

2164 714 2376 783 quiunt,
2403 709 2542 766 Juno
2572 718 2757 775 tenet;
2786 708 2858 763 ita
2899 706 3207 763 inferiorem
3238 702 3403 759 maris
3442 701 3672 765 Salacia,
3703 706 3760 756 et

2167 814 2322 860 terrze
2345 803 2647 859 inferiorem
2662 802 3002 872 Proserpina.
3029 800 3286 866 Qumrunt
3303 793 3757 866 quemadmodum

2166 896 2397 952 sarciant
2415 895 2637 958 fabulas,
2654 909 2752 949 nec
2769 893 3062 948 inveniunt.
3089 890 3145 947 Si
3173 890 3315 945 enim
3334 888 3448 944 bare
3462 887 3533 943 ita
3554 895 3761 953 essent,

2169 989 2267 1043 tria
2290 988 2467 1058 potius
2484 987 2749 1043 elementa
2775 984 2959 1040 mundi
2988 999 3131 1047 esse,
3169 997 3275 1036 non
3303 987 3547 1051 quatuor,
3572 992 3764 1032 eorum

2169 1090 2381 1135 veteres
2409 1079 2714 1150 proderent,
2743 1086 2804 1131 ut
2829 1076 3035 1147 singula
3064 1075 3285 1129 deorum
3310 1071 3553 1141 coniugia
3581 1069 3765 1140 singu—

2170 1172 2238 1228 lis
2256 1171 2619 1227 dividerentur
2634 1169 2934 1226 elementis.
2958 1167 3109 1223 Nunc
3123 1180 3252 1221 vero
3274 1164 3417 1218 omni
3437 1162 3597 1216 modo
3614 1160 3765 1215 afﬁr-

2172 1274 2472 1333 maverunt,
2514 1264 2653 1319 aliud
2692 1278 2813 1319 esse
2859 1261 3140 1325 astberem,
3188 1257 3335 1314 aliud
3377 1270 3576 1312 aerem.
3610 1255 3765 1323 Aqua

2171 1373 2302 1413 vero
2330 1358 2443 1413 sive
2480 1356 2757 1426 superior,
2792 1354 2910 1409 sive
2953 1351 3198 1413 inferior,
3246 1348 3430 1418 utique
3460 1360 3595 1417 aqua
3634 1353 3718 1400 est
3747 1360 3767 1400 :

2172 1458 2297 1522 puta
2351 1450 2473 1519 quia
2512 1448 2820 1514 dissimilis,
2875 1442 3129 1514 numquid
3176 1442 3229 1496 in
3270 1448 3477 1495 tantum
3529 1445 3591 1491 ut
3628 1448 3766 1505 aqua

2173 1556 2282 1596 non
2329 1540 2440 1595 sit?
2480 1538 2548 1595 Et
2591 1537 2808 1593 inferior
2863 1543 3040 1599 terra,
3072 1532 3197 1603 quid
3253 1529 3396 1585 aliud
3427 1537 3600 1599 potest
3644 1539 3769 1581 esse

2174 1648 2333 1703 quam
2363 1640 2526 1697 terra,
2552 1630 2882 1702 quantalibet
2909 1629 3216 1683 diversutate
3232 1622 3519 1680 distincta?
3565 1619 3771 1675 Deinde

2177 1739 2303 1780 ecce
2338 1723 2448 1794 iam
2492 1733 2632 1777 totus
2675 1722 2726 1776 in
2760 1721 2842 1775 his
2888 1729 3117 1789 quatuor
3165 1716 3248 1770 vel
3303 1713 3476 1769 tribus
3529 1712 3773 1766 elemen-

2179 1818 2249 1873 tis
2326 1831 2617 1887 corporeus
2686 1813 2986 1883 completus
3052 1820 3134 1867 est
3200 1807 3428 1864 mundus
3474 1824 3489 1860 :
3535 1792 3773 1859 Mincr’n

2179 1908 2269 1964 ubi
2313 1908 2447 1964 erit?
2491 1906 2617 1978 quid
2659 1904 2902 1961 tenebit?
2931 1902 3056 1973 quid
3100 1895 3384 1971 implebit?
3412 1897 3579 1953 Simul
3626 1895 3772 1952 enim
3842 1911 3846 1915 ·

2179 2017 2303 2057 cum
2329 2001 2413 2055 bis
2432 2001 2486 2055 in
2510 1999 2774 2071 Capitolio
2795 1998 3081 2054 constituta
3112 2004 3214 2057 est,
3242 2009 3362 2050 cum
3392 1993 3490 2047 ista
3519 1989 3622 2045 ﬁlia
3661 2002 3774 2043 non

2181 2096 2252 2152 sit
2280 2096 2578 2151 amborum.
2611 2094 2715 2148 Aut
2741 2092 2785 2147 si
2810 2089 3025 2146 aetheris
3069 2097 3271 2158 partem
3300 2083 3629 2156 superiorem
3669 2080 3775 2135 Mi-

2181 2204 2401 2246 nervam
2428 2197 2609 2243 tenere
2632 2186 2833 2250 dicunt,
2857 2192 2912 2239 et
2939 2182 3040 2236 hac
3061 2179 3343 2236 occasione
3376 2179 3572 2247 ﬁngere
3592 2182 3778 2243 poetas

2183 2282 2327 2354 quod
2354 2282 2422 2337 de
2446 2280 2591 2336 Jovis
2619 2279 2792 2349 capite
2820 2285 2943 2331 nata
2984 2276 3092 2339 sit;
3120 2289 3215 2347 cur
3240 2287 3346 2327 non
3374 2284 3502 2341 ergo
3541 2269 3654 2338 ipsa
3680 2280 3781 2337 po.

2186 2376 2290 2430 tius
2309 2373 2531 2429 deorum
2556 2373 2739 2442 regina
2761 2369 3066 2440 deputatur,
3089 2364 3229 2436 quod
3252 2365 3322 2418 sit
3340 2362 3471 2418 Jove
3493 2359 3735 2430 superior
3750 2356 3780 2410 2

2186 2482 2255 2522 an
2283 2465 2407 2539 quia
2450 2464 2723 2534 indignum
2754 2470 2867 2517 erat
2908 2471 3221 2530 prmponere
3245 2455 3382 2525 patri
3428 2451 3627 2507 ﬁliam?
3670 2448 3784 2506 Cur

2188 2575 2295 2616 non
2326 2559 2391 2613 de
2419 2556 2552 2613 Jove
2579 2556 2697 2627 ipso
2725 2568 2850 2624 erga
2876 2552 3167 2607 Saturnum
3208 2545 3410 2618 iustitia
3443 2546 3541 2599 ista
3568 2548 3784 2597 servata

2188 2649 2313 2707 est?
2342 2664 2411 2704 an
2433 2647 2554 2719 quia
2594 2646 2766 2702 victus
2794 2643 2919 2700 est?
2946 2641 3088 2713 Ergo
3114 2636 3458 2711 pugnarunt?
3489 2635 3660 2697 Absit,
3694 2632 3784 2687 in-

2190 2742 2379 2813 quiunt
2407 2758 2420 2792 :
2448 2737 2747 2793 fabularum
2797 2743 2881 2790 est
2925 2734 3025 2788 ista
3075 2729 3378 2801 garrulitas.
3409 2728 3546 2782 Ecce
3592 2723 3786 2779 fabulis

2190 2849 2299 2889 non
2326 2832 2595 2896 credatur,
2624 2839 2674 2884 et
2704 2828 2771 2882 de
2798 2827 2901 2881 diis
2927 2825 3226 2880 sentiantur
3252 2819 3470 2875 meliora
3498 2838 3511 2874 :
3534 2832 3630 2873 cur
3654 2828 3788 2887 ergo

2192 2942 2299 2983 non
2334 2925 2454 2979 data
2481 2931 2563 2979 est
2588 2921 2721 2992 patri
2752 2919 2920 2980 Jovis,
2948 2917 3047 2971 etsi
3078 2931 3185 2970 non
3224 2911 3523 2977 sublimior,
3564 2906 3789 2979 aequalis

2191 3027 2340 3074 certe
2367 3015 2524 3071 sedes
2562 3011 2821 3069 honoris?
2862 3008 2995 3076 Quia
3037 3005 3319 3070 Saturnus,
3352 3001 3615 3073 inquiunt,
3647 3011 3789 3055 tem-

2194 3103 2623 3181 porislongitudo
2638 3113 2717 3159 est
2734 3100 2835 3174 (a).
2851 3100 3084 3170 Tempus
3106 3097 3262 3166 igitur
3275 3094 3480 3160 colunt,
3497 3093 3583 3163 qui
3597 3092 3788 3146 Satur-

2193 3218 2320 3259 num
2349 3200 2550 3265 colunt,
2578 3208 2634 3254 et
2675 3212 2768 3252 rex
2811 3194 3032 3250 deorum
3069 3191 3276 3261 Jupiter
3303 3188 3603 3244 insinuatur
3632 3196 3792 3240 natus

2194 3311 2258 3351 ex
2280 3303 2543 3363 tempore.
2569 3288 2706 3359 Quid
2729 3286 2871 3343 enim
2900 3283 3171 3355 indignum
3196 3281 3406 3345 dicitur,
3435 3294 3554 3334 cum
3579 3277 3795 3346 Jupiter

2195 3396 2251 3444 et
2278 3385 2417 3441 Juno
2446 3383 2558 3438 uati
2595 3382 2847 3437 dicuntur
2875 3394 2943 3435 ex
2973 3386 3234 3447 tempore,
3268 3374 3313 3429 si
3343 3372 3540 3429 cretum
3584 3380 3667 3426 est
3697 3369 3794 3425 ille

2195 3490 2251 3539 et
2289 3481 2377 3536 illa
2407 3487 2575 3545 terra,
2605 3490 2728 3532 cum
2769 3474 2906 3529 facta
2936 3472 3043 3527 sint
3070 3469 3254 3541 utique
3296 3467 3490 3524 cretum
3519 3473 3574 3521 et
3602 3473 3742 3520 terra
3760 3463 3791 3518 ?

2194 3575 2329 3633 Nam
2360 3572 2463 3629 hoc
2490 3584 2701 3643 quoque
2743 3567 2796 3624 in
2844 3565 2994 3623 libris
3033 3564 3148 3620 suis
3172 3562 3371 3617 habent
3416 3573 3600 3616 eorum
3643 3554 3794 3611 docti

2195 3676 2359 3739 atque
2384 3664 2655 3736 sapientes
2679 3680 2695 3717 :
2727 3674 2902 3730 neque
2940 3657 3008 3714 de
3036 3655 3302 3728 ﬁgmentis
3329 3651 3574 3724 poeticis,
3602 3648 3698 3706 sed
3721 3646 3795 3704 de

2195 3759 2637 3835 philosophorum
2666 3753 2819 3808 libris
2843 3768 2872 3805 a
2904 3749 3125 3820 Virgilio
3151 3745 3350 3801 dictum
3379 3752 3483 3807 est,

2258 3885 2380 3927 Tum
2399 3880 2539 3937 pater
2561 3868 2872 3937 omnipotens
3112 3856 3352 3937 imbribus
3366 3854 3543 3915 aether,

2257 3918 2549 4002 ὁοῖἷιιὲἓῖἱι
2572 3918 3255 4002 ιεέεεεῖβπρξηίξιξιέἒθεὲἓοέίίι

2627 3975 2841 4055 (ῐνὶῖῃίι.
2864 3994 3031 4048 Georg.
3065 3981 3150 4033 tib.
3170 3981 3219 4038 ε,
3242 3975 3368 4032 'om.
3390 3978 3500 4038 πε,
3522 3975 3666 4041 sas.)

2194 4106 2254 4165 id
2280 4112 2364 4162 est
2387 4103 2439 4158 in
2473 4098 2734 4173 gremium
2765 4091 2970 4150 telluris
2995 4096 3086 4143 aut
3115 4099 3291 4143 terrze.
3335 4084 3468 4152 Quia
3495 4092 3543 4139 et
3574 4082 3663 4137 hic
3696 4080 3799 4136 ali-

2199 4211 2332 4270 quas
2353 4171 2679 4249 diﬁ'erentias
2697 4185 2886 4240 volunt
2909 4196 3048 4247 esse,
3072 4189 3231 4251 atque
3251 4178 3306 4232 in
3336 4176 3449 4246 ipsa
3472 4183 3614 4229 terra
3636 4171 3789 4228 aliud

2201 4265 2444 4354 'l‘erram,
2464 4283 2606 4340 aliud
2623 4280 2916 4344 Tellurem,
2936 4274 3079 4331 aliud
3095 4272 3463 4328 'l‘ellumonem
3479 4275 3668 4339 putant
3688 4265 3793 4338 (ὁ).

2202 4384 2271 4442 Et
2296 4383 2394 4437 bos
2419 4392 2608 4434 omnes
2633 4374 2762 4429 deos
2785 4370 2984 4426 habent
3008 4366 3120 4423 suis
3145 4360 3450 4420 nominibus
3475 4357 3796 4428 appellatos,

2202 4477 2316 4533 suis
2339 4472 2531 4530 ofﬁciis
2574 4468 2873 4533 distinctos,
2904 4462 3017 4518 suis
3052 4459 3160 4514 sris
3187 4456 3459 4524 sacrisque
3487 4460 3796 4506 veneratos.

2202 4569 2461 4629 Eamdem
2506 4564 2726 4621 Terram
2756 4560 2915 4616 etiam
2954 4564 3177 4611 matrem
3212 4550 3436 4605 deorum
3484 4551 3673 4600 vocant
3699 4558 3714 4596 :
3736 4550 3801 4598 ut

2202 4666 2312 4738 iam
2338 4670 2511 4735 poeta:
2538 4653 2892 4714 tolerabiliora
2923 4647 3243 4716 conﬁngant,
3272 4641 3317 4697 si
3347 4637 3638 4696 secundum
3666 4635 3801 4690 isto-

2204 4724 2359 4823 rum:
2370 4767 2476 4809 non
2499 4748 2756 4823 poeticos,
2769 4742 2863 4799 sed
2883 4751 3155 4796 sacrorum
3171 4734 3357 4797 libros,
3378 4745 3487 4786 non
3514 4726 3687 4784 solum
3698 4724 3802 4781 Ju-

2206 4861 2280 4904 no
2303 4818 2449 4900 soror
2467 4818 2514 4897 et
2534 4839 2746 4911 conjux,
2760 4832 2854 4890 sed
2879 4832 3037 4888 etiam
3065 4836 3233 4884 mater
3254 4833 3338 4882 est
3360 4820 3609 4891 Jovis(c).
3638 4818 3805 4874 Eam-

2209 4939 2332 4995 dem
2353 4945 2548 4992 terram
2574 4932 2846 4991 Cererem,
2874 4922 3115 4981 eamdem
3148 4919 3307 4976 etiam
3322 4912 3549 4971 ‘Vestam
3572 4912 3759 4967 volunt
3779 4928 3799 4967 :

2209 5044 2332 5086 cum
2362 5036 2540 5083 tamen
2564 5021 2759 5092 sepius
2785 5016 3001 5071 Vestam
3029 5009 3239 5067 nonnisi
3265 5008 3439 5079 ignem
3468 5018 3589 5060 esse
3616 5000 3807 5073 perhi-

2211 5123 2373 5179 beant
2398 5118 2503 5191 (d),
2535 5113 2892 5186 pertinentem
2934 5104 3000 5161 ad
3027 5102 3194 5167 focos,
3237 5101 3355 5156 sine
3392 5097 3583 5170 quibus
3610 5093 3806 5150 civitas

2303 5276 2354 5369 ἕξ
2765 5259 3109 5369 ἀρῇῗὸρὲάᾶ
3133 5254 3370 5369 ﬁgitﬁgit:
3391 5313 3536 5365 deam
3554 5324 3582 5361 a
3605 5311 3649 5361 vi

2302 5313 2354 5395 ῖς
2376 5313 2754 5395 ἶὲἓῖάιιῖἷιιξιῖἧι
2772 5313 3109 5395 elementum,
3138 5313 3807 5395 Telluremgeaumaviapas:

2215 5371 2488 5453 sivi;
2494 5371 2816 5448 “mn-te:
2822 5371 3238 5453 qvi—asiwfemi'nam,
3250 5376 3646 5453 εει-ξηεμιιιιιρξειιι¹
3654 5371 3809 5453 deum

2215 5434 2319 5514 ΞἛ
2336 5434 2907 5521 ἆῶνῖ,’”ῖι’ῐι’ἇέί””ιίιῖιιὲιῖι
2932 5434 3264 5512 appellabant.
3303 5441 3420 5491 vide
3452 5438 3593 5497 infra,
3633 5434 3720 5485 lib.
3752 5435 3804 5496 7,

2216 5523 2493 5650 “iisiiss
2524 5561 3624 5650 est.argumentis_A,l:e§tinj.:.:sre;.?1
3642 5559 3810 5650 ,ηςξὲξὲ

2218 5627 2755 5700 Gentiliumcredimu's,
2780 5636 2859 5689 vel
2879 5638 3024 5700 etiam
3044 5627 3433 5700 interpretationi

2219 5688 2909 5773 éiliiiiiaildfss’éj‘dsmooi
2934 5688 3812 5773 invehunt-Li!

2220 5750 2720 5824 Eia’té'F'ési'JdihTmﬁ
2734 5750 2943 5813 deorum
2966 5773 2978 5808 :
3000 5769 3122 5819 ergo
3138 5750 3261 5802 Juno
3283 5757 3362 5801 est
3384 5750 3532 5799 etiam
3553 5753 3710 5797 mater
3727 5750 3812 5795 Jo-

2222 5837 2313 5887 vis.
2340 5841 2586 5890 (recussus.

2292 5877 2535 5959 ξιιῖόὗῖἆί
2544 5877 2668 5943 itast.
2690 5889 2741 5953 6,
2758 5903 2807 5941 v.
2828 5885 2953 5948 299;
2970 5883 3122 5933 Cicer.
3145 5877 3256 5929 Sde
3277 5879 3394 5938 ωε.
