  <div class='ocr_page' id='page_1' title='image "/cluster/home/n/w/nwhite01/storage/ocr_20150623/41/hvd.32044015706344/066.png"; bbox 0 0 4038 6496; ppageno 0'>
   <div class='ocr_carea' id='block_1_1' title="bbox 231 386 330 445">
    <p class='ocr_par' dir='ltr' id='par_1_1' title="bbox 231 386 330 445">
     <span class='ocr_line' id='line_1_1' title="bbox 231 386 330 445; baseline 0.01 -1"><span class='ocrx_word' id='word_1_1' title='bbox 231 386 330 445; x_wconf 71' lang='grc'><strong>121</strong></span> 
     </span>
    </p>
   </div>
   <div class='ocr_carea' id='block_1_2' title="bbox 371 480 576 490">
    <p class='ocr_par' dir='ltr' id='par_1_2' title="bbox 371 480 576 490">
     <span class='ocr_line' id='line_1_2' title="bbox 371 480 576 490; baseline -0.005 -1"><span class='ocrx_word' id='word_1_2' title='bbox 371 480 576 490; x_wconf 67' lang='lat'><strong>——-—-———</strong></span> 
     </span>
    </p>
   </div>
   <div class='ocr_carea' id='block_1_3' title="bbox 231 483 1872 576">
    <p class='ocr_par' dir='ltr' id='par_1_3' title="bbox 231 483 1872 576">
     <span class='ocr_line' id='line_1_3' title="bbox 231 483 1872 576; baseline -0.001 -14"><span class='ocrx_word' id='word_1_3' title='bbox 231 483 744 575; x_wconf 59' lang='lat' dir='ltr'><strong>esseRTpdiést;</strong></span> <span class='ocrx_word' id='word_1_4' title='bbox 789 513 842 564; x_wconf 88' lang='lat' dir='ltr'><strong>et</strong></span> <span class='ocrx_word' id='word_1_5' title='bbox 872 503 994 561; x_wconf 89' lang='lat' dir='ltr'><strong>ideo</strong></span> <span class='ocrx_word' id='word_1_6' title='bbox 1021 503 1100 560; x_wconf 91' lang='lat' dir='ltr'><strong>illi</strong></span> <span class='ocrx_word' id='word_1_7' title='bbox 1144 503 1376 576; x_wconf 77' lang='lat' dir='ltr'><strong>virgines</strong></span> <span class='ocrx_word' id='word_1_8' title='bbox 1397 505 1572 562; x_wconf 87' lang='lat' dir='ltr'><strong>solere</strong></span> <span class='ocrx_word' id='word_1_9' title='bbox 1609 504 1830 573; x_wconf 79' lang='lat' dir='ltr'><strong>servire,</strong></span> <span class='ocrx_word' id='word_1_10' title='bbox 1861 563 1872 576; x_wconf 65' lang='grc'><strong>,</strong></span> 
     </span>
    </p>
   </div>
   <div class='ocr_carea' id='block_1_4' title="bbox 229 598 1830 671">
    <p class='ocr_par' dir='ltr' id='par_1_4' title="bbox 229 598 1830 671">
     <span class='ocr_line' id='line_1_4' title="bbox 229 598 1830 671; baseline 0.001 -17"><span class='ocrx_word' id='word_1_11' title='bbox 229 598 376 670; x_wconf 87' lang='lat' dir='ltr'><strong>quod</strong></span> <span class='ocrx_word' id='word_1_12' title='bbox 403 598 540 654; x_wconf 98' lang='lat' dir='ltr'><strong>sicut</strong></span> <span class='ocrx_word' id='word_1_13' title='bbox 557 614 628 654; x_wconf 81' lang='lat' dir='ltr'><strong>ex</strong></span> <span class='ocrx_word' id='word_1_14' title='bbox 650 600 875 671; x_wconf 89' lang='lat' dir='ltr'><strong>virgine,</strong></span> <span class='ocrx_word' id='word_1_15' title='bbox 901 601 970 654; x_wconf 88' lang='lat' dir='ltr'><strong>ita</strong></span> <span class='ocrx_word' id='word_1_16' title='bbox 993 599 1214 656; x_wconf 79' lang='lat' dir='ltr'><strong>nihilex</strong></span> <span class='ocrx_word' id='word_1_17' title='bbox 1236 600 1354 670; x_wconf 81' lang='lat' dir='ltr'><strong>igne</strong></span> <span class='ocrx_word' id='word_1_18' title='bbox 1373 609 1639 655; x_wconf 71' lang='lat' dir='ltr'><strong>nascatur.</strong></span> <span class='ocrx_word' id='word_1_19' title='bbox 1665 601 1830 667; x_wconf 81' lang='lat' dir='ltr'><strong>Quam</strong></span> 
     </span>
    </p>
   </div>
   <div class='ocr_carea' id='block_1_5' title="bbox 231 691 1834 761">
    <p class='ocr_par' dir='ltr' id='par_1_5' title="bbox 231 691 1834 761">
     <span class='ocr_line' id='line_1_5' title="bbox 231 691 1834 761; baseline 0 -15"><span class='ocrx_word' id='word_1_20' title='bbox 231 700 400 746; x_wconf 86' lang='lat' dir='ltr'><strong>totam</strong></span> <span class='ocrx_word' id='word_1_21' title='bbox 445 691 656 747; x_wconf 82' lang='lat' dir='ltr'><strong>aboleri</strong></span> <span class='ocrx_word' id='word_1_22' title='bbox 699 693 989 748; x_wconf 87' lang='lat' dir='ltr'><strong>vanitatem</strong></span> <span class='ocrx_word' id='word_1_23' title='bbox 1017 702 1072 748; x_wconf 91' lang='lat' dir='ltr'><strong>et</strong></span> <span class='ocrx_word' id='word_1_24' title='bbox 1113 691 1376 761; x_wconf 74' lang='lat' dir='ltr'><strong>exstingui</strong></span> <span class='ocrx_word' id='word_1_25' title='bbox 1419 691 1602 761; x_wconf 89' lang='lat' dir='ltr'><strong>utique</strong></span> <span class='ocrx_word' id='word_1_26' title='bbox 1645 691 1712 746; x_wconf 88' lang='lat' dir='ltr'><strong>ab</strong></span> <span class='ocrx_word' id='word_1_27' title='bbox 1740 691 1834 746; x_wconf 92' lang='lat' dir='ltr'><strong>illo</strong></span> 
     </span>
    </p>
   </div>
   <div class='ocr_carea' id='block_1_6' title="bbox 229 783 1828 856">
    <p class='ocr_par' dir='ltr' id='par_1_6' title="bbox 229 783 1828 856">
     <span class='ocr_line' id='line_1_6' title="bbox 229 783 1828 856; baseline 0 -18"><span class='ocrx_word' id='word_1_28' title='bbox 229 785 492 853; x_wconf 73' lang='lat' dir='ltr'><strong>oportuit,</strong></span> <span class='ocrx_word' id='word_1_29' title='bbox 519 785 612 855; x_wconf 88' lang='lat' dir='ltr'><strong>qui</strong></span> <span class='ocrx_word' id='word_1_30' title='bbox 637 793 722 841; x_wconf 89' lang='lat' dir='ltr'><strong>est</strong></span> <span class='ocrx_word' id='word_1_31' title='bbox 749 795 905 840; x_wconf 90' lang='lat' dir='ltr'><strong>natus</strong></span> <span class='ocrx_word' id='word_1_32' title='bbox 945 801 1010 841; x_wconf 80' lang='lat' dir='ltr'><strong>ex</strong></span> <span class='ocrx_word' id='word_1_33' title='bbox 1035 784 1270 856; x_wconf 85' lang='lat' dir='ltr'><strong>Virgine.</strong></span> <span class='ocrx_word' id='word_1_34' title='bbox 1319 784 1449 850; x_wconf 86' lang='lat' dir='ltr'><strong>Quis</strong></span> <span class='ocrx_word' id='word_1_35' title='bbox 1489 785 1628 838; x_wconf 89' lang='lat' dir='ltr'><strong>enim</strong></span> <span class='ocrx_word' id='word_1_36' title='bbox 1659 783 1828 851; x_wconf 90' lang='lat' dir='ltr'><strong>ferat,</strong></span> 
     </span>
    </p>
   </div>
   <div class='ocr_carea' id='block_1_7' title="bbox 229 877 1832 948">
    <p class='ocr_par' dir='ltr' id='par_1_7' title="bbox 229 877 1832 948">
     <span class='ocr_line' id='line_1_7' title="bbox 229 877 1832 948; baseline -0.001 -17"><span class='ocrx_word' id='word_1_37' title='bbox 229 877 379 948; x_wconf 84' lang='lat' dir='ltr'><strong>quod</strong></span> <span class='ocrx_word' id='word_1_38' title='bbox 403 893 528 932; x_wconf 89' lang='lat' dir='ltr'><strong>cum</strong></span> <span class='ocrx_word' id='word_1_39' title='bbox 559 887 766 934; x_wconf 89' lang='lat' dir='ltr'><strong>tantum</strong></span> <span class='ocrx_word' id='word_1_40' title='bbox 799 879 1018 933; x_wconf 85' lang='lat' dir='ltr'><strong>honoris</strong></span> <span class='ocrx_word' id='word_1_41' title='bbox 1045 887 1098 932; x_wconf 91' lang='lat' dir='ltr'><strong>et</strong></span> <span class='ocrx_word' id='word_1_42' title='bbox 1121 879 1272 948; x_wconf 89' lang='lat' dir='ltr'><strong>quasi</strong></span> <span class='ocrx_word' id='word_1_43' title='bbox 1298 877 1554 932; x_wconf 87' lang='lat' dir='ltr'><strong>castitatis</strong></span> <span class='ocrx_word' id='word_1_44' title='bbox 1581 878 1686 948; x_wconf 91' lang='lat' dir='ltr'><strong>igni</strong></span> <span class='ocrx_word' id='word_1_45' title='bbox 1739 877 1832 932; x_wconf 86' lang='lat' dir='ltr'><strong>tri-</strong></span> 
     </span>
    </p>
   </div>
   <div class='ocr_carea' id='block_1_8' title="bbox 227 967 1832 1040">
    <p class='ocr_par' dir='ltr' id='par_1_8' title="bbox 227 967 1832 1040">
     <span class='ocr_line' id='line_1_8' title="bbox 227 967 1832 1040; baseline -0.002 -14"><span class='ocrx_word' id='word_1_46' title='bbox 227 969 470 1034; x_wconf 80' lang='lat' dir='ltr'><strong>buerint,</strong></span> <span class='ocrx_word' id='word_1_47' title='bbox 501 971 792 1040; x_wconf 84' lang='lat' dir='ltr'><strong>aliquando</strong></span> <span class='ocrx_word' id='word_1_48' title='bbox 815 971 1030 1026; x_wconf 81' lang='lat' dir='ltr'><strong>Vestam</strong></span> <span class='ocrx_word' id='word_1_49' title='bbox 1057 985 1164 1038; x_wconf 77' lang='lat' dir='ltr'><strong>non</strong></span> <span class='ocrx_word' id='word_1_50' title='bbox 1195 970 1512 1025; x_wconf 84' lang='lat' dir='ltr'><strong>erubescunt</strong></span> <span class='ocrx_word' id='word_1_51' title='bbox 1539 969 1696 1023; x_wconf 85' lang='lat' dir='ltr'><strong>etiam</strong></span> <span class='ocrx_word' id='word_1_52' title='bbox 1729 967 1832 1022; x_wconf 85' lang='lat' dir='ltr'><strong>Vc-</strong></span> 
     </span>
    </p>
   </div>
   <div class='ocr_carea' id='block_1_9' title="bbox 231 1061 1830 1130">
    <p class='ocr_par' dir='ltr' id='par_1_9' title="bbox 231 1061 1830 1130">
     <span class='ocr_line' id='line_1_9' title="bbox 231 1061 1830 1130; baseline 0 -14"><span class='ocrx_word' id='word_1_53' title='bbox 231 1067 423 1116; x_wconf 80' lang='lat' dir='ltr'><strong>nerem</strong></span> <span class='ocrx_word' id='word_1_54' title='bbox 465 1061 670 1130; x_wconf 81' lang='lat' dir='ltr'><strong>dicere,</strong></span> <span class='ocrx_word' id='word_1_55' title='bbox 709 1073 768 1120; x_wconf 88' lang='lat' dir='ltr'><strong>ut</strong></span> <span class='ocrx_word' id='word_1_56' title='bbox 792 1073 1044 1118; x_wconf 88' lang='lat' dir='ltr'><strong>vanescat</strong></span> <span class='ocrx_word' id='word_1_57' title='bbox 1087 1064 1140 1118; x_wconf 90' lang='lat' dir='ltr'><strong>in</strong></span> <span class='ocrx_word' id='word_1_58' title='bbox 1171 1061 1381 1118; x_wconf 82' lang='lat' dir='ltr'><strong>ancillis</strong></span> <span class='ocrx_word' id='word_1_59' title='bbox 1410 1062 1528 1130; x_wconf 86' lang='lat' dir='ltr'><strong>ejus</strong></span> <span class='ocrx_word' id='word_1_60' title='bbox 1571 1061 1830 1116; x_wconf 85' lang='lat' dir='ltr'><strong>honorata</strong></span> 
     </span>
    </p>
   </div>
   <div class='ocr_carea' id='block_1_10' title="bbox 231 1154 1831 1226">
    <p class='ocr_par' dir='ltr' id='par_1_10' title="bbox 231 1154 1831 1226">
     <span class='ocr_line' id='line_1_10' title="bbox 231 1154 1831 1226; baseline 0.001 -18"><span class='ocrx_word' id='word_1_61' title='bbox 231 1154 558 1223; x_wconf 71' lang='lat' dir='ltr'><strong>virginitas?</strong></span> <span class='ocrx_word' id='word_1_62' title='bbox 585 1155 644 1226; x_wconf 81' lang='lat' dir='ltr'><strong>Si</strong></span> <span class='ocrx_word' id='word_1_63' title='bbox 665 1157 808 1211; x_wconf 91' lang='lat' dir='ltr'><strong>enim</strong></span> <span class='ocrx_word' id='word_1_64' title='bbox 838 1155 996 1210; x_wconf 89' lang='lat' dir='ltr'><strong>Vesta</strong></span> <span class='ocrx_word' id='word_1_65' title='bbox 1023 1157 1200 1211; x_wconf 89' lang='lat' dir='ltr'><strong>Venus</strong></span> <span class='ocrx_word' id='word_1_66' title='bbox 1225 1165 1328 1222; x_wconf 90' lang='lat' dir='ltr'><strong>est,</strong></span> <span class='ocrx_word' id='word_1_67' title='bbox 1359 1155 1628 1226; x_wconf 86' lang='lat' dir='ltr'><strong>quomodo</strong></span> <span class='ocrx_word' id='word_1_68' title='bbox 1653 1157 1700 1210; x_wconf 92' lang='lat' dir='ltr'><strong>ei</strong></span> <span class='ocrx_word' id='word_1_69' title='bbox 1731 1157 1831 1210; x_wconf 90' lang='lat' dir='ltr'><strong>rite</strong></span> 
     </span>
    </p>
   </div>
   <div class='ocr_carea' id='block_1_11' title="bbox 235 1246 1830 1318">
    <p class='ocr_par' dir='ltr' id='par_1_11' title="bbox 235 1246 1830 1318">
     <span class='ocr_line' id='line_1_11' title="bbox 235 1246 1830 1318; baseline 0.002 -18"><span class='ocrx_word' id='word_1_70' title='bbox 235 1246 474 1316; x_wconf 73' lang='lat' dir='ltr'><strong>virgines</strong></span> <span class='ocrx_word' id='word_1_71' title='bbox 501 1261 534 1300; x_wconf 88' lang='lat' dir='ltr'><strong>a</strong></span> <span class='ocrx_word' id='word_1_72' title='bbox 565 1247 813 1303; x_wconf 78' lang='lat' dir='ltr'><strong>venereis</strong></span> <span class='ocrx_word' id='word_1_73' title='bbox 853 1247 1106 1318; x_wconf 88' lang='lat' dir='ltr'><strong>operibus</strong></span> <span class='ocrx_word' id='word_1_74' title='bbox 1137 1248 1458 1304; x_wconf 89' lang='lat' dir='ltr'><strong>abstinendo</strong></span> <span class='ocrx_word' id='word_1_75' title='bbox 1493 1249 1830 1303; x_wconf 80' lang='lat' dir='ltr'><strong>servierunt?</strong></span> 
     </span>
    </p>
   </div>
   <div class='ocr_carea' id='block_1_12' title="bbox 237 1338 1826 1410">
    <p class='ocr_par' dir='ltr' id='par_1_12' title="bbox 237 1338 1826 1410">
     <span class='ocr_line' id='line_1_12' title="bbox 237 1338 1826 1410; baseline 0.001 -18"><span class='ocrx_word' id='word_1_76' title='bbox 237 1342 322 1392; x_wconf 81' lang='lat' dir='ltr'><strong>An</strong></span> <span class='ocrx_word' id='word_1_77' title='bbox 355 1338 596 1394; x_wconf 78' lang='lat' dir='ltr'><strong>Veneres</strong></span> <span class='ocrx_word' id='word_1_78' title='bbox 641 1339 758 1392; x_wconf 71' lang='lat' dir='ltr'><strong>dum</strong></span> <span class='ocrx_word' id='word_1_79' title='bbox 789 1351 932 1406; x_wconf 89' lang='lat' dir='ltr'><strong>sunt,</strong></span> <span class='ocrx_word' id='word_1_80' title='bbox 967 1355 1070 1393; x_wconf 86' lang='lat' dir='ltr'><strong>una</strong></span> <span class='ocrx_word' id='word_1_81' title='bbox 1099 1339 1278 1410; x_wconf 84' lang='lat' dir='ltr'><strong>virgo,</strong></span> <span class='ocrx_word' id='word_1_82' title='bbox 1308 1339 1477 1394; x_wconf 89' lang='lat' dir='ltr'><strong>altera</strong></span> <span class='ocrx_word' id='word_1_83' title='bbox 1509 1339 1736 1394; x_wconf 73' lang='lat' dir='ltr'><strong>mulier?</strong></span> <span class='ocrx_word' id='word_1_84' title='bbox 1761 1354 1826 1394; x_wconf 90' lang='lat' dir='ltr'><strong>an</strong></span> 
     </span>
    </p>
   </div>
   <div class='ocr_carea' id='block_1_13' title="bbox 239 1430 1828 1502">
    <p class='ocr_par' dir='ltr' id='par_1_13' title="bbox 239 1430 1828 1502">
     <span class='ocr_line' id='line_1_13' title="bbox 239 1430 1828 1502; baseline 0.003 -20"><span class='ocrx_word' id='word_1_85' title='bbox 239 1430 418 1499; x_wconf 82' lang='lat' dir='ltr'><strong>potius</strong></span> <span class='ocrx_word' id='word_1_86' title='bbox 451 1441 582 1494; x_wconf 89' lang='lat' dir='ltr'><strong>tres,</strong></span> <span class='ocrx_word' id='word_1_87' title='bbox 615 1446 718 1484; x_wconf 89' lang='lat' dir='ltr'><strong>una</strong></span> <span class='ocrx_word' id='word_1_88' title='bbox 740 1432 1032 1502; x_wconf 86' lang='lat' dir='ltr'><strong>virginum,</strong></span> <span class='ocrx_word' id='word_1_89' title='bbox 1065 1447 1183 1502; x_wconf 74' lang='lat' dir='ltr'><strong>qua:</strong></span> <span class='ocrx_word' id='word_1_90' title='bbox 1207 1433 1366 1486; x_wconf 91' lang='lat' dir='ltr'><strong>etiam</strong></span> <span class='ocrx_word' id='word_1_91' title='bbox 1399 1432 1556 1487; x_wconf 84' lang='lat' dir='ltr'><strong>Vesta</strong></span> <span class='ocrx_word' id='word_1_92' title='bbox 1587 1441 1698 1498; x_wconf 88' lang='lat' dir='ltr'><strong>est,</strong></span> <span class='ocrx_word' id='word_1_93' title='bbox 1727 1431 1828 1486; x_wconf 88' lang='lat' dir='ltr'><strong>alia</strong></span> 
     </span>
    </p>
   </div>
   <div class='ocr_carea' id='block_1_14' title="bbox 237 1521 1827 1590">
    <p class='ocr_par' dir='ltr' id='par_1_14' title="bbox 237 1521 1827 1590">
     <span class='ocr_line' id='line_1_14' title="bbox 237 1521 1827 1590; baseline 0.001 -14"><span class='ocrx_word' id='word_1_94' title='bbox 237 1521 670 1590; x_wconf 73' lang='lat' dir='ltr'><strong>conjugalarum,</strong></span> <span class='ocrx_word' id='word_1_95' title='bbox 699 1523 802 1576; x_wconf 88' lang='lat' dir='ltr'><strong>alia</strong></span> <span class='ocrx_word' id='word_1_96' title='bbox 835 1523 1212 1578; x_wconf 84' lang='lat' dir='ltr'><strong>meretricum?</strong></span> <span class='ocrx_word' id='word_1_97' title='bbox 1237 1523 1330 1578; x_wconf 83' lang='lat' dir='ltr'><strong>Cui</strong></span> <span class='ocrx_word' id='word_1_98' title='bbox 1354 1525 1512 1578; x_wconf 89' lang='lat' dir='ltr'><strong>etiam</strong></span> <span class='ocrx_word' id='word_1_99' title='bbox 1545 1523 1827 1578; x_wconf 74' lang='lat' dir='ltr'><strong>thuices</strong></span> 
     </span>
    </p>
   </div>
   <div class='ocr_carea' id='block_1_15' title="bbox 239 1612 1825 1684">
    <p class='ocr_par' dir='ltr' id='par_1_15' title="bbox 239 1612 1825 1684">
     <span class='ocr_line' id='line_1_15' title="bbox 239 1612 1825 1684; baseline 0.003 -20"><span class='ocrx_word' id='word_1_100' title='bbox 239 1612 440 1666; x_wconf 82' lang='lat' dir='ltr'><strong>donum</strong></span> <span class='ocrx_word' id='word_1_101' title='bbox 485 1613 688 1668; x_wconf 87' lang='lat' dir='ltr'><strong>dabant</strong></span> <span class='ocrx_word' id='word_1_102' title='bbox 725 1613 792 1668; x_wconf 89' lang='lat' dir='ltr'><strong>de</strong></span> <span class='ocrx_word' id='word_1_103' title='bbox 821 1615 1196 1683; x_wconf 88' lang='lat' dir='ltr'><strong>prostitutione</strong></span> <span class='ocrx_word' id='word_1_104' title='bbox 1235 1614 1500 1682; x_wconf 85' lang='lat' dir='ltr'><strong>ﬁliarum,</strong></span> <span class='ocrx_word' id='word_1_105' title='bbox 1543 1623 1825 1684; x_wconf 81' lang='lat' dir='ltr'><strong>antequam</strong></span> 
     </span>
    </p>
   </div>
   <div class='ocr_carea' id='block_1_16' title="bbox 235 1707 1827 1778">
    <p class='ocr_par' dir='ltr' id='par_1_16' title="bbox 235 1707 1827 1778">
     <span class='ocr_line' id='line_1_16' title="bbox 235 1707 1827 1778; baseline 0.001 -18"><span class='ocrx_word' id='word_1_106' title='bbox 235 1707 524 1776; x_wconf 76' lang='lat' dir='ltr'><strong>iungerent</strong></span> <span class='ocrx_word' id='word_1_107' title='bbox 549 1723 642 1762; x_wconf 88' lang='lat' dir='ltr'><strong>eas</strong></span> <span class='ocrx_word' id='word_1_108' title='bbox 668 1709 796 1762; x_wconf 89' lang='lat' dir='ltr'><strong>viris</strong></span> <span class='ocrx_word' id='word_1_109' title='bbox 817 1707 912 1778; x_wconf 87' lang='lat' dir='ltr'><strong>(a).</strong></span> <span class='ocrx_word' id='word_1_110' title='bbox 933 1707 1060 1776; x_wconf 71' lang='lat' dir='ltr'><strong>Qua:</strong></span> <span class='ocrx_word' id='word_1_111' title='bbox 1091 1709 1298 1762; x_wconf 89' lang='lat' dir='ltr'><strong>illarum</strong></span> <span class='ocrx_word' id='word_1_112' title='bbox 1329 1717 1410 1763; x_wconf 88' lang='lat' dir='ltr'><strong>est</strong></span> <span class='ocrx_word' id='word_1_113' title='bbox 1431 1719 1668 1762; x_wconf 90' lang='lat' dir='ltr'><strong>matrona</strong></span> <span class='ocrx_word' id='word_1_114' title='bbox 1695 1707 1827 1762; x_wconf 85' lang='lat' dir='ltr'><strong>Vul-</strong></span> 
     </span>
    </p>
   </div>
   <div class='ocr_carea' id='block_1_17' title="bbox 239 1800 1824 1872">
    <p class='ocr_par' dir='ltr' id='par_1_17' title="bbox 239 1800 1824 1872">
     <span class='ocr_line' id='line_1_17' title="bbox 239 1800 1824 1872; baseline 0.001 -19"><span class='ocrx_word' id='word_1_115' title='bbox 239 1801 401 1854; x_wconf 83' lang='lat' dir='ltr'><strong>cani?</strong></span> <span class='ocrx_word' id='word_1_116' title='bbox 434 1800 554 1854; x_wconf 84' lang='lat' dir='ltr'><strong>Non</strong></span> <span class='ocrx_word' id='word_1_117' title='bbox 597 1803 782 1872; x_wconf 85' lang='lat' dir='ltr'><strong>utique</strong></span> <span class='ocrx_word' id='word_1_118' title='bbox 825 1803 1010 1872; x_wconf 83' lang='lat' dir='ltr'><strong>virgo,</strong></span> <span class='ocrx_word' id='word_1_119' title='bbox 1056 1803 1305 1872; x_wconf 89' lang='lat' dir='ltr'><strong>quoniam</strong></span> <span class='ocrx_word' id='word_1_120' title='bbox 1343 1803 1506 1857; x_wconf 81' lang='lat' dir='ltr'><strong>habet</strong></span> <span class='ocrx_word' id='word_1_121' title='bbox 1555 1803 1824 1856; x_wconf 86' lang='lat' dir='ltr'><strong>maritum.</strong></span> 
     </span>
    </p>
   </div>
   <div class='ocr_carea' id='block_1_18' title="bbox 239 1891 1828 1960">
    <p class='ocr_par' dir='ltr' id='par_1_18' title="bbox 239 1891 1828 1960">
     <span class='ocr_line' id='line_1_18' title="bbox 239 1891 1828 1960; baseline 0.003 -16"><span class='ocrx_word' id='word_1_122' title='bbox 239 1891 390 1945; x_wconf 77' lang='lat' dir='ltr'><strong>Absit</strong></span> <span class='ocrx_word' id='word_1_123' title='bbox 453 1903 632 1948; x_wconf 76' lang='lat' dir='ltr'><strong>autern</strong></span> <span class='ocrx_word' id='word_1_124' title='bbox 679 1901 738 1947; x_wconf 92' lang='lat' dir='ltr'><strong>ut</strong></span> <span class='ocrx_word' id='word_1_125' title='bbox 791 1894 1076 1960; x_wconf 81' lang='lat' dir='ltr'><strong>meretrix,</strong></span> <span class='ocrx_word' id='word_1_126' title='bbox 1109 1911 1177 1949; x_wconf 90' lang='lat' dir='ltr'><strong>ne</strong></span> <span class='ocrx_word' id='word_1_127' title='bbox 1221 1895 1328 1948; x_wconf 86' lang='lat' dir='ltr'><strong>filio</strong></span> <span class='ocrx_word' id='word_1_128' title='bbox 1375 1894 1600 1948; x_wconf 73' lang='lat' dir='ltr'><strong>lunonis</strong></span> <span class='ocrx_word' id='word_1_129' title='bbox 1643 1904 1697 1948; x_wconf 92' lang='lat' dir='ltr'><strong>et</strong></span> <span class='ocrx_word' id='word_1_130' title='bbox 1737 1909 1828 1948; x_wconf 87' lang='lat' dir='ltr'><strong>co-</strong></span> 
     </span>
    </p>
   </div>
   <div class='ocr_carea' id='block_1_19' title="bbox 239 1983 1828 2056">
    <p class='ocr_par' dir='ltr' id='par_1_19' title="bbox 239 1983 1828 2056">
     <span class='ocr_line' id='line_1_19' title="bbox 239 1983 1828 2056; baseline 0.003 -20"><span class='ocrx_word' id='word_1_131' title='bbox 239 1984 486 2052; x_wconf 82' lang='lat' dir='ltr'><strong>eperario</strong></span> <span class='ocrx_word' id='word_1_132' title='bbox 501 1983 752 2038; x_wconf 74' lang='lat' dir='ltr'><strong>Minerva:</strong></span> <span class='ocrx_word' id='word_1_133' title='bbox 781 1985 954 2039; x_wconf 88' lang='lat' dir='ltr'><strong>facere</strong></span> <span class='ocrx_word' id='word_1_134' title='bbox 985 1985 1259 2040; x_wconf 80' lang='lat' dir='ltr'><strong>videamur</strong></span> <span class='ocrx_word' id='word_1_135' title='bbox 1287 1985 1534 2054; x_wconf 90' lang='lat' dir='ltr'><strong>injuriatn</strong></span> <span class='ocrx_word' id='word_1_136' title='bbox 1564 1985 1658 2056; x_wconf 70' lang='grc' dir='ltr'><strong>(ὁ).</strong></span> <span class='ocrx_word' id='word_1_137' title='bbox 1687 1985 1828 2056; x_wconf 86' lang='lat' dir='ltr'><strong>Ergo</strong></span> 
     </span>
    </p>
   </div>
   <div class='ocr_carea' id='block_1_20' title="bbox 241 2073 1826 2146">
    <p class='ocr_par' dir='ltr' id='par_1_20' title="bbox 241 2073 1826 2146">
     <span class='ocr_line' id='line_1_20' title="bbox 241 2073 1826 2146; baseline 0.002 -19"><span class='ocrx_word' id='word_1_138' title='bbox 241 2073 354 2128; x_wconf 73' lang='lat' dir='ltr'><strong>bare</strong></span> <span class='ocrx_word' id='word_1_139' title='bbox 381 2073 454 2128; x_wconf 88' lang='lat' dir='ltr'><strong>ad</strong></span> <span class='ocrx_word' id='word_1_140' title='bbox 496 2076 812 2146; x_wconf 86' lang='lat' dir='ltr'><strong>conjugatas</strong></span> <span class='ocrx_word' id='word_1_141' title='bbox 859 2076 1176 2146; x_wconf 84' lang='lat' dir='ltr'><strong>intelligitur</strong></span> <span class='ocrx_word' id='word_1_142' title='bbox 1212 2078 1521 2146; x_wconf 85' lang='lat' dir='ltr'><strong>pertinere:</strong></span> <span class='ocrx_word' id='word_1_143' title='bbox 1573 2076 1664 2132; x_wconf 87' lang='lat' dir='ltr'><strong>sed</strong></span> <span class='ocrx_word' id='word_1_144' title='bbox 1707 2091 1826 2130; x_wconf 88' lang='lat' dir='ltr'><strong>eam</strong></span> 
     </span>
    </p>
   </div>
   <div class='ocr_carea' id='block_1_21' title="bbox 243 2164 1824 2236">
    <p class='ocr_par' dir='ltr' id='par_1_21' title="bbox 243 2164 1824 2236">
     <span class='ocr_line' id='line_1_21' title="bbox 243 2164 1824 2236; baseline 0.002 -20"><span class='ocrx_word' id='word_1_145' title='bbox 243 2164 490 2218; x_wconf 85' lang='lat' dir='ltr'><strong>nolumus</strong></span> <span class='ocrx_word' id='word_1_146' title='bbox 538 2166 813 2220; x_wconf 88' lang='lat' dir='ltr'><strong>imitentur</strong></span> <span class='ocrx_word' id='word_1_147' title='bbox 839 2167 888 2220; x_wconf 91' lang='lat' dir='ltr'><strong>in</strong></span> <span class='ocrx_word' id='word_1_148' title='bbox 920 2181 984 2221; x_wconf 93' lang='lat' dir='ltr'><strong>eo</strong></span> <span class='ocrx_word' id='word_1_149' title='bbox 1021 2167 1160 2236; x_wconf 87' lang='lat' dir='ltr'><strong>quod</strong></span> <span class='ocrx_word' id='word_1_150' title='bbox 1199 2166 1320 2221; x_wconf 92' lang='lat' dir='ltr'><strong>fecit</strong></span> <span class='ocrx_word' id='word_1_151' title='bbox 1357 2167 1442 2220; x_wconf 90' lang='lat' dir='ltr'><strong>illa</strong></span> <span class='ocrx_word' id='word_1_152' title='bbox 1477 2181 1596 2222; x_wconf 90' lang='lat' dir='ltr'><strong>cum</strong></span> <span class='ocrx_word' id='word_1_153' title='bbox 1637 2165 1824 2221; x_wconf 82' lang='lat' dir='ltr'><strong>Marte.</strong></span> 
     </span>
    </p>
   </div>
   <div class='ocr_carea' id='block_1_22' title="bbox 243 2253 1828 2328">
    <p class='ocr_par' dir='ltr' id='par_1_22' title="bbox 243 2253 1828 2328">
     <span class='ocr_line' id='line_1_22' title="bbox 243 2253 1828 2328; baseline 0.002 -20"><span class='ocrx_word' id='word_1_154' title='bbox 243 2253 470 2322; x_wconf 79' lang='lat' dir='ltr'><strong>Rursus,</strong></span> <span class='ocrx_word' id='word_1_155' title='bbox 505 2257 784 2326; x_wconf 88' lang='lat' dir='ltr'><strong>inquiunt,</strong></span> <span class='ocrx_word' id='word_1_156' title='bbox 811 2257 878 2312; x_wconf 89' lang='lat' dir='ltr'><strong>ad</strong></span> <span class='ocrx_word' id='word_1_157' title='bbox 909 2259 1112 2314; x_wconf 87' lang='lat' dir='ltr'><strong>fabulas</strong></span> <span class='ocrx_word' id='word_1_158' title='bbox 1145 2259 1306 2314; x_wconf 90' lang='lat' dir='ltr'><strong>redis.</strong></span> <span class='ocrx_word' id='word_1_159' title='bbox 1338 2258 1468 2326; x_wconf 76' lang='lat' dir='ltr'><strong>Qute</strong></span> <span class='ocrx_word' id='word_1_160' title='bbox 1497 2259 1600 2314; x_wconf 84' lang='lat' dir='ltr'><strong>ista</strong></span> <span class='ocrx_word' id='word_1_161' title='bbox 1623 2257 1828 2328; x_wconf 85' lang='lat' dir='ltr'><strong>justitia</strong></span> 
     </span>
    </p>
   </div>
   <div class='ocr_carea' id='block_1_23' title="bbox 241 2349 1827 2422">
    <p class='ocr_par' dir='ltr' id='par_1_23' title="bbox 241 2349 1827 2422">
     <span class='ocr_line' id='line_1_23' title="bbox 241 2349 1827 2422; baseline 0 -20"><span class='ocrx_word' id='word_1_162' title='bbox 241 2357 354 2412; x_wconf 88' lang='lat' dir='ltr'><strong>est,</strong></span> <span class='ocrx_word' id='word_1_163' title='bbox 407 2349 566 2404; x_wconf 86' lang='lat' dir='ltr'><strong>nobis</strong></span> <span class='ocrx_word' id='word_1_164' title='bbox 623 2365 974 2416; x_wconf 89' lang='lat' dir='ltr'><strong>succensere,</strong></span> <span class='ocrx_word' id='word_1_165' title='bbox 1027 2351 1164 2422; x_wconf 91' lang='lat' dir='ltr'><strong>quod</strong></span> <span class='ocrx_word' id='word_1_166' title='bbox 1210 2351 1332 2404; x_wconf 87' lang='lat' dir='ltr'><strong>talia</strong></span> <span class='ocrx_word' id='word_1_167' title='bbox 1371 2349 1595 2404; x_wconf 87' lang='lat' dir='ltr'><strong>dicimus</strong></span> <span class='ocrx_word' id='word_1_168' title='bbox 1631 2349 1698 2404; x_wconf 90' lang='lat' dir='ltr'><strong>de</strong></span> <span class='ocrx_word' id='word_1_169' title='bbox 1726 2349 1827 2402; x_wconf 91' lang='lat' dir='ltr'><strong>diis</strong></span> 
     </span>
    </p>
   </div>
   <div class='ocr_carea' id='block_1_24' title="bbox 243 2443 1828 2516">
    <p class='ocr_par' dir='ltr' id='par_1_24' title="bbox 243 2443 1828 2516">
     <span class='ocr_line' id='line_1_24' title="bbox 243 2443 1828 2516; baseline 0.002 -20"><span class='ocrx_word' id='word_1_170' title='bbox 243 2457 456 2506; x_wconf 84' lang='lat' dir='ltr'><strong>eorum;</strong></span> <span class='ocrx_word' id='word_1_171' title='bbox 487 2455 544 2497; x_wconf 87' lang='lat' dir='ltr'><strong>et</strong></span> <span class='ocrx_word' id='word_1_172' title='bbox 583 2445 684 2498; x_wconf 90' lang='lat' dir='ltr'><strong>sibi</strong></span> <span class='ocrx_word' id='word_1_173' title='bbox 731 2461 834 2500; x_wconf 88' lang='lat' dir='ltr'><strong>non</strong></span> <span class='ocrx_word' id='word_1_174' title='bbox 879 2461 1220 2510; x_wconf 86' lang='lat' dir='ltr'><strong>succensere,</strong></span> <span class='ocrx_word' id='word_1_175' title='bbox 1249 2447 1336 2516; x_wconf 89' lang='lat' dir='ltr'><strong>qui</strong></span> <span class='ocrx_word' id='word_1_176' title='bbox 1365 2446 1482 2501; x_wconf 70' lang='lat' dir='ltr'><strong>hare</strong></span> <span class='ocrx_word' id='word_1_177' title='bbox 1525 2447 1576 2500; x_wconf 91' lang='lat' dir='ltr'><strong>in</strong></span> <span class='ocrx_word' id='word_1_178' title='bbox 1609 2443 1828 2500; x_wconf 85' lang='lat' dir='ltr'><strong>theatris</strong></span> 
     </span>
    </p>
   </div>
   <div class='ocr_carea' id='block_1_25' title="bbox 243 2533 1828 2604">
    <p class='ocr_par' dir='ltr' id='par_1_25' title="bbox 243 2533 1828 2604">
     <span class='ocr_line' id='line_1_25' title="bbox 243 2533 1828 2604; baseline 0.003 -18"><span class='ocrx_word' id='word_1_179' title='bbox 243 2533 594 2590; x_wconf 83' lang='lat' dir='ltr'><strong>libentissime</strong></span> <span class='ocrx_word' id='word_1_180' title='bbox 637 2545 881 2604; x_wconf 73' lang='lat' dir='ltr'><strong>Spectant</strong></span> <span class='ocrx_word' id='word_1_181' title='bbox 931 2538 1152 2592; x_wconf 85' lang='lat' dir='ltr'><strong>crimina</strong></span> <span class='ocrx_word' id='word_1_182' title='bbox 1197 2537 1419 2592; x_wconf 88' lang='lat' dir='ltr'><strong>deorum</strong></span> <span class='ocrx_word' id='word_1_183' title='bbox 1469 2537 1727 2591; x_wconf 73' lang='lat' dir='ltr'><strong>suorum?</strong></span> <span class='ocrx_word' id='word_1_184' title='bbox 1764 2537 1828 2592; x_wconf 80' lang='lat' dir='ltr'><strong>Et</strong></span> 
     </span>
    </p>
   </div>
   <div class='ocr_carea' id='block_1_26' title="bbox 241 2625 1830 2697">
    <p class='ocr_par' dir='ltr' id='par_1_26' title="bbox 241 2625 1830 2697">
     <span class='ocr_line' id='line_1_26' title="bbox 241 2625 1830 2697; baseline 0.004 -21"><span class='ocrx_word' id='word_1_185' title='bbox 241 2625 376 2697; x_wconf 86' lang='lat' dir='ltr'><strong>quod</strong></span> <span class='ocrx_word' id='word_1_186' title='bbox 431 2635 576 2680; x_wconf 85' lang='lat' dir='ltr'><strong>esset</strong></span> <span class='ocrx_word' id='word_1_187' title='bbox 616 2627 962 2690; x_wconf 86' lang='lat' dir='ltr'><strong>incredibile.</strong></span> <span class='ocrx_word' id='word_1_188' title='bbox 997 2628 1100 2682; x_wconf 70' lang='lat' dir='ltr'><strong>nisi</strong></span> <span class='ocrx_word' id='word_1_189' title='bbox 1141 2629 1588 2682; x_wconf 79' lang='lat' dir='ltr'><strong>contestatissime</strong></span> <span class='ocrx_word' id='word_1_190' title='bbox 1637 2627 1830 2696; x_wconf 83' lang='lat' dir='ltr'><strong>proba-</strong></span> 
     </span>
    </p>
   </div>
   <div class='ocr_carea' id='block_1_27' title="bbox 245 2717 1824 2789">
    <p class='ocr_par' dir='ltr' id='par_1_27' title="bbox 245 2717 1824 2789">
     <span class='ocr_line' id='line_1_27' title="bbox 245 2717 1824 2789; baseline 0.003 -19"><span class='ocrx_word' id='word_1_191' title='bbox 245 2725 418 2783; x_wconf 82' lang='lat' dir='ltr'><strong>retur,</strong></span> <span class='ocrx_word' id='word_1_192' title='bbox 453 2717 570 2772; x_wconf 78' lang='lat' dir='ltr'><strong>[nec</strong></span> <span class='ocrx_word' id='word_1_193' title='bbox 619 2719 734 2789; x_wconf 89' lang='lat' dir='ltr'><strong>ipsa</strong></span> <span class='ocrx_word' id='word_1_194' title='bbox 783 2721 1038 2776; x_wconf 86' lang='lat' dir='ltr'><strong>theatrica</strong></span> <span class='ocrx_word' id='word_1_195' title='bbox 1071 2723 1294 2776; x_wconf 88' lang='lat' dir='ltr'><strong>crimina</strong></span> <span class='ocrx_word' id='word_1_196' title='bbox 1345 2721 1566 2776; x_wconf 90' lang='lat' dir='ltr'><strong>deorum</strong></span> <span class='ocrx_word' id='word_1_197' title='bbox 1607 2737 1824 2776; x_wconf 90' lang='lat' dir='ltr'><strong>suorum</strong></span> 
     </span>
    </p>
   </div>
   <div class='ocr_carea' id='block_1_28' title="bbox 245 2806 1646 2868">
    <p class='ocr_par' dir='ltr' id='par_1_28' title="bbox 245 2806 1646 2868">
     <span class='ocr_line' id='line_1_28' title="bbox 245 2806 1646 2868; baseline 0.004 -8"><span class='ocrx_word' id='word_1_198' title='bbox 245 2806 290 2860; x_wconf 89' lang='lat' dir='ltr'><strong>in</strong></span> <span class='ocrx_word' id='word_1_199' title='bbox 317 2807 580 2868; x_wconf 53' lang='lat' dir='ltr'><strong>honorat</strong></span> <span class='ocrx_word' id='word_1_200' title='bbox 611 2811 846 2866; x_wconf 81' lang='lat' dir='ltr'><strong>inStitttta</strong></span> <span class='ocrx_word' id='word_1_201' title='bbox 877 2813 1036 2866; x_wconf 69' lang='lat' dir='ltr'><strong>sunt‘</strong></span> <span class='ocrx_word' id='word_1_202' title='bbox 1065 2812 1374 2868; x_wconf 72' lang='lat' dir='ltr'><strong>earumdem</strong></span> <span class='ocrx_word' id='word_1_203' title='bbox 1405 2813 1646 2868; x_wconf 88' lang='lat' dir='ltr'><strong>deorum.</strong></span> 
     </span>
    </p>
   </div>
   <div class='ocr_carea' id='block_1_29' title="bbox 242 2897 1826 2977">
    <p class='ocr_par' dir='ltr' id='par_1_29' title="bbox 242 2897 1826 2977">
     <span class='ocr_line' id='line_1_29' title="bbox 242 2897 1826 2977; baseline 0.008 -27"><span class='ocrx_word' id='word_1_204' title='bbox 242 2897 464 2955; x_wconf 75' lang='lat' dir='ltr'><strong>CAPUT</strong></span> <span class='ocrx_word' id='word_1_205' title='bbox 505 2901 598 2956; x_wconf 80' lang='lat' dir='ltr'><strong>XI.</strong></span> <span class='ocrx_word' id='word_1_206' title='bbox 624 2933 696 2942; x_wconf 94' lang='lat'><strong>—</strong></span> <span class='ocrx_word' id='word_1_207' title='bbox 719 2902 800 2977; x_wconf 81' lang='lat' dir='ltr'><strong>De</strong></span> <span class='ocrx_word' id='word_1_208' title='bbox 827 2905 996 2958; x_wconf 84' lang='lat' dir='ltr'><strong>multis</strong></span> <span class='ocrx_word' id='word_1_209' title='bbox 1010 2906 1144 2977; x_wconf 60' lang='lat' dir='ltr'><strong>diis,</strong></span> <span class='ocrx_word' id='word_1_210' title='bbox 1173 2923 1296 2975; x_wconf 79' lang='lat' dir='ltr'><strong>quos</strong></span> <span class='ocrx_word' id='word_1_211' title='bbox 1323 2907 1552 2960; x_wconf 77' lang='lat' dir='ltr'><strong>doctores</strong></span> <span class='ocrx_word' id='word_1_212' title='bbox 1585 2907 1826 2977; x_wconf 85' lang='lat' dir='ltr'><strong>Pagano-</strong></span> 
     </span>
    </p>
   </div>
   <div class='ocr_carea' id='block_1_30' title="bbox 307 2974 1624 3046">
    <p class='ocr_par' dir='ltr' id='par_1_30' title="bbox 307 2974 1624 3046">
     <span class='ocr_line' id='line_1_30' title="bbox 307 2974 1624 3046; baseline 0.008 -25"><span class='ocrx_word' id='word_1_213' title='bbox 307 2987 420 3022; x_wconf 83' lang='lat' dir='ltr'><strong>rum</strong></span> <span class='ocrx_word' id='word_1_214' title='bbox 448 2989 610 3025; x_wconf 84' lang='lat' dir='ltr'><strong>unum</strong></span> <span class='ocrx_word' id='word_1_215' title='bbox 637 2975 966 3044; x_wconf 75' lang='lat' dir='ltr'><strong>eamdemque</strong></span> <span class='ocrx_word' id='word_1_216' title='bbox 993 2974 1170 3028; x_wconf 75' lang='lat' dir='ltr'><strong>Jovem</strong></span> <span class='ocrx_word' id='word_1_217' title='bbox 1187 2974 1304 3030; x_wconf 74' lang='lat' dir='ltr'><strong>esse</strong></span> <span class='ocrx_word' id='word_1_218' title='bbox 1329 2979 1624 3046; x_wconf 79' lang='lat' dir='ltr'><strong>defendunt.</strong></span> 
     </span>
    </p>
   </div>
   <div class='ocr_carea' id='block_1_31' title="bbox 307 3061 1828 3142">
    <p class='ocr_par' dir='ltr' id='par_1_31' title="bbox 307 3061 1828 3142">
     <span class='ocr_line' id='line_1_31' title="bbox 307 3061 1828 3142; baseline 0.009 -29"><span class='ocrx_word' id='word_1_219' title='bbox 307 3061 582 3134; x_wconf 80' lang='lat' dir='ltr'><strong>Quotquot</strong></span> <span class='ocrx_word' id='word_1_220' title='bbox 613 3065 741 3120; x_wconf 86' lang='lat' dir='ltr'><strong>libet</strong></span> <span class='ocrx_word' id='word_1_221' title='bbox 769 3068 788 3096; x_wconf 84' lang='grc'><strong>²</strong></span> <span class='ocrx_word' id='word_1_222' title='bbox 817 3067 974 3136; x_wconf 78' lang='lat' dir='ltr'><strong>igitur</strong></span> <span class='ocrx_word' id='word_1_223' title='bbox 996 3068 1227 3140; x_wconf 83' lang='lat' dir='ltr'><strong>physicis</strong></span> <span class='ocrx_word' id='word_1_224' title='bbox 1250 3070 1542 3124; x_wconf 84' lang='lat' dir='ltr'><strong>rationibus</strong></span> <span class='ocrx_word' id='word_1_225' title='bbox 1570 3083 1624 3126; x_wconf 89' lang='lat' dir='ltr'><strong>et</strong></span> <span class='ocrx_word' id='word_1_226' title='bbox 1646 3071 1828 3142; x_wconf 83' lang='lat' dir='ltr'><strong>dispu-</strong></span> 
     </span>
    </p>
   </div>
   <div class='ocr_carea' id='block_1_32' title="bbox 243 3151 1826 3234">
    <p class='ocr_par' dir='ltr' id='par_1_32' title="bbox 243 3151 1826 3234">
     <span class='ocr_line' id='line_1_32' title="bbox 243 3151 1826 3234; baseline 0.009 -30"><span class='ocrx_word' id='word_1_227' title='bbox 243 3151 528 3208; x_wconf 89' lang='lat' dir='ltr'><strong>tationibus</strong></span> <span class='ocrx_word' id='word_1_228' title='bbox 560 3165 842 3212; x_wconf 87' lang='lat' dir='ltr'><strong>asserant:</strong></span> <span class='ocrx_word' id='word_1_229' title='bbox 885 3158 1044 3212; x_wconf 92' lang='lat' dir='ltr'><strong>modo</strong></span> <span class='ocrx_word' id='word_1_230' title='bbox 1073 3160 1140 3212; x_wconf 90' lang='lat' dir='ltr'><strong>sit</strong></span> <span class='ocrx_word' id='word_1_231' title='bbox 1166 3158 1374 3230; x_wconf 86' lang='lat' dir='ltr'><strong>Jupiter</strong></span> <span class='ocrx_word' id='word_1_232' title='bbox 1403 3163 1644 3230; x_wconf 81' lang='lat' dir='ltr'><strong>corporei</strong></span> <span class='ocrx_word' id='word_1_233' title='bbox 1671 3163 1826 3234; x_wconf 85' lang='lat' dir='ltr'><strong>hujus</strong></span> 
     </span>
    </p>
   </div>
   <div class='ocr_carea' id='block_1_33' title="bbox 242 3245 1824 3323">
    <p class='ocr_par' dir='ltr' id='par_1_33' title="bbox 242 3245 1824 3323">
     <span class='ocr_line' id='line_1_33' title="bbox 242 3245 1824 3323; baseline 0.01 -30"><span class='ocrx_word' id='word_1_234' title='bbox 242 3245 418 3308; x_wconf 81' lang='lat' dir='ltr'><strong>mundi</strong></span> <span class='ocrx_word' id='word_1_235' title='bbox 458 3245 690 3314; x_wconf 85' lang='lat' dir='ltr'><strong>animus,</strong></span> <span class='ocrx_word' id='word_1_236' title='bbox 719 3249 806 3318; x_wconf 88' lang='lat' dir='ltr'><strong>qui</strong></span> <span class='ocrx_word' id='word_1_237' title='bbox 853 3249 1153 3305; x_wconf 85' lang='lat' dir='ltr'><strong>universam</strong></span> <span class='ocrx_word' id='word_1_238' title='bbox 1185 3252 1338 3306; x_wconf 90' lang='lat' dir='ltr'><strong>istam</strong></span> <span class='ocrx_word' id='word_1_239' title='bbox 1369 3253 1564 3307; x_wconf 90' lang='lat' dir='ltr'><strong>molem</strong></span> <span class='ocrx_word' id='word_1_240' title='bbox 1593 3271 1662 3308; x_wconf 81' lang='lat' dir='ltr'><strong>ex</strong></span> <span class='ocrx_word' id='word_1_241' title='bbox 1692 3269 1824 3323; x_wconf 85' lang='lat' dir='ltr'><strong>qua-</strong></span> 
     </span>
    </p>
   </div>
   <div class='ocr_carea' id='block_1_34' title="bbox 241 3336 1823 3416">
    <p class='ocr_par' dir='ltr' id='par_1_34' title="bbox 241 3336 1823 3416">
     <span class='ocr_line' id='line_1_34' title="bbox 241 3336 1823 3416; baseline 0.009 -30"><span class='ocrx_word' id='word_1_242' title='bbox 241 3339 372 3402; x_wconf 87' lang='lat' dir='ltr'><strong>tuor,</strong></span> <span class='ocrx_word' id='word_1_243' title='bbox 397 3336 480 3390; x_wconf 90' lang='lat' dir='ltr'><strong>vel</strong></span> <span class='ocrx_word' id='word_1_244' title='bbox 501 3347 634 3408; x_wconf 90' lang='lat' dir='ltr'><strong>quot</strong></span> <span class='ocrx_word' id='word_1_245' title='bbox 657 3339 734 3393; x_wconf 83' lang='lat' dir='ltr'><strong>eis</strong></span> <span class='ocrx_word' id='word_1_246' title='bbox 767 3339 956 3410; x_wconf 88' lang='lat' dir='ltr'><strong>placet,</strong></span> <span class='ocrx_word' id='word_1_247' title='bbox 981 3340 1262 3397; x_wconf 88' lang='lat' dir='ltr'><strong>elementis</strong></span> <span class='ocrx_word' id='word_1_248' title='bbox 1281 3353 1640 3398; x_wconf 85' lang='lat' dir='ltr'><strong>constructam</strong></span> <span class='ocrx_word' id='word_1_249' title='bbox 1664 3355 1823 3416; x_wconf 87' lang='lat' dir='ltr'><strong>atque</strong></span> 
     </span>
    </p>
   </div>
   <div class='ocr_carea' id='block_1_35' title="bbox 237 3431 1825 3507">
    <p class='ocr_par' dir='ltr' id='par_1_35' title="bbox 237 3431 1825 3507">
     <span class='ocr_line' id='line_1_35' title="bbox 237 3431 1825 3507; baseline 0.009 -27"><span class='ocrx_word' id='word_1_250' title='bbox 237 3437 566 3498; x_wconf 86' lang='lat' dir='ltr'><strong>compactam</strong></span> <span class='ocrx_word' id='word_1_251' title='bbox 585 3431 770 3500; x_wconf 89' lang='lat' dir='ltr'><strong>implet</strong></span> <span class='ocrx_word' id='word_1_252' title='bbox 785 3441 838 3486; x_wconf 90' lang='lat' dir='ltr'><strong>et</strong></span> <span class='ocrx_word' id='word_1_253' title='bbox 855 3443 1032 3488; x_wconf 82' lang='lat' dir='ltr'><strong>movet</strong></span> <span class='ocrx_word' id='word_1_254' title='bbox 1049 3433 1146 3504; x_wconf 89' lang='lat' dir='ltr'><strong>(c);</strong></span> <span class='ocrx_word' id='word_1_255' title='bbox 1173 3435 1333 3490; x_wconf 92' lang='lat' dir='ltr'><strong>modo</strong></span> <span class='ocrx_word' id='word_1_256' title='bbox 1361 3435 1484 3491; x_wconf 91' lang='lat' dir='ltr'><strong>inde</strong></span> <span class='ocrx_word' id='word_1_257' title='bbox 1504 3452 1627 3492; x_wconf 88' lang='lat' dir='ltr'><strong>suas</strong></span> <span class='ocrx_word' id='word_1_258' title='bbox 1649 3445 1825 3507; x_wconf 86' lang='lat' dir='ltr'><strong>partes</strong></span> 
     </span>
    </p>
   </div>
   <div class='ocr_carea' id='block_1_36' title="bbox 238 3522 1823 3594">
    <p class='ocr_par' dir='ltr' id='par_1_36' title="bbox 238 3522 1823 3594">
     <span class='ocr_line' id='line_1_36' title="bbox 238 3522 1823 3594; baseline 0.007 -21"><span class='ocrx_word' id='word_1_259' title='bbox 238 3523 410 3575; x_wconf 89' lang='lat' dir='ltr'><strong>sorori</strong></span> <span class='ocrx_word' id='word_1_260' title='bbox 452 3533 506 3577; x_wconf 91' lang='lat' dir='ltr'><strong>et</strong></span> <span class='ocrx_word' id='word_1_261' title='bbox 535 3522 788 3578; x_wconf 79' lang='lat' dir='ltr'><strong>fratribus</strong></span> <span class='ocrx_word' id='word_1_262' title='bbox 817 3525 1008 3582; x_wconf 84' lang='lat' dir='ltr'><strong>cedat:</strong></span> <span class='ocrx_word' id='word_1_263' title='bbox 1047 3527 1209 3582; x_wconf 90' lang='lat' dir='ltr'><strong>modo</strong></span> <span class='ocrx_word' id='word_1_264' title='bbox 1237 3529 1306 3582; x_wconf 88' lang='lat' dir='ltr'><strong>sit</strong></span> <span class='ocrx_word' id='word_1_265' title='bbox 1335 3530 1521 3594; x_wconf 79' lang='lat' dir='ltr'><strong>aether,</strong></span> <span class='ocrx_word' id='word_1_266' title='bbox 1553 3539 1611 3584; x_wconf 89' lang='lat' dir='ltr'><strong>ut</strong></span> <span class='ocrx_word' id='word_1_267' title='bbox 1645 3545 1823 3586; x_wconf 90' lang='lat' dir='ltr'><strong>aerem</strong></span> 
     </span>
    </p>
   </div>
   <div class='ocr_carea' id='block_1_37' title="bbox 234 3612 1824 3690">
    <p class='ocr_par' dir='ltr' id='par_1_37' title="bbox 234 3612 1824 3690">
     <span class='ocr_line' id='line_1_37' title="bbox 234 3612 1824 3690; baseline 0.004 -20"><span class='ocrx_word' id='word_1_268' title='bbox 234 3612 502 3670; x_wconf 69' lang='lat' dir='ltr'><strong>Iunonem</strong></span> <span class='ocrx_word' id='word_1_269' title='bbox 544 3617 904 3674; x_wconf 76' lang='lat' dir='ltr'><strong>subtert&#39;usam</strong></span> <span class='ocrx_word' id='word_1_270' title='bbox 949 3620 1616 3690; x_wconf 77' lang='lat' dir='ltr'><strong>desuper&#39;amplectatur;</strong></span> <span class='ocrx_word' id='word_1_271' title='bbox 1664 3622 1824 3678; x_wconf 87' lang='lat' dir='ltr'><strong>modo</strong></span> 
     </span>
    </p>
   </div>
   <div class='ocr_carea' id='block_1_38' title="bbox 237 3710 1825 3785">
    <p class='ocr_par' dir='ltr' id='par_1_38' title="bbox 237 3710 1825 3785">
     <span class='ocr_line' id='line_1_38' title="bbox 237 3710 1825 3785; baseline 0.008 -25"><span class='ocrx_word' id='word_1_272' title='bbox 237 3715 404 3762; x_wconf 88' lang='lat' dir='ltr'><strong>totum</strong></span> <span class='ocrx_word' id='word_1_273' title='bbox 438 3710 595 3764; x_wconf 90' lang='lat' dir='ltr'><strong>simul</strong></span> <span class='ocrx_word' id='word_1_274' title='bbox 634 3727 756 3766; x_wconf 89' lang='lat' dir='ltr'><strong>cum</strong></span> <span class='ocrx_word' id='word_1_275' title='bbox 793 3727 918 3768; x_wconf 87' lang='lat' dir='ltr'><strong>aere</strong></span> <span class='ocrx_word' id='word_1_276' title='bbox 957 3713 1026 3768; x_wconf 90' lang='lat' dir='ltr'><strong>sit</strong></span> <span class='ocrx_word' id='word_1_277' title='bbox 1053 3715 1168 3785; x_wconf 89' lang='lat' dir='ltr'><strong>ipse</strong></span> <span class='ocrx_word' id='word_1_278' title='bbox 1211 3715 1430 3782; x_wconf 85' lang='lat' dir='ltr'><strong>coelum,</strong></span> <span class='ocrx_word' id='word_1_279' title='bbox 1472 3724 1664 3770; x_wconf 88' lang='lat' dir='ltr'><strong>terram</strong></span> <span class='ocrx_word' id='word_1_280' title='bbox 1695 3731 1825 3772; x_wconf 84' lang='lat' dir='ltr'><strong>vero</strong></span> 
     </span>
    </p>
   </div>
   <div class='ocr_carea' id='block_1_39' title="bbox 238 3803 1823 3880">
    <p class='ocr_par' dir='ltr' id='par_1_39' title="bbox 238 3803 1823 3880">
     <span class='ocr_line' id='line_1_39' title="bbox 238 3803 1823 3880; baseline 0.008 -28"><span class='ocrx_word' id='word_1_281' title='bbox 238 3807 486 3870; x_wconf 86' lang='lat' dir='ltr'><strong>tanquam</strong></span> <span class='ocrx_word' id='word_1_282' title='bbox 525 3803 808 3874; x_wconf 85' lang='lat' dir='ltr'><strong>conjugem</strong></span> <span class='ocrx_word' id='word_1_283' title='bbox 837 3803 1186 3876; x_wconf 87' lang='lat' dir='ltr'><strong>eamdemque</strong></span> <span class='ocrx_word' id='word_1_284' title='bbox 1219 3817 1444 3862; x_wconf 82' lang='lat' dir='ltr'><strong>matrem</strong></span> <span class='ocrx_word' id='word_1_285' title='bbox 1469 3805 1610 3880; x_wconf 86' lang='lat' dir='ltr'><strong>(quia</strong></span> <span class='ocrx_word' id='word_1_286' title='bbox 1643 3807 1744 3862; x_wconf 90' lang='lat' dir='ltr'><strong>hoc</strong></span> <span class='ocrx_word' id='word_1_287' title='bbox 1770 3807 1823 3864; x_wconf 91' lang='lat' dir='ltr'><strong>in</strong></span> 
     </span>
    </p>
   </div>
   <div class='ocr_carea' id='block_1_40' title="bbox 237 3891 1825 3968">
    <p class='ocr_par' dir='ltr' id='par_1_40' title="bbox 237 3891 1825 3968">
     <span class='ocr_line' id='line_1_40' title="bbox 237 3891 1825 3968; baseline 0.006 -23"><span class='ocrx_word' id='word_1_288' title='bbox 237 3891 428 3947; x_wconf 79' lang='lat' dir='ltr'><strong>divinis</strong></span> <span class='ocrx_word' id='word_1_289' title='bbox 457 3903 612 3964; x_wconf 88' lang='lat' dir='ltr'><strong>turpe</strong></span> <span class='ocrx_word' id='word_1_290' title='bbox 640 3911 746 3950; x_wconf 92' lang='lat' dir='ltr'><strong>non</strong></span> <span class='ocrx_word' id='word_1_291' title='bbox 777 3897 880 3968; x_wconf 90' lang='lat' dir='ltr'><strong>est)</strong></span> <span class='ocrx_word' id='word_1_292' title='bbox 907 3895 1149 3953; x_wconf 79' lang='lat' dir='ltr'><strong>fecundis</strong></span> <span class='ocrx_word' id='word_1_293' title='bbox 1175 3899 1432 3955; x_wconf 91' lang='lat' dir='ltr'><strong>imbribus</strong></span> <span class='ocrx_word' id='word_1_294' title='bbox 1457 3909 1511 3954; x_wconf 91' lang='lat' dir='ltr'><strong>et</strong></span> <span class='ocrx_word' id='word_1_295' title='bbox 1531 3900 1825 3955; x_wconf 90' lang='lat' dir='ltr'><strong>seminibus</strong></span> 
     </span>
    </p>
   </div>
   <div class='ocr_carea' id='block_1_41' title="bbox 239 3983 1824 4062">
    <p class='ocr_par' dir='ltr' id='par_1_41' title="bbox 239 3983 1824 4062">
     <span class='ocr_line' id='line_1_41' title="bbox 239 3983 1824 4062; baseline 0.006 -25"><span class='ocrx_word' id='word_1_296' title='bbox 239 3983 394 4052; x_wconf 91' lang='lat' dir='ltr'><strong>fetet;</strong></span> <span class='ocrx_word' id='word_1_297' title='bbox 429 3987 592 4041; x_wconf 91' lang='lat' dir='ltr'><strong>modo</strong></span> <span class='ocrx_word' id='word_1_298' title='bbox 614 3997 790 4043; x_wconf 90' lang='lat' dir='ltr'><strong>autem</strong></span> <span class='ocrx_word' id='word_1_299' title='bbox 820 3991 911 4060; x_wconf 91' lang='lat' dir='ltr'><strong>(ne</strong></span> <span class='ocrx_word' id='word_1_300' title='bbox 935 3991 1004 4044; x_wconf 85' lang='lat' dir='ltr'><strong>sit</strong></span> <span class='ocrx_word' id='word_1_301' title='bbox 1030 4005 1249 4046; x_wconf 89' lang='lat' dir='ltr'><strong>necesse</strong></span> <span class='ocrx_word' id='word_1_302' title='bbox 1275 4007 1369 4062; x_wconf 89' lang='lat' dir='ltr'><strong>per</strong></span> <span class='ocrx_word' id='word_1_303' title='bbox 1395 4000 1586 4046; x_wconf 89' lang='lat' dir='ltr'><strong>cuncta</strong></span> <span class='ocrx_word' id='word_1_304' title='bbox 1613 3991 1824 4047; x_wconf 86' lang='lat' dir='ltr'><strong>discur-</strong></span> 
     </span>
    </p>
   </div>
   <div class='ocr_carea' id='block_1_42' title="bbox 239 4069 1824 4155">
    <p class='ocr_par' dir='ltr' id='par_1_42' title="bbox 239 4069 1824 4155">
     <span class='ocr_line' id='line_1_42' title="bbox 239 4069 1824 4155; baseline 0.007 -24"><span class='ocrx_word' id='word_1_305' title='bbox 239 4079 376 4151; x_wconf 85' lang='lat' dir='ltr'><strong>rere)</strong></span> <span class='ocrx_word' id='word_1_306' title='bbox 407 4080 544 4135; x_wconf 88' lang='lat' dir='ltr'><strong>deus</strong></span> <span class='ocrx_word' id='word_1_307' title='bbox 589 4097 750 4142; x_wconf 89' lang='lat' dir='ltr'><strong>unus.</strong></span> <span class='ocrx_word' id='word_1_308' title='bbox 783 4069 850 4139; x_wconf 85' lang='lat' dir='ltr'><strong>de</strong></span> <span class='ocrx_word' id='word_1_309' title='bbox 891 4099 997 4154; x_wconf 91' lang='lat' dir='ltr'><strong>quo</strong></span> <span class='ocrx_word' id='word_1_310' title='bbox 1037 4083 1185 4138; x_wconf 90' lang='lat' dir='ltr'><strong>multi</strong></span> <span class='ocrx_word' id='word_1_311' title='bbox 1225 4099 1252 4138; x_wconf 90' lang='lat' dir='ltr'><strong>a</strong></span> <span class='ocrx_word' id='word_1_312' title='bbox 1297 4095 1450 4155; x_wconf 84' lang='lat' dir='ltr'><strong>poeta</strong></span> <span class='ocrx_word' id='word_1_313' title='bbox 1491 4085 1824 4142; x_wconf 87' lang='lat' dir='ltr'><strong>nobilissimo</strong></span> 
     </span>
    </p>
   </div>
   <div class='ocr_carea' id='block_1_43' title="bbox 239 4167 676 4240">
    <p class='ocr_par' dir='ltr' id='par_1_43' title="bbox 239 4167 676 4240">
     <span class='ocr_line' id='line_1_43' title="bbox 239 4167 676 4240; baseline 0.016 -20"><span class='ocrx_word' id='word_1_314' title='bbox 239 4167 432 4226; x_wconf 86' lang='lat' dir='ltr'><strong>dictum</strong></span> <span class='ocrx_word' id='word_1_315' title='bbox 455 4180 676 4240; x_wconf 85' lang='lat' dir='ltr'><strong>putant,</strong></span> 
     </span>
    </p>
   </div>
   <div class='ocr_carea' id='block_1_44' title="bbox 735 4273 1519 4330">
    <p class='ocr_par' dir='ltr' id='par_1_44' title="bbox 735 4273 1519 4330">
     <span class='ocr_line' id='line_1_44' title="bbox 735 4273 1519 4330; baseline 0.005 -14"><span class='ocrx_word' id='word_1_316' title='bbox 735 4273 886 4316; x_wconf 89' lang='lat' dir='ltr'><strong>Deum</strong></span> <span class='ocrx_word' id='word_1_317' title='bbox 908 4280 1116 4330; x_wconf 82' lang='lat' dir='ltr'><strong>namque</strong></span> <span class='ocrx_word' id='word_1_318' title='bbox 1143 4280 1216 4318; x_wconf 81' lang='lat' dir='ltr'><strong>ire</strong></span> <span class='ocrx_word' id='word_1_319' title='bbox 1239 4281 1328 4330; x_wconf 89' lang='lat' dir='ltr'><strong>per</strong></span> <span class='ocrx_word' id='word_1_320' title='bbox 1349 4281 1519 4320; x_wconf 89' lang='lat' dir='ltr'><strong>omnes</strong></span> 
     </span>
    </p>
   </div>
   <div class='ocr_carea' id='block_1_45' title="bbox 351 4329 1771 4393">
    <p class='ocr_par' dir='ltr' id='par_1_45' title="bbox 351 4329 1771 4393">
     <span class='ocr_line' id='line_1_45' title="bbox 351 4329 1771 4393; baseline 0.006 -19"><span class='ocrx_word' id='word_1_321' title='bbox 351 4331 648 4393; x_wconf 83' lang='lat' dir='ltr'><strong>Terrasque,</strong></span> <span class='ocrx_word' id='word_1_322' title='bbox 673 4333 950 4393; x_wconf 78' lang='lat' dir='ltr'><strong>tractusque</strong></span> <span class='ocrx_word' id='word_1_323' title='bbox 975 4331 1134 4393; x_wconf 73' lang='lat' dir='ltr'><strong>maris,</strong></span> <span class='ocrx_word' id='word_1_324' title='bbox 1161 4329 1434 4393; x_wconf 75' lang='lat' dir='ltr'><strong>ca&#39;lumquc</strong></span> <span class='ocrx_word' id='word_1_325' title='bbox 1455 4329 1771 4392; x_wconf 80' lang='lat' dir='ltr'><strong>profundum:</strong></span> 
     </span>
    </p>
   </div>
   <div class='ocr_carea' id='block_1_46' title="bbox 528 4389 1570 4456">
    <p class='ocr_par' dir='ltr' id='par_1_46' title="bbox 528 4389 1570 4456">
     <span class='ocr_line' id='line_1_46' title="bbox 528 4389 1570 4456; baseline 0.007 -21"><span class='ocrx_word' id='word_1_326' title='bbox 528 4389 749 4454; x_wconf 74' lang='lat' dir='ltr'><strong>(Virgil.</strong></span> <span class='ocrx_word' id='word_1_327' title='bbox 775 4389 942 4454; x_wconf 73' lang='lat' dir='ltr'><strong>Georg.</strong></span> <span class='ocrx_word' id='word_1_328' title='bbox 967 4390 1050 4441; x_wconf 85' lang='lat' dir='ltr'><strong>lib.</strong></span> <span class='ocrx_word' id='word_1_329' title='bbox 1073 4391 1122 4450; x_wconf 74' lang='grc'><strong>4,</strong></span> <span class='ocrx_word' id='word_1_330' title='bbox 1151 4404 1274 4442; x_wconf 78' lang='lat' dir='ltr'><strong>vers.</strong></span> <span class='ocrx_word' id='word_1_331' title='bbox 1295 4389 1404 4452; x_wconf 70' lang='lat'><strong>2:2],</strong></span> <span class='ocrx_word' id='word_1_332' title='bbox 1551 4397 1570 4456; x_wconf 88' lang='lat'>)</span> 
     </span>
    </p>
   </div>
   <div class='ocr_carea' id='block_1_47' title="bbox 237 4474 1820 4550">
    <p class='ocr_par' dir='ltr' id='par_1_47' title="bbox 237 4474 1820 4550">
     <span class='ocr_line' id='line_1_47' title="bbox 237 4474 1820 4550; baseline 0.004 -21"><span class='ocrx_word' id='word_1_333' title='bbox 237 4474 346 4543; x_wconf 83' lang='lat' dir='ltr'><strong>ipse</strong></span> <span class='ocrx_word' id='word_1_334' title='bbox 383 4475 440 4530; x_wconf 91' lang='lat' dir='ltr'><strong>in</strong></span> <span class='ocrx_word' id='word_1_335' title='bbox 469 4474 674 4530; x_wconf 66' lang='lat' dir='ltr'><strong>atthere</strong></span> <span class='ocrx_word' id='word_1_336' title='bbox 705 4475 776 4530; x_wconf 87' lang='lat' dir='ltr'><strong>sit</strong></span> <span class='ocrx_word' id='word_1_337' title='bbox 802 4475 1028 4544; x_wconf 85' lang='lat' dir='ltr'><strong>Jupiter,</strong></span> <span class='ocrx_word' id='word_1_338' title='bbox 1061 4480 1176 4546; x_wconf 88' lang='lat' dir='ltr'><strong>ipse</strong></span> <span class='ocrx_word' id='word_1_339' title='bbox 1215 4477 1264 4532; x_wconf 91' lang='lat' dir='ltr'><strong>in</strong></span> <span class='ocrx_word' id='word_1_340' title='bbox 1292 4493 1416 4534; x_wconf 90' lang='lat' dir='ltr'><strong>aere</strong></span> <span class='ocrx_word' id='word_1_341' title='bbox 1439 4478 1600 4542; x_wconf 81' lang='lat' dir='ltr'><strong>Juno,</strong></span> <span class='ocrx_word' id='word_1_342' title='bbox 1627 4483 1739 4550; x_wconf 85' lang='lat' dir='ltr'><strong>ipse</strong></span> <span class='ocrx_word' id='word_1_343' title='bbox 1767 4481 1820 4536; x_wconf 91' lang='lat' dir='ltr'><strong>in</strong></span> 
     </span>
    </p>
   </div>
   <div class='ocr_carea' id='block_1_48' title="bbox 237 4565 1818 4641">
    <p class='ocr_par' dir='ltr' id='par_1_48' title="bbox 237 4565 1818 4641">
     <span class='ocr_line' id='line_1_48' title="bbox 237 4565 1818 4641; baseline 0.006 -22"><span class='ocrx_word' id='word_1_344' title='bbox 237 4567 364 4620; x_wconf 87' lang='lat' dir='ltr'><strong>mari</strong></span> <span class='ocrx_word' id='word_1_345' title='bbox 409 4566 708 4635; x_wconf 83' lang='lat' dir='ltr'><strong>Neptunus,</strong></span> <span class='ocrx_word' id='word_1_346' title='bbox 741 4565 794 4620; x_wconf 89' lang='lat' dir='ltr'><strong>in</strong></span> <span class='ocrx_word' id='word_1_347' title='bbox 827 4567 1166 4628; x_wconf 84' lang='lat' dir='ltr'><strong>inferioribus</strong></span> <span class='ocrx_word' id='word_1_348' title='bbox 1193 4569 1350 4624; x_wconf 90' lang='lat' dir='ltr'><strong>etiam</strong></span> <span class='ocrx_word' id='word_1_349' title='bbox 1385 4573 1546 4626; x_wconf 82' lang='lat' dir='ltr'><strong>maris</strong></span> <span class='ocrx_word' id='word_1_350' title='bbox 1573 4572 1688 4641; x_wconf 88' lang='lat' dir='ltr'><strong>ipse</strong></span> <span class='ocrx_word' id='word_1_351' title='bbox 1717 4573 1818 4628; x_wconf 86' lang='lat' dir='ltr'><strong>Sa-</strong></span> 
     </span>
    </p>
   </div>
   <div class='ocr_carea' id='block_1_49' title="bbox 235 4657 1818 4732">
    <p class='ocr_par' dir='ltr' id='par_1_49' title="bbox 235 4657 1818 4732">
     <span class='ocr_line' id='line_1_49' title="bbox 235 4657 1818 4732; baseline 0.004 -20"><span class='ocrx_word' id='word_1_352' title='bbox 235 4657 386 4723; x_wconf 84' lang='lat' dir='ltr'><strong>lacia,</strong></span> <span class='ocrx_word' id='word_1_353' title='bbox 415 4659 470 4712; x_wconf 90' lang='lat' dir='ltr'><strong>in</strong></span> <span class='ocrx_word' id='word_1_354' title='bbox 495 4669 634 4714; x_wconf 87' lang='lat' dir='ltr'><strong>terra</strong></span> <span class='ocrx_word' id='word_1_355' title='bbox 661 4658 838 4724; x_wconf 89' lang='lat' dir='ltr'><strong>Pluto,</strong></span> <span class='ocrx_word' id='word_1_356' title='bbox 867 4660 920 4712; x_wconf 89' lang='lat' dir='ltr'><strong>in</strong></span> <span class='ocrx_word' id='word_1_357' title='bbox 951 4666 1092 4714; x_wconf 88' lang='lat' dir='ltr'><strong>terra</strong></span> <span class='ocrx_word' id='word_1_358' title='bbox 1117 4659 1368 4716; x_wconf 87' lang='lat' dir='ltr'><strong>inferiore</strong></span> <span class='ocrx_word' id='word_1_359' title='bbox 1395 4661 1734 4732; x_wconf 85' lang='lat' dir='ltr'><strong>Proserpina,</strong></span> <span class='ocrx_word' id='word_1_360' title='bbox 1767 4665 1818 4719; x_wconf 88' lang='lat' dir='ltr'><strong>in</strong></span> 
     </span>
    </p>
   </div>
   <div class='ocr_carea' id='block_1_50' title="bbox 233 4748 1818 4822">
    <p class='ocr_par' dir='ltr' id='par_1_50' title="bbox 233 4748 1818 4822">
     <span class='ocr_line' id='line_1_50' title="bbox 233 4748 1818 4822; baseline 0.006 -20"><span class='ocrx_word' id='word_1_361' title='bbox 233 4748 362 4805; x_wconf 84' lang='lat' dir='ltr'><strong>locis</strong></span> <span class='ocrx_word' id='word_1_362' title='bbox 387 4749 698 4806; x_wconf 85' lang='lat' dir='ltr'><strong>domesticis</strong></span> <span class='ocrx_word' id='word_1_363' title='bbox 719 4750 898 4815; x_wconf 83' lang='lat' dir='ltr'><strong>Vesta,</strong></span> <span class='ocrx_word' id='word_1_364' title='bbox 923 4752 974 4806; x_wconf 90' lang='lat' dir='ltr'><strong>in</strong></span> <span class='ocrx_word' id='word_1_365' title='bbox 998 4751 1268 4808; x_wconf 87' lang='lat' dir='ltr'><strong>fabrorum</strong></span> <span class='ocrx_word' id='word_1_366' title='bbox 1291 4753 1504 4810; x_wconf 82' lang='lat' dir='ltr'><strong>fornace</strong></span> <span class='ocrx_word' id='word_1_367' title='bbox 1531 4755 1818 4822; x_wconf 82' lang='lat' dir='ltr'><strong>Vulcanus,</strong></span> 
     </span>
    </p>
   </div>
   <div class='ocr_carea' id='block_1_51' title="bbox 235 4841 1820 4911">
    <p class='ocr_par' dir='ltr' id='par_1_51' title="bbox 235 4841 1820 4911">
     <span class='ocr_line' id='line_1_51' title="bbox 235 4841 1820 4911; baseline 0.006 -16"><span class='ocrx_word' id='word_1_368' title='bbox 235 4841 286 4895; x_wconf 88' lang='lat' dir='ltr'><strong>in</strong></span> <span class='ocrx_word' id='word_1_369' title='bbox 327 4841 600 4897; x_wconf 85' lang='lat' dir='ltr'><strong>sideribus</strong></span> <span class='ocrx_word' id='word_1_370' title='bbox 633 4841 724 4897; x_wconf 79' lang='lat' dir='ltr'><strong>sol</strong></span> <span class='ocrx_word' id='word_1_371' title='bbox 769 4852 826 4898; x_wconf 89' lang='lat' dir='ltr'><strong>et</strong></span> <span class='ocrx_word' id='word_1_372' title='bbox 853 4845 978 4898; x_wconf 87' lang='lat' dir='ltr'><strong>luna</strong></span> <span class='ocrx_word' id='word_1_373' title='bbox 1025 4853 1080 4898; x_wconf 89' lang='lat' dir='ltr'><strong>et</strong></span> <span class='ocrx_word' id='word_1_374' title='bbox 1125 4845 1316 4911; x_wconf 64' lang='lat' dir='ltr'><strong>stellae,</strong></span> <span class='ocrx_word' id='word_1_375' title='bbox 1363 4845 1414 4900; x_wconf 92' lang='lat' dir='ltr'><strong>in</strong></span> <span class='ocrx_word' id='word_1_376' title='bbox 1460 4846 1820 4904; x_wconf 83' lang='lat' dir='ltr'><strong>divinantibus</strong></span> 
     </span>
    </p>
   </div>
   <div class='ocr_carea' id='block_1_52' title="bbox 241 4934 1818 5006">
    <p class='ocr_par' dir='ltr' id='par_1_52' title="bbox 241 4934 1818 5006">
     <span class='ocr_line' id='line_1_52' title="bbox 241 4934 1818 5006; baseline 0.004 -17"><span class='ocrx_word' id='word_1_377' title='bbox 241 4934 454 5006; x_wconf 80' lang='lat' dir='ltr'><strong>Apollo,</strong></span> <span class='ocrx_word' id='word_1_378' title='bbox 487 4936 542 4990; x_wconf 91' lang='lat' dir='ltr'><strong>in</strong></span> <span class='ocrx_word' id='word_1_379' title='bbox 595 4951 776 4991; x_wconf 88' lang='lat' dir='ltr'><strong>merce</strong></span> <span class='ocrx_word' id='word_1_380' title='bbox 818 4936 1128 5002; x_wconf 83' lang='lat' dir='ltr'><strong>Mercurius,</strong></span> <span class='ocrx_word' id='word_1_381' title='bbox 1154 4939 1205 4992; x_wconf 90' lang='lat' dir='ltr'><strong>in</strong></span> <span class='ocrx_word' id='word_1_382' title='bbox 1241 4937 1375 4993; x_wconf 85' lang='lat' dir='ltr'><strong>Jano</strong></span> <span class='ocrx_word' id='word_1_383' title='bbox 1421 4939 1654 4994; x_wconf 81' lang='lat' dir='ltr'><strong>initiator</strong></span> <span class='ocrx_word' id='word_1_384' title='bbox 1676 4940 1697 4971; x_wconf 85' lang='grc'>⁸</span> <span class='ocrx_word' id='word_1_385' title='bbox 1725 4981 1742 5006; x_wconf 87' lang='grc'><strong>,</strong></span> <span class='ocrx_word' id='word_1_386' title='bbox 1767 4941 1818 4996; x_wconf 86' lang='grc' dir='ltr'><strong>ἰη</strong></span> 
     </span>
    </p>
   </div>
   <div class='ocr_carea' id='block_1_53' title="bbox 235 5027 1822 5103">
    <p class='ocr_par' dir='ltr' id='par_1_53' title="bbox 235 5027 1822 5103">
     <span class='ocr_line' id='line_1_53' title="bbox 235 5027 1822 5103; baseline 0.006 -22"><span class='ocrx_word' id='word_1_387' title='bbox 235 5027 490 5084; x_wconf 83' lang='lat' dir='ltr'><strong>Termino</strong></span> <span class='ocrx_word' id='word_1_388' title='bbox 521 5031 854 5098; x_wconf 87' lang='lat' dir='ltr'><strong>terminator,</strong></span> <span class='ocrx_word' id='word_1_389' title='bbox 893 5030 1156 5086; x_wconf 86' lang='lat' dir='ltr'><strong>Saturnus</strong></span> <span class='ocrx_word' id='word_1_390' title='bbox 1195 5032 1248 5086; x_wconf 91' lang='lat' dir='ltr'><strong>in</strong></span> <span class='ocrx_word' id='word_1_391' title='bbox 1282 5042 1542 5103; x_wconf 87' lang='lat' dir='ltr'><strong>tempore,</strong></span> <span class='ocrx_word' id='word_1_392' title='bbox 1589 5034 1730 5090; x_wconf 83' lang='lat' dir='ltr'><strong>Mars</strong></span> <span class='ocrx_word' id='word_1_393' title='bbox 1767 5043 1822 5090; x_wconf 90' lang='lat' dir='ltr'><strong>et</strong></span> 
     </span>
    </p>
   </div>
   <div class='ocr_carea' id='block_1_54' title="bbox 293 5141 1704 5211">
    <p class='ocr_par' dir='ltr' id='par_1_54' title="bbox 293 5141 1704 5211">
     <span class='ocr_line' id='line_1_54' title="bbox 293 5141 1704 5211; baseline 0.004 -21"><span class='ocrx_word' id='word_1_394' title='bbox 293 5143 311 5211; x_wconf 69' lang='grc' dir='ltr'><strong>ξ</strong></span> <span class='ocrx_word' id='word_1_395' title='bbox 346 5142 486 5204; x_wconf 66' lang='lat' dir='ltr'><strong>aditi,</strong></span> <span class='ocrx_word' id='word_1_396' title='bbox 519 5141 734 5211; x_wconf 61' lang='lat' dir='ltr'><strong>irretitum</strong></span> <span class='ocrx_word' id='word_1_397' title='bbox 755 5157 857 5211; x_wconf 67' lang='lat' dir='ltr'><strong>esse</strong></span> <span class='ocrx_word' id='word_1_398' title='bbox 875 5157 892 5206; x_wconf 89' lang='lat'><strong>;</strong></span> <span class='ocrx_word' id='word_1_399' title='bbox 913 5145 1316 5211; x_wconf 78' lang='lat' dir='ltr'><strong>dissentientibus</strong></span> <span class='ocrx_word' id='word_1_400' title='bbox 1353 5149 1704 5211; x_wconf 88' lang='lat' dir='ltr'><strong>manuscriptis.</strong></span> 
     </span>
    </p>
   </div>
   <div class='ocr_carea' id='block_1_55' title="bbox 291 5205 1814 5272">
    <p class='ocr_par' dir='ltr' id='par_1_55' title="bbox 291 5205 1814 5272">
     <span class='ocr_line' id='line_1_55' title="bbox 291 5205 1814 5272; baseline 0.007 -19"><span class='ocrx_word' id='word_1_401' title='bbox 291 5205 312 5272; x_wconf 68' lang='grc' dir='ltr'><strong>ξ</strong></span> <span class='ocrx_word' id='word_1_402' title='bbox 335 5207 638 5272; x_wconf 69' lang='lat' dir='ltr'><strong>uanttscripti</strong></span> <span class='ocrx_word' id='word_1_403' title='bbox 659 5209 815 5272; x_wconf 79' lang='lat' dir='ltr'><strong>pauci,</strong></span> <span class='ocrx_word' id='word_1_404' title='bbox 837 5207 1328 5272; x_wconf 75' lang='lat' dir='ltr'><strong>thtlibel._rlerique</strong></span> <span class='ocrx_word' id='word_1_405' title='bbox 1352 5211 1532 5272; x_wconf 84' lang='lat' dir='ltr'><strong>lerunt,</strong></span> <span class='ocrx_word' id='word_1_406' title='bbox 1555 5205 1814 5272; x_wconf 71' lang='lat' dir='ltr'><strong>quodlibet.</strong></span> 
     </span>
    </p>
   </div>
   <div class='ocr_carea' id='block_1_56' title="bbox 293 5265 1814 5334">
    <p class='ocr_par' dir='ltr' id='par_1_56' title="bbox 293 5265 1814 5334">
     <span class='ocr_line' id='line_1_56' title="bbox 293 5265 1814 5334; baseline 0.022 -21"><span class='ocrx_word' id='word_1_407' title='bbox 293 5265 314 5296; x_wconf 89' lang='grc'>³</span> <span class='ocrx_word' id='word_1_408' title='bbox 345 5265 586 5334; x_wconf 73' lang='lat' dir='ltr'><strong>observat</strong></span> <span class='ocrx_word' id='word_1_409' title='bbox 615 5265 1040 5334; x_wconf 70' lang='lat' dir='ltr'><strong>Ludovicusvives</strong></span> <span class='ocrx_word' id='word_1_410' title='bbox 1081 5270 1180 5332; x_wconf 71' lang='lat' dir='ltr'><strong>legi</strong></span> <span class='ocrx_word' id='word_1_411' title='bbox 1206 5265 1311 5320; x_wconf 54' lang='lat' dir='ltr'><strong>aliis</strong></span> <span class='ocrx_word' id='word_1_412' title='bbox 1335 5272 1395 5334; x_wconf 50' lang='lat' dir='ltr'><strong>in.</strong></span> <span class='ocrx_word' id='word_1_413' title='bbox 1425 5265 1589 5334; x_wconf 38' lang='lat' dir='ltr'><strong>.m’ﬁs&quot;</strong></span> <span class='ocrx_word' id='word_1_414' title='bbox 1612 5275 1814 5334; x_wconf 64' lang='grc' dir='ltr'><strong>Ῑαηίων·</strong></span> 
     </span>
    </p>
   </div>
   <div class='ocr_carea' id='block_1_57' title="bbox 229 5331 1818 5440">
    <p class='ocr_par' dir='ltr' id='par_1_57' title="bbox 229 5331 1818 5440">
     <span class='ocr_line' id='line_1_57' title="bbox 229 5331 1818 5440; baseline 0.007 -63"><span class='ocrx_word' id='word_1_415' title='bbox 229 5331 532 5440; x_wconf 52' lang='lat' dir='ltr'><strong>anolmtgbus</strong></span> <span class='ocrx_word' id='word_1_416' title='bbox 554 5339 718 5440; x_wconf 51' lang='lat' dir='ltr'><strong>tamen</strong></span> <span class='ocrx_word' id='word_1_417' title='bbox 739 5343 862 5393; x_wconf 87' lang='lat' dir='ltr'><strong>quos</strong></span> <span class='ocrx_word' id='word_1_418' title='bbox 885 5331 1186 5394; x_wconf 79' lang='lat' dir='ltr'><strong>inspeximus</strong></span> <span class='ocrx_word' id='word_1_419' title='bbox 1209 5341 1302 5393; x_wconf 79' lang='lat' dir='ltr'><strong>est,</strong></span> <span class='ocrx_word' id='word_1_420' title='bbox 1325 5331 1554 5384; x_wconf 80' lang='lat' dir='ltr'><strong>t&#39;nitt&#39;alor.</strong></span> <span class='ocrx_word' id='word_1_421' title='bbox 1577 5331 1650 5384; x_wconf 83' lang='lat' dir='ltr'><strong>sic</strong></span> <span class='ocrx_word' id='word_1_422' title='bbox 1672 5338 1818 5388; x_wconf 90' lang='lat' dir='ltr'><strong>etiam</strong></span> 
     </span>
     <span class='ocr_line' id='line_1_58' title="bbox 361 5405 626 5440; baseline 0.008 -2"><span class='ocrx_word' id='word_1_423' title='bbox 361 5405 376 5438; x_wconf 85' lang='grc' dir='ltr'>ι</span> <span class='ocrx_word' id='word_1_424' title='bbox 435 5405 502 5440; x_wconf 59' lang='lat' dir='ltr'><strong>m.</strong></span> <span class='ocrx_word' id='word_1_425' title='bbox 613 5428 626 5440; x_wconf 91' lang='lat'><strong>.</strong></span> 
     </span>
    </p>
   </div>
   <div class='ocr_carea' id='block_1_58' title="bbox 209 5399 626 5442">
    <p class='ocr_par' dir='ltr' id='par_1_58' title="bbox 209 5399 626 5442">
     <span class='ocr_line' id='line_1_59' title="bbox 209 5399 626 5442; baseline 0.01 -6"><span class='ocrx_word' id='word_1_426' title='bbox 209 5399 376 5440; x_wconf 70' lang='grc' dir='ltr'><strong>ἠθείη</strong></span> <span class='ocrx_word' id='word_1_427' title='bbox 395 5400 502 5442; x_wconf 58' lang='lat'><strong>34$.</strong></span> <span class='ocrx_word' id='word_1_428' title='bbox 567 5399 626 5441; x_wconf 72' lang='grc' dir='ltr'><strong>Μ.</strong></span> 
     </span>
    </p>
   </div>
   <div class='ocr_carea' id='block_1_59' title="bbox 291 5451 1817 5520">
    <p class='ocr_par' dir='ltr' id='par_1_59' title="bbox 291 5451 1817 5520">
     <span class='ocr_line' id='line_1_60' title="bbox 291 5451 1817 5520; baseline 0.007 -19"><span class='ocrx_word' id='word_1_429' title='bbox 291 5451 364 5515; x_wconf 89' lang='lat' dir='ltr'><strong>(a)</strong></span> <span class='ocrx_word' id='word_1_430' title='bbox 389 5459 458 5520; x_wconf 73' lang='lat' dir='ltr'><strong>De</strong></span> <span class='ocrx_word' id='word_1_431' title='bbox 481 5453 785 5520; x_wconf 55' lang='lat' dir='ltr'><strong>Phoenicibus</strong></span> <span class='ocrx_word' id='word_1_432' title='bbox 795 5455 1098 5520; x_wconf 74' lang='lat' dir='ltr'><strong>boctradunt</strong></span> <span class='ocrx_word' id='word_1_433' title='bbox 1120 5458 1370 5516; x_wconf 80' lang='lat' dir='ltr'><strong>Eusebius,</strong></span> <span class='ocrx_word' id='word_1_434' title='bbox 1389 5457 1452 5508; x_wconf 89' lang='lat' dir='ltr'><strong>de</strong></span> <span class='ocrx_word' id='word_1_435' title='bbox 1469 5461 1817 5520; x_wconf 59' lang='lat' dir='ltr'><strong>Praeparatione</strong></span> 
     </span>
    </p>
   </div>
   <div class='ocr_carea' id='block_1_60' title="bbox 233 5515 1818 5584">
    <p class='ocr_par' dir='ltr' id='par_1_60' title="bbox 233 5515 1818 5584">
     <span class='ocr_line' id='line_1_61' title="bbox 233 5515 1818 5584; baseline 0.007 -23"><span class='ocrx_word' id='word_1_436' title='bbox 233 5515 532 5584; x_wconf 74' lang='lat' dir='ltr'><strong>evangelica,</strong></span> <span class='ocrx_word' id='word_1_437' title='bbox 561 5516 647 5565; x_wconf 89' lang='lat' dir='ltr'><strong>lib.</strong></span> <span class='ocrx_word' id='word_1_438' title='bbox 673 5520 721 5579; x_wconf 98' lang='grc'><strong>1,</strong></span> <span class='ocrx_word' id='word_1_439' title='bbox 746 5518 955 5584; x_wconf 74' lang='lat' dir='ltr'><strong>cap.__10,</strong></span> <span class='ocrx_word' id='word_1_440' title='bbox 981 5532 1044 5584; x_wconf 59' lang='lat' dir='ltr'><strong>es</strong></span> <span class='ocrx_word' id='word_1_441' title='bbox 1069 5515 1511 5580; x_wconf 77' lang='lat' dir='ltr'><strong>Sancboniatbone;</strong></span> <span class='ocrx_word' id='word_1_442' title='bbox 1543 5515 1818 5572; x_wconf 74' lang='lat' dir='ltr'><strong>Athanasius</strong></span> 
     </span>
    </p>
   </div>
   <div class='ocr_carea' id='block_1_61' title="bbox 231 5577 1818 5648">
    <p class='ocr_par' dir='ltr' id='par_1_61' title="bbox 231 5577 1818 5648">
     <span class='ocr_line' id='line_1_62' title="bbox 231 5577 1818 5648; baseline 0.006 -24"><span class='ocrx_word' id='word_1_443' title='bbox 231 5577 278 5624; x_wconf 90' lang='lat' dir='ltr'><strong>in</strong></span> <span class='ocrx_word' id='word_1_444' title='bbox 295 5577 522 5648; x_wconf 70' lang='lat' dir='ltr'><strong>oratione</strong></span> <span class='ocrx_word' id='word_1_445' title='bbox 543 5577 713 5628; x_wconf 84' lang='lat' dir='ltr'><strong>contra</strong></span> <span class='ocrx_word' id='word_1_446' title='bbox 734 5577 976 5642; x_wconf 80' lang='lat' dir='ltr'><strong>Gentiles;</strong></span> <span class='ocrx_word' id='word_1_447' title='bbox 1001 5581 1066 5630; x_wconf 87' lang='lat' dir='ltr'><strong>de</strong></span> <span class='ocrx_word' id='word_1_448' title='bbox 1089 5584 1342 5644; x_wconf 64' lang='lat' dir='ltr'><strong>armeniis,</strong></span> <span class='ocrx_word' id='word_1_449' title='bbox 1367 5577 1560 5647; x_wconf 82' lang='lat' dir='ltr'><strong>Cypriis,</strong></span> <span class='ocrx_word' id='word_1_450' title='bbox 1585 5585 1719 5646; x_wconf 76' lang='lat' dir='ltr'><strong>Lydis</strong></span> <span class='ocrx_word' id='word_1_451' title='bbox 1735 5584 1818 5634; x_wconf 87' lang='lat' dir='ltr'><strong>alii</strong></span> 
     </span>
    </p>
   </div>
   <div class='ocr_carea' id='block_1_62' title="bbox 227 5647 784 5695">
    <p class='ocr_par' dir='ltr' id='par_1_62' title="bbox 227 5647 784 5695">
     <span class='ocr_line' id='line_1_63' title="bbox 227 5647 784 5695; baseline 0.007 -10"><span class='ocrx_word' id='word_1_452' title='bbox 227 5647 350 5695; x_wconf 82' lang='lat' dir='ltr'><strong>scrip</strong></span> <span class='ocrx_word' id='word_1_453' title='bbox 357 5647 506 5690; x_wconf 81' lang='lat' dir='ltr'><strong>tores.</strong></span> <span class='ocrx_word' id='word_1_454' title='bbox 531 5648 784 5695; x_wconf 66' lang='lat' dir='ltr'><strong>coenatus.</strong></span> 
     </span>
    </p>
   </div>
   <div class='ocr_carea' id='block_1_63' title="bbox 289 5700 1817 5764">
    <p class='ocr_par' dir='ltr' id='par_1_63' title="bbox 289 5700 1817 5764">
     <span class='ocr_line' id='line_1_64' title="bbox 289 5700 1817 5764; baseline 0.005 -14"><span class='ocrx_word' id='word_1_455' title='bbox 289 5700 365 5763; x_wconf 73' lang='grc' dir='ltr'><strong>(ὁ)</strong></span> <span class='ocrx_word' id='word_1_456' title='bbox 395 5703 604 5752; x_wconf 74' lang='lat' dir='ltr'><strong>Vulcano</strong></span> <span class='ocrx_word' id='word_1_457' title='bbox 626 5705 826 5752; x_wconf 71' lang='lat' dir='ltr'><strong>lunonis</strong></span> <span class='ocrx_word' id='word_1_458' title='bbox 849 5715 912 5752; x_wconf 79' lang='lat' dir='ltr'><strong>ex</strong></span> <span class='ocrx_word' id='word_1_459' title='bbox 935 5711 1058 5754; x_wconf 85' lang='lat' dir='ltr'><strong>Jove</strong></span> <span class='ocrx_word' id='word_1_460' title='bbox 1077 5704 1193 5764; x_wconf 86' lang='lat' dir='ltr'><strong>filio,</strong></span> <span class='ocrx_word' id='word_1_461' title='bbox 1215 5708 1442 5756; x_wconf 71' lang='lat' dir='ltr'><strong>Minervae</strong></span> <span class='ocrx_word' id='word_1_462' title='bbox 1459 5714 1623 5756; x_wconf 82' lang='lat' dir='ltr'><strong>autem</strong></span> <span class='ocrx_word' id='word_1_463' title='bbox 1641 5707 1817 5758; x_wconf 86' lang='lat' dir='ltr'><strong>artium</strong></span> 
     </span>
    </p>
   </div>
   <div class='ocr_carea' id='block_1_64' title="bbox 231 5761 1814 5833">
    <p class='ocr_par' dir='ltr' id='par_1_64' title="bbox 231 5761 1814 5833">
     <span class='ocr_line' id='line_1_65' title="bbox 231 5761 1814 5833; baseline 0.006 -21"><span class='ocrx_word' id='word_1_464' title='bbox 231 5761 662 5833; x_wconf 48' lang='lat' dir='ltr'><strong>gee&#39;cooperario,</strong></span> <span class='ocrx_word' id='word_1_465' title='bbox 690 5767 810 5833; x_wconf 76' lang='lat' dir='ltr'><strong>quia</strong></span> <span class='ocrx_word' id='word_1_466' title='bbox 841 5761 1189 5833; x_wconf 77' lang='lat' dir='ltr'><strong>instrumentis</strong></span> <span class='ocrx_word' id='word_1_467' title='bbox 1217 5771 1390 5818; x_wconf 89' lang='lat' dir='ltr'><strong>artium</strong></span> <span class='ocrx_word' id='word_1_468' title='bbox 1431 5769 1666 5820; x_wconf 82' lang='lat' dir='ltr'><strong>cudcudis</strong></span> <span class='ocrx_word' id='word_1_469' title='bbox 1689 5783 1814 5833; x_wconf 71' lang='lat' dir='ltr'><strong>prte-</strong></span> 
     </span>
    </p>
   </div>
   <div class='ocr_carea' id='block_1_65' title="bbox 229 5821 1028 5877">
    <p class='ocr_par' dir='ltr' id='par_1_65' title="bbox 229 5821 1028 5877">
     <span class='ocr_line' id='line_1_66' title="bbox 229 5821 1028 5877; baseline 0.008 -6"><span class='ocrx_word' id='word_1_470' title='bbox 229 5821 370 5874; x_wconf 83' lang='lat' dir='ltr'><strong>fecto.</strong></span> <span class='ocrx_word' id='word_1_471' title='bbox 397 5821 499 5876; x_wconf 74' lang='lat' dir='ltr'><strong>viil.</strong></span> <span class='ocrx_word' id='word_1_472' title='bbox 525 5821 778 5876; x_wconf 78' lang='lat' dir='ltr'><strong>Platonem</strong></span> <span class='ocrx_word' id='word_1_473' title='bbox 801 5829 848 5876; x_wconf 90' lang='lat' dir='ltr'><strong>in</strong></span> <span class='ocrx_word' id='word_1_474' title='bbox 868 5830 1028 5877; x_wconf 85' lang='lat' dir='ltr'><strong>Critia.</strong></span> 
     </span>
    </p>
   </div>
   <div class='ocr_carea' id='block_1_66' title="bbox 289 5887 1038 5958">
    <p class='ocr_par' dir='ltr' id='par_1_66' title="bbox 289 5887 1038 5958">
     <span class='ocr_line' id='line_1_67' title="bbox 289 5887 1038 5958; baseline 0.012 -25"><span class='ocrx_word' id='word_1_475' title='bbox 289 5889 358 5952; x_wconf 79' lang='grc' dir='ltr'><strong>(ε)</strong></span> <span class='ocrx_word' id='word_1_476' title='bbox 381 5889 496 5941; x_wconf 74' lang='lat' dir='ltr'><strong>vide</strong></span> <span class='ocrx_word' id='word_1_477' title='bbox 521 5891 667 5952; x_wconf 84' lang='lat' dir='ltr'><strong>infra,</strong></span> <span class='ocrx_word' id='word_1_478' title='bbox 693 5887 778 5938; x_wconf 86' lang='lat' dir='ltr'><strong>lib.</strong></span> <span class='ocrx_word' id='word_1_479' title='bbox 799 5891 846 5952; x_wconf 92' lang='lat'><strong>7,</strong></span> <span class='ocrx_word' id='word_1_480' title='bbox 871 5903 974 5958; x_wconf 71' lang='lat' dir='ltr'><strong>mp.</strong></span> <span class='ocrx_word' id='word_1_481' title='bbox 991 5891 1038 5948; x_wconf 86' lang='lat'><strong>6.</strong></span> 
     </span>
    </p>
   </div>
   <div class='ocr_carea' id='block_1_67' title="bbox 1565 385 2150 460">
    <p class='ocr_par' dir='ltr' id='par_1_67' title="bbox 1565 385 2150 460">
     <span class='ocr_line' id='line_1_68' title="bbox 1565 385 2150 460; baseline -0.007 -12"><span class='ocrx_word' id='word_1_482' title='bbox 1565 389 1771 448; x_wconf 80' lang='lat' dir='ltr'><strong>LIBER</strong></span> <span class='ocrx_word' id='word_1_483' title='bbox 1807 385 2150 460; x_wconf 80' lang='lat' dir='ltr'><strong>QUARTUS.</strong></span> 
     </span>
    </p>
   </div>
   <div class='ocr_carea' id='block_1_68' title="bbox 1941 497 3519 569">
    <p class='ocr_par' dir='ltr' id='par_1_68' title="bbox 1941 497 3519 569">
     <span class='ocr_line' id='line_1_69' title="bbox 1941 497 3519 569; baseline -0.005 -9"><span class='ocrx_word' id='word_1_484' title='bbox 1941 505 2154 560; x_wconf 89' lang='lat' dir='ltr'><strong>Bellona</strong></span> <span class='ocrx_word' id='word_1_485' title='bbox 2181 504 2234 558; x_wconf 90' lang='lat' dir='ltr'><strong>in</strong></span> <span class='ocrx_word' id='word_1_486' title='bbox 2265 502 2436 569; x_wconf 82' lang='lat' dir='ltr'><strong>bellis,</strong></span> <span class='ocrx_word' id='word_1_487' title='bbox 2469 502 2628 560; x_wconf 86' lang='lat' dir='ltr'><strong>Liber</strong></span> <span class='ocrx_word' id='word_1_488' title='bbox 2649 502 2702 560; x_wconf 89' lang='lat' dir='ltr'><strong>in</strong></span> <span class='ocrx_word' id='word_1_489' title='bbox 2721 500 2913 568; x_wconf 89' lang='lat' dir='ltr'><strong>vineis,</strong></span> <span class='ocrx_word' id='word_1_490' title='bbox 2939 499 3105 558; x_wconf 86' lang='lat' dir='ltr'><strong>Ceres</strong></span> <span class='ocrx_word' id='word_1_491' title='bbox 3131 497 3186 554; x_wconf 92' lang='lat' dir='ltr'><strong>in</strong></span> <span class='ocrx_word' id='word_1_492' title='bbox 3215 497 3519 566; x_wconf 86' lang='lat' dir='ltr'><strong>frumentis,</strong></span> 
     </span>
    </p>
   </div>
   <div class='ocr_carea' id='block_1_69' title="bbox 1940 592 3522 666">
    <p class='ocr_par' dir='ltr' id='par_1_69' title="bbox 1940 592 3522 666">
     <span class='ocr_line' id='line_1_70' title="bbox 1940 592 3522 666; baseline -0.004 -16"><span class='ocrx_word' id='word_1_493' title='bbox 1940 595 2106 650; x_wconf 90' lang='lat' dir='ltr'><strong>Diana</strong></span> <span class='ocrx_word' id='word_1_494' title='bbox 2125 597 2176 650; x_wconf 90' lang='lat' dir='ltr'><strong>in</strong></span> <span class='ocrx_word' id='word_1_495' title='bbox 2205 595 2374 659; x_wconf 87' lang='lat' dir='ltr'><strong>silvis,</strong></span> <span class='ocrx_word' id='word_1_496' title='bbox 2399 595 2632 650; x_wconf 83' lang='lat' dir='ltr'><strong>Minerva</strong></span> <span class='ocrx_word' id='word_1_497' title='bbox 2659 596 2708 650; x_wconf 91' lang='lat' dir='ltr'><strong>in</strong></span> <span class='ocrx_word' id='word_1_498' title='bbox 2737 595 2996 666; x_wconf 87' lang='lat' dir='ltr'><strong>ingeniis:</strong></span> <span class='ocrx_word' id='word_1_499' title='bbox 3026 593 3140 664; x_wconf 83' lang='lat' dir='ltr'><strong>ipse</strong></span> <span class='ocrx_word' id='word_1_500' title='bbox 3162 592 3522 661; x_wconf 88' lang='lat' dir='ltr'><strong>sitpostremo</strong></span> 
     </span>
    </p>
   </div>
   <div class='ocr_carea' id='block_1_70' title="bbox 1937 683 3522 758">
    <p class='ocr_par' dir='ltr' id='par_1_70' title="bbox 1937 683 3522 758">
     <span class='ocr_line' id='line_1_71' title="bbox 1937 683 3522 758; baseline -0.001 -16"><span class='ocrx_word' id='word_1_501' title='bbox 1937 688 2096 742; x_wconf 87' lang='lat' dir='ltr'><strong>etiam</strong></span> <span class='ocrx_word' id='word_1_502' title='bbox 2129 689 2180 741; x_wconf 91' lang='lat' dir='ltr'><strong>in</strong></span> <span class='ocrx_word' id='word_1_503' title='bbox 2213 687 2301 742; x_wconf 91' lang='lat' dir='ltr'><strong>illa</strong></span> <span class='ocrx_word' id='word_1_504' title='bbox 2349 687 2500 742; x_wconf 87' lang='lat' dir='ltr'><strong>turba</strong></span> <span class='ocrx_word' id='word_1_505' title='bbox 2531 687 2682 757; x_wconf 90' lang='lat' dir='ltr'><strong>quasi</strong></span> <span class='ocrx_word' id='word_1_506' title='bbox 2723 687 3054 758; x_wconf 90' lang='lat' dir='ltr'><strong>plebeiorum</strong></span> <span class='ocrx_word' id='word_1_507' title='bbox 3101 684 3322 740; x_wconf 91' lang='lat' dir='ltr'><strong>deorum</strong></span> <span class='ocrx_word' id='word_1_508' title='bbox 3361 700 3376 738; x_wconf 91' lang='lat'><strong>:</strong></span> <span class='ocrx_word' id='word_1_509' title='bbox 3408 683 3522 753; x_wconf 83' lang='lat' dir='ltr'><strong>ipse</strong></span> 
     </span>
    </p>
   </div>
   <div class='ocr_carea' id='block_1_71' title="bbox 1939 776 3522 850">
    <p class='ocr_par' dir='ltr' id='par_1_71' title="bbox 1939 776 3522 850">
     <span class='ocr_line' id='line_1_72' title="bbox 1939 776 3522 850; baseline -0.001 -16"><span class='ocrx_word' id='word_1_510' title='bbox 1939 781 2120 850; x_wconf 66' lang='lat' dir='ltr'><strong>prmsit</strong></span> <span class='ocrx_word' id='word_1_511' title='bbox 2150 781 2365 836; x_wconf 88' lang='lat' dir='ltr'><strong>nomine</strong></span> <span class='ocrx_word' id='word_1_512' title='bbox 2393 781 2570 836; x_wconf 88' lang='lat' dir='ltr'><strong>Liberi</strong></span> <span class='ocrx_word' id='word_1_513' title='bbox 2603 781 2838 835; x_wconf 90' lang='lat' dir='ltr'><strong>virorum</strong></span> <span class='ocrx_word' id='word_1_514' title='bbox 2866 780 3176 846; x_wconf 83' lang='lat' dir='ltr'><strong>seminibus,</strong></span> <span class='ocrx_word' id='word_1_515' title='bbox 3225 787 3280 834; x_wconf 89' lang='lat' dir='ltr'><strong>et</strong></span> <span class='ocrx_word' id='word_1_516' title='bbox 3307 776 3522 832; x_wconf 83' lang='lat' dir='ltr'><strong>nomine</strong></span> 
     </span>
    </p>
   </div>
   <div class='ocr_carea' id='block_1_72' title="bbox 1937 870 3520 943">
    <p class='ocr_par' dir='ltr' id='par_1_72' title="bbox 1937 870 3520 943">
     <span class='ocr_line' id='line_1_73' title="bbox 1937 870 3520 943; baseline -0.004 -17"><span class='ocrx_word' id='word_1_517' title='bbox 1937 871 2140 926; x_wconf 67' lang='lat' dir='ltr'><strong>Liberze</strong></span> <span class='ocrx_word' id='word_1_518' title='bbox 2163 873 2476 926; x_wconf 76' lang='lat' dir='ltr'><strong>feminarum</strong></span> <span class='ocrx_word' id='word_1_519' title='bbox 2491 872 2564 940; x_wconf 88' lang='lat' dir='ltr'><strong>(a)</strong></span> <span class='ocrx_word' id='word_1_520' title='bbox 2585 889 2598 926; x_wconf 92' lang='lat'>:</span> <span class='ocrx_word' id='word_1_521' title='bbox 2622 873 2734 942; x_wconf 88' lang='lat' dir='ltr'><strong>ipse</strong></span> <span class='ocrx_word' id='word_1_522' title='bbox 2759 873 2828 926; x_wconf 88' lang='lat' dir='ltr'><strong>sit</strong></span> <span class='ocrx_word' id='word_1_523' title='bbox 2859 873 3120 943; x_wconf 87' lang='lat' dir='ltr'><strong>Diespiter</strong></span> <span class='ocrx_word' id='word_1_524' title='bbox 3139 913 3153 934; x_wconf 92' lang='lat'><strong>,</strong></span> <span class='ocrx_word' id='word_1_525' title='bbox 3197 870 3283 940; x_wconf 90' lang='lat' dir='ltr'><strong>qui</strong></span> <span class='ocrx_word' id='word_1_526' title='bbox 3311 877 3520 938; x_wconf 86' lang='lat' dir='ltr'><strong>partum</strong></span> 
     </span>
    </p>
   </div>
   <div class='ocr_carea' id='block_1_73' title="bbox 1940 961 3518 1032">
    <p class='ocr_par' dir='ltr' id='par_1_73' title="bbox 1940 961 3518 1032">
     <span class='ocr_line' id='line_1_74' title="bbox 1940 961 3518 1032; baseline -0.003 -16"><span class='ocrx_word' id='word_1_527' title='bbox 1940 963 2193 1032; x_wconf 87' lang='lat' dir='ltr'><strong>perducat</strong></span> <span class='ocrx_word' id='word_1_528' title='bbox 2241 964 2306 1016; x_wconf 90' lang='lat' dir='ltr'><strong>ad</strong></span> <span class='ocrx_word' id='word_1_529' title='bbox 2343 963 2524 1028; x_wconf 88' lang='lat' dir='ltr'><strong>diem;</strong></span> <span class='ocrx_word' id='word_1_530' title='bbox 2565 963 2678 1032; x_wconf 90' lang='lat' dir='ltr'><strong>ipse</strong></span> <span class='ocrx_word' id='word_1_531' title='bbox 2707 963 2776 1016; x_wconf 90' lang='lat' dir='ltr'><strong>sit</strong></span> <span class='ocrx_word' id='word_1_532' title='bbox 2805 961 2902 1016; x_wconf 82' lang='lat' dir='ltr'><strong>dea</strong></span> <span class='ocrx_word' id='word_1_533' title='bbox 2947 963 3118 1024; x_wconf 84' lang='lat' dir='ltr'><strong>Mena,</strong></span> <span class='ocrx_word' id='word_1_534' title='bbox 3167 976 3325 1031; x_wconf 86' lang='lat' dir='ltr'><strong>quam</strong></span> <span class='ocrx_word' id='word_1_535' title='bbox 3377 971 3518 1028; x_wconf 67' lang='lat' dir='ltr'><strong>prat-</strong></span> 
     </span>
    </p>
   </div>
   <div class='ocr_carea' id='block_1_74' title="bbox 1936 1054 3519 1126">
    <p class='ocr_par' dir='ltr' id='par_1_74' title="bbox 1936 1054 3519 1126">
     <span class='ocr_line' id='line_1_75' title="bbox 1936 1054 3519 1126; baseline 0.001 -18"><span class='ocrx_word' id='word_1_536' title='bbox 1936 1054 2176 1112; x_wconf 87' lang='lat' dir='ltr'><strong>fecerunt</strong></span> <span class='ocrx_word' id='word_1_537' title='bbox 2227 1058 2518 1112; x_wconf 86' lang='lat' dir='ltr'><strong>menstruis</strong></span> <span class='ocrx_word' id='word_1_538' title='bbox 2567 1057 2928 1122; x_wconf 85' lang='lat' dir='ltr'><strong>feminarum;</strong></span> <span class='ocrx_word' id='word_1_539' title='bbox 2979 1058 3092 1126; x_wconf 86' lang='lat' dir='ltr'><strong>ipse</strong></span> <span class='ocrx_word' id='word_1_540' title='bbox 3126 1055 3346 1116; x_wconf 85' lang='lat' dir='ltr'><strong>Lucina,</strong></span> <span class='ocrx_word' id='word_1_541' title='bbox 3399 1069 3519 1124; x_wconf 65' lang='lat' dir='ltr'><strong>quae</strong></span> 
     </span>
    </p>
   </div>
   <div class='ocr_carea' id='block_1_75' title="bbox 1935 1145 3518 1218">
    <p class='ocr_par' dir='ltr' id='par_1_75' title="bbox 1935 1145 3518 1218">
     <span class='ocr_line' id='line_1_76' title="bbox 1935 1145 3518 1218; baseline -0.001 -17"><span class='ocrx_word' id='word_1_542' title='bbox 1935 1163 1963 1201; x_wconf 85' lang='lat' dir='ltr'><strong>a</strong></span> <span class='ocrx_word' id='word_1_543' title='bbox 1995 1149 2412 1218; x_wconf 85' lang='lat' dir='ltr'><strong>parturientibus</strong></span> <span class='ocrx_word' id='word_1_544' title='bbox 2441 1150 2751 1203; x_wconf 87' lang='lat' dir='ltr'><strong>invocetur:</strong></span> <span class='ocrx_word' id='word_1_545' title='bbox 2779 1149 2892 1218; x_wconf 90' lang='lat' dir='ltr'><strong>ipse</strong></span> <span class='ocrx_word' id='word_1_546' title='bbox 2917 1163 3068 1218; x_wconf 89' lang='lat' dir='ltr'><strong>opem</strong></span> <span class='ocrx_word' id='word_1_547' title='bbox 3095 1147 3226 1202; x_wconf 87' lang='lat' dir='ltr'><strong>ferat</strong></span> <span class='ocrx_word' id='word_1_548' title='bbox 3249 1145 3518 1201; x_wconf 85' lang='lat' dir='ltr'><strong>nascenti-</strong></span> 
     </span>
    </p>
   </div>
   <div class='ocr_carea' id='block_1_76' title="bbox 1935 1238 3514 1310">
    <p class='ocr_par' dir='ltr' id='par_1_76' title="bbox 1935 1238 3514 1310">
     <span class='ocr_line' id='line_1_77' title="bbox 1935 1238 3514 1310; baseline -0.001 -16"><span class='ocrx_word' id='word_1_549' title='bbox 1935 1240 2052 1306; x_wconf 86' lang='lat' dir='ltr'><strong>bus,</strong></span> <span class='ocrx_word' id='word_1_550' title='bbox 2099 1241 2416 1310; x_wconf 84' lang='lat' dir='ltr'><strong>excipiendo</strong></span> <span class='ocrx_word' id='word_1_551' title='bbox 2465 1255 2558 1295; x_wconf 90' lang='lat' dir='ltr'><strong>eos</strong></span> <span class='ocrx_word' id='word_1_552' title='bbox 2591 1241 2711 1294; x_wconf 88' lang='lat' dir='ltr'><strong>sinu</strong></span> <span class='ocrx_word' id='word_1_553' title='bbox 2749 1249 2926 1304; x_wconf 75' lang='lat' dir='ltr'><strong>terrm,</strong></span> <span class='ocrx_word' id='word_1_554' title='bbox 2977 1249 3032 1295; x_wconf 90' lang='lat' dir='ltr'><strong>et</strong></span> <span class='ocrx_word' id='word_1_555' title='bbox 3079 1249 3300 1294; x_wconf 88' lang='lat' dir='ltr'><strong>vocetur</strong></span> <span class='ocrx_word' id='word_1_556' title='bbox 3347 1238 3514 1308; x_wconf 88' lang='lat' dir='ltr'><strong>Opis;</strong></span> 
     </span>
    </p>
   </div>
   <div class='ocr_carea' id='block_1_77' title="bbox 1933 1329 3506 1404">
    <p class='ocr_par' dir='ltr' id='par_1_77' title="bbox 1933 1329 3506 1404">
     <span class='ocr_line' id='line_1_78' title="bbox 1933 1329 3506 1404; baseline 0.001 -17"><span class='ocrx_word' id='word_1_557' title='bbox 1933 1333 2048 1402; x_wconf 88' lang='lat' dir='ltr'><strong>ipse</strong></span> <span class='ocrx_word' id='word_1_558' title='bbox 2077 1333 2128 1386; x_wconf 93' lang='lat' dir='ltr'><strong>in</strong></span> <span class='ocrx_word' id='word_1_559' title='bbox 2162 1335 2336 1404; x_wconf 76' lang='lat' dir='ltr'><strong>vagitu</strong></span> <span class='ocrx_word' id='word_1_560' title='bbox 2357 1349 2420 1387; x_wconf 86' lang='lat' dir='ltr'><strong>os</strong></span> <span class='ocrx_word' id='word_1_561' title='bbox 2441 1335 2666 1403; x_wconf 87' lang='lat' dir='ltr'><strong>aperiat,</strong></span> <span class='ocrx_word' id='word_1_562' title='bbox 2691 1341 2744 1387; x_wconf 90' lang='lat' dir='ltr'><strong>et</strong></span> <span class='ocrx_word' id='word_1_563' title='bbox 2768 1343 2991 1388; x_wconf 85' lang='lat' dir='ltr'><strong>vocetur</strong></span> <span class='ocrx_word' id='word_1_564' title='bbox 3018 1332 3148 1387; x_wconf 79' lang='lat' dir='ltr'><strong>deus</strong></span> <span class='ocrx_word' id='word_1_565' title='bbox 3192 1329 3506 1388; x_wconf 82' lang='lat' dir='ltr'><strong>Vaticanus:</strong></span> 
     </span>
    </p>
   </div>
   <div class='ocr_carea' id='block_1_78' title="bbox 1933 1423 3514 1494">
    <p class='ocr_par' dir='ltr' id='par_1_78' title="bbox 1933 1423 3514 1494">
     <span class='ocr_line' id='line_1_79' title="bbox 1933 1423 3514 1494; baseline 0.001 -16"><span class='ocrx_word' id='word_1_566' title='bbox 1933 1425 2048 1494; x_wconf 87' lang='lat' dir='ltr'><strong>ipse</strong></span> <span class='ocrx_word' id='word_1_567' title='bbox 2083 1425 2220 1480; x_wconf 88' lang='lat' dir='ltr'><strong>levet</strong></span> <span class='ocrx_word' id='word_1_568' title='bbox 2273 1425 2338 1480; x_wconf 88' lang='lat' dir='ltr'><strong>de</strong></span> <span class='ocrx_word' id='word_1_569' title='bbox 2375 1433 2538 1490; x_wconf 90' lang='lat' dir='ltr'><strong>terra,</strong></span> <span class='ocrx_word' id='word_1_570' title='bbox 2579 1433 2636 1478; x_wconf 88' lang='lat' dir='ltr'><strong>et</strong></span> <span class='ocrx_word' id='word_1_571' title='bbox 2689 1435 2904 1480; x_wconf 87' lang='lat' dir='ltr'><strong>vocetur</strong></span> <span class='ocrx_word' id='word_1_572' title='bbox 2943 1424 3042 1478; x_wconf 89' lang='lat' dir='ltr'><strong>dea</strong></span> <span class='ocrx_word' id='word_1_573' title='bbox 3095 1423 3303 1476; x_wconf 87' lang='lat' dir='ltr'><strong>Levaua</strong></span> <span class='ocrx_word' id='word_1_574' title='bbox 3338 1440 3353 1487; x_wconf 91' lang='lat'><strong>;</strong></span> <span class='ocrx_word' id='word_1_575' title='bbox 3403 1423 3514 1492; x_wconf 81' lang='lat' dir='ltr'><strong>ipse</strong></span> 
     </span>
    </p>
   </div>
   <div class='ocr_carea' id='block_1_79' title="bbox 1933 1514 3511 1584">
    <p class='ocr_par' dir='ltr' id='par_1_79' title="bbox 1933 1514 3511 1584">
     <span class='ocr_line' id='line_1_80' title="bbox 1933 1514 3511 1584; baseline -0.004 -12"><span class='ocrx_word' id='word_1_576' title='bbox 1933 1533 2098 1572; x_wconf 91' lang='lat' dir='ltr'><strong>cunas</strong></span> <span class='ocrx_word' id='word_1_577' title='bbox 2125 1525 2354 1580; x_wconf 86' lang='lat' dir='ltr'><strong>tueatur,</strong></span> <span class='ocrx_word' id='word_1_578' title='bbox 2383 1527 2438 1573; x_wconf 90' lang='lat' dir='ltr'><strong>et</strong></span> <span class='ocrx_word' id='word_1_579' title='bbox 2464 1527 2682 1573; x_wconf 80' lang='lat' dir='ltr'><strong>vocetur</strong></span> <span class='ocrx_word' id='word_1_580' title='bbox 2717 1517 2812 1570; x_wconf 87' lang='lat' dir='ltr'><strong>dea</strong></span> <span class='ocrx_word' id='word_1_581' title='bbox 2843 1515 3044 1570; x_wconf 87' lang='lat' dir='ltr'><strong>Cunina</strong></span> <span class='ocrx_word' id='word_1_582' title='bbox 3070 1532 3084 1568; x_wconf 89' lang='lat'><strong>:</strong></span> <span class='ocrx_word' id='word_1_583' title='bbox 3115 1531 3219 1568; x_wconf 88' lang='lat' dir='ltr'><strong>non</strong></span> <span class='ocrx_word' id='word_1_584' title='bbox 3261 1514 3330 1568; x_wconf 90' lang='lat' dir='ltr'><strong>sit</strong></span> <span class='ocrx_word' id='word_1_585' title='bbox 3359 1515 3511 1584; x_wconf 70' lang='lat' dir='ltr'><strong>alius,</strong></span> 
     </span>
    </p>
   </div>
   <div class='ocr_carea' id='block_1_80' title="bbox 1933 1607 3512 1680">
    <p class='ocr_par' dir='ltr' id='par_1_80' title="bbox 1933 1607 3512 1680">
     <span class='ocr_line' id='line_1_81' title="bbox 1933 1607 3512 1680; baseline -0.003 -16"><span class='ocrx_word' id='word_1_586' title='bbox 1933 1612 2026 1666; x_wconf 90' lang='lat' dir='ltr'><strong>sed</strong></span> <span class='ocrx_word' id='word_1_587' title='bbox 2051 1613 2163 1680; x_wconf 91' lang='lat' dir='ltr'><strong>ipse</strong></span> <span class='ocrx_word' id='word_1_588' title='bbox 2191 1613 2240 1664; x_wconf 90' lang='lat' dir='ltr'><strong>in</strong></span> <span class='ocrx_word' id='word_1_589' title='bbox 2267 1611 2469 1666; x_wconf 80' lang='lat' dir='ltr'><strong>deabus</strong></span> <span class='ocrx_word' id='word_1_590' title='bbox 2497 1611 2618 1674; x_wconf 88' lang='lat' dir='ltr'><strong>illis,</strong></span> <span class='ocrx_word' id='word_1_591' title='bbox 2648 1627 2766 1680; x_wconf 75' lang='lat' dir='ltr'><strong>qua:</strong></span> <span class='ocrx_word' id='word_1_592' title='bbox 2795 1611 2895 1663; x_wconf 87' lang='lat' dir='ltr'><strong>fata</strong></span> <span class='ocrx_word' id='word_1_593' title='bbox 2929 1607 3269 1664; x_wconf 87' lang='lat' dir='ltr'><strong>nascentibus</strong></span> <span class='ocrx_word' id='word_1_594' title='bbox 3297 1615 3512 1670; x_wconf 88' lang='lat' dir='ltr'><strong>canunt,</strong></span> 
     </span>
    </p>
   </div>
   <div class='ocr_carea' id='block_1_81' title="bbox 1933 1701 3515 1774">
    <p class='ocr_par' dir='ltr' id='par_1_81' title="bbox 1933 1701 3515 1774">
     <span class='ocr_line' id='line_1_82' title="bbox 1933 1701 3515 1774; baseline -0.006 -14"><span class='ocrx_word' id='word_1_595' title='bbox 1933 1715 1985 1760; x_wconf 91' lang='lat' dir='ltr'><strong>et</strong></span> <span class='ocrx_word' id='word_1_596' title='bbox 2011 1715 2266 1760; x_wconf 89' lang='lat' dir='ltr'><strong>vocantur</strong></span> <span class='ocrx_word' id='word_1_597' title='bbox 2289 1705 2599 1761; x_wconf 80' lang='lat' dir='ltr'><strong>Carmentes</strong></span> <span class='ocrx_word' id='word_1_598' title='bbox 2623 1705 2730 1774; x_wconf 70' lang='grc' dir='ltr'><strong>(ἐὴι</strong></span> <span class='ocrx_word' id='word_1_599' title='bbox 2773 1703 2953 1773; x_wconf 71' lang='lat' dir='ltr'><strong>praesit</strong></span> <span class='ocrx_word' id='word_1_600' title='bbox 2981 1701 3230 1767; x_wconf 89' lang='lat' dir='ltr'><strong>fortuitis,</strong></span> <span class='ocrx_word' id='word_1_601' title='bbox 3265 1708 3515 1755; x_wconf 85' lang='lat' dir='ltr'><strong>vocetur-</strong></span> 
     </span>
    </p>
   </div>
   <div class='ocr_carea' id='block_1_82' title="bbox 1935 1793 3518 1870">
    <p class='ocr_par' dir='ltr' id='par_1_82' title="bbox 1935 1793 3518 1870">
     <span class='ocr_line' id='line_1_83' title="bbox 1935 1793 3518 1870; baseline -0.004 -17"><span class='ocrx_word' id='word_1_602' title='bbox 1935 1815 2038 1870; x_wconf 87' lang='lat' dir='ltr'><strong>que</strong></span> <span class='ocrx_word' id='word_1_603' title='bbox 2068 1801 2300 1854; x_wconf 86' lang='lat' dir='ltr'><strong>Fortuna</strong></span> <span class='ocrx_word' id='word_1_604' title='bbox 2333 1817 2346 1855; x_wconf 94' lang='lat'>:</span> <span class='ocrx_word' id='word_1_605' title='bbox 2377 1801 2428 1854; x_wconf 90' lang='lat' dir='ltr'><strong>in</strong></span> <span class='ocrx_word' id='word_1_606' title='bbox 2457 1799 2574 1853; x_wconf 89' lang='lat' dir='ltr'><strong>diva</strong></span> <span class='ocrx_word' id='word_1_607' title='bbox 2605 1799 2830 1853; x_wconf 79' lang='lat' dir='ltr'><strong>Rumina</strong></span> <span class='ocrx_word' id='word_1_608' title='bbox 2859 1811 3144 1852; x_wconf 86' lang='lat' dir='ltr'><strong>mammam</strong></span> <span class='ocrx_word' id='word_1_609' title='bbox 3175 1795 3396 1864; x_wconf 88' lang='lat' dir='ltr'><strong>parvulo</strong></span> <span class='ocrx_word' id='word_1_610' title='bbox 3419 1793 3518 1846; x_wconf 90' lang='lat' dir='ltr'><strong>im-</strong></span> 
     </span>
    </p>
   </div>
   <div class='ocr_carea' id='block_1_83' title="bbox 1935 1891 3512 1962">
    <p class='ocr_par' dir='ltr' id='par_1_83' title="bbox 1935 1891 3512 1962">
     <span class='ocr_line' id='line_1_84' title="bbox 1935 1891 3512 1962; baseline -0.004 -17"><span class='ocrx_word' id='word_1_611' title='bbox 1935 1893 2185 1961; x_wconf 81' lang='lat' dir='ltr'><strong>ntulgeat,</strong></span> <span class='ocrx_word' id='word_1_612' title='bbox 2217 1893 2338 1962; x_wconf 86' lang='lat' dir='ltr'><strong>quia</strong></span> <span class='ocrx_word' id='word_1_613' title='bbox 2370 1907 2573 1945; x_wconf 89' lang='lat' dir='ltr'><strong>rumam</strong></span> <span class='ocrx_word' id='word_1_614' title='bbox 2623 1891 2874 1944; x_wconf 78' lang='lat' dir='ltr'><strong>dixerunt</strong></span> <span class='ocrx_word' id='word_1_615' title='bbox 2928 1897 3136 1942; x_wconf 81' lang='lat' dir='ltr'><strong>veteres</strong></span> <span class='ocrx_word' id='word_1_616' title='bbox 3183 1899 3512 1948; x_wconf 87' lang='lat' dir='ltr'><strong>mammam;</strong></span> 
     </span>
    </p>
   </div>
   <div class='ocr_carea' id='block_1_84' title="bbox 1933 1976 3518 2053">
    <p class='ocr_par' dir='ltr' id='par_1_84' title="bbox 1933 1976 3518 2053">
     <span class='ocr_line' id='line_1_85' title="bbox 1933 1976 3518 2053; baseline -0.005 -15"><span class='ocrx_word' id='word_1_617' title='bbox 1933 1983 1986 2038; x_wconf 91' lang='lat' dir='ltr'><strong>in</strong></span> <span class='ocrx_word' id='word_1_618' title='bbox 2015 1983 2136 2035; x_wconf 90' lang='lat' dir='ltr'><strong>diva</strong></span> <span class='ocrx_word' id='word_1_619' title='bbox 2181 1982 2365 2036; x_wconf 87' lang='lat' dir='ltr'><strong>Potina</strong></span> <span class='ocrx_word' id='word_1_620' title='bbox 2397 1983 2668 2053; x_wconf 82' lang='lat' dir='ltr'><strong>potionem</strong></span> <span class='ocrx_word' id='word_1_621' title='bbox 2701 1981 3001 2046; x_wconf 85' lang='lat' dir='ltr'><strong>ministret;</strong></span> <span class='ocrx_word' id='word_1_622' title='bbox 3045 1979 3098 2032; x_wconf 90' lang='lat' dir='ltr'><strong>in</strong></span> <span class='ocrx_word' id='word_1_623' title='bbox 3143 1977 3263 2032; x_wconf 87' lang='lat' dir='ltr'><strong>diva</strong></span> <span class='ocrx_word' id='word_1_624' title='bbox 3291 1977 3468 2031; x_wconf 88' lang='lat' dir='ltr'><strong>Educa</strong></span> <span class='ocrx_word' id='word_1_625' title='bbox 3495 1976 3518 2009; x_wconf 82' lang='grc'><em>³</em></span> 
     </span>
    </p>
   </div>
   <div class='ocr_carea' id='block_1_85' title="bbox 1931 2069 3501 2143">
    <p class='ocr_par' dir='ltr' id='par_1_85' title="bbox 1931 2069 3501 2143">
     <span class='ocr_line' id='line_1_86' title="bbox 1931 2069 3501 2143; baseline -0.003 -15"><span class='ocrx_word' id='word_1_626' title='bbox 1931 2089 2107 2130; x_wconf 79' lang='lat' dir='ltr'><strong>escam</strong></span> <span class='ocrx_word' id='word_1_627' title='bbox 2131 2075 2364 2143; x_wconf 69' lang='lat' dir='ltr'><strong>prmbeat</strong></span> <span class='ocrx_word' id='word_1_628' title='bbox 2406 2091 2420 2127; x_wconf 93' lang='lat'>:</span> <span class='ocrx_word' id='word_1_629' title='bbox 2477 2073 2544 2128; x_wconf 90' lang='lat' dir='ltr'><strong>de</strong></span> <span class='ocrx_word' id='word_1_630' title='bbox 2589 2087 2784 2142; x_wconf 88' lang='lat' dir='ltr'><strong>pavore</strong></span> <span class='ocrx_word' id='word_1_631' title='bbox 2831 2070 3088 2125; x_wconf 89' lang='lat' dir='ltr'><strong>infantum</strong></span> <span class='ocrx_word' id='word_1_632' title='bbox 3115 2069 3501 2124; x_wconf 83' lang='lat' dir='ltr'><strong>Paventianun</strong></span> 
     </span>
    </p>
   </div>
   <div class='ocr_carea' id='block_1_86' title="bbox 1932 2163 3518 2238">
    <p class='ocr_par' dir='ltr' id='par_1_86' title="bbox 1932 2163 3518 2238">
     <span class='ocr_line' id='line_1_87' title="bbox 1932 2163 3518 2238; baseline -0.005 -16"><span class='ocrx_word' id='word_1_633' title='bbox 1932 2165 2272 2238; x_wconf 67' lang='lat' dir='ltr'><strong>cupeturlr);</strong></span> <span class='ocrx_word' id='word_1_634' title='bbox 2316 2167 2384 2222; x_wconf 82' lang='lat' dir='ltr'><strong>de</strong></span> <span class='ocrx_word' id='word_1_635' title='bbox 2427 2183 2522 2238; x_wconf 87' lang='lat' dir='ltr'><strong>spe</strong></span> <span class='ocrx_word' id='word_1_636' title='bbox 2569 2183 2686 2236; x_wconf 73' lang='lat' dir='ltr'><strong>qua:</strong></span> <span class='ocrx_word' id='word_1_637' title='bbox 2750 2166 2911 2230; x_wconf 85' lang='lat' dir='ltr'><strong>venit,</strong></span> <span class='ocrx_word' id='word_1_638' title='bbox 2947 2165 3180 2228; x_wconf 78' lang='lat' dir='ltr'><strong>Venilia;</strong></span> <span class='ocrx_word' id='word_1_639' title='bbox 3221 2163 3288 2218; x_wconf 89' lang='lat' dir='ltr'><strong>de</strong></span> <span class='ocrx_word' id='word_1_640' title='bbox 3329 2163 3518 2232; x_wconf 89' lang='lat' dir='ltr'><strong>volup-</strong></span> 
     </span>
    </p>
   </div>
   <div class='ocr_carea' id='block_1_87' title="bbox 1935 2253 3516 2330">
    <p class='ocr_par' dir='ltr' id='par_1_87' title="bbox 1935 2253 3516 2330">
     <span class='ocr_line' id='line_1_88' title="bbox 1935 2253 3516 2330; baseline -0.004 -16"><span class='ocrx_word' id='word_1_641' title='bbox 1935 2269 2040 2316; x_wconf 83' lang='lat' dir='ltr'><strong>tate</strong></span> <span class='ocrx_word' id='word_1_642' title='bbox 2069 2260 2325 2330; x_wconf 82' lang='lat' dir='ltr'><strong>Volupia;</strong></span> <span class='ocrx_word' id='word_1_643' title='bbox 2381 2259 2446 2314; x_wconf 90' lang='lat' dir='ltr'><strong>de</strong></span> <span class='ocrx_word' id='word_1_644' title='bbox 2495 2269 2615 2312; x_wconf 81' lang='lat' dir='ltr'><strong>actu</strong></span> <span class='ocrx_word' id='word_1_645' title='bbox 2645 2258 2943 2329; x_wconf 80' lang='lat' dir='ltr'><strong>Agenoria;</strong></span> <span class='ocrx_word' id='word_1_646' title='bbox 2995 2256 3062 2310; x_wconf 89' lang='lat' dir='ltr'><strong>de</strong></span> <span class='ocrx_word' id='word_1_647' title='bbox 3095 2255 3345 2320; x_wconf 88' lang='lat' dir='ltr'><strong>stimulis,</strong></span> <span class='ocrx_word' id='word_1_648' title='bbox 3397 2253 3516 2324; x_wconf 87' lang='lat' dir='ltr'><strong>qui-</strong></span> 
     </span>
    </p>
   </div>
   <div class='ocr_carea' id='block_1_88' title="bbox 1931 2345 3513 2419">
    <p class='ocr_par' dir='ltr' id='par_1_88' title="bbox 1931 2345 3513 2419">
     <span class='ocr_line' id='line_1_89' title="bbox 1931 2345 3513 2419; baseline -0.005 -11"><span class='ocrx_word' id='word_1_649' title='bbox 1931 2353 2032 2408; x_wconf 87' lang='lat' dir='ltr'><strong>bus</strong></span> <span class='ocrx_word' id='word_1_650' title='bbox 2058 2351 2122 2406; x_wconf 88' lang='lat' dir='ltr'><strong>ad</strong></span> <span class='ocrx_word' id='word_1_651' title='bbox 2165 2352 2384 2406; x_wconf 89' lang='lat' dir='ltr'><strong>nimium</strong></span> <span class='ocrx_word' id='word_1_652' title='bbox 2423 2361 2596 2404; x_wconf 81' lang='lat' dir='ltr'><strong>artum</strong></span> <span class='ocrx_word' id='word_1_653' title='bbox 2639 2350 2798 2404; x_wconf 89' lang='lat' dir='ltr'><strong>homo</strong></span> <span class='ocrx_word' id='word_1_654' title='bbox 2824 2349 3134 2419; x_wconf 86' lang='lat' dir='ltr'><strong>impellitur,</strong></span> <span class='ocrx_word' id='word_1_655' title='bbox 3161 2347 3257 2402; x_wconf 89' lang='lat' dir='ltr'><strong>dea</strong></span> <span class='ocrx_word' id='word_1_656' title='bbox 3285 2345 3513 2402; x_wconf 85' lang='lat' dir='ltr'><strong>Stimula</strong></span> 
     </span>
    </p>
   </div>
   <div class='ocr_carea' id='block_1_89' title="bbox 1931 2439 3515 2510">
    <p class='ocr_par' dir='ltr' id='par_1_89' title="bbox 1931 2439 3515 2510">
     <span class='ocr_line' id='line_1_90' title="bbox 1931 2439 3515 2510; baseline -0.005 -12"><span class='ocrx_word' id='word_1_657' title='bbox 1931 2445 2270 2510; x_wconf 88' lang='lat' dir='ltr'><strong>nominetur,</strong></span> <span class='ocrx_word' id='word_1_658' title='bbox 2311 2442 2518 2498; x_wconf 90' lang='lat' dir='ltr'><strong>Strenia</strong></span> <span class='ocrx_word' id='word_1_659' title='bbox 2567 2441 2586 2474; x_wconf 89' lang='grc'>³</span> <span class='ocrx_word' id='word_1_660' title='bbox 2629 2441 2726 2496; x_wconf 86' lang='lat' dir='ltr'><strong>dea</strong></span> <span class='ocrx_word' id='word_1_661' title='bbox 2766 2442 2834 2495; x_wconf 88' lang='lat' dir='ltr'><strong>sit</strong></span> <span class='ocrx_word' id='word_1_662' title='bbox 2859 2483 2873 2506; x_wconf 92' lang='lat'><strong>,</strong></span> <span class='ocrx_word' id='word_1_663' title='bbox 2917 2451 3190 2495; x_wconf 87' lang='lat' dir='ltr'><strong>strenuum</strong></span> <span class='ocrx_word' id='word_1_664' title='bbox 3243 2439 3515 2504; x_wconf 88' lang='lat' dir='ltr'><strong>faciendo;</strong></span> 
     </span>
    </p>
   </div>
   <div class='ocr_carea' id='block_1_90' title="bbox 1931 2531 3515 2607">
    <p class='ocr_par' dir='ltr' id='par_1_90' title="bbox 1931 2531 3515 2607">
     <span class='ocr_line' id='line_1_91' title="bbox 1931 2531 3515 2607; baseline -0.004 -15"><span class='ocrx_word' id='word_1_665' title='bbox 1931 2537 2215 2602; x_wconf 77' lang='lat' dir='ltr'><strong>Numeria,</strong></span> <span class='ocrx_word' id='word_1_666' title='bbox 2257 2553 2375 2607; x_wconf 74' lang='lat' dir='ltr'><strong>qua:</strong></span> <span class='ocrx_word' id='word_1_667' title='bbox 2430 2551 2710 2590; x_wconf 82' lang='lat' dir='ltr'><strong>munerare</strong></span> <span class='ocrx_word' id='word_1_668' title='bbox 2757 2535 2986 2598; x_wconf 81' lang='lat' dir='ltr'><strong>doceat;</strong></span> <span class='ocrx_word' id='word_1_669' title='bbox 3039 2531 3287 2588; x_wconf 63' lang='lat' dir='ltr'><strong>Camena</strong></span> <span class='ocrx_word' id='word_1_670' title='bbox 3317 2573 3332 2600; x_wconf 95' lang='lat'><strong>,</strong></span> <span class='ocrx_word' id='word_1_671' title='bbox 3397 2543 3515 2601; x_wconf 65' lang='lat' dir='ltr'><strong>quae</strong></span> 
     </span>
    </p>
   </div>
   <div class='ocr_carea' id='block_1_91' title="bbox 1931 2623 3514 2700">
    <p class='ocr_par' dir='ltr' id='par_1_91' title="bbox 1931 2623 3514 2700">
     <span class='ocr_line' id='line_1_92' title="bbox 1931 2623 3514 2700; baseline -0.008 -14"><span class='ocrx_word' id='word_1_672' title='bbox 1931 2645 2152 2686; x_wconf 81' lang='lat' dir='ltr'><strong>canere:</strong></span> <span class='ocrx_word' id='word_1_673' title='bbox 2175 2632 2286 2700; x_wconf 86' lang='lat' dir='ltr'><strong>ipse</strong></span> <span class='ocrx_word' id='word_1_674' title='bbox 2305 2631 2370 2684; x_wconf 89' lang='lat' dir='ltr'><strong>sit</strong></span> <span class='ocrx_word' id='word_1_675' title='bbox 2395 2637 2448 2684; x_wconf 92' lang='lat' dir='ltr'><strong>et</strong></span> <span class='ocrx_word' id='word_1_676' title='bbox 2483 2627 2614 2688; x_wconf 77' lang='lat' dir='ltr'><strong>deus</strong></span> <span class='ocrx_word' id='word_1_677' title='bbox 2653 2628 2888 2693; x_wconf 87' lang='lat' dir='ltr'><strong>Consus,</strong></span> <span class='ocrx_word' id='word_1_678' title='bbox 2927 2625 3216 2696; x_wconf 73' lang='lat' dir='ltr'><strong>pra~bendo</strong></span> <span class='ocrx_word' id='word_1_679' title='bbox 3252 2623 3514 2688; x_wconf 76' lang='lat' dir='ltr'><strong>consilia;</strong></span> 
     </span>
    </p>
   </div>
   <div class='ocr_carea' id='block_1_92' title="bbox 1931 2715 3516 2790">
    <p class='ocr_par' dir='ltr' id='par_1_92' title="bbox 1931 2715 3516 2790">
     <span class='ocr_line' id='line_1_93' title="bbox 1931 2715 3516 2790; baseline -0.005 -12"><span class='ocrx_word' id='word_1_680' title='bbox 1931 2733 1984 2778; x_wconf 90' lang='lat' dir='ltr'><strong>et</strong></span> <span class='ocrx_word' id='word_1_681' title='bbox 2003 2725 2098 2778; x_wconf 89' lang='lat' dir='ltr'><strong>dea</strong></span> <span class='ocrx_word' id='word_1_682' title='bbox 2127 2723 2304 2778; x_wconf 87' lang='lat' dir='ltr'><strong>Sentia</strong></span> <span class='ocrx_word' id='word_1_683' title='bbox 2337 2765 2352 2788; x_wconf 95' lang='lat'><strong>,</strong></span> <span class='ocrx_word' id='word_1_684' title='bbox 2380 2723 2670 2776; x_wconf 77' lang='lat' dir='ltr'><strong>sententias</strong></span> <span class='ocrx_word' id='word_1_685' title='bbox 2694 2719 3004 2790; x_wconf 86' lang='lat' dir='ltr'><strong>inspirando</strong></span> <span class='ocrx_word' id='word_1_686' title='bbox 3031 2739 3044 2773; x_wconf 91' lang='lat'>:</span> <span class='ocrx_word' id='word_1_687' title='bbox 3069 2719 3182 2788; x_wconf 85' lang='lat' dir='ltr'><strong>ipse</strong></span> <span class='ocrx_word' id='word_1_688' title='bbox 3203 2717 3299 2772; x_wconf 86' lang='lat' dir='ltr'><strong>dea</strong></span> <span class='ocrx_word' id='word_1_689' title='bbox 3322 2715 3516 2770; x_wconf 83' lang='lat' dir='ltr'><strong>Juven-</strong></span> 
     </span>
    </p>
   </div>
   <div class='ocr_carea' id='block_1_93' title="bbox 1933 2808 3516 2886">
    <p class='ocr_par' dir='ltr' id='par_1_93' title="bbox 1933 2808 3516 2886">
     <span class='ocr_line' id='line_1_94' title="bbox 1933 2808 3516 2886; baseline -0.008 -15"><span class='ocrx_word' id='word_1_690' title='bbox 1933 2825 2033 2882; x_wconf 88' lang='lat' dir='ltr'><strong>tas,</strong></span> <span class='ocrx_word' id='word_1_691' title='bbox 2059 2831 2174 2884; x_wconf 74' lang='lat' dir='ltr'><strong>quae</strong></span> <span class='ocrx_word' id='word_1_692' title='bbox 2205 2823 2320 2886; x_wconf 91' lang='lat' dir='ltr'><strong>post</strong></span> <span class='ocrx_word' id='word_1_693' title='bbox 2358 2823 2667 2885; x_wconf 75' lang='lat' dir='ltr'><strong>przrtextam</strong></span> <span class='ocrx_word' id='word_1_694' title='bbox 2709 2813 2787 2884; x_wconf 77' lang='lat' dir='ltr'><strong>(tl)</strong></span> <span class='ocrx_word' id='word_1_695' title='bbox 2831 2811 3061 2880; x_wconf 83' lang='lat' dir='ltr'><strong>excipiat</strong></span> <span class='ocrx_word' id='word_1_696' title='bbox 3095 2808 3348 2880; x_wconf 83' lang='lat' dir='ltr'><strong>juvenilis</strong></span> <span class='ocrx_word' id='word_1_697' title='bbox 3386 2817 3516 2860; x_wconf 76' lang='lat' dir='ltr'><strong>aeta-</strong></span> 
     </span>
    </p>
   </div>
   <div class='ocr_carea' id='block_1_94' title="bbox 1933 2901 3517 2978">
    <p class='ocr_par' dir='ltr' id='par_1_94' title="bbox 1933 2901 3517 2978">
     <span class='ocr_line' id='line_1_95' title="bbox 1933 2901 3517 2978; baseline -0.007 -14"><span class='ocrx_word' id='word_1_698' title='bbox 1933 2911 1996 2964; x_wconf 77' lang='lat' dir='ltr'><strong>tis</strong></span> <span class='ocrx_word' id='word_1_699' title='bbox 2023 2909 2240 2964; x_wconf 80' lang='lat' dir='ltr'><strong>exordia</strong></span> <span class='ocrx_word' id='word_1_700' title='bbox 2265 2927 2277 2964; x_wconf 93' lang='lat'>:</span> <span class='ocrx_word' id='word_1_701' title='bbox 2309 2909 2420 2978; x_wconf 90' lang='lat' dir='ltr'><strong>ipse</strong></span> <span class='ocrx_word' id='word_1_702' title='bbox 2448 2907 2516 2960; x_wconf 88' lang='lat' dir='ltr'><strong>sit</strong></span> <span class='ocrx_word' id='word_1_703' title='bbox 2537 2915 2589 2961; x_wconf 90' lang='lat' dir='ltr'><strong>et</strong></span> <span class='ocrx_word' id='word_1_704' title='bbox 2613 2905 2849 2960; x_wconf 81' lang='lat' dir='ltr'><strong>Fortuna</strong></span> <span class='ocrx_word' id='word_1_705' title='bbox 2883 2905 3129 2970; x_wconf 86' lang='lat' dir='ltr'><strong>Barbata,</strong></span> <span class='ocrx_word' id='word_1_706' title='bbox 3159 2919 3278 2974; x_wconf 76' lang='lat' dir='ltr'><strong>quae</strong></span> <span class='ocrx_word' id='word_1_707' title='bbox 3308 2901 3517 2957; x_wconf 87' lang='lat' dir='ltr'><strong>adultos</strong></span> 
     </span>
    </p>
   </div>
   <div class='ocr_carea' id='block_1_95' title="bbox 1930 2993 3517 3072">
    <p class='ocr_par' dir='ltr' id='par_1_95' title="bbox 1930 2993 3517 3072">
     <span class='ocr_line' id='line_1_96' title="bbox 1930 2993 3517 3072; baseline -0.007 -14"><span class='ocrx_word' id='word_1_708' title='bbox 1930 3003 2091 3058; x_wconf 88' lang='lat' dir='ltr'><strong>barba</strong></span> <span class='ocrx_word' id='word_1_709' title='bbox 2127 3002 2352 3067; x_wconf 87' lang='lat' dir='ltr'><strong>induat;</strong></span> <span class='ocrx_word' id='word_1_710' title='bbox 2405 3016 2538 3072; x_wconf 87' lang='lat' dir='ltr'><strong>quos</strong></span> <span class='ocrx_word' id='word_1_711' title='bbox 2595 3001 2858 3053; x_wconf 87' lang='lat' dir='ltr'><strong>honorare</strong></span> <span class='ocrx_word' id='word_1_712' title='bbox 2893 2998 3181 3052; x_wconf 88' lang='lat' dir='ltr'><strong>noluerunt</strong></span> <span class='ocrx_word' id='word_1_713' title='bbox 3207 2994 3264 3062; x_wconf 70' lang='grc'><strong>⁸,</strong></span> <span class='ocrx_word' id='word_1_714' title='bbox 3305 3003 3364 3048; x_wconf 80' lang='grc' dir='ltr'><strong>ιιι</strong></span> <span class='ocrx_word' id='word_1_715' title='bbox 3415 2993 3517 3047; x_wconf 89' lang='lat' dir='ltr'><strong>hoc</strong></span> 
     </span>
    </p>
   </div>
   <div class='ocr_carea' id='block_1_96' title="bbox 1931 3085 3516 3166">
    <p class='ocr_par' dir='ltr' id='par_1_96' title="bbox 1931 3085 3516 3166">
     <span class='ocr_line' id='line_1_97' title="bbox 1931 3085 3516 3166; baseline -0.006 -17"><span class='ocrx_word' id='word_1_716' title='bbox 1931 3096 2318 3166; x_wconf 80' lang='lat' dir='ltr'><strong>qualecumth</strong></span> <span class='ocrx_word' id='word_1_717' title='bbox 2360 3109 2556 3147; x_wconf 79' lang='lat' dir='ltr'><strong>numen</strong></span> <span class='ocrx_word' id='word_1_718' title='bbox 2598 3091 2786 3146; x_wconf 88' lang='lat' dir='ltr'><strong>saltem</strong></span> <span class='ocrx_word' id='word_1_719' title='bbox 2831 3091 3126 3144; x_wconf 86' lang='lat' dir='ltr'><strong>masculum</strong></span> <span class='ocrx_word' id='word_1_720' title='bbox 3165 3088 3344 3152; x_wconf 90' lang='lat' dir='ltr'><strong>deum,</strong></span> <span class='ocrx_word' id='word_1_721' title='bbox 3375 3085 3516 3140; x_wconf 87' lang='lat' dir='ltr'><strong>vela</strong></span> 
     </span>
    </p>
   </div>
   <div class='ocr_carea' id='block_1_97' title="bbox 1929 3179 3514 3248">
    <p class='ocr_par' dir='ltr' id='par_1_97' title="bbox 1929 3179 3514 3248">
     <span class='ocr_line' id='line_1_98' title="bbox 1929 3179 3514 3248; baseline -0.004 -8"><span class='ocrx_word' id='word_1_722' title='bbox 1929 3186 2092 3240; x_wconf 89' lang='lat' dir='ltr'><strong>barba</strong></span> <span class='ocrx_word' id='word_1_723' title='bbox 2122 3185 2429 3248; x_wconf 88' lang='lat' dir='ltr'><strong>Barbatum,</strong></span> <span class='ocrx_word' id='word_1_724' title='bbox 2478 3185 2614 3238; x_wconf 89' lang='lat' dir='ltr'><strong>sicut</strong></span> <span class='ocrx_word' id='word_1_725' title='bbox 2643 3199 2669 3234; x_wconf 89' lang='lat' dir='ltr'><strong>a</strong></span> <span class='ocrx_word' id='word_1_726' title='bbox 2699 3182 2852 3236; x_wconf 89' lang='lat' dir='ltr'><strong>nodis</strong></span> <span class='ocrx_word' id='word_1_727' title='bbox 2879 3181 3144 3235; x_wconf 82' lang='lat' dir='ltr'><strong>Nodutum</strong></span> <span class='ocrx_word' id='word_1_728' title='bbox 3179 3222 3194 3246; x_wconf 94' lang='lat'><strong>,</strong></span> <span class='ocrx_word' id='word_1_729' title='bbox 3233 3179 3318 3234; x_wconf 87' lang='lat' dir='ltr'><strong>vel</strong></span> <span class='ocrx_word' id='word_1_730' title='bbox 3364 3185 3514 3234; x_wconf 83' lang='lat' dir='ltr'><strong>certe</strong></span> 
     </span>
    </p>
   </div>
   <div class='ocr_carea' id='block_1_98' title="bbox 1930 3271 3516 3346">
    <p class='ocr_par' dir='ltr' id='par_1_98' title="bbox 1930 3271 3516 3346">
     <span class='ocr_line' id='line_1_99' title="bbox 1930 3271 3516 3346; baseline -0.007 -12"><span class='ocrx_word' id='word_1_731' title='bbox 1930 3293 2035 3334; x_wconf 91' lang='lat' dir='ltr'><strong>non</strong></span> <span class='ocrx_word' id='word_1_732' title='bbox 2055 3277 2364 3340; x_wconf 85' lang='lat' dir='ltr'><strong>Fortunam,</strong></span> <span class='ocrx_word' id='word_1_733' title='bbox 2387 3275 2480 3330; x_wconf 84' lang='lat' dir='ltr'><strong>sed</strong></span> <span class='ocrx_word' id='word_1_734' title='bbox 2507 3277 2625 3346; x_wconf 84' lang='lat' dir='ltr'><strong>quia</strong></span> <span class='ocrx_word' id='word_1_735' title='bbox 2657 3275 2848 3329; x_wconf 88' lang='lat' dir='ltr'><strong>barbas</strong></span> <span class='ocrx_word' id='word_1_736' title='bbox 2869 3273 3047 3339; x_wconf 89' lang='lat' dir='ltr'><strong>habet,</strong></span> <span class='ocrx_word' id='word_1_737' title='bbox 3075 3271 3387 3326; x_wconf 86' lang='lat' dir='ltr'><strong>Fortuoium</strong></span> <span class='ocrx_word' id='word_1_738' title='bbox 3413 3285 3516 3324; x_wconf 84' lang='lat' dir='ltr'><strong>no-</strong></span> 
     </span>
    </p>
   </div>
   <div class='ocr_carea' id='block_1_99' title="bbox 1929 3363 3518 3440">
    <p class='ocr_par' dir='ltr' id='par_1_99' title="bbox 1929 3363 3518 3440">
     <span class='ocr_line' id='line_1_100' title="bbox 1929 3363 3518 3440; baseline -0.006 -14"><span class='ocrx_word' id='word_1_739' title='bbox 1929 3373 2196 3426; x_wconf 89' lang='lat' dir='ltr'><strong>minarent</strong></span> <span class='ocrx_word' id='word_1_740' title='bbox 2229 3387 2241 3423; x_wconf 95' lang='lat'>:</span> <span class='ocrx_word' id='word_1_741' title='bbox 2273 3369 2387 3440; x_wconf 89' lang='lat' dir='ltr'><strong>ipse</strong></span> <span class='ocrx_word' id='word_1_742' title='bbox 2423 3369 2473 3422; x_wconf 90' lang='lat' dir='ltr'><strong>in</strong></span> <span class='ocrx_word' id='word_1_743' title='bbox 2511 3367 2757 3438; x_wconf 85' lang='lat' dir='ltr'><strong>Jugatino</strong></span> <span class='ocrx_word' id='word_1_744' title='bbox 2787 3365 2887 3420; x_wconf 89' lang='lat' dir='ltr'><strong>deo</strong></span> <span class='ocrx_word' id='word_1_745' title='bbox 2917 3363 3173 3434; x_wconf 84' lang='lat' dir='ltr'><strong>conjuges</strong></span> <span class='ocrx_word' id='word_1_746' title='bbox 3199 3364 3422 3432; x_wconf 82' lang='lat' dir='ltr'><strong>jungat;</strong></span> <span class='ocrx_word' id='word_1_747' title='bbox 3463 3369 3518 3417; x_wconf 89' lang='lat' dir='ltr'><strong>et</strong></span> 
     </span>
    </p>
   </div>
   <div class='ocr_carea' id='block_1_100' title="bbox 1929 3453 3515 3532">
    <p class='ocr_par' dir='ltr' id='par_1_100' title="bbox 1929 3453 3515 3532">
     <span class='ocr_line' id='line_1_101' title="bbox 1929 3453 3515 3532; baseline -0.008 -12"><span class='ocrx_word' id='word_1_748' title='bbox 1929 3479 2048 3520; x_wconf 91' lang='lat' dir='ltr'><strong>cum</strong></span> <span class='ocrx_word' id='word_1_749' title='bbox 2070 3462 2258 3532; x_wconf 84' lang='lat' dir='ltr'><strong>virgini</strong></span> <span class='ocrx_word' id='word_1_750' title='bbox 2279 3461 2428 3515; x_wconf 83' lang='lat' dir='ltr'><strong>uxori</strong></span> <span class='ocrx_word' id='word_1_751' title='bbox 2449 3475 2581 3514; x_wconf 87' lang='lat' dir='ltr'><strong>zona</strong></span> <span class='ocrx_word' id='word_1_752' title='bbox 2611 3459 2859 3524; x_wconf 88' lang='lat' dir='ltr'><strong>solvitur,</strong></span> <span class='ocrx_word' id='word_1_753' title='bbox 2881 3458 2994 3527; x_wconf 89' lang='lat' dir='ltr'><strong>ipse</strong></span> <span class='ocrx_word' id='word_1_754' title='bbox 3016 3455 3312 3520; x_wconf 84' lang='lat' dir='ltr'><strong>invocetur,</strong></span> <span class='ocrx_word' id='word_1_755' title='bbox 3339 3461 3392 3508; x_wconf 90' lang='lat' dir='ltr'><strong>et</strong></span> <span class='ocrx_word' id='word_1_756' title='bbox 3415 3453 3515 3508; x_wconf 85' lang='lat' dir='ltr'><strong>dea</strong></span> 
     </span>
    </p>
   </div>
   <div class='ocr_carea' id='block_1_101' title="bbox 1928 3543 3510 3626">
    <p class='ocr_par' dir='ltr' id='par_1_101' title="bbox 1928 3543 3510 3626">
     <span class='ocr_line' id='line_1_102' title="bbox 1928 3543 3510 3626; baseline -0.007 -15"><span class='ocrx_word' id='word_1_757' title='bbox 1928 3553 2306 3626; x_wconf 66' lang='lat' dir='ltr'><strong>Virginiensis“</strong></span> <span class='ocrx_word' id='word_1_758' title='bbox 2329 3563 2549 3609; x_wconf 85' lang='lat' dir='ltr'><strong>vocetur</strong></span> <span class='ocrx_word' id='word_1_759' title='bbox 2573 3570 2586 3606; x_wconf 89' lang='lat'><strong>:</strong></span> <span class='ocrx_word' id='word_1_760' title='bbox 2609 3553 2722 3624; x_wconf 81' lang='lat' dir='ltr'><strong>ipse</strong></span> <span class='ocrx_word' id='word_1_761' title='bbox 2749 3551 2819 3606; x_wconf 90' lang='lat' dir='ltr'><strong>sit</strong></span> <span class='ocrx_word' id='word_1_762' title='bbox 2848 3549 3096 3606; x_wconf 86' lang='lat' dir='ltr'><strong>Mutunus</strong></span> <span class='ocrx_word' id='word_1_763' title='bbox 3118 3547 3199 3602; x_wconf 88' lang='lat' dir='ltr'><strong>vel</strong></span> <span class='ocrx_word' id='word_1_764' title='bbox 3221 3543 3510 3614; x_wconf 83' lang='lat' dir='ltr'><strong>Tutunus‘,</strong></span> 
     </span>
    </p>
   </div>
   <div class='ocr_carea' id='block_1_102' title="bbox 1929 3639 3511 3719">
    <p class='ocr_par' dir='ltr' id='par_1_102' title="bbox 1929 3639 3511 3719">
     <span class='ocr_line' id='line_1_103' title="bbox 1929 3639 3511 3719; baseline -0.008 -17"><span class='ocrx_word' id='word_1_765' title='bbox 1929 3649 2018 3719; x_wconf 91' lang='lat' dir='ltr'><strong>qui</strong></span> <span class='ocrx_word' id='word_1_766' title='bbox 2047 3659 2126 3702; x_wconf 89' lang='lat' dir='ltr'><strong>est</strong></span> <span class='ocrx_word' id='word_1_767' title='bbox 2146 3646 2284 3717; x_wconf 89' lang='lat' dir='ltr'><strong>apud</strong></span> <span class='ocrx_word' id='word_1_768' title='bbox 2308 3645 2523 3702; x_wconf 65' lang='lat' dir='ltr'><strong>Graecos</strong></span> <span class='ocrx_word' id='word_1_769' title='bbox 2553 3646 2812 3714; x_wconf 88' lang='lat' dir='ltr'><strong>Priapus:</strong></span> <span class='ocrx_word' id='word_1_770' title='bbox 2839 3643 2880 3696; x_wconf 92' lang='lat' dir='ltr'><strong>si</strong></span> <span class='ocrx_word' id='word_1_771' title='bbox 2909 3657 3012 3695; x_wconf 89' lang='lat' dir='ltr'><strong>non</strong></span> <span class='ocrx_word' id='word_1_772' title='bbox 3047 3640 3226 3712; x_wconf 77' lang='lat' dir='ltr'><strong>pudet,</strong></span> <span class='ocrx_word' id='word_1_773' title='bbox 3253 3639 3370 3692; x_wconf 79' lang='lat' dir='ltr'><strong>haec</strong></span> <span class='ocrx_word' id='word_1_774' title='bbox 3393 3653 3511 3691; x_wconf 89' lang='lat' dir='ltr'><strong>om-</strong></span> 
     </span>
    </p>
   </div>
   <div class='ocr_carea' id='block_1_103' title="bbox 1928 3728 3507 3808">
    <p class='ocr_par' dir='ltr' id='par_1_103' title="bbox 1928 3728 3507 3808">
     <span class='ocr_line' id='line_1_104' title="bbox 1928 3728 3507 3808; baseline -0.006 -16"><span class='ocrx_word' id='word_1_775' title='bbox 1928 3739 2014 3792; x_wconf 89' lang='lat' dir='ltr'><strong>nia</strong></span> <span class='ocrx_word' id='word_1_776' title='bbox 2044 3754 2162 3808; x_wconf 75' lang='lat' dir='ltr'><strong>quze</strong></span> <span class='ocrx_word' id='word_1_777' title='bbox 2187 3738 2317 3804; x_wconf 81' lang='lat' dir='ltr'><strong>dixi,</strong></span> <span class='ocrx_word' id='word_1_778' title='bbox 2347 3745 2399 3792; x_wconf 91' lang='lat' dir='ltr'><strong>et</strong></span> <span class='ocrx_word' id='word_1_779' title='bbox 2424 3749 2771 3806; x_wconf 76' lang='lat' dir='ltr'><strong>qtttecumque</strong></span> <span class='ocrx_word' id='word_1_780' title='bbox 2800 3747 2903 3787; x_wconf 90' lang='lat' dir='ltr'><strong>non</strong></span> <span class='ocrx_word' id='word_1_781' title='bbox 2933 3730 3042 3786; x_wconf 81' lang='lat' dir='ltr'><strong>dixi</strong></span> <span class='ocrx_word' id='word_1_782' title='bbox 3069 3729 3196 3804; x_wconf 90' lang='lat' dir='ltr'><strong>(non</strong></span> <span class='ocrx_word' id='word_1_783' title='bbox 3219 3728 3362 3784; x_wconf 89' lang='lat' dir='ltr'><strong>enim</strong></span> <span class='ocrx_word' id='word_1_784' title='bbox 3388 3741 3507 3782; x_wconf 87' lang='lat' dir='ltr'><strong>om-</strong></span> 
     </span>
    </p>
   </div>
   <div class='ocr_carea' id='block_1_104' title="bbox 1928 3819 3515 3898">
    <p class='ocr_par' dir='ltr' id='par_1_104' title="bbox 1928 3819 3515 3898">
     <span class='ocr_line' id='line_1_105' title="bbox 1928 3819 3515 3898; baseline -0.004 -14"><span class='ocrx_word' id='word_1_785' title='bbox 1928 3829 2014 3885; x_wconf 89' lang='lat' dir='ltr'><strong>nia</strong></span> <span class='ocrx_word' id='word_1_786' title='bbox 2045 3829 2266 3884; x_wconf 88' lang='lat' dir='ltr'><strong>dicenda</strong></span> <span class='ocrx_word' id='word_1_787' title='bbox 2290 3829 2575 3883; x_wconf 89' lang='lat' dir='ltr'><strong>arbitratus</strong></span> <span class='ocrx_word' id='word_1_788' title='bbox 2603 3826 2768 3898; x_wconf 90' lang='lat' dir='ltr'><strong>sum),</strong></span> <span class='ocrx_word' id='word_1_789' title='bbox 2799 3825 2852 3880; x_wconf 92' lang='lat' dir='ltr'><strong>hi</strong></span> <span class='ocrx_word' id='word_1_790' title='bbox 2881 3841 3068 3880; x_wconf 90' lang='lat' dir='ltr'><strong>omnes</strong></span> <span class='ocrx_word' id='word_1_791' title='bbox 3096 3823 3170 3878; x_wconf 91' lang='lat' dir='ltr'><strong>dii</strong></span> <span class='ocrx_word' id='word_1_792' title='bbox 3197 3821 3420 3893; x_wconf 55' lang='lat' dir='ltr'><strong>deaeque</strong></span> <span class='ocrx_word' id='word_1_793' title='bbox 3443 3819 3515 3877; x_wconf 87' lang='lat' dir='ltr'><strong>sit</strong></span> 
     </span>
    </p>
   </div>
   <div class='ocr_carea' id='block_1_105' title="bbox 1927 3915 3513 3991">
    <p class='ocr_par' dir='ltr' id='par_1_105' title="bbox 1927 3915 3513 3991">
     <span class='ocr_line' id='line_1_106' title="bbox 1927 3915 3513 3991; baseline -0.005 -15"><span class='ocrx_word' id='word_1_794' title='bbox 1927 3937 2066 3976; x_wconf 90' lang='lat' dir='ltr'><strong>unus</strong></span> <span class='ocrx_word' id='word_1_795' title='bbox 2088 3919 2327 3991; x_wconf 79' lang='lat' dir='ltr'><strong>Jupiter:</strong></span> <span class='ocrx_word' id='word_1_796' title='bbox 2360 3919 2472 3974; x_wconf 89' lang='lat' dir='ltr'><strong>sive</strong></span> <span class='ocrx_word' id='word_1_797' title='bbox 2493 3920 2620 3985; x_wconf 90' lang='lat' dir='ltr'><strong>sint,</strong></span> <span class='ocrx_word' id='word_1_798' title='bbox 2650 3927 2706 3972; x_wconf 92' lang='lat' dir='ltr'><strong>ut</strong></span> <span class='ocrx_word' id='word_1_799' title='bbox 2735 3917 2952 3988; x_wconf 89' lang='lat' dir='ltr'><strong>quidam</strong></span> <span class='ocrx_word' id='word_1_800' title='bbox 2973 3915 3176 3982; x_wconf 82' lang='lat' dir='ltr'><strong>volunt,</strong></span> <span class='ocrx_word' id='word_1_801' title='bbox 3205 3915 3382 3970; x_wconf 89' lang='lat' dir='ltr'><strong>omnia</strong></span> <span class='ocrx_word' id='word_1_802' title='bbox 3415 3915 3513 3969; x_wconf 89' lang='lat' dir='ltr'><strong>ista</strong></span> 
     </span>
    </p>
   </div>
   <div class='ocr_carea' id='block_1_106' title="bbox 1929 4005 3512 4086">
    <p class='ocr_par' dir='ltr' id='par_1_106' title="bbox 1929 4005 3512 4086">
     <span class='ocr_line' id='line_1_107' title="bbox 1929 4005 3512 4086; baseline -0.004 -18"><span class='ocrx_word' id='word_1_803' title='bbox 1929 4023 2110 4086; x_wconf 87' lang='lat' dir='ltr'><strong>partes</strong></span> <span class='ocrx_word' id='word_1_804' title='bbox 2139 4013 2270 4084; x_wconf 79' lang='lat' dir='ltr'><strong>ejus,</strong></span> <span class='ocrx_word' id='word_1_805' title='bbox 2299 4014 2411 4068; x_wconf 87' lang='lat' dir='ltr'><strong>sive</strong></span> <span class='ocrx_word' id='word_1_806' title='bbox 2441 4012 2663 4066; x_wconf 89' lang='lat' dir='ltr'><strong>virtutes</strong></span> <span class='ocrx_word' id='word_1_807' title='bbox 2686 4011 2822 4082; x_wconf 82' lang='lat' dir='ltr'><strong>ejus,</strong></span> <span class='ocrx_word' id='word_1_808' title='bbox 2852 4010 2988 4064; x_wconf 88' lang='lat' dir='ltr'><strong>sicut</strong></span> <span class='ocrx_word' id='word_1_809' title='bbox 3022 4011 3101 4064; x_wconf 88' lang='lat' dir='ltr'><strong>eis</strong></span> <span class='ocrx_word' id='word_1_810' title='bbox 3129 4008 3358 4072; x_wconf 89' lang='lat' dir='ltr'><strong>videtur,</strong></span> <span class='ocrx_word' id='word_1_811' title='bbox 3393 4005 3512 4078; x_wconf 88' lang='lat' dir='ltr'><strong>qui-</strong></span> 
     </span>
    </p>
   </div>
   <div class='ocr_carea' id='block_1_107' title="bbox 1925 4099 3513 4177">
    <p class='ocr_par' dir='ltr' id='par_1_107' title="bbox 1925 4099 3513 4177">
     <span class='ocr_line' id='line_1_108' title="bbox 1925 4099 3513 4177; baseline -0.007 -13"><span class='ocrx_word' id='word_1_812' title='bbox 1925 4107 2027 4164; x_wconf 89' lang='lat' dir='ltr'><strong>bus</strong></span> <span class='ocrx_word' id='word_1_813' title='bbox 2055 4121 2176 4161; x_wconf 90' lang='lat' dir='ltr'><strong>eum</strong></span> <span class='ocrx_word' id='word_1_814' title='bbox 2219 4106 2397 4177; x_wconf 88' lang='lat' dir='ltr'><strong>placet</strong></span> <span class='ocrx_word' id='word_1_815' title='bbox 2435 4119 2554 4160; x_wconf 86' lang='lat' dir='ltr'><strong>esse</strong></span> <span class='ocrx_word' id='word_1_816' title='bbox 2585 4103 2766 4158; x_wconf 89' lang='lat' dir='ltr'><strong>mundi</strong></span> <span class='ocrx_word' id='word_1_817' title='bbox 2806 4103 3074 4166; x_wconf 89' lang='lat' dir='ltr'><strong>animum;</strong></span> <span class='ocrx_word' id='word_1_818' title='bbox 3107 4117 3224 4172; x_wconf 65' lang='lat' dir='ltr'><strong>quae</strong></span> <span class='ocrx_word' id='word_1_819' title='bbox 3250 4099 3513 4155; x_wconf 85' lang='lat' dir='ltr'><strong>sententia</strong></span> 
     </span>
    </p>
   </div>
   <div class='ocr_carea' id='block_1_108' title="bbox 1928 4191 3512 4268">
    <p class='ocr_par' dir='ltr' id='par_1_108' title="bbox 1928 4191 3512 4268">
     <span class='ocr_line' id='line_1_109' title="bbox 1928 4191 3512 4268; baseline -0.005 -14"><span class='ocrx_word' id='word_1_820' title='bbox 1928 4200 2072 4254; x_wconf 87' lang='lat' dir='ltr'><strong>velut</strong></span> <span class='ocrx_word' id='word_1_821' title='bbox 2101 4213 2413 4268; x_wconf 80' lang='lat' dir='ltr'><strong>magnorum</strong></span> <span class='ocrx_word' id='word_1_822' title='bbox 2439 4197 2771 4266; x_wconf 89' lang='lat' dir='ltr'><strong>multumque</strong></span> <span class='ocrx_word' id='word_1_823' title='bbox 2793 4194 3070 4248; x_wconf 88' lang='lat' dir='ltr'><strong>doctorum</strong></span> <span class='ocrx_word' id='word_1_824' title='bbox 3098 4202 3199 4248; x_wconf 90' lang='lat' dir='ltr'><strong>est.</strong></span> <span class='ocrx_word' id='word_1_825' title='bbox 3225 4192 3349 4247; x_wconf 68' lang='lat' dir='ltr'><strong>lltec</strong></span> <span class='ocrx_word' id='word_1_826' title='bbox 3371 4191 3414 4246; x_wconf 93' lang='lat' dir='ltr'><strong>si</strong></span> <span class='ocrx_word' id='word_1_827' title='bbox 3439 4192 3512 4246; x_wconf 88' lang='lat' dir='ltr'><strong>ita</strong></span> 
     </span>
    </p>
   </div>
   <div class='ocr_carea' id='block_1_109' title="bbox 1927 4281 3506 4361">
    <p class='ocr_par' dir='ltr' id='par_1_109' title="bbox 1927 4281 3506 4361">
     <span class='ocr_line' id='line_1_110' title="bbox 1927 4281 3506 4361; baseline -0.004 -15"><span class='ocrx_word' id='word_1_828' title='bbox 1927 4293 2034 4346; x_wconf 87' lang='lat' dir='ltr'><strong>sint</strong></span> <span class='ocrx_word' id='word_1_829' title='bbox 2069 4291 2234 4361; x_wconf 84' lang='lat' dir='ltr'><strong>(quod</strong></span> <span class='ocrx_word' id='word_1_830' title='bbox 2279 4290 2434 4360; x_wconf 87' lang='lat' dir='ltr'><strong>quale</strong></span> <span class='ocrx_word' id='word_1_831' title='bbox 2463 4290 2552 4356; x_wconf 90' lang='lat' dir='ltr'><strong>sit,</strong></span> <span class='ocrx_word' id='word_1_832' title='bbox 2599 4288 2834 4342; x_wconf 88' lang='lat' dir='ltr'><strong>nondum</strong></span> <span class='ocrx_word' id='word_1_833' title='bbox 2867 4287 3077 4342; x_wconf 88' lang='lat' dir='ltr'><strong>interim</strong></span> <span class='ocrx_word' id='word_1_834' title='bbox 3116 4283 3342 4357; x_wconf 70' lang='lat' dir='ltr'><strong>qumro),</strong></span> <span class='ocrx_word' id='word_1_835' title='bbox 3382 4281 3506 4356; x_wconf 88' lang='lat' dir='ltr'><strong>quid</strong></span> 
     </span>
    </p>
   </div>
   <div class='ocr_carea' id='block_1_110' title="bbox 1991 4395 3496 4466">
    <p class='ocr_par' dir='ltr' id='par_1_110' title="bbox 1991 4395 3496 4466">
     <span class='ocr_line' id='line_1_111' title="bbox 1991 4395 3496 4466; baseline -0.003 -14"><span class='ocrx_word' id='word_1_836' title='bbox 1991 4406 2008 4436; x_wconf 75' lang='grc' dir='ltr'>ί</span> <span class='ocrx_word' id='word_1_837' title='bbox 2044 4411 2148 4454; x_wconf 81' lang='lat' dir='ltr'><strong>Mss.</strong></span> <span class='ocrx_word' id='word_1_838' title='bbox 2185 4402 2370 4466; x_wconf 84' lang='lat' dir='ltr'><strong>plures,</strong></span> <span class='ocrx_word' id='word_1_839' title='bbox 2404 4401 2693 4466; x_wconf 72' lang='lat' dir='ltr'><strong>Diespaler;</strong></span> <span class='ocrx_word' id='word_1_840' title='bbox 2725 4399 2832 4462; x_wconf 88' lang='lat' dir='ltr'><strong>alii,</strong></span> <span class='ocrx_word' id='word_1_841' title='bbox 2865 4399 3108 4462; x_wconf 83' lang='lat' dir='ltr'><strong>Dispaler,</strong></span> <span class='ocrx_word' id='word_1_842' title='bbox 3137 4397 3220 4448; x_wconf 90' lang='lat' dir='ltr'><strong>vel</strong></span> <span class='ocrx_word' id='word_1_843' title='bbox 3253 4395 3496 4462; x_wconf 78' lang='lat' dir='ltr'><strong>Diispaler</strong></span> 
     </span>
    </p>
   </div>
   <div class='ocr_carea' id='block_1_111' title="bbox 1989 4465 2739 4524">
    <p class='ocr_par' dir='ltr' id='par_1_111' title="bbox 1989 4465 2739 4524">
     <span class='ocr_line' id='line_1_112' title="bbox 1989 4465 2739 4524; baseline 0 -12"><span class='ocrx_word' id='word_1_844' title='bbox 1989 4469 2009 4498; x_wconf 86' lang='grc'><strong><em>²</em></strong></span> <span class='ocrx_word' id='word_1_845' title='bbox 2043 4465 2302 4515; x_wconf 56' lang='grc' dir='ltr'><strong>νὶηᾱξΑη).</strong></span> <span class='ocrx_word' id='word_1_846' title='bbox 2331 4473 2382 4514; x_wconf 89' lang='lat' dir='ltr'><strong>et</strong></span> <span class='ocrx_word' id='word_1_847' title='bbox 2402 4471 2498 4524; x_wconf 78' lang='lat' dir='ltr'><strong>Er.,</strong></span> <span class='ocrx_word' id='word_1_848' title='bbox 2522 4465 2739 4514; x_wconf 76' lang='lat' dir='ltr'><strong>Edulica.</strong></span> 
     </span>
    </p>
   </div>
   <div class='ocr_carea' id='block_1_112' title="bbox 1991 4523 3510 4588">
    <p class='ocr_par' dir='ltr' id='par_1_112' title="bbox 1991 4523 3510 4588">
     <span class='ocr_line' id='line_1_113' title="bbox 1991 4523 3510 4588; baseline -0.001 -12"><span class='ocrx_word' id='word_1_849' title='bbox 1991 4531 2012 4562; x_wconf 87' lang='grc'>³</span> <span class='ocrx_word' id='word_1_850' title='bbox 2044 4536 2108 4578; x_wconf 88' lang='lat' dir='ltr'><strong>lta</strong></span> <span class='ocrx_word' id='word_1_851' title='bbox 2133 4530 2180 4576; x_wconf 89' lang='lat' dir='ltr'><strong>in</strong></span> <span class='ocrx_word' id='word_1_852' title='bbox 2203 4535 2308 4576; x_wconf 83' lang='lat' dir='ltr'><strong>Mss.</strong></span> <span class='ocrx_word' id='word_1_853' title='bbox 2335 4527 2412 4588; x_wconf 86' lang='lat' dir='ltr'><strong>hic</strong></span> <span class='ocrx_word' id='word_1_854' title='bbox 2435 4535 2486 4576; x_wconf 91' lang='lat' dir='ltr'><strong>et</strong></span> <span class='ocrx_word' id='word_1_855' title='bbox 2509 4529 2648 4588; x_wconf 84' lang='lat' dir='ltr'><strong>intra,</strong></span> <span class='ocrx_word' id='word_1_856' title='bbox 2665 4539 2768 4588; x_wconf 86' lang='lat' dir='ltr'><strong>cap.</strong></span> <span class='ocrx_word' id='word_1_857' title='bbox 2797 4523 2870 4572; x_wconf 87' lang='grc'><strong>16.</strong></span> <span class='ocrx_word' id='word_1_858' title='bbox 2896 4531 2946 4588; x_wconf 72' lang='lat' dir='ltr'><strong>in</strong></span> <span class='ocrx_word' id='word_1_859' title='bbox 2971 4523 3114 4573; x_wconf 87' lang='lat' dir='ltr'><strong>editis</strong></span> <span class='ocrx_word' id='word_1_860' title='bbox 3133 4535 3270 4588; x_wconf 75' lang='lat' dir='ltr'><strong>vero,</strong></span> <span class='ocrx_word' id='word_1_861' title='bbox 3292 4527 3510 4588; x_wconf 59' lang='lat' dir='ltr'><strong>Strenuo.</strong></span> 
     </span>
    </p>
   </div>
   <div class='ocr_carea' id='block_1_113' title="bbox 1990 4583 3514 4648">
    <p class='ocr_par' dir='ltr' id='par_1_113' title="bbox 1990 4583 3514 4648">
     <span class='ocr_line' id='line_1_114' title="bbox 1990 4583 3514 4648; baseline -0.001 -10"><span class='ocrx_word' id='word_1_862' title='bbox 1990 4591 2013 4622; x_wconf 67' lang='grc'><strong>⁸</strong></span> <span class='ocrx_word' id='word_1_863' title='bbox 2045 4591 2182 4648; x_wconf 82' lang='lat' dir='ltr'><strong>Editi,</strong></span> <span class='ocrx_word' id='word_1_864' title='bbox 2216 4587 2433 4638; x_wconf 78' lang='lat' dir='ltr'><strong>voluerit.</strong></span> <span class='ocrx_word' id='word_1_865' title='bbox 2464 4587 2630 4636; x_wconf 78' lang='lat' dir='ltr'><strong>Melius</strong></span> <span class='ocrx_word' id='word_1_866' title='bbox 2665 4583 2807 4648; x_wconf 54' lang='lat' dir='ltr'><strong>Mss,</strong></span> <span class='ocrx_word' id='word_1_867' title='bbox 2831 4583 3082 4636; x_wconf 79' lang='lat' dir='ltr'><strong>noluerunt</strong></span> <span class='ocrx_word' id='word_1_868' title='bbox 3111 4585 3416 4648; x_wconf 73' lang='lat' dir='ltr'><strong>:rel’erendo</strong></span> <span class='ocrx_word' id='word_1_869' title='bbox 3452 4587 3514 4636; x_wconf 86' lang='lat' dir='ltr'><strong>ad</strong></span> 
     </span>
    </p>
   </div>
   <div class='ocr_carea' id='block_1_114' title="bbox 1927 4647 3512 4714">
    <p class='ocr_par' dir='ltr' id='par_1_114' title="bbox 1927 4647 3512 4714">
     <span class='ocr_line' id='line_1_115' title="bbox 1927 4647 3512 4714; baseline -0.002 -13"><span class='ocrx_word' id='word_1_870' title='bbox 1927 4665 2014 4702; x_wconf 88' lang='lat' dir='ltr'><strong>eos</strong></span> <span class='ocrx_word' id='word_1_871' title='bbox 2035 4653 2116 4714; x_wconf 88' lang='lat' dir='ltr'><strong>qui</strong></span> <span class='ocrx_word' id='word_1_872' title='bbox 2140 4647 2336 4707; x_wconf 80' lang='lat' dir='ltr'><strong>adultis,</strong></span> <span class='ocrx_word' id='word_1_873' title='bbox 2361 4649 2618 4699; x_wconf 82' lang='lat' dir='ltr'><strong>Barbulam</strong></span> <span class='ocrx_word' id='word_1_874' title='bbox 2641 4647 2892 4698; x_wconf 85' lang='lat' dir='ltr'><strong>colendam</strong></span> <span class='ocrx_word' id='word_1_875' title='bbox 2928 4647 3091 4709; x_wconf 89' lang='lat' dir='ltr'><strong>deam,</strong></span> <span class='ocrx_word' id='word_1_876' title='bbox 3127 4661 3223 4698; x_wconf 90' lang='lat' dir='ltr'><strong>non</strong></span> <span class='ocrx_word' id='word_1_877' title='bbox 3254 4647 3402 4696; x_wconf 88' lang='lat' dir='ltr'><strong>deum</strong></span> <span class='ocrx_word' id='word_1_878' title='bbox 3436 4650 3512 4698; x_wconf 90' lang='lat' dir='ltr'><strong>in-</strong></span> 
     </span>
    </p>
   </div>
   <div class='ocr_carea' id='block_1_115' title="bbox 1923 4715 2201 4764">
    <p class='ocr_par' dir='ltr' id='par_1_115' title="bbox 1923 4715 2201 4764">
     <span class='ocr_line' id='line_1_116' title="bbox 1923 4715 2201 4764; baseline -0.018 0"><span class='ocrx_word' id='word_1_879' title='bbox 1923 4715 2201 4764; x_wconf 83' lang='lat' dir='ltr'><strong>stituerunt.</strong></span> 
     </span>
    </p>
   </div>
   <div class='ocr_carea' id='block_1_116' title="bbox 1987 4770 2810 4838">
    <p class='ocr_par' dir='ltr' id='par_1_116' title="bbox 1987 4770 2810 4838">
     <span class='ocr_line' id='line_1_117' title="bbox 1987 4770 2810 4838; baseline -0.005 -14"><span class='ocrx_word' id='word_1_880' title='bbox 1987 4779 2008 4838; x_wconf 54' lang='grc' dir='ltr'>ξ</span> <span class='ocrx_word' id='word_1_881' title='bbox 2042 4777 2110 4838; x_wconf 82' lang='lat' dir='ltr'><strong>Sic</strong></span> <span class='ocrx_word' id='word_1_882' title='bbox 2139 4781 2244 4838; x_wconf 66' lang='lat' dir='ltr'><strong>atss.</strong></span> <span class='ocrx_word' id='word_1_883' title='bbox 2271 4779 2326 4822; x_wconf 83' lang='grc' dir='ltr'><strong>Αι</strong></span> <span class='ocrx_word' id='word_1_884' title='bbox 2347 4773 2478 4832; x_wconf 88' lang='lat' dir='ltr'><strong>editi,</strong></span> <span class='ocrx_word' id='word_1_885' title='bbox 2507 4770 2810 4838; x_wconf 62' lang='lat' dir='ltr'><strong>I’irgingnsis.</strong></span> 
     </span>
    </p>
   </div>
   <div class='ocr_carea' id='block_1_117' title="bbox 1989 4830 3512 4894">
    <p class='ocr_par' dir='ltr' id='par_1_117' title="bbox 1989 4830 3512 4894">
     <span class='ocr_line' id='line_1_118' title="bbox 1989 4830 3512 4894; baseline -0.001 -10"><span class='ocrx_word' id='word_1_886' title='bbox 1989 4837 2010 4868; x_wconf 77' lang='grc'>⁸</span> <span class='ocrx_word' id='word_1_887' title='bbox 2045 4835 2176 4884; x_wconf 75' lang='lat' dir='ltr'><strong>Vind.</strong></span> <span class='ocrx_word' id='word_1_888' title='bbox 2203 4845 2302 4884; x_wconf 76' lang='lat' dir='ltr'><strong>Am.</strong></span> <span class='ocrx_word' id='word_1_889' title='bbox 2325 4841 2396 4884; x_wconf 79' lang='lat' dir='ltr'><strong>Er.</strong></span> <span class='ocrx_word' id='word_1_890' title='bbox 2423 4830 2476 4884; x_wconf 82' lang='lat' dir='ltr'><strong>et</strong></span> <span class='ocrx_word' id='word_1_891' title='bbox 2499 4830 2714 4883; x_wconf 75' lang='lat' dir='ltr'><strong>nonnulli</strong></span> <span class='ocrx_word' id='word_1_892' title='bbox 2737 4841 2865 4894; x_wconf 57' lang='lat' dir='ltr'><strong>Mss»,</strong></span> <span class='ocrx_word' id='word_1_893' title='bbox 2899 4839 3129 4884; x_wconf 77' lang='lat' dir='ltr'><strong>Malunus.</strong></span> <span class='ocrx_word' id='word_1_894' title='bbox 3155 4839 3262 4882; x_wconf 85' lang='lat' dir='ltr'><strong>Lov.</strong></span> <span class='ocrx_word' id='word_1_895' title='bbox 3287 4845 3398 4882; x_wconf 90' lang='lat' dir='ltr'><strong>cum</strong></span> <span class='ocrx_word' id='word_1_896' title='bbox 3427 4830 3512 4885; x_wconf 83' lang='lat' dir='ltr'><strong>ali-</strong></span> 
     </span>
    </p>
   </div>
   <div class='ocr_carea' id='block_1_118' title="bbox 1923 4894 3509 4963">
    <p class='ocr_par' dir='ltr' id='par_1_118' title="bbox 1923 4894 3509 4963">
     <span class='ocr_line' id='line_1_119' title="bbox 1923 4894 3509 4963; baseline -0.004 -15"><span class='ocrx_word' id='word_1_897' title='bbox 1923 4907 2044 4963; x_wconf 89' lang='lat' dir='ltr'><strong>quot</strong></span> <span class='ocrx_word' id='word_1_898' title='bbox 2068 4901 2362 4963; x_wconf 66' lang='lat' dir='ltr'><strong>etiamttss.,</strong></span> <span class='ocrx_word' id='word_1_899' title='bbox 2387 4897 2609 4963; x_wconf 55' lang='lat' dir='ltr'><strong>trutinas.</strong></span> <span class='ocrx_word' id='word_1_900' title='bbox 2635 4896 3232 4963; x_wconf 53' lang='lat' dir='ltr'><strong>Pleriqueveroveteres</strong></span> <span class='ocrx_word' id='word_1_901' title='bbox 3251 4894 3380 4950; x_wconf 86' lang='lat' dir='ltr'><strong>libri,</strong></span> <span class='ocrx_word' id='word_1_902' title='bbox 3403 4903 3509 4963; x_wconf 66' lang='lat' dir='ltr'><strong>Illn-</strong></span> 
     </span>
    </p>
   </div>
   <div class='ocr_carea' id='block_1_119' title="bbox 1924 4956 3512 5022">
    <p class='ocr_par' dir='ltr' id='par_1_119' title="bbox 1924 4956 3512 5022">
     <span class='ocr_line' id='line_1_120' title="bbox 1924 4956 3512 5022; baseline -0.005 -10"><span class='ocrx_word' id='word_1_903' title='bbox 1924 4956 2106 5012; x_wconf 71' lang='lat' dir='ltr'><strong>limus:</strong></span> <span class='ocrx_word' id='word_1_904' title='bbox 2147 4961 2324 5022; x_wconf 89' lang='lat' dir='ltr'><strong>quibus</strong></span> <span class='ocrx_word' id='word_1_905' title='bbox 2357 4961 2668 5010; x_wconf 88' lang='lat' dir='ltr'><strong>consentiunt</strong></span> <span class='ocrx_word' id='word_1_906' title='bbox 2699 4956 2936 5008; x_wconf 78' lang='lat' dir='ltr'><strong>Arnobius</strong></span> <span class='ocrx_word' id='word_1_907' title='bbox 2973 4956 3056 5007; x_wconf 89' lang='lat' dir='ltr'><strong>lib.</strong></span> <span class='ocrx_word' id='word_1_908' title='bbox 3081 4957 3132 5014; x_wconf 82' lang='grc'><strong>4.</strong></span> <span class='ocrx_word' id='word_1_909' title='bbox 3172 4957 3512 5022; x_wconf 77' lang='lat' dir='ltr'><strong>et_l_actantiu|_</strong></span> 
     </span>
    </p>
   </div>
   <div class='ocr_carea' id='block_1_120' title="bbox 1925 5017 3511 5086">
    <p class='ocr_par' dir='ltr' id='par_1_120' title="bbox 1925 5017 3511 5086">
     <span class='ocr_line' id='line_1_121' title="bbox 1925 5017 3511 5086; baseline -0.001 -16"><span class='ocrx_word' id='word_1_910' title='bbox 1925 5023 2008 5074; x_wconf 88' lang='lat' dir='ltr'><strong>lib.</strong></span> <span class='ocrx_word' id='word_1_911' title='bbox 2030 5025 2050 5074; x_wconf 87' lang='grc'><strong>1</strong></span> <span class='ocrx_word' id='word_1_912' title='bbox 2074 5023 2140 5072; x_wconf 87' lang='lat' dir='ltr'><strong>de</strong></span> <span class='ocrx_word' id='word_1_913' title='bbox 2163 5017 2276 5086; x_wconf 70' lang='lat' dir='ltr'><strong>falsa</strong></span> <span class='ocrx_word' id='word_1_914' title='bbox 2299 5022 2468 5086; x_wconf 79' lang='lat' dir='ltr'><strong>nelig.,</strong></span> <span class='ocrx_word' id='word_1_915' title='bbox 2489 5035 2531 5070; x_wconf 93' lang='lat' dir='ltr'><strong>c.</strong></span> <span class='ocrx_word' id='word_1_916' title='bbox 2554 5022 2630 5072; x_wconf 76' lang='grc'><strong>20.</strong></span> <span class='ocrx_word' id='word_1_917' title='bbox 2655 5027 2823 5086; x_wconf 79' lang='lat' dir='ltr'><strong>Postea</strong></span> <span class='ocrx_word' id='word_1_918' title='bbox 2849 5029 2945 5068; x_wconf 84' lang='lat' dir='ltr'><strong>Am.</strong></span> <span class='ocrx_word' id='word_1_919' title='bbox 2974 5027 3026 5068; x_wconf 89' lang='lat' dir='ltr'><strong>et</strong></span> <span class='ocrx_word' id='word_1_920' title='bbox 3047 5025 3120 5086; x_wconf 66' lang='grc' dir='ltr'><strong>ξίν.</strong></span> <span class='ocrx_word' id='word_1_921' title='bbox 3144 5017 3419 5086; x_wconf 65' lang='lat' dir='ltr'><strong>subjiciunt,</strong></span> <span class='ocrx_word' id='word_1_922' title='bbox 3437 5018 3511 5069; x_wconf 81' lang='lat' dir='ltr'><strong>rel</strong></span> 
     </span>
    </p>
   </div>
   <div class='ocr_carea' id='block_1_121' title="bbox 1931 5079 3510 5144">
    <p class='ocr_par' dir='ltr' id='par_1_121' title="bbox 1931 5079 3510 5144">
     <span class='ocr_line' id='line_1_122' title="bbox 1931 5079 3510 5144; baseline -0.005 -8"><span class='ocrx_word' id='word_1_923' title='bbox 1931 5086 2137 5136; x_wconf 83' lang='lat' dir='ltr'><strong>Tulinus.</strong></span> <span class='ocrx_word' id='word_1_924' title='bbox 2161 5085 2312 5144; x_wconf 71' lang='lat' dir='ltr'><strong>\‘ind.,</strong></span> <span class='ocrx_word' id='word_1_925' title='bbox 2331 5079 2664 5134; x_wconf 56' lang='lat' dir='ltr'><strong>veiﬁdumus.</strong></span> <span class='ocrx_word' id='word_1_926' title='bbox 2691 5085 2962 5139; x_wconf 81' lang='lat' dir='ltr'><strong>PauciMss.,</strong></span> <span class='ocrx_word' id='word_1_927' title='bbox 2986 5079 3058 5130; x_wconf 79' lang='lat' dir='ltr'><strong>vel</strong></span> <span class='ocrx_word' id='word_1_928' title='bbox 3073 5079 3307 5144; x_wconf 68' lang='lat' dir='ltr'><strong>hilarius.</strong></span> <span class='ocrx_word' id='word_1_929' title='bbox 3331 5089 3510 5144; x_wconf 76' lang='lat' dir='ltr'><strong>omnes</strong></span> 
     </span>
    </p>
   </div>
   <div class='ocr_carea' id='block_1_122' title="bbox 1924 5141 3509 5210">
    <p class='ocr_par' dir='ltr' id='par_1_122' title="bbox 1924 5141 3509 5210">
     <span class='ocr_line' id='line_1_123' title="bbox 1924 5141 3509 5210; baseline -0.003 -14"><span class='ocrx_word' id='word_1_930' title='bbox 1924 5161 2076 5210; x_wconf 64' lang='lat' dir='ltr'><strong>proye</strong></span> <span class='ocrx_word' id='word_1_931' title='bbox 2099 5145 2196 5202; x_wconf 88' lang='lat' dir='ltr'><strong>alii,</strong></span> <span class='ocrx_word' id='word_1_932' title='bbox 2237 5141 2310 5196; x_wconf 71' lang='lat' dir='ltr'><strong>uel</strong></span> <span class='ocrx_word' id='word_1_933' title='bbox 2353 5153 2576 5210; x_wconf 65' lang='lat' dir='ltr'><strong>Daunus.</strong></span> <span class='ocrx_word' id='word_1_934' title='bbox 2601 5153 2698 5195; x_wconf 79' lang='lat' dir='ltr'><strong>Hoc</strong></span> <span class='ocrx_word' id='word_1_935' title='bbox 2729 5152 2891 5194; x_wconf 87' lang='lat' dir='ltr'><strong>tamen</strong></span> <span class='ocrx_word' id='word_1_936' title='bbox 2927 5143 3266 5210; x_wconf 74' lang='lat' dir='ltr'><strong>Levanienses,</strong></span> <span class='ocrx_word' id='word_1_937' title='bbox 3289 5141 3509 5210; x_wconf 80' lang='lat' dir='ltr'><strong>Ludmici</strong></span> 
     </span>
    </p>
   </div>
   <div class='ocr_carea' id='block_1_123' title="bbox 1927 5202 3510 5271">
    <p class='ocr_par' dir='ltr' id='par_1_123' title="bbox 1927 5202 3510 5271">
     <span class='ocr_line' id='line_1_124' title="bbox 1927 5202 3510 5271; baseline -0.001 -15"><span class='ocrx_word' id='word_1_938' title='bbox 1927 5202 2066 5260; x_wconf 58' lang='lat' dir='ltr'><strong>Vives</strong></span> <span class='ocrx_word' id='word_1_939' title='bbox 2085 5211 2407 5271; x_wconf 84' lang='lat' dir='ltr'><strong>conjecturam</strong></span> <span class='ocrx_word' id='word_1_940' title='bbox 2422 5209 2595 5268; x_wconf 83' lang='lat' dir='ltr'><strong>secuti,</strong></span> <span class='ocrx_word' id='word_1_941' title='bbox 2613 5210 2894 5271; x_wconf 83' lang='lat' dir='ltr'><strong>omiserunt.</strong></span> <span class='ocrx_word' id='word_1_942' title='bbox 2917 5203 3091 5262; x_wconf 74' lang='lat' dir='ltr'><strong>Arnol.,</strong></span> <span class='ocrx_word' id='word_1_943' title='bbox 3121 5202 3186 5250; x_wconf 90' lang='lat' dir='ltr'><strong>lib</strong></span> <span class='ocrx_word' id='word_1_944' title='bbox 3209 5203 3252 5250; x_wconf 79' lang='grc'><strong>4.</strong></span> <span class='ocrx_word' id='word_1_945' title='bbox 3277 5203 3510 5271; x_wconf 70' lang='lat' dir='ltr'><strong>adversus</strong></span> 
     </span>
    </p>
   </div>
   <div class='ocr_carea' id='block_1_124' title="bbox 1923 5266 3504 5334">
    <p class='ocr_par' dir='ltr' id='par_1_124' title="bbox 1923 5266 3504 5334">
     <span class='ocr_line' id='line_1_125' title="bbox 1923 5266 3504 5334; baseline -0.003 -14"><span class='ocrx_word' id='word_1_946' title='bbox 1923 5279 2100 5322; x_wconf 82' lang='lat' dir='ltr'><strong>centes</strong></span> <span class='ocrx_word' id='word_1_947' title='bbox 2125 5285 2136 5320; x_wconf 95' lang='lat'><strong>:</strong></span> <span class='ocrx_word' id='word_1_948' title='bbox 2172 5266 2214 5316; x_wconf 70' lang='grc' dir='ltr'><strong>ἀ</strong></span> <span class='ocrx_word' id='word_1_949' title='bbox 2237 5277 2288 5320; x_wconf 80' lang='lat' dir='ltr'><strong>Et</strong></span> <span class='ocrx_word' id='word_1_950' title='bbox 2310 5273 2422 5334; x_wconf 90' lang='lat' dir='ltr'><strong>quia</strong></span> <span class='ocrx_word' id='word_1_951' title='bbox 2458 5285 2552 5320; x_wconf 90' lang='lat' dir='ltr'><strong>non</strong></span> <span class='ocrx_word' id='word_1_952' title='bbox 2584 5266 2782 5333; x_wconf 54' lang='lat' dir='ltr'><strong>supplic</strong></span> <span class='ocrx_word' id='word_1_953' title='bbox 2812 5281 2896 5316; x_wconf 92' lang='lat' dir='ltr'><strong>ces</strong></span> <span class='ocrx_word' id='word_1_954' title='bbox 2920 5273 3110 5315; x_wconf 74' lang='lat' dir='ltr'><strong>Mutuno</strong></span> <span class='ocrx_word' id='word_1_955' title='bbox 3133 5266 3504 5328; x_wconf 68' lang='lat' dir='ltr'><strong>prwunmimus,</strong></span> 
     </span>
    </p>
   </div>
   <div class='ocr_carea' id='block_1_125' title="bbox 1921 5341 2466 5392">
    <p class='ocr_par' dir='ltr' id='par_1_125' title="bbox 1921 5341 2466 5392">
     <span class='ocr_line' id='line_1_126' title="bbox 1921 5341 2466 5392; baseline -0.004 -9"><span class='ocrx_word' id='word_1_956' title='bbox 1921 5341 2070 5392; x_wconf 71' lang='lat' dir='ltr'><strong>atque</strong></span> <span class='ocrx_word' id='word_1_957' title='bbox 2087 5341 2294 5392; x_wconf 88' lang='lat' dir='ltr'><strong>Tntuno,</strong></span> <span class='ocrx_word' id='word_1_958' title='bbox 2319 5349 2340 5376; x_wconf 72' lang='grc' dir='ltr'><strong>ι</strong></span> <span class='ocrx_word' id='word_1_959' title='bbox 2373 5341 2466 5383; x_wconf 91' lang='lat' dir='ltr'><strong>etc.</strong></span> 
     </span>
    </p>
   </div>
   <div class='ocr_carea' id='block_1_126' title="bbox 2009 5393 2800 5456">
    <p class='ocr_par' dir='ltr' id='par_1_126' title="bbox 2009 5393 2800 5456">
     <span class='ocr_line' id='line_1_127' title="bbox 2009 5393 2800 5456; baseline -0.003 -12"><span class='ocrx_word' id='word_1_960' title='bbox 2009 5397 2058 5456; x_wconf 79' lang='grc' dir='ltr'><strong>ιι)</strong></span> <span class='ocrx_word' id='word_1_961' title='bbox 2085 5403 2151 5444; x_wconf 84' lang='lat' dir='ltr'><strong>De</strong></span> <span class='ocrx_word' id='word_1_962' title='bbox 2175 5396 2250 5444; x_wconf 89' lang='lat' dir='ltr'><strong>his</strong></span> <span class='ocrx_word' id='word_1_963' title='bbox 2275 5393 2413 5456; x_wconf 80' lang='lat' dir='ltr'><strong>intra,</strong></span> <span class='ocrx_word' id='word_1_964' title='bbox 2439 5395 2525 5444; x_wconf 90' lang='lat' dir='ltr'><strong>lib.</strong></span> <span class='ocrx_word' id='word_1_965' title='bbox 2551 5395 2599 5454; x_wconf 88' lang='lat'><strong>6,</strong></span> <span class='ocrx_word' id='word_1_966' title='bbox 2625 5407 2729 5456; x_wconf 89' lang='lat' dir='ltr'><strong>cap.</strong></span> <span class='ocrx_word' id='word_1_967' title='bbox 2751 5393 2800 5442; x_wconf 87' lang='lat'><strong>9.</strong></span> 
     </span>
    </p>
   </div>
   <div class='ocr_carea' id='block_1_127' title="bbox 2007 5451 3505 5528">
    <p class='ocr_par' dir='ltr' id='par_1_127' title="bbox 2007 5451 3505 5528">
     <span class='ocr_line' id='line_1_128' title="bbox 2007 5451 3505 5528; baseline -0.002 -20"><span class='ocrx_word' id='word_1_968' title='bbox 2007 5451 2056 5522; x_wconf 68' lang='grc' dir='ltr'><strong>ὁ)</strong></span> <span class='ocrx_word' id='word_1_969' title='bbox 2077 5465 2357 5528; x_wconf 78' lang='lat' dir='ltr'><strong>carmentes</strong></span> <span class='ocrx_word' id='word_1_970' title='bbox 2398 5451 2523 5519; x_wconf 84' lang='lat' dir='ltr'><strong>apud</strong></span> <span class='ocrx_word' id='word_1_971' title='bbox 2547 5451 2598 5528; x_wconf 68' lang='grc' dir='ltr'><strong>ᾼζ</strong></span> <span class='ocrx_word' id='word_1_972' title='bbox 2624 5451 2844 5528; x_wconf 56' lang='lat' dir='ltr'><strong>(sellium,</strong></span> <span class='ocrx_word' id='word_1_973' title='bbox 2883 5453 2968 5504; x_wconf 92' lang='lat' dir='ltr'><strong>lib.</strong></span> <span class='ocrx_word' id='word_1_974' title='bbox 3005 5451 3080 5514; x_wconf 87' lang='grc'><strong>16,</strong></span> <span class='ocrx_word' id='word_1_975' title='bbox 3119 5466 3226 5517; x_wconf 87' lang='lat' dir='ltr'><strong>cap.</strong></span> <span class='ocrx_word' id='word_1_976' title='bbox 3261 5453 3338 5514; x_wconf 88' lang='grc'><strong>16,</strong></span> <span class='ocrx_word' id='word_1_977' title='bbox 3373 5453 3505 5516; x_wconf 67' lang='lat' dir='ltr'><strong>dua),</strong></span> 
     </span>
    </p>
   </div>
   <div class='ocr_carea' id='block_1_128' title="bbox 1923 5525 2724 5574">
    <p class='ocr_par' dir='ltr' id='par_1_128' title="bbox 1923 5525 2724 5574">
     <span class='ocr_line' id='line_1_129' title="bbox 1923 5525 2724 5574; baseline -0.009 -2"><span class='ocrx_word' id='word_1_978' title='bbox 1923 5527 2172 5572; x_wconf 78' lang='lat' dir='ltr'><strong>Postuerla</strong></span> <span class='ocrx_word' id='word_1_979' title='bbox 2197 5527 2248 5568; x_wconf 86' lang='lat' dir='ltr'><strong>et</strong></span> <span class='ocrx_word' id='word_1_980' title='bbox 2275 5529 2418 5569; x_wconf 74' lang='lat' dir='ltr'><strong>Prosa</strong></span> <span class='ocrx_word' id='word_1_981' title='bbox 2441 5525 2724 5574; x_wconf 64' lang='lat' dir='ltr'><strong>nouiinatae.</strong></span> 
     </span>
    </p>
   </div>
   <div class='ocr_carea' id='block_1_129' title="bbox 2006 5577 3503 5646">
    <p class='ocr_par' dir='ltr' id='par_1_129' title="bbox 2006 5577 3503 5646">
     <span class='ocr_line' id='line_1_130' title="bbox 2006 5577 3503 5646; baseline -0.003 -14"><span class='ocrx_word' id='word_1_982' title='bbox 2006 5586 2054 5646; x_wconf 68' lang='grc' dir='ltr'><strong>ι’)</strong></span> <span class='ocrx_word' id='word_1_983' title='bbox 2085 5581 2339 5646; x_wconf 73' lang='lat' dir='ltr'><strong>Parentiim</strong></span> <span class='ocrx_word' id='word_1_984' title='bbox 2359 5584 2482 5642; x_wconf 88' lang='lat' dir='ltr'><strong>apud</strong></span> <span class='ocrx_word' id='word_1_985' title='bbox 2505 5577 2725 5646; x_wconf 83' lang='lat' dir='ltr'><strong>&#39;l&#39;erlull.,</strong></span> <span class='ocrx_word' id='word_1_986' title='bbox 2745 5579 2804 5646; x_wconf 90' lang='lat' dir='ltr'><strong>ad</strong></span> <span class='ocrx_word' id='word_1_987' title='bbox 2825 5581 3064 5646; x_wconf 57' lang='lat' dir='ltr'><strong>sationes,</strong></span> <span class='ocrx_word' id='word_1_988' title='bbox 3089 5577 3174 5646; x_wconf 83' lang='lat' dir='ltr'><strong>lib.</strong></span> <span class='ocrx_word' id='word_1_989' title='bbox 3218 5577 3265 5636; x_wconf 73' lang='grc'><strong>2,</strong></span> <span class='ocrx_word' id='word_1_990' title='bbox 3289 5577 3503 5646; x_wconf 79' lang='lat' dir='ltr'><strong>_cap._l__l.</strong></span> 
     </span>
    </p>
   </div>
   <div class='ocr_carea' id='block_1_130' title="bbox 2007 5639 3504 5709">
    <p class='ocr_par' dir='ltr' id='par_1_130' title="bbox 2007 5639 3504 5709">
     <span class='ocr_line' id='line_1_131' title="bbox 2007 5639 3504 5709; baseline -0.005 -14"><span class='ocrx_word' id='word_1_991' title='bbox 2007 5639 2062 5709; x_wconf 72' lang='grc' dir='ltr'><strong>α’)</strong></span> <span class='ocrx_word' id='word_1_992' title='bbox 2090 5653 2234 5693; x_wconf 72' lang='lat' dir='ltr'><strong>vetus</strong></span> <span class='ocrx_word' id='word_1_993' title='bbox 2255 5639 2406 5709; x_wconf 55' lang='lat' dir='ltr'><strong>cuiius</strong></span> <span class='ocrx_word' id='word_1_994' title='bbox 2450 5639 2715 5709; x_wconf 70' lang='lat' dir='ltr'><strong>Faurcnsis</strong></span> <span class='ocrx_word' id='word_1_995' title='bbox 2747 5645 2794 5691; x_wconf 90' lang='lat' dir='ltr'><strong>in</strong></span> <span class='ocrx_word' id='word_1_996' title='bbox 2837 5641 3138 5692; x_wconf 85' lang='lat' dir='ltr'><strong>interliueari</strong></span> <span class='ocrx_word' id='word_1_997' title='bbox 3179 5639 3504 5709; x_wconf 72' lang='lat' dir='ltr'><strong>Spatioaddit,</strong></span> 
     </span>
    </p>
   </div>
   <div class='ocr_carea' id='block_1_131' title="bbox 1921 5703 3505 5772">
    <p class='ocr_par' dir='ltr' id='par_1_131' title="bbox 1921 5703 3505 5772">
     <span class='ocr_line' id='line_1_132' title="bbox 1921 5703 3505 5772; baseline -0.006 -13"><span class='ocrx_word' id='word_1_998' title='bbox 1921 5703 2022 5772; x_wconf 75' lang='lat' dir='ltr'><strong>post</strong></span> <span class='ocrx_word' id='word_1_999' title='bbox 2043 5703 2108 5756; x_wconf 58' lang='lat' dir='ltr'><strong>&#39;xv</strong></span> <span class='ocrx_word' id='word_1_1000' title='bbox 2129 5720 2292 5756; x_wconf 71' lang='lat' dir='ltr'><strong>(alnos.</strong></span> <span class='ocrx_word' id='word_1_1001' title='bbox 2317 5705 2556 5752; x_wconf 78' lang='lat' dir='ltr'><strong>Glossema</strong></span> <span class='ocrx_word' id='word_1_1002' title='bbox 2580 5717 2672 5772; x_wconf 81' lang='lat' dir='ltr'><strong>non</strong></span> <span class='ocrx_word' id='word_1_1003' title='bbox 2697 5705 2930 5767; x_wconf 89' lang='lat' dir='ltr'><strong>ineptum.</strong></span> <span class='ocrx_word' id='word_1_1004' title='bbox 2963 5710 3247 5752; x_wconf 54' lang='lat' dir='ltr'><strong>Itt‘a&#39;lexlam</strong></span> <span class='ocrx_word' id='word_1_1005' title='bbox 3274 5703 3404 5772; x_wconf 77' lang='lat' dir='ltr'><strong>enim</strong></span> <span class='ocrx_word' id='word_1_1006' title='bbox 3424 5715 3505 5772; x_wconf 79' lang='lat' dir='ltr'><strong>vo-</strong></span> 
     </span>
    </p>
   </div>
   <div class='ocr_carea' id='block_1_132' title="bbox 1921 5765 3504 5832">
    <p class='ocr_par' dir='ltr' id='par_1_132' title="bbox 1921 5765 3504 5832">
     <span class='ocr_line' id='line_1_133' title="bbox 1921 5765 3504 5832; baseline -0.004 -14"><span class='ocrx_word' id='word_1_1007' title='bbox 1921 5765 2094 5818; x_wconf 70' lang='lat' dir='ltr'><strong>cabant</strong></span> <span class='ocrx_word' id='word_1_1008' title='bbox 2131 5777 2290 5832; x_wconf 84' lang='lat' dir='ltr'><strong>togam</strong></span> <span class='ocrx_word' id='word_1_1009' title='bbox 2325 5779 2532 5832; x_wconf 78' lang='lat' dir='ltr'><strong>ptn&#39;pura</strong></span> <span class='ocrx_word' id='word_1_1010' title='bbox 2555 5765 2936 5832; x_wconf 69' lang='lat' dir='ltr'><strong>circumtextum.</strong></span> <span class='ocrx_word' id='word_1_1011' title='bbox 2964 5778 3057 5816; x_wconf 86' lang='lat' dir='ltr'><strong>oua</strong></span> <span class='ocrx_word' id='word_1_1012' title='bbox 3080 5779 3172 5832; x_wconf 74' lang='lat' dir='ltr'><strong>non</strong></span> <span class='ocrx_word' id='word_1_1013' title='bbox 3195 5765 3504 5832; x_wconf 57' lang='lat' dir='ltr'><strong>Ittftgistralus</strong></span> 
     </span>
    </p>
   </div>
   <div class='ocr_carea' id='block_1_133' title="bbox 1922 5826 3502 5895">
    <p class='ocr_par' dir='ltr' id='par_1_133' title="bbox 1922 5826 3502 5895">
     <span class='ocr_line' id='line_1_134' title="bbox 1922 5826 3502 5895; baseline -0.006 -13"><span class='ocrx_word' id='word_1_1014' title='bbox 1922 5839 2124 5886; x_wconf 88' lang='lat' dir='ltr'><strong>tantum,</strong></span> <span class='ocrx_word' id='word_1_1015' title='bbox 2149 5826 2237 5878; x_wconf 73' lang='lat' dir='ltr'><strong>séd</strong></span> <span class='ocrx_word' id='word_1_1016' title='bbox 2279 5826 2426 5879; x_wconf 79' lang='lat' dir='ltr'><strong>etiam</strong></span> <span class='ocrx_word' id='word_1_1017' title='bbox 2449 5829 2590 5895; x_wconf 79' lang='lat' dir='ltr'><strong>pueri</strong></span> <span class='ocrx_word' id='word_1_1018' title='bbox 2615 5837 2875 5895; x_wconf 83' lang='lat' dir='ltr'><strong>utebantur</strong></span> <span class='ocrx_word' id='word_1_1019' title='bbox 2913 5839 3068 5891; x_wconf 88' lang='lat' dir='ltr'><strong>usque</strong></span> <span class='ocrx_word' id='word_1_1020' title='bbox 3089 5829 3148 5875; x_wconf 83' lang='lat' dir='ltr'><strong>ad</strong></span> <span class='ocrx_word' id='word_1_1021' title='bbox 3173 5826 3502 5892; x_wconf 72' lang='lat' dir='ltr'><strong>pubertatem.</strong></span> 
     </span>
    </p>
   </div>
   <div class='ocr_carea' id='block_1_134' title="bbox 1923 5889 2950 5960">
    <p class='ocr_par' dir='ltr' id='par_1_134' title="bbox 1923 5889 2950 5960">
     <span class='ocr_line' id='line_1_135' title="bbox 1923 5889 2950 5960; baseline -0.001 -18"><span class='ocrx_word' id='word_1_1022' title='bbox 1923 5907 2016 5960; x_wconf 87' lang='lat' dir='ltr'><strong>quo</strong></span> <span class='ocrx_word' id='word_1_1023' title='bbox 2040 5902 2258 5955; x_wconf 80' lang='lat' dir='ltr'><strong>tempore</strong></span> <span class='ocrx_word' id='word_1_1024' title='bbox 2284 5889 2648 5954; x_wconf 60' lang='lat' dir='ltr'><strong>tuganrvirilem</strong></span> <span class='ocrx_word' id='word_1_1025' title='bbox 2671 5889 2950 5948; x_wconf 78' lang='lat' dir='ltr'><strong>induebant.</strong></span> 
     </span>
    </p>
   </div>
  </div>
