4038 6494
473 371 581 434 115

464 488 782 558 perderent,
810 488 856 543 si
884 498 1051 544 unum
1077 487 1243 542 Deum
1267 486 1503 542 colerent
1533 485 1881 557 prudentiorc
1907 499 2057 540 com-

474 583 714 654 pendio?
737 582 875 651 Quid
898 583 1039 638 enim
1065 581 1182 649 ejus
1208 588 1666 646 contemneretur,
1696 590 1818 635 cum
1844 579 1958 647 ipse
1978 590 2061 634 ce.

477 674 715 731 lerctur?
753 675 809 729 Si
849 683 1026 729 autem
1058 672 1403 728 metuendum
1435 671 1556 737 fuit,
1585 686 1654 726 ne
1687 670 2061 740 praetermissa:

476 771 595 827 sive
622 769 877 839 neglectae
912 776 1092 837 partes
1121 768 1239 837 ejus
1266 767 1621 823 irascerentur
1652 784 1669 821 :
1708 782 1816 820 non
1854 779 1983 835 ergo
2007 774 2064 819 ut

478 861 684 927 volunt,
709 860 857 914 velut
883 859 1040 915 unius
1064 858 1351 914 animantis
1380 860 1494 915 hate
1521 866 1630 913 tota
1665 857 1772 912 vita
1810 868 1915 924 est,
1945 866 2062 927 qua:

479 963 668 1006 omnes
691 951 930 1005 continet
960 949 1114 1017 deos,
1144 950 1295 1020 quasi
1335 964 1459 1005 suas
1490 950 1735 1014 virtutes,
1774 950 1859 1004 vel
1888 962 2061 1003 mem-

476 1041 597 1108 bra,
629 1041 711 1097 vel
726 1049 945 1112 partes;
974 1041 1071 1098 sed
1098 1055 1249 1097 suam
1275 1054 1501 1111 quaeque
1522 1055 1648 1111 pars
1669 1040 1829 1096 habet
1850 1038 2012 1095 vitam
2030 1052 2063 1094 a

476 1132 689 1191 caneris
717 1143 1040 1203 separatam,
1072 1135 1117 1190 si
1147 1142 1341 1204 praeter
1358 1133 1579 1188 alteram
1606 1132 1759 1188 irasci
1780 1132 1949 1187 altera
1968 1144 2064 1203 po-

480 1234 609 1293 test,
640 1234 697 1281 et
718 1226 824 1281 alia
852 1226 1073 1295 placari,
1118 1225 1221 1279 alia
1249 1224 1527 1279 concitari.
1558 1223 1613 1279 Si
1655 1233 1834 1278 autem
1871 1221 2065 1276 dicitur

476 1331 671 1375 omnes
697 1316 877 1383 simul,
906 1316 960 1372 id
993 1326 1079 1372 est
1101 1324 1271 1372 totum
1301 1316 1475 1386 ipsum
1502 1313 1688 1370 Jovem
1714 1314 1955 1384 potuisse
1978 1310 2063 1367 of-

473 1407 646 1474 fendi,
670 1409 713 1464 si
736 1418 916 1479 partes
938 1409 1055 1479 ejus
1081 1424 1186 1463 non
1215 1408 1378 1464 etiam
1397 1405 1706 1477 singillatim
1736 1403 2064 1461 minutatim.

478 1517 586 1574 que
626 1504 960 1571 colerentur,
1008 1503 1171 1558 stulte
1210 1502 1422 1559 dicitur.
1456 1499 1608 1556 Nulla
1647 1500 1844 1569 quippe
1881 1512 2065 1553 earum

470 1596 999 1665 praetermitteretur,
1044 1610 1169 1651 cum
1200 1595 1313 1665 ipse
1352 1606 1492 1650 unus
1526 1592 1618 1663 qui
1662 1592 1823 1648 habet
1860 1592 2063 1660 omnia,

480 1672 768 1744 coleretur.
796 1687 928 1743 Nam
950 1695 1008 1745 ut
1029 1687 1131 1744 alia
1164 1687 1431 1753 omittam,
1462 1700 1583 1755 qua:
1610 1695 1738 1741 sunt.
1755 1684 2063 1741 innumera-

481 1779 629 1845 bilia,
667 1796 789 1836 cum
826 1782 1011 1838 dicunt
1036 1782 1213 1836 omnia
1243 1780 1419 1836 sidera
1465 1787 1644 1850 partes
1671 1778 1820 1836 Jovis
1840 1792 1980 1843 esse,
2011 1786 2067 1834 et

480 1872 663 1928 omnia
684 1873 868 1929 vivere
892 1883 1053 1943 atque
1076 1871 1364 1929 rationales
1391 1872 1597 1927 animas
1624 1870 1842 1939 habere,
1871 1880 1926 1928 et
1946 1870 2067 1927 ideo

476 1963 599 2020 sine
624 1965 991 2020 controversia
1021 1963 1151 2020 deos
1175 1977 1317 2030 esse,
1348 1979 1455 2020 non
1478 1962 1662 2036 vident
1683 1976 1840 2034 quam
1871 1962 2067 2018 multos

485 2069 594 2111 non
623 2054 833 2121 colant,
857 2070 1017 2126 quam
1053 2055 1235 2111 multis
1272 2055 1416 2110 aedes
1437 2068 1542 2109 non
1569 2061 1883 2110 construant
1902 2093 1920 2119 ,
1944 2066 2067 2109 aras

485 2162 593 2202 non
623 2154 881 2214 statuant,
925 2161 1056 2217 quas
1098 2144 1275 2203 tamen
1294 2147 1309 2178 ¹
1342 2147 1675 2217 paucissimis
1694 2145 1928 2201 siderum
1955 2152 2066 2198 sta-

484 2238 712 2295 tuendas
730 2252 853 2295 esse
875 2247 1208 2309 putaverunt,
1232 2249 1286 2295 et
1305 2238 1610 2308 singillatim
1634 2234 2064 2292 sacriﬁcandum.

482 2328 542 2386 Si
592 2330 790 2402 igitur,
826 2330 1127 2386 irascuntur
1170 2329 1262 2400 qui
1298 2343 1404 2384 non
1447 2327 1753 2400 singillatim
1795 2326 2065 2395 coluntur,

482 2437 592 2478 non
654 2429 900 2478 motuum
930 2460 947 2489 ,
1011 2422 1196 2492 paucis
1254 2419 1478 2491 placatis
1508 2459 1524 2485 ,
1583 2427 1696 2474 toto
1740 2418 1877 2474 coelo
1931 2418 2068 2472 irato

484 2514 699 2571 vivere?
744 2515 801 2571 Si
845 2524 1021 2569 autem
1072 2513 1257 2570 stellas
1297 2526 1487 2568 omnes
1532 2511 1650 2566 ideo
1693 2510 1897 2576 colunt,
1943 2509 2068 2602 quia

484 2606 541 2660 in
569 2605 702 2662 Jove
722 2613 848 2661 sunt
869 2620 1031 2675 quem
1058 2604 1267 2672 colunt,
1288 2602 1393 2662 isto
1416 2602 1734 2674 compendio
1759 2610 1976 2672 possent
2015 2602 2067 2656 in

484 2694 578 2752 illo
615 2710 722 2751 uno
751 2694 1000 2751 onmibus
1028 2695 1348 2765 supplicare.
1376 2694 1466 2751 Sic
1493 2695 1635 2750 enim
1678 2708 1836 2748 nemo
1869 2694 2068 2748 irasce-

486 2797 657 2855 retur,
692 2802 815 2843 cum
839 2786 893 2843 in
925 2786 1016 2841 illo
1043 2801 1150 2841 uno
1176 2788 1195 2817 ²
1224 2801 1383 2842 nemo
1407 2793 1860 2851 contemneretur,
1894 2785 2070 2855 potius

486 2895 672 2951 quam,
710 2880 869 2937 cultis
894 2879 1234 2950 quibusdam,
1272 2879 1414 2950 justa
1442 2878 1706 2935 irascendi
1745 2892 1904 2933 causa
1943 2877 2067 2944 illis,

488 2972 582 3042 qui
620 2970 967 3042 prastermissi
990 2980 1191 3037 essent,
1230 2972 1397 3026 multo
1441 2970 1896 3026 numerosioribus
1931 2984 2070 3040 pra:-

490 3063 744 3121 beretur:
776 3065 1077 3135 praesertim
1108 3080 1230 3121 cum
1255 3064 1333 3120 eis
1362 3063 1430 3119 de
1455 3078 1684 3134 superna
1714 3062 1843 3118 sede
1870 3061 2075 3133 fulgen-

490 3155 657 3221 tibus,
680 3156 821 3225 turpi
847 3156 1087 3212 nuditate
1108 3155 1377 3212 distentus
1405 3164 1805 3225 praeponeretur
1825 3154 2069 3225 Priapus.

491 3246 715 3304 CAPUT
753 3245 868 3302 XII.
890 3276 961 3288 -—
978 3246 1056 3303 Ds
1083 3248 1322 3317 opinione
1346 3262 1518 3317 eorum
1540 3247 1629 3317 qui
1651 3244 1816 3300 Deum
1844 3247 2070 3300 animant

600 3317 808 3384 mundi,
835 3328 885 3373 et
910 3315 1155 3373 mundum
1182 3335 1369 3390 corpus
1396 3315 1489 3371 Dei
1511 3315 1616 3371 esse
1645 3326 1964 3388 putaverunt.

562 3406 702 3477 Quid
729 3409 893 3476 illud,
933 3426 1111 3467 nonne
1147 3410 1304 3467 debet
1332 3424 1550 3466 movere
1587 3395 2072 3479 acutos‘homines,

493 3499 578 3556 vel
611 3500 1029 3574 qualescumque
1058 3501 1342 3559 homines?
1374 3500 1491 3557 Non
1528 3500 1672 3558 enim
1701 3500 1769 3556 ad
1797 3500 1899 3555 hoc
1928 3501 2077 3572 inge-

494 3591 571 3647 nii
600 3607 735 3664 opus
763 3604 847 3648 est
867 3592 1209 3660 excellentia,
1239 3599 1299 3648 ut
1324 3590 1567 3664 deposito
1592 3592 1768 3647 studio
1790 3594 2079 3647 contentio-

494 3680 580 3739 nis
600 3683 895 3753 attendant,
923 3686 969 3741 si
994 3683 1179 3740 mundi
1206 3685 1414 3741 animus
1431 3682 1571 3741 Deus
1597 3692 1699 3753 est,
1723 3684 1879 3755 eique
1898 3683 2077 3739 animo

494 3772 725 3831 mundus
745 3785 803 3832 ut
821 3791 1017 3848 corpus
1038 3786 1140 3844 est,
1166 3786 1225 3832 ut
1244 3777 1314 3832 sit
1337 3792 1501 3832 unum
1523 3774 1718 3831 animal
1738 3784 1992 3830 constans
2012 3791 2076 3830 es

494 3867 676 3924 animo
701 3876 754 3924 et
777 3881 1003 3938 corpore
1019 3908 1035 3935 ,
1061 3877 1222 3938 atque
1250 3853 1350 3923 iste
1370 3867 1512 3922 Deus
1536 3875 1616 3922 est
1645 3866 1765 3920 sinu
1798 3864 2031 3936 quodam
2057 3862 2078 3897 ³

498 3968 703 4016 naturae
728 3956 781 4015 in
813 3974 873 4016 se
905 3959 1022 4032 ipso
1048 3960 1330 4017 continens
1356 3960 1561 4024 omnia,
1592 3968 1648 4012 ut
1676 3974 1740 4013 ex
1772 3956 1944 4031 ipsius
1968 3958 2081 4013 ani-

499 4068 608 4119 ma,
639 4067 743 4124 qua
765 4050 1062 4107 viviﬁcatur
1097 4050 1205 4107 tota
1228 4048 1328 4107 ista
1350 4048 1535 4117 moles,
1568 4050 1687 4105 vitm
1712 4059 1868 4121 atque
1889 4052 2083 4107 animm

502 4152 816 4200 cunctorum
840 4142 1133 4198 viventium
1174 4158 1271 4214 pro
1299 4141 1557 4212 cujusque
1596 4142 1862 4198 nascentis
1885 4141 1907 4173 ⁸
1937 4152 2083 4198 sorte

502 4243 805 4302 sumantur,
827 4232 959 4289 nihﬂ
980 4234 1196 4289 omnino
1216 4248 1494 4289 remanere
1514 4232 1557 4296 ⁸,
1579 4230 1721 4304 quod
1743 4249 1847 4288 non
1870 4234 1939 4288 sit
1961 4248 2084 4303 pars

509 4324 626 4383 Dei.
655 4324 808 4397 Quod
832 4324 877 4382 si
908 4325 978 4381 ita
1005 4334 1108 4393 est,
1141 4324 1258 4396 quis
1288 4341 1395 4379 non
1420 4323 1595 4380 videat
1609 4334 1813 4399 quanta
1842 4324 2086 4395 impietas

506 4429 562 4476 et
584 4414 956 4490 irreligiositas
973 4424 1352 4488 consequatur,
1386 4427 1442 4472 ut
1470 4417 1609 4487 quod
1637 4417 1923 4473 calcaverit
1950 4418 2087 4488 quis.

507 4527 632 4584 que,
662 4519 876 4583 partem
903 4509 1001 4566 Dei
1024 4510 1225 4577 calcet,
1265 4518 1319 4563 et
1355 4509 1410 4564 in
1449 4511 1593 4565 omni
1631 4510 1905 4566 animante
1941 4512 2087 4565 oeci-

498 4603 703 4674 dcndo,
738 4616 866 4676 pars
903 4604 997 4661 Dei
1037 4602 1367 4660 trucidetur?
1403 4600 1539 4660 Nolo
1564 4603 1743 4659 omnia
1766 4602 1946 4659 dicere
1970 4619 2089 4674 qua:

506 4706 733 4771 possunt
765 4710 1049 4752 occurrere
1076 4695 1431 4768 cogitantibus
1450 4738 1466 4764 ,
1496 4694 1603 4751 dici
1634 4703 1812 4750 autem
1852 4692 1969 4750 sine
1993 4709 2089 4751 ve-

508 4788 765 4847 recundia
790 4803 899 4844 non
928 4797 1168 4860 possunt.

509 4876 739 4939 CAPUT
776 4876 918 4936 Illi.
939 4909 1010 4920 -—
1030 4878 1109 4935 De
1143 4868 1222 4934 his
1248 4880 1336 4948 qui
1363 4875 1475 4933 sola
1508 4878 1784 4933 rationalia
1811 4877 2094 4933 causantis

866 4959 1034 5021 partes
1061 4966 1166 5004 esse
1187 4951 1340 5004 unius
1366 4949 1461 5003 Dei
1485 4959 1735 5009 asserunt.

584 5045 642 5104 Si
683 5054 859 5103 autem
889 5042 1002 5101 sola
1044 5041 1291 5124 animalia
1331 5042 1643 5108 rationalia,
1674 5042 1809 5096 sicut
1847 5048 1972 5095 sunt
1998 5040 2096 5095 ho-

510 5141 708 5207 mines,
750 5147 931 5209 partes
970 5138 1072 5194 Dei
1114 5153 1235 5194 esse
1270 5136 1635 5201 contendunt;
1669 5151 1772 5190 non
1798 5134 1957 5190 video
1981 5134 2099 5203 qui-

516 5231 663 5300 dem,
702 5230 748 5286 si
780 5238 930 5287 totus
962 5229 1195 5286 mundus
1220 5239 1301 5286 εει
1330 5227 1487 5295 Deus,
1514 5226 1783 5299 quomodo
1802 5226 2002 5282 bestias
2030 5225 2098 5282 ab

517 5324 637 5394 ejus
664 5322 902 5393 partibus
926 5330 1195 5393 separent.
1219 5318 1326 5375 Sed
1356 5320 1618 5376 obluctari
1645 5318 1774 5389 quid
1804 5332 1944 5389 opus
1980 5316 2099 5372 est?

522 5417 602 5474 De
628 5417 744 5489 ipso
775 5416 1019 5472 rationali
1049 5416 1348 5481 animante,
1376 5412 1433 5471 id
1457 5423 1541 5471 est
1577 5414 1827 5483 homine,
1858 5412 1988 5487 quid
2016 5410 2101 5467 in-

582 5527 607 5665 ;
634 5531 1077 5665 ἷιῗεῗὲὃίιιῗηιιᾶάωιι,
1110 5586 1334 5641 omnibus
1364 5586 1735 5653 supplicaretur.
1784 5588 1934 5640 Abest
1954 5598 1984 5641 a
2002 5599 2105 5639 ma-

1066 5711 1182 5763 Editi
1204 5720 1388 5783 autem,
1401 5712 1542 5783 sinus
1565 5711 1781 5783 quidam:

580 5774 609 5808 δ
644 5782 847 5827 veteres
868 5774 995 5833 libri,
1018 5775 1264 5825 nascendi.
1286 5800 1347 5812 —
1370 5774 1442 5826 Sic
1465 5774 1611 5826 etiam
1630 5776 1785 5826 nostri
1805 5778 1913 5825 Ias.
1992 5780 2054 5823 ιιι.

583 5836 610 5871 ³
640 5838 774 5886 Vind.
802 5847 902 5887 Am.
938 5844 1036 5898 Et,
1066 5848 1316 5891 femen
1337 5843 1506 5901 potest.
1528 5843 1659 5902 t.ov.,
1681 5849 1930 5890 rettulere
1949 5849 2104 5900 posse.

526 5898 1073 5963 Menexenus.

1538 367 1626 423 DE
1654 365 1977 422 CIVITA'I’E
2016 362 2152 435 DEI,
2179 366 2238 424 S.
2280 367 2645 426 AUGUSTINI

2173 486 2379 543 felicius
2401 487 2545 544 credi
2574 496 2772 558 potest,
2797 492 2956 559 qualn
2981 487 3075 544 Del
3092 492 3301 559 partem
3321 489 3596 560 vapulare,
3620 502 3748 547 ω

2166 594 2303 650 puer
2326 580 2578 649 vapulat?
2606 579 2722 636 Jam
2751 594 2883 636 vero
2906 591 3086 651 partes
3114 581 3206 636 Dei
3228 581 3344 637 ﬁeri
3364 581 3612 647 hscivas,
3640 583 3748 639 inis-

2165 684 2300 741 quas
2320 711 2335 735 ,
2378 671 2566 743 impias
2586 714 2601 738 ,
2638 681 2797 743 atque
2822 672 3043 728 omnino
3066 672 3400 729 damnabiles
3418 714 3433 737 ,
3464 676 3586 745 quis
3609 673 3752 730 farre

2168 765 2370 834 possit,
2400 764 2500 820 nisi
2526 766 2615 836 qui
2644 780 2865 836 prorsus
2896 765 3132 821 insanit?
3166 766 3447 823 Postremo
3472 765 3599 837 quid
3637 771 3745 822 ira-

2168 855 2335 912 scitur
2360 855 2441 912 eis
2468 870 2498 910 a
2527 856 2720 927 quibus
2760 872 2867 913 non
2905 857 3123 926 colitur,
3158 870 3282 914 cum
3308 872 3339 913 a
3367 858 3479 914 suis
3508 859 3754 930 partibus

2170 959 2278 1002 non
2303 947 2542 1003 colatur?
2566 948 2752 1005 Restat
2776 965 2907 1021 ergo
2932 958 2994 1006 ut
3012 950 3231 1017 dicant,
3255 964 3447 1006 omnes
3468 949 3599 1006 deos
3623 964 3755 1007 sua

2168 1039 2368 1097 habere
2387 1042 2543 1106 vitas,
2566 1043 2668 1100 sibi
2692 1059 2960 1115 quemque
2978 1045 3181 1113 vivere,
3202 1046 3403 1101 nullum
3418 1059 3609 1101 eorum
3628 1058 3756 1101 esse

2169 1143 2376 1204 partem
2396 1135 2738 1206 cujusquam;
2760 1136 2854 1192 sed
2877 1150 3068 1194 omnes
3087 1136 3365 1204 colendos,
3387 1137 3481 1207 qui
3498 1138 3754 1207 cogitasti

2166 1234 2224 1280 et
2248 1225 2352 1280 coli
2381 1236 2631 1295 possunt;
2656 1228 2783 1298 quia
2818 1237 2927 1283 tam
2957 1229 3110 1284 multi
3147 1238 3305 1296 sunt,
3333 1238 3392 1284 ut
3425 1244 3616 1285 ornnes
3641 1244 3755 1285 non

2169 1318 2397 1388 possint.
2435 1318 2674 1387 Quorum
2718 1320 2950 1393 Jupiter,
2981 1323 3106 1393 quia
3136 1337 3235 1378 rex
3266 1321 3545 1392 prmaidct,
3580 1322 3756 1392 ipsum

2166 1410 2334 1466 credo
2362 1410 2432 1467 ab
2459 1414 2537 1467 eis
2567 1414 2739 1483 putari
2771 1429 2993 1485 regnum
3020 1416 3394 1482 constituisse,
3426 1415 3508 1470 vel
3539 1414 3757 1471 auxisse

2170 1503 2493 1560 Romanum.
2522 1505 2654 1561 Nam
2690 1507 2736 1562 si
2778 1506 2883 1563 liae
2918 1509 3034 1578 ipse
3072 1522 3179 1562 non
3216 1505 3376 1571 fecit,
3397 1521 3558 1577 quem
3586 1504 3756 1562 alium

2170 1598 2330 1655 deum
2360 1614 2497 1670 opus
2524 1608 2634 1655 tam
2673 1614 2924 1671 magnum
2955 1600 3196 1671 potuisse
3237 1596 3455 1671 aggredi
3495 1598 3756 1667 credant,

2166 1697 2292 1748 cum
2321 1706 2512 1748 omnes
2537 1693 2785 1763 occupati
2811 1692 2917 1747 sint
2939 1691 3134 1748 ofﬁciis
3153 1700 3208 1748 et
3225 1692 3476 1762 operibus
3502 1690 3754 1762 propriis,

2172 1798 2273 1839 nec
2298 1783 2438 1838 alter
2461 1784 2477 1815 ³
2506 1792 2675 1839 irruat
2701 1785 2756 1839 in
2786 1784 3048 1839 alterius?
3074 1784 3120 1839 Δ
3160 1798 3288 1855 rege
3328 1783 3489 1855 igitur
3529 1781 3756 1838 deorum
3850 1806 3865 1822 ο

2172 1890 2394 1947 regnum
2419 1873 2704 1930 hominum
2734 1877 2902 1945 potuit
2927 1874 3207 1945 propagari
3234 1882 3289 1929 et
3315 1875 3519 1945 augeri.

2168 1966 2399 2023 CAPUT
2441 1965 2579 2021 XIV.
2597 1967 2967 2037 —Aagmenta
2990 1983 3259 2038 regnorum
3277 1965 3396 2019 Ioni
3420 1965 3760 2036 ἰιιοοιιᾳιιαι-

2246 2070 2320 2115 ter
2339 2059 2556 2114 adscribi
2577 2075 2598 2114 :
2616 2076 2752 2125 cum,
2774 2060 2818 2115 si
2856 2059 3095 2127 Victoria,
3120 2068 3176 2114 ut
3193 2056 3392 2124 uolunt,
3408 2057 3507 2112 dea
3529 2065 3622 2125 est,
3642 2057 3759 2126 ipsa

2249 2153 2365 2205 huic
2392 2153 2595 2223 negotio
2613 2151 2725 2206 sola
2749 2151 3015 2221 snjﬁoeret.

2246 2243 2605 2314 Hic-primum
2638 2259 2851 2314 quaero,
2881 2259 2980 2298 cur
3002 2243 3293 2298 nonetiam
3327 2242 3502 2311 ipsm
3535 2252 3758 2312 regnum

2174 2337 2366 2407 aliquis
2391 2338 2525 2392 deus
2549 2336 2675 2393 εειῖ
2707 2336 2817 2393 Cur
2848 2337 2991 2392 enim
3037 2352 3146 2392 non
3196 2336 3270 2391 ita
3303 2335 3403 2402 sit,
3442 2334 3492 2389 si
3521 2333 3760 2389 Victoria

2172 2428 2274 2483 dea
2298 2429 2420 2484 est?
2441 2430 2548 2483 Aut
2572 2429 2699 2499 quid
2726 2429 2845 2501 ipso
2872 2428 3006 2484 Jove
3030 2429 3084 2483 in
3116 2427 3218 2483 hac
3238 2441 3400 2483 causa
3428 2441 3564 2497 opus
3582 2433 3688 2493 est,
3711 2425 3763 2481 si

2180 2522 2410 2577 Victoria
2441 2521 2636 2578 Ii‘aveat
2685 2524 2860 2595 sitque
2909 2523 3171 2594 propitia,
3206 2531 3262 2578 et
3312 2535 3526 2593 semper
3565 2529 3655 2577 eat
3692 2519 3764 2576 ad

2178 2615 2322 2681 illos,
2369 2631 2506 2687 quos
2547 2617 2660 2672 vult
2702 2632 2823 2673 esse
2862 2615 3272 2672 victoresﬂiac
3314 2616 3415 2671 dea
3450 2614 3659 2671 favente
3706 2623 3765 2670 et

2172 2711 2436 2782 propitia,
2483 2712 2644 2766 etiam
2679 2711 2812 2767 Jove
2849 2720 3075 2766 vacante
3108 2710 3194 2766 vel
3219 2709 3363 2766 aliud
3396 2719 3616 2780 agente,
3642 2720 3765 2778 qua:

2177 2811 2364 2873 gentes
2408 2816 2517 2857 non
2568 2802 2797 2858 subditae
2841 2803 3225 2858 remanerent?
3274 2816 3393 2874 qua:
3437 2812 3600 2871 regna
3651 2813 3764 2854 non

2174 2892 2466 2948 cederent?
2495 2894 2574 2948 An
2605 2893 2742 2950 forte
2764 2895 3009 2966 displicet
3035 2896 3056 2927 ⁸
3096 2894 3272 2962 bonis,
3298 2892 3630 2964 iniquissima
3660 2890 3765 2945 im-

2178 2984 2443 3054 probitate
2470 2999 2727 3056 pugnare,
2762 2996 2817 3041 et
2845 2986 3098 3040 finitimos
3124 2987 3329 3057 quietos
3355 2984 3657 3053 nullamque
3685 2982 3769 3036 in-

2174 3076 2368 3146 juriam
2397 3074 2649 3131 facientes
2677 3075 2743 3131 ad
2774 3075 3104 3132 dilatandam
3135 3091 3355 3146 regnum
3384 3075 3523 3130 bello
3552 3081 3768 3144 sponta-

2175 3180 2283 3223 neo
2329 3167 2664 3237 provocare?
2705 3167 2870 3223 Plane
2912 3169 2957 3223 si
3000 3168 3072 3223 ita
3119 3167 3393 3234 sentiunt,
3433 3164 3668 3237 approbo
3713 3172 3771 3220 et

2178 3260 2358 3317 laudo.

2174 3351 2408 3409 CAPUT
2432 3350 2547 3408 XV.
2571 3383 2641 3394 —
2667 3350 2745 3407 An
2776 3362 3021 3424 congruat
3048 3352 3189 3407 bonis
3214 3353 3366 3408 latius
3394 3351 3518 3407 velle
3539 3364 3767 3422 regnate.

2253 3446 2478 3503 Videant
2498 3462 2626 3519 ergo
2647 3464 2713 3505 ne
2742 3449 2876 3505 forte
2904 3464 3009 3504 non
3037 3449 3301 3527 pertineat
3320 3447 3385 3503 ad
3409 3447 3554 3503 viros
3575 3445 3767 3512 honos,

2178 3540 2415 3613 gaudere
2452 3541 2520 3597 de
2557 3538 2708 3612 regni
2753 3538 3051 3597 latitudine.
3087 3540 3345 3611 iniquitas
3374 3537 3515 3594 enim
3543 3551 3769 3604 eorum,

2178 3644 2304 3689 eum
2334 3632 2526 3704 quibus
2551 3634 2691 3703 justa
2719 3632 2855 3690 bella
2885 3643 3029 3705 gesta
3061 3641 3211 3698 sunt,
3241 3645 3461 3701 regnum
3491 3626 3691 3699 adjuvit
3718 3632 3775 3682 ut

2180 3734 2452 3781 cresceret
2480 3744 2494 3779 :
2526 3723 2665 3797 quod
2690 3725 2878 3795 utique
2904 3738 3123 3797 parmm
3155 3732 3296 3777 esset
3314 3761 3329 3785 ,
3360 3721 3403 3774 si
3432 3719 3582 3790 quies
3609 3727 3663 3773 et
3686 3717 3773 3788 ju-

2180 3818 2328 3875 istitia
2370 3796 2711 3875 ﬁnitimorum
2748 3796 2937 3873 contra
2979 3830 3037 3872 se
3077 3815 3273 3871 bellum
3314 3813 3423 3885 geri
3462 3811 3606 3868 nulla
3640 3824 3773 3881 pro-

2182 3912 2406 3967 vocaret
2448 3909 2640 3981 injuria
2682 3928 2697 3964 :
2735 3924 2797 3965 ac
2842 3910 2920 3964 sic
2958 3906 3284 3965 felicioribus
3327 3906 3487 3961 rebus
3527 3902 3774 3959 humanis

2182 4004 2365 4059 omnia
2390 4017 2551 4073 regna
2575 4014 2735 4073 parva
2756 4011 2933 4056 essent
2952 3997 3201 4055 concordi
3224 3998 3490 4054 vicinitate
3512 3995 3771 4063 laetantia;

2182 4104 2242 4153 et
2267 4096 2340 4150 ita
2360 4105 2543 4151 essent
2568 4096 2623 4149 in
2646 4093 2847 4149 mundo
2870 4106 3033 4164 regna
3056 4090 3278 4162 plurima
3297 4090 3553 4161 gentium,-
3575 4096 3633 4143 ut
3651 4095 3777 4142 sunt

2191 4190 2246 4245 in
2275 4190 2406 4245 urbe
2435 4187 2897 4258 domusaplurima:
2934 4186 3154 4241 civium.
3193 4183 3422 4239 Proinde
3458 4182 3776 4252 belligerare

2190 4292 2245 4338 et
2270 4279 2581 4352 perdomitis
2604 4270 2849 4352 gentibus
2879 4277 3100 4333 dilatare
3126 4291 3370 4348 regnum,
3393 4274 3546 4329 malis
3570 4272 3778 4328 videtur

2192 4374 2450 4438 felicitas,
2484 4372 2637 4429 bonis
2676 4371 2990 4428 necessitas.
3022 4368 3131 4426 Sed
3166 4370 3287 4440 quia
3326 4367 3480 4438 pejus
3516 4373 3694 4433 esset,
3722 4372 3782 4419 ut

2194 4465 2436 4536 injuriosi
2456 4464 3210 4536 melioribus-dominam,
3231 4460 3351 4530 ideo
3366 4473 3473 4514 non
3486 4458 3782 4528 incongrue

2192 4558 2391 4614 dicitur
2426 4560 2587 4613 etiam
2618 4558 2721 4614 ista
2748 4555 2996 4612 idieitas.
3026 4553 3132 4609 Sed
3164 4551 3535 4624 proculdubio
3554 4548 3783 4604 felicitas

2194 4649 2367 4719 major
2394 4658 2496 4716 est,
2529 4648 2757 4703 vicinum
2796 4647 2993 4702 bonum
3023 4644 3222 4699 habere
3248 4641 3592 4707 concordem,
3620 4630 3782 4709 quasi

2197 4742 2427 4796 vicinum
2450 4741 2654 4795 malum
2679 4738 2964 4809 sttitjugarc
2985 4735 3295 4792 bellantem.
3323 4734 3458 4789 Mala
3485 4741 3605 4787 vota
3635 4738 3783 4797 sunt,

2192 4843 2383 4907 optare
2403 4833 2603 4888 habere
2622 4846 2780 4903 quem
2802 4830 3000 4897 aderis,
3022 4830 3107 4885 vel
3127 4842 3286 4900 quem
3304 4826 3516 4890 timeas,
3538 4832 3595 4878 ut
3616 4822 3788 4893 possit

2194 4944 2319 4986 esse
2354 4940 2515 4998 quem
2546 4927 2746 4982 vineas.
2775 4923 2832 4980 Si
2868 4938 2996 4994 ergo
3030 4922 3171 4993 iusta
3206 4917 3441 4991 gerendo
3466 4916 3645 4983 bella,
3674 4926 3787 4969 non

2193 5022 2390 5092 iutpia,
2418 5036 2524 5077 non
2550 5020 2731 5090 iniqua
2753 5059 2767 5084 ,
2804 5016 3035 5073 Romani
3076 5013 3357 5084 imperium
3388 5020 3500 5066 tam
3532 5022 3788 5079 mugitum

2202 5116 2478 5186 acquirere
2526 5120 2844 5184 potuerunt,
2884 5108 3139 5178 mnnquid
3180 5116 3430 5176 tanquam
3472 5103 3648 5173 aliqua
3684 5100 3791 5156 dea

2198 5206 2428 5262 colenda
2456 5215 2537 5261 est
2565 5205 2642 5259 eis
2670 5204 2831 5259 etiam
2873 5200 3122 5272 iniquitas
3149 5197 3366 5253 aliena?
3391 5195 3612 5251 Multum
3640 5194 3792 5249 enim

2200 5298 2271 5356 ad
2311 5300 2464 5353 istam
2502 5296 2830 5352 latitudinem
2869 5293 3077 5363 imperii
3113 5281 3232 5348 eam
3271 5295 3607 5359 cooperatam
3637 5284 3794 5341 vide-

2209 5409 2325 5447 mus
2345 5435 2357 5458 ,
2390 5407 2508 5461 qum
2539 5388 2761 5444 faciebat
2798 5386 3110 5457 injuriosos,
3138 5393 3198 5437 ut
3234 5388 3414 5438 essent
3447 5394 3567 5435 cum
3597 5376 3795 5449 quibus

2200 5484 2510 5558 justa‘bella
2546 5491 2896 5555 gererentur.
2933 5491 2990 5538 ει
3030 5486 3315 5551 augeretur
3351 5474 3649 5545 imperium.
3679 5468 3796 5526 Cur

2274 5688 2301 5760 i.
2326 5694 2459 5760 hom,
2497 5697 2560 5737 tle
2590 5682 2748 5746 alter;
3210 5675 3353 5728 editis
3385 5670 3494 5724 aliis
3529 5675 3584 5722 et
3620 5679 3794 5719 manu-

2208 5756 2463 5885 Ὲηῗθῗιιᾱ.
2491 5820 2588 5859 Αιιι.
2613 5816 2708 5881 ἓν.)
2730 5821 2825 5885 non
2845 5805 3082 5871 (εδριίωι.
3112 5804 3457 5866 mu
3489 5795 3689 5859 aestuo
3706 5804 3797 5845 η’

2213 5878 2439 5929 ctoritate
2458 5878 2906 5936 manme
3746 5940 3762 5947 ο
