4038 6474
544 326 668 383 ’127

565 457 752 500 verum
774 445 865 515 sit,
887 447 1070 506 mirari
1092 465 1192 508 nos
1212 466 1319 510 non
1346 462 1578 528 oportet.
1603 458 1719 518 Non
1740 466 1881 521 enim
1911 469 2153 540 malignis

566 534 895 596 daemonibus
915 543 1073 599 etiam
1095 545 1173 602 sic
1191 546 1409 606 difficile
1428 561 1511 608 est
1535 552 1744 623 fallere,
1767 575 1991 629 quorum
2014 534 2156 621 artes

565 639 725 701 atque
749 637 1010 692 versutias
1037 638 1161 694 hinc
1195 644 1372 712 potius
1402 645 1486 702 isti
1517 647 1797 708 advertere
1825 653 2152 725 debuerunt,

563 723 704 792 quod
745 725 830 779 illa
877 727 973 782 dea
1019 729 1194 787 locuta
1227 745 1342 802 est,
1374 754 1492 809 quae
1530 739 1746 798 fortuitu
1787 748 2016 818 accidit,
2048 723 2154 806 non

566 827 687 882 quae
713 818 914 874 meritis
934 823 1099 878 venit.
1123 826 1247 882 Fuit
1269 829 1411 885 enim
1440 831 1669 888 Fortuna
1693 836 1902 908 loquax,
1933 852 1986 897 et
2011 851 2157 899 muta

567 904 842 973 Felicitas;
872 915 1054 983 utquid
1085 917 1228 974 aliud
1253 921 1290 988 ί,
1323 923 1420 978 nisi
1447 933 1506 979 ut
1533 925 1778 985 homines
1802 941 1949 989 recte
1972 937 2156 994 vivere

565 1013 670 1054 non
696 1014 984 1073 curarent,
1009 1012 1289 1068 conciliata
1318 1015 1418 1072 sibi
1449 1017 1679 1075 Fortuna
1702 1064 1716 1085 ,
1744 1040 1862 1094 quae
1893 1026 2011 1083 illos
2041 1029 2158 1085 sine

564 1091 684 1147 ullis
711 1095 866 1152 bonis
889 1102 1092 1158 meritis
1120 1104 1318 1162 faceret
1343 1108 1676 1168 fortunatos?
1702 1115 1766 1170 Et
1787 1129 1932 1174 certe
1955 1121 2000 1174 si
2027 1120 2158 1177 For-

565 1191 689 1238 tuna
720 1186 972 1259 loquitur,
1001 1211 1104 1249 non
1128 1198 1315 1254 saltem
1344 1203 1637 1270 muliebris,
1667 1208 1759 1261 sed
1788 1208 1954 1264 virilis
1981 1214 2156 1281 potius

564 1275 903 1349 loqueretur,
941 1295 998 1340 ut
1040 1303 1142 1342 non
1191 1291 1349 1361 ipsze,
1387 1309 1505 1364 qua:
1548 1296 1890 1354 simulacrum
1939 1301 2156 1358 dedica-

568 1382 778 1438 verunt,
807 1387 1118 1442 putarentur
1141 1390 1342 1438 tantum
1367 1387 1681 1444 miraculum
1707 1392 1951 1448 muliebri
1977 1395 2159 1468 loqua-

563 1460 724 1518 citate
748 1465 981 1525 finxisse.

566 1552 792 1612 CAPUT
829 1553 951 1614 XX.
971 1592 1044 1604 -—
1069 1563 1147 1619 De
1183 1565 1374 1624 Virtute
1397 1580 1446 1626 et
1474 1571 1624 1640 Fide,
1653 1593 1776 1647 quas
1797 1577 2002 1650 Pagani
2024 1591 2157 1636 tem-

645 1649 741 1717 plis
763 1660 809 1704 et
837 1657 995 1710 sacris
1020 1657 1404 1728 honoraverunt,
1431 1671 1861 1736 prtetermittentes
1881 1673 1982 1727 alia
2003 1674 2154 1746 bona,

637 1757 750 1810 qua:
771 1745 1002 1802 similiter
1024 1751 1239 1807 colenda
1267 1759 1492 1828 fuerunt,
1515 1760 1560 1814 si
1579 1771 1710 1816 recte
1734 1763 1850 1821 aliis
1871 1768 1890 1798 '
1916 1767 2152 1824 divinitas

641 1835 967 1894 tribuebatur.

642 1923 904 1984 Virtutem
951 1948 1163 2005 quoque
1207 1937 1361 1994 deam
1413 1942 1690 2002 fecerunt:
1719 1964 1841 2020 quae
1867 1951 2081 2023 quidem
2110 1955 2156 2011 si

571 2015 669 2072 dea
697 2031 860 2085 esset,
892 2025 1073 2081 multis
1102 2027 1276 2086 fuerat
1295 2034 1649 2102 praeferenda.
1676 2015 1900 2098 Et-nunc-
1916 2046 2036 2114 quia
2057 2045 2155 2103 dea

568 2125 676 2168 non
705 2124 803 2181 est,
837 2118 929 2173 sed
960 2121 1157 2177 donum
1183 2125 1276 2180 Dei
1318 2137 1420 2196 est,
1452 2129 1565 2199 ipsa
1601 2134 1669 2188 ab
1701 2134 1791 2188 illo
1816 2137 2154 2208 impetretur,

571 2217 603 2258 a
633 2221 737 2274 quo
782 2209 898 2264 solo
942 2211 1056 2268 dari
1101 2225 1382 2284 potestzct
1411 2224 1586 2278 omnis
1632 2225 1885 2283 falsorum
1931 2231 2155 2288 deorum

567 2297 720 2352 turba
761 2313 1028 2360 vanescet.
1055 2305 1162 2362 Sed
1192 2324 1288 2364 cur
1325 2319 1380 2366 et
1417 2313 1598 2383 Fides,
1631 2318 1729 2374 dea
1756 2321 1954 2377 credita
1981 2334 2081 2392 est,
2105 2336 2159 2383 et

567 2391 773 2460 accepit
798 2394 956 2450 etiam
987 2398 1096 2467 ipsa
1130 2403 1384 2472 templum
1415 2413 1471 2460 et
1499 2409 1704 2465 altare?
1732 2413 1899 2480 Quam
1920 2418 2160 2489 quisquis

569 2482 860 2549 prudenter
894 2493 1151 2559 agnoscit,
1201 2494 1560 2556 habitaculum
1604 2503 1676 2558 illi
1705 2521 1764 2561 se
1794 2510 1966 2578 ipsum
2013 2514 2154 2570 facit.

573 2570 727 2628 Unde
756 2587 933 2632 autem
966 2581 1139 2636 sciunt
1165 2584 1239 2638 illi
1269 2589 1393 2657 quid
1421 2592 1489 2645 sit
1517 2594 1647 2649 fides
1675 2599 1827 2667 cujus
1855 2603 2082 2670 primum
2107 2616 2160 2662 et

572 2667 859 2722 maximum
883 2671 1113 2729 officium
1139 2687 1240 2744 est,
1269 2689 1325 2734 ιιι
1365 2681 1415 2736 in
1442 2699 1621 2740 verum
1660 2690 1908 2747 credatur
1946 2695 2111 2752 Deum
2134 2699 2158 2754 Τ

573 2757 678 2814 Sed
706 2776 802 2816 cur
832 2780 939 2820 non
967 2767 1250 2826 suffecerat
1269 2775 1476 2832 virtus?
1498 2795 1675 2837 nonne
1705 2783 1774 2839 ibi
1806 2796 1888 2842 est
1915 2798 1968 2844 et
2003 2791 2159 2849 fides?

570 2849 793 2916 Quando
831 2857 1042 2925 quidem
1087 2861 1334 2921 virtutem
1374 2868 1426 2922 in
1460 2881 1690 2941 quatuor
1724 2879 1929 2947 species
1981 2882 2162 2939 distri-

571 2941 832 3002 buendam
873 2964 993 3004 esse
1035 2953 1296 3025 viderunt,
1332 2963 1687 3034 prudentiam,
1724 2941 2006 3040 justitiam,
2054 2975 2160 3030 for-

571 3033 871 3106 titudinem,
918 3049 1342 3114 temperantiam.
1393 3053 1458 3107 Et
1505 3033 1755 3126 quoniam
1783 3061 1896 3117 ista:
1935 3033 2159 3136 singulae

570 3127 776 3194 species
819 3145 942 3188 suas
989 3133 1208 3207 habent,
1259 3140 1311 3196 in
1360 3145 1600 3212 partibus
1637 3151 1855 3218 justitia:
1887 3127 2157 3226 fidesvest;

569 3220 964 3294 maximumque
1014 3227 1189 3284 locum
1247 3235 1388 3305 apud
1439 3253 1536 3294 nos
1592 3241 1787 3310 habet,
1835 3248 2157 3323 quicumque

567 3311 764 3368 scimus
813 3316 938 3386 quid
981 3320 1069 3388 sit,
1121 3325 1258 3393 quod
1299 3329 1477 3396 justus
1517 3347 1588 3386 ex
1629 3332 1734 3389 fide
1772 3311 1900 3391 vivit
1931 3311 2156 3414 (Habito.

569 3416 629 3468 ll,
661 3403 738 3475 4).
789 3405 892 3462 Sed
937 3409 1056 3466 illos
1083 3414 1249 3470 miror
1271 3421 1596 3490 appetitores
1635 3403 1990 3487 multitudinis
2031 3433 2163 3491 deo-

570 3507 708 3559 rum,
744 3496 788 3550 si
837 3498 966 3554 fides
991 3502 1088 3557 dea
1128 3514 1229 3572 est,
1272 3525 1437 3578 quare
1464 3513 1584 3568 aliis
1613 3523 1720 3570 tam
1748 3520 1929 3576 multis
1958 3522 2160 3583 deabus

570 3581 820 3654 iujuriam
847 3588 1074 3648 fecerint
1103 3601 1563 3665 praetermittenda
1601 3621 1713 3672 eas,
1746 3610 1938 3679 quibus
1968 3614 2160 3672 simili-

567 3683 651 3734 ter
677 3680 822 3737 :edes
847 3693 900 3739 et
922 3700 1043 3742 aras
1068 3688 1314 3749 dedicare
1338 3698 1665 3764 potuerunt?
1683 3700 1791 3756 Cur
1811 3711 2160 3776 temperantia

539 3827 541 3829 ,
569 3768 668 3826 dea
698 3787 816 3829 esse
843 3792 949 3832 non
980 3782 1195 3852 meruit,
1227 3801 1347 3840 cum
1379 3787 1495 3859 ejus
1522 3791 1739 3849 nomine
1765 3799 2004 3854 nonnulli
2047 3800 2159 3858 Ro-

573 3867 713 3919 mani
737 3869 1002 3940 principes
1029 3891 1132 3929 non
1163 3893 1378 3947 parvam
1398 3882 1622 3952 gloriam
1644 3894 2037 3958 compararim?
2053 3895 2160 3952 Cur

568 3953 799 4027 denique
830 3960 1081 4021 fortitudo
1106 3967 1203 4024 dea
1231 3986 1335 4026 non
1365 3983 1467 4040 est,
1500 3991 1620 4046 qua:
1649 3953 1817 4034 adfuit
1852 3983 2022 4039 Mucio
2049 3986 2150 4058 (a),

571 4057 693 4102 cum
721 4051 994 4111 dexteram
1023 4063 1260 4128 porrexit
1287 4065 1337 4118 in
1366 4063 1639 4135 flammas;
1673 4088 1791 4142 qua:
1820 4073 1988 4129 adfuit
2019 4051 2154 4134 (λίιὲὲ

570 4138 646 4194 tio
677 4141 770 4214 (b),
801 4159 920 4200 cum
953 4163 1011 4203 se
1040 4165 1136 4220 pro
1163 4155 1327 4222 patria
1352 4157 1403 4211 in
1431 4138 1706 4229 abruptam
1737 4172 1934 4219 terram
1966 4173 2157 4236 prmci-

568 4231 730 4300 pitem
761 4235 935 4305 dedit;
967 4256 1085 4310 qua:
1126 4244 1292 4300 adfuit
1325 4249 1480 4303 Decio
1509 4253 1640 4319 patri
1680 4254 1777 4323 (c),
1824 4265 1878 4310 et
1911 4231 2068 4314 Decio
2097 4261 2158 4315 fi-

568 4323 642 4377 lio
665 4325 765 4396 (d),
799 4343 918 4383 cum
950 4347 1044 4399 pro
1089 4339 1326 4391 exercitu
1357 4353 1414 4394 se
1443 4335 1749 4400 'voveruut?
1771 4346 1824 4403 Si
1867 4357 2040 4406 tamen
2075 4351 2158 4409 bis

565 4418 813 4472 omnibus
841 4433 967 4475 vera
1001 4423 1168 4478 inerat
1195 4427 1464 4497 fortitudo,
1487 4435 1625 4489 unde
1643 4437 1800 4492 modo
1826 4454 1930 4494 non
1958 4442 2152 4512 agitur.

568 4506 1072 4583 Quareprudentia,
1095 4533 1260 4588 quare
1281 4524 1538 4593 sapientia
1567 4530 1708 4584 nulla
1737 4533 2012 4590 numinum
2037 4537 2154 4593 loca

565 4607 915 4659 meruerunt?
936 4623 1002 4662 an
1031 4611 1152 4680 quia
1182 4613 1233 4666 in
1261 4619 1476 4673 nomine
1501 4623 1730 4690 generali
1753 4622 1919 4694 ipsius
1944 4628 2154 4687 virtutis

568 4707 757 4751 omnes
781 4699 1062 4757 coluntur?
1090 4706 1179 4762 Sic
1209 4724 1335 4779 ergo
1366 4722 1546 4781 posset
1586 4724 1641 4772 ct
1687 4733 1824 4773 unus
1857 4705 1995 4777 Deus
2023 4725 2148 4792 coli,

565 4789 718 4858 cujus
751 4801 930 4861 partes
957 4800 1136 4854 caeteri
1163 4801 1236 4855 dii
1267 4814 1538 4874 putantur.
1571 4809 1674 4866 Sed
1706 4813 1759 4868 in
1791 4814 1877 4868 illa
1907 4833 2008 4872 una
2041 4789 2151 4875 vir;

565 4890 677 4939 tute
697 4896 750 4940 et
774 4887 904 4944 fides
930 4902 1031 4958 est,
1058 4902 1111 4948 et
1135 4897 1406 4970 pudicitia,
1431 4919 1549 4974 qua:
1578 4915 1751 4962 tamen
1775 4918 1924 4965 extra
1951 4912 2001 4967 in
2019 4913 2151 4970 aedi-

560 4973 660 5031 bus
688 4981 915 5049 propriis
933 4983 1118 5041 altaria
1148 5005 1474 5050 meruerunt.

561 5068 788 5127 CAPUT
827 5073 968 5134 XXI.
987 5109 1060 5119 —
1077 5080 1226 5147 Quod
1247 5087 1381 5141 dona
1408 5106 1508 5144 non
1528 5091 1862 5166 intelligente:
1887 5095 2000 5162 Dei,
2033 5095 2150 5153 Vir-

657 5172 761 5219 tute
785 5168 961 5224 saltem
984 5172 1005 5204 ³
1035 5185 1080 5226 et
1107 5174 1370 5235 Felicitate
1394 5183 1652 5240 debuerint
1681 5204 1786 5241 esse
1814 5192 2053 5244 contenti.

635 5252 742 5313 Has
769 5257 898 5316 deas
931 5279 1040 5320 non
1065 5271 1260 5327 veritas
1278 5313 1294 5339 ,
1319 5277 1412 5330 sed
1441 5279 1644 5336 vanitas
1673 5280 1832 5336 fecit:
1861 5282 1976 5339 haec
2007 5285 2147 5348 enim

572 5386 583 5404 ’
625 5423 645 5498 ξ
679 5428 730 5498 in
751 5432 976 5498 B.,e_t_t1d
1000 5436 1136 5498 quid.
1161 5399 1219 5492 ιίξ

625 5485 645 5549 ξ
679 5485 830 5549 Forte,
853 5492 967 5543 illis.
1012 5485 1079 5548 'M.

554 5547 650 5659 te":
679 5547 827 5602 mliti;
854 5558 987 5616 quod
1025 5574 1072 5609 ιο
1081 5575 1172 5614 tum
1193 5578 1285 5617 non
1320 5567 1629 5636 intelligentes
1657 5582 1825 5639 neum,
1861 5584 2033 5631 virtute
2055 5580 2150 5632 sal—

623 5673 706 5924 ii

920 5682 1076 5764 flictus
1097 5691 1321 5764 scazvola.
1347 5697 1445 5746 Liv.
1464 5695 1548 5746 lib.
1575 5697 1621 5760 2,
1641 5712 1748 5764 cap.
1773 5702 1847 5752 1‘2.

721 5740 889 5803 Livius,
918 5742 1001 5793 lib.
1021 5748 1070 5803 7,
1095 5761 1200 5803 Call.
1228 5740 1276 5803 6.

721 5767 889 5811 mutua,
918 5767 1001 5793 tm.
1029 5767 1070 5803 ι,
1095 5767 1149 5799 ca
1171 5769 1182 5798 ν

721 5801 808 5874 t_d_.,
833 5802 916 5874 lib.
933 5805 1110 5874 8,_cap.

730 5861 816 5926 ια..
841 5862 927 5920 lib.
957 5861 1031 5934 io,
1057 5861 1274 5936 eam.
1306 5887 1374 5932 De
1397 5882 1570 5936 iisdem
1597 5886 1738 5946 infra.
1764 5888 1847 5942 lib.
1872 5890 1921 5951 δ,
1941 5901 2050 5952 cap.
2064 5891 2147 5944 is.

1647 344 1736 402 DE
1773 345 2093 408 CIVITA'I‘E
2132 351 2269 423 DEI,
2307 355 2366 414 S.
2406 357 2772 418 AUGUSTINI

3742 362 3843 422 128

2266 476 2378 530 veri
2399 477 2489 532 Dei
2511 494 2728 535 munera
2741 487 2884 548 sunt,
2899 493 3005 536 non
3025 479 3156 554 ipse
3171 489 3297 540 sunt
3314 481 3451 540 dese.
3464 481 3846 542 Verumtamen

2263 569 2353 624 ubi
2382 579 2464 626 est
2489 572 2658 628 virtus
2685 583 2740 629 et
2790 574 3032 644 felicitas,
3057 575 3184 648 quid
3213 575 3356 632 aliud
3385 578 3674 650 quaeritur?
3707 577 3847 648 Quid

2263 661 2311 715 ei
2343 663 2556 729 sufficit,
2593 665 2678 720 cui
2704 666 2872 721 virtus
2911 666 3240 740 felicitasque
3265 685 3372 725 non
3399 669 3636 726 sufﬁcit?
3657 670 3847 727 Omnia

2263 754 2458 824 quippe
2501 757 2698 826 agenda
2743 759 3114 830 complectitur
3152 761 3355 830 virtus;
3386 763 3562 818 omnia
3593 763 3846 834 optanda,

2264 846 2503 904 felicitas.
2533 849 2587 906 Si
2606 852 2829 922 Jupiter,
2849 862 2908 909 ut
2930 853 3044 909 hmo
3061 853 3231 922 daret,
3257 857 3377 912 ideo
3396 856 3703 922 colebatur;
3724 859 3851 929 quia

2262 941 2306 994 si
2339 942 2533 997 bonum
2563 944 2757 1015 aliquid
2785 955 2867 1001 est
2894 947 3113 1002 latitudo
3143 947 3290 1019 regni
3316 958 3476 1019 atque
3503 949 3851 1018 diuturnitas,

2262 1032 2327 1088 ad
2358 1036 2601 1091 eamdem
2631 1038 2861 1106 pertinet
2887 1038 3226 1107 felicitatem;
3258 1057 3356 1096 cur
3380 1057 3484 1097 non
3518 1043 3849 1099 intellectum

2261 1135 2343 1181 est
2385 1126 2520 1181 dona
2555 1129 2648 1184 Dei
2689 1146 2830 1197 esse,
2876 1148 2981 1187 non
3012 1132 3174 1188 deas?
3199 1133 3253 1188 Si
3293 1143 3470 1190 autem
3501 1143 3695 1204 putata:
3723 1141 3851 1190 sunt

2262 1218 2396 1285 dem,
2420 1222 2607 1276 saltem
2642 1223 2743 1277 alia
2773 1232 2914 1279 tanta
2931 1225 3151 1280 deorum
3185 1225 3338 1281 turba
3365 1243 3470 1280 non
3498 1237 3849 1298 qua‘reretur.

2261 1312 2624 1368 Consideratis
2646 1316 2788 1370 enim
2805 1316 2993 1372 officiis
3009 1318 3229 1372 deorum
3247 1318 3572 1388 dearumque
3587 1318 3849 1409 omnium,

2263 1420 2381 1474 qua:
2405 1406 2542 1461 sicut
2569 1407 2851 1463 voluerunt
2874 1426 2970 1480 pro
2995 1426 3089 1465 sua
3124 1411 3431 1480 Opinatione
3461 1413 3747 1477 finxerunt,
3767 1406 3852 1466 in-

2265 1497 2497 1565 veniunt,
2525 1499 2568 1554 si
2601 1512 2843 1570 possunt,
2873 1502 3068 1573 aliquid
3096 1505 3237 1573 quod
3263 1503 3330 1557 ab
3367 1503 3545 1574 aliquo
3569 1503 3671 1558 deo
3702 1518 3849 1574 prte-

2264 1590 2389 1644 stari
2419 1592 2584 1661 possit
2614 1591 2816 1646 homini
2850 1593 3062 1650 habenti
3095 1595 3365 1661 virtutem,
3390 1595 3606 1651 habenti
3629 1597 3852 1653 felicita-

2263 1689 2390 1737 tem.
2422 1681 2559 1751 Qnid
2586 1683 2841 1739 doctrina:
2869 1687 2949 1742 vel
2981 1703 3008 1740 a
3037 1687 3319 1754 Mercurio,
3348 1689 3431 1744 vel
3457 1704 3485 1742 a
3515 1688 3744 1743 Minerva
3774 1687 3854 1761 (a)

2262 1773 2551 1844 petendum
2573 1785 2732 1842 esset,
2758 1791 2878 1831 cum
2901 1777 3067 1834 virtus
3087 1781 3263 1834 omnia
3281 1795 3460 1836 secum
3479 1779 3732 1835 haberet?
3749 1781 3855 1836 Ars

2262 1867 2456 1938 quippe
2483 1868 2594 1939 ipsa
2629 1870 2764 1925 bene
2789 1881 3037 1943 recteque
3072 1873 3304 1939 vivendi,
3335 1874 3503 1928 virtus
3532 1890 3561 1927 a
3582 1873 3855 1929 veteribus

2263 1958 2478 2015 definita
2510 1971 2610 2016 est.
2643 1961 2797 2018 Unde
2825 1963 2892 2017 ab
2917 1978 2982 2018 eo
3007 1964 3146 2034 quod
3167 1980 3342 2035 graace
3366 1969 3508 2037 ἀρετή
3537 1966 3730 2020 dicitur
3747 1965 3858 2018 vir-

2264 2060 2368 2119 tus,
2388 2069 2580 2110 nomen
2600 2055 2729 2110 artis
2747 2054 2963 2110 Latinos
2979 2056 3275 2114 traduxisse
3293 2054 3721 2131 putaverunt(b).
3745 2055 3858 2114 Sed

2263 2148 2308 2198 si
2337 2146 2502 2201 virtus
2534 2148 2742 2202 nonnisi
2781 2148 2845 2202 ad
2885 2148 3216 2221 ingeniosum
3263 2160 3444 2220 posset
3481 2151 3684 2218 venire,
3724 2147 3858 2221 quid

2263 2248 2550 2308 opus.erat
2589 2241 2691 2294 deo
2721 2239 2872 2296 Catio
2913 2253 3083 2311 patre,
3115 2242 3205 2313 qui
3240 2251 3411 2308 catos,
3443 2242 3497 2297 id
3525 2250 3608 2298 est
3645 2251 3857 2309 acutos,

2264 2328 2478 2396 faceret,
2508 2347 2629 2386 cum
2653 2331 2754 2387 hoc
2782 2344 2961 2403 posset
2975 2333 3222 2390 conferre
3239 2334 3498 2389 felicitas?
3518 2333 3858 2404 lngeniosum

2264 2423 2461 2493 quippe
2487 2423 2656 2490 nasci,
2689 2423 2957 2480 felicitatis
2983 2437 3086 2482 est.
3113 2425 3289 2494 Unde,
3313 2427 3521 2482 etiamsi
3554 2441 3657 2481 non
3681 2427 3861 2497 potuit

2264 2530 2295 2569 a
2318 2516 2552 2571 nondum
2578 2527 2704 2573 nato
2723 2520 2829 2574 coli
2851 2519 2950 2576 dea
2978 2519 3249 2584 Felicitas,
3279 2531 3336 2575 ut
3365 2520 3468 2576 hoc
3493 2519 3540 2576 ei
3569 2520 3859 2575 conciliata

2264 2606 2508 2676 donaret,
2532 2611 2796 2668 conferret
2815 2612 2915 2668 hoc
2933 2612 3242 2682 parentibus
3271 2613 3386 2682 ejus
3409 2613 3700 2668 cultoribus
3717 2612 3857 2681 suis,

2214 2751 2216 2756 .
2265 2710 2324 2756 ut
2351 2701 2427 2757 eis
2455 2703 2712 2774 ingeniosi
2743 2705 2834 2759 filii
2865 2714 3234 2762 nascerentur.
3263 2707 3400 2776 Quid
3429 2721 3565 2778 opus
3593 2714 3707 2762 erat
3722 2722 3858 2778 par-

2267 2794 2584 2850 turientibus
2610 2795 2856 2852 invocare
2883 2796 3156 2864 Lucinam,
3187 2813 3331 2864 cum,
3354 2799 3398 2852 si
3421 2797 3630 2854 adesset
3656 2798 3860 2853 Felici-

2267 2896 2368 2952 tas,
2394 2903 2500 2942 non
2531 2888 2702 2943 solum
2729 2888 2866 2946 bene
2886 2899 3156 2960 parerent,
3185 2891 3281 2946 sed
3310 2892 3467 2946 etiam
3498 2890 3858 2958 bonos?Quid

2265 2994 2488 3036 necesse
2515 2990 2632 3036 erat
2655 2981 2751 3052 Opi
2781 2983 2893 3038 deae
2921 2984 3299 3040 commendare
3315 2994 3616 3049 nascentes.
3637 2985 3740 3040 deo
3757 2981 3861 3040 Va-

2265 3075 2442 3130 ticano
2470 3077 2765 3147 vagientes,
2797 3077 2913 3133 deat
2938 3078 3160 3135 Cunina:
3184 3080 3447 3151 jacentes,
3472 3079 3586 3135 dea:
3607 3078 3862 3134 Rumina:

2265 3179 2537 3239 sugentes,
2558 3168 2661 3224 deo
2694 3167 2941 3225 Statilino
2981 3181 3202 3237 stantes,
3247 3173 3362 3229 dea:
3386 3171 3621 3228 Adeonze
3647 3171 3864 3226 adeun-

2265 3269 2368 3328 tes,
2401 3261 2633 3318 Abeome
2673 3261 2957 3329 abeuntes;
3006 3263 3120 3319 dea:
3160 3265 3341 3332 Menti,
3374 3275 3432 3320 ut
3459 3264 3652 3320 bonam
3683 3263 3861 3320 habe-

2264 3365 2387 3412 rent
2412 3364 2676 3424 mentem;
2707 3355 2812 3412 deo
2840 3357 3102 3412 Volumno
3127 3367 3183 3414 et
3208 3358 3324 3415 deae
3353 3358 3648 3424 Volumina,
3681 3365 3739 3412 ut
3756 3357 3864 3412 bo-

2264 3465 2333 3506 na
2359 3451 2585 3518 vellent;
2618 3451 2719 3507 diis
2743 3453 3066 3523 nuptialibus
3084 3455 3123 3520 ¹,
3153 3463 3212 3509 ut
3237 3454 3376 3510 bene
3403 3454 3859 3526 conjugarentur;

2263 3543 2368 3600 diis
2411 3545 2730 3616 agrestibus,
2773 3555 2833 3600 ut
2877 3546 3081 3603 fructus
3127 3548 3426 3604 uberrimos
3470 3557 3743 3618 caperent,
3795 3557 3861 3605 et

2265 3639 2500 3695 maxime
2543 3638 2643 3710 ipsi
2683 3640 2820 3696 diva:
2853 3639 3188 3708 Fructeseaa;
3216 3641 3368 3696 Marti
3405 3650 3460 3697 et
3500 3642 3752 3708 Bellonae,
3794 3650 3864 3698 ut

2263 3729 2403 3787 bene
2428 3731 2831 3804 belligerarent;
2865 3733 2983 3790 deae
3012 3732 3282 3798 Victoriae,
3310 3743 3369 3790 ut
3405 3733 3713 3801 vincerent;
3747 3733 3864 3793 deo

2264 3821 2466 3880 Honori
2483 3826 2526 3889 ',
2546 3833 2603 3880 ut
2619 3824 3037 3892 honorarentur;
3068 3826 3183 3880 deae
3208 3825 3473 3893 Pecuniae,
3498 3835 3557 3882 ut
3577 3827 3864 3897 pecuniosi

2263 3927 2474 3983 essent;
2506 3917 2608 3972 deo
2628 3917 2920 3972 Esculano
2937 3917 2958 3949 ³
2977 3926 3032 3973 et
3057 3917 3166 3972 filio
3192 3918 3309 3987 ejus
3334 3919 3646 3990 Argentino,
3680 3928 3737 3974 ut
3757 3917 3865 3975 ha-

2263 4009 2452 4064 berent
2481 4023 2673 4063 :eream
2698 4019 3111 4079 argenteamque
3132 4009 3444 4079 pecuniam?
3467 4011 3596 4065 Nam
3615 4011 3735 4065 ideo
3755 4026 3862 4080 pa-

2266 4108 2398 4155 trem
2419 4100 2690 4170 Argenlini
2710 4099 3058 4174 .tEsculanum
3082 4112 3392 4170 posuerunt,
3411 4103 3533 4172 quia
3552 4103 3697 4170 prius
3712 4119 3864 4161 terea

2265 4193 2486 4263 pecunia
2519 4193 2568 4246 in
2597 4208 2694 4247 usu
2723 4207 2842 4247 esse
2871 4193 3050 4262 erepit,
3102 4203 3224 4263 post
3265 4203 3514 4265 argentea
3560 4193 3650 4266 (ε).
3689 4195 3865 4252 Miror

2263 4297 2462 4354 autem,
2497 4287 2638 4358 quod
2666 4287 2992 4358 Argentinus
3017 4304 3122 4343 non
3149 4290 3333 4359 genuit
3354 4290 3632 4355 Aurinum,
3655 4289 3778 4360 quia
3803 4301 3866 4347 et

2220 4415 2223 4420 ν
2263 4398 2424 4439 aurea
2455 4381 2737 4438 subsecuta
2764 4389 2864 4436 est.
2879 4381 3048 4448 Quem
3077 4383 3235 4437 deum
3267 4385 3349 4438 isli
3372 4383 3417 4437 si
3445 4381 3730 4450 haberent,
3745 4383 3866 4438 sic-

2263 4486 2324 4531 ut
2344 4476 2572 4531 Saturno
2618 4474 2822 4540 Jovem,
2847 4474 2920 4528 ita
2936 4482 2990 4528 et
3005 4475 3141 4543 patri
3166 4475 3457 4544 Argentino
3477 4481 3530 4528 et
3543 4488 3644 4527 avo
3663 4473 3867 4528 Aﬂscu-

2263 4571 2386 4626 lauo
2433 4568 2690 4624 Aurinum
2726 4574 3117 4638 praeponerent.
3146 4565 3282 4632 Quid
3322 4580 3450 4635 ergo
3475 4571 3590 4620 erat
3629 4579 3864 4622 necesse

2263 4671 2481 4733 pr0pter
2507 4661 2621 4716 haec
2642 4661 2780 4715 bona
2803 4658 2886 4713 vel
2906 4658 3089 4723 animi,
3112 4659 3198 4714 vel
3223 4657 3484 4727 corporis,
3503 4656 3585 4712 vel
3606 4665 3861 4724 externa,

2264 4746 2463 4810 tantam
2493 4754 2717 4809 deorum
2745 4751 2953 4806 turbam
2979 4751 3156 4809 coiere
3192 4758 3248 4805 et
3273 4748 3551 4809 invocare;
3591 4762 3726 4818 quos
3753 4763 3861 4804 ne-

2262 4863 2366 4918 que
2391 4861 2580 4900 omnes
2604 4843 3039 4906 commemoravi,
3092 4856 3189 4896 nec
3235 4841 3332 4910 ipsi
3364 4839 3865 4945 potuerunt-temni-

2260 4937 2362 4994 bus
2385 4939 2540 4994 bonis
2583 4937 2829 4992 humanis
2863 4934 3161 4990 minutatim
3192 4933 3604 5004 singillatimque
3630 4931 3864 5004 digestis

2223 5075 2225 5078 ‹
2263 5030 2394 5086 deos
2417 5030 2653 5086 minutos
2681 5039 2736 5086 et
2761 5029 2997 5100 singulos
3024 5026 3332 5098 providere;
3372 5041 3492 5081 cum
3524 5033 3706 5096 posset
3732 5041 3858 5080 ma-

2259 5141 2366 5197 gno
2393 5124 2640 5198 facilique
2659 5124 2975 5196 compendio
3001 5137 3104 5177 una
3130 5121 3227 5226 dea
3246 5121 3495 5226 Felicitas
3513 5127 3706 5176 cuncta
3722 5135 3864 5226 eon-

2259 5219 2433 5285 ferre;
2469 5233 2567 5274 nec
2596 5219 2768 5272 solum
2805 5216 2868 5269 ad
2909 5216 3046 5269 bona
3071 5212 3328 5282 capienda
3358 5213 3640 5285 quisquam
3689 5212 3859 5283 alius,

2260 5311 2358 5367 sed
2386 5327 2558 5382 neque
2583 5309 2650 5365 ad
2676 5307 2988 5379 depellenda
3022 5309 3157 5363 mala
3183 5306 3546 5379 quzereretur?
3571 5306 3678 5363 Cur
3706 5307 3860 5364 enim

2327 5449 2345 5481 ι
2381 5445 2497 5497 Vind
2542 5453 2642 5496 Am.
2686 5451 2738 5496 et
2782 5441 3002 5494 nonnulli
3051 5445 3360 5508 manuscripti
3387 5480 3404 5507 ,
3450 5443 3546 5496 diis
3589 5442 3862 5509 coniugali-

2261 5509 2452 5644 “in.
2477 5579 2530 5623 et
2549 5569 2734 5644 aliquot
2761 5570 3006 5644 Mss.,_tlee
3026 5568 3276 5644 Honorino.

2327 5637 2349 5668 ³
2381 5635 2596 5686 Nonnulli
2623 5630 2929 5705 titauuscripti
2955 5634 3031 5705 hic
3056 5641 3106 5682 et
3130 5633 3247 5705 intra
3265 5636 3561 5705 constanter,
3587 5630 3855 5705 maculam.

2327 5698 2401 5762 (a)
2428 5699 2684 5748 Mercurius
2722 5695 2933 5759 praterat
2979 5695 3288 5758 eloquentiae,
3330 5695 3540 5742 Minerva
3576 5695 3766 5745 artibus
3800 5701 3858 5747 et

2264 5765 2632 5884 ωὲέῗῗιὸῗυεωε
2655 5822 2703 5870 in
2729 5819 2961 5884 Andriam,
2971 5820 3204 5884 Terentii,
3227 5823 3321 5871 act.
3344 5817 3390 5873 1.
3413 5829 3552 5868 smn.
3575 5820 3622 5882 t,
3646 5831 3779 5873 vers.
3798 5817 3852 5874 4.

2327 5825 2400 5954 ξὺί
2425 5832 2632 5898 Donatus
2655 5825 2703 5870 in
2729 5825 2949 5870 Andriam
2971 5828 2983 5869 '1

2352 5901 2378 5938 c
2423 5885 2539 5937 Phn.
2564 5883 2650 5936 lib.
2673 5884 2754 5950 33,
2771 5895 2877 5951 cap.
2905 5883 2983 5937 t3.

2190 5950 2264 6024 ir.
