4038 6496
209 405 304 469 IS.

205 527 339 581 esset
381 510 690 570 invocanda
730 515 949 581 propter
977 504 1145 560 fessos
1172 501 1290 558 diva
1317 497 1572 556 Fessonia
1591 499 1631 565 ι,
1663 511 1788 566 pro-

207 623 323 686 pter
343 608 530 662 hostes
557 599 912 673 depellendos
941 597 1059 652 diva
1090 595 1343 656 Pellnnia,
1373 601 1586 686 prapler
1623 604 1792 686 a'gros

207 678 443 765 medicus
474 696 564 750 vel
596 693 813 764 Apollo,
844 690 926 744 vel
953 686 1311 755 Esculapius,
1336 682 1416 736 vel
1455 680 1611 735 ambo
1635 678 1792 734 simul

213 793 422 869 quando
461 797 608 844 eeset
658 783 860 856 grande
899 777 1226 853 periculum?
1249 775 1359 831 Nec
1387 775 1516 829 deus
1545 774 1792 869 §pinien-

215 865 287 947 sis
302 889 344 953 ',
376 893 432 940 ut
458 882 649 953 spinas
675 893 744 934 ex
764 875 903 946 agris
929 871 1253 934 eradicaret;
1284 882 1382 923 nec
1427 866 1525 920 dea
1551 865 1756 934 Ruhigo
1775 903 1792 930 ,

217 991 272 1038 ut
297 993 401 1034 non
427 972 734 1035 accederet,
777 972 1085 1036 rogaretur:
1109 975 1211 1017 una
1241 957 1512 1015 Felicitate
1538 962 1798 1028 praesente

219 1081 272 1130 et
293 1077 497 1132 tuente,
541 1063 629 1120 vel
659 1061 802 1116 nulla
843 1058 980 1113 mala
1022 1055 1373 1119 exorirentur,
1420 1051 1504 1106 vel
1557 1049 1798 1104 facillime

220 1164 566 1238 pellerentur.
596 1156 874 1212 Postremo
897 1149 1147 1220 quoniam
1176 1146 1242 1201 de
1284 1144 1489 1238 duabus
1506 1141 1632 1238 istis
1671 1140 1797 1238 dea-

221 1233 318 1312 bus
347 1254 562 1308 Virtute
587 1257 643 1303 et
672 1246 945 1303 Felicitate
975 1251 1284 1304 tractamus,
1308 1238 1352 1294 si
1385 1235 1606 1292 felicitas
1636 1233 1801 1287 virtu-

226 1352 288 1405 tis
308 1356 390 1404 est
418 1343 722 1416 praemium,
753 1353 859 1393 non
881 1336 1002 1400 dea,
1031 1334 1124 1389 sed
1157 1332 1250 1387 Dei
1273 1331 1472 1385 donum
1499 1337 1611 1384 est:
1635 1326 1679 1379 si
1702 1339 1801 1378 au-

224 1421 328 1496 tem
357 1437 462 1492 dea
490 1442 594 1498 est,
623 1447 720 1486 cur
742 1444 848 1484 non
872 1427 1078 1482 dicatur
1101 1433 1156 1479 et
1187 1424 1433 1476 virtutem
1465 1419 1632 1490 ipsam
1668 1432 1801 1471 con-

230 1532 393 1592 ferre;
425 1521 854 1598 quandoquidem
871 1519 1030 1574 etiam
1049 1517 1297 1572 virtutem
1315 1511 1564 1584 consequi
1581 1510 1804 1565 felicitas

227 1637 412 1692 magna
445 1618 562 1674 est?

227 1710 455 1770 CAPUT
492 1706 660 1764 XXII.
703 1734 774 1745 —
816 1702 894 1756 De
936 1700 1142 1757 scientia
1187 1698 1510 1754 colendorum
1561 1696 1802 1764 deorum,

294 1820 454 1876 quam
480 1818 512 1855 a
539 1817 592 1855 se
629 1797 792 1852 Varro
811 1796 1056 1867 gloriatur
1079 1793 1316 1847 collatam
1335 1807 1442 1846 esse
1475 1789 1734 1845 Romanis.

294 1893 438 1962 Quid
478 1907 605 1962 ergo
635 1896 735 1954 est,
783 1886 925 1958 quod
964 1900 1059 1955 pro
1103 1883 1299 1954 ingenti
1345 1880 1602 1937 beneficio
1642 1879 1808 1935 Varro

228 1990 388 2060 jactat
417 1993 672 2055 pra-stare
705 1995 764 2034 se
789 1979 991 2034 civibus
1018 1976 1148 2042 suis,
1176 1976 1297 2045 quia
1334 1988 1437 2028 non
1464 1974 1636 2028 solum
1667 1988 1813 2027 com-

235 2087 499 2137 memorat
524 2076 674 2138 deos,
706 2087 840 2142 quos
873 2071 974 2125 coli
1003 2080 1245 2139 nportcat
1271 2084 1299 2121 a
1329 2068 1601 2133 Romanis,
1630 2082 1810 2120 vermn

231 2175 387 2230 etiam
417 2169 551 2225 dicit
578 2165 702 2238 quid
731 2163 797 2219 ad
825 2178 1086 2235 quemque
1109 2160 1405 2232 pertineat?
1428 2160 1684 2227 Quoniam
1729 2159 1812 2214 ni-

235 2265 305 2321 hil
331 2259 608 2334 prodest',
645 2258 835 2328 inquit,
864 2255 1094 2310 hominis
1133 2253 1356 2320 alicujus
1385 2253 1574 2307 medici
1619 2268 1813 2306 nomen

235 2359 570 2427 formamque
597 2367 774 2416 nosse,
801 2359 855 2404 et
878 2348 1018 2419 quod
1058 2347 1126 2402 sit
1155 2346 1391 2401 medicus
1433 2346 1675 2415 ignorare
1699 2361 1714 2398 :
1745 2344 1818 2399 ita

236 2450 357 2506 dicit
387 2446 523 2502 nihil
555 2443 811 2514 prolesse
838 2440 998 2506 scire,
1029 2439 1185 2492 deum
1215 2451 1333 2492 esse
1354 2435 1742 2506 Esculapium,
1773 2435 1818 2490 si

237 2540 444 2598 nescias
485 2552 606 2592 eum
639 2532 922 2589 valetudini
955 2529 1222 2600 opitulari,
1266 2537 1422 2598 atque
1465 2527 1534 2582 ita
1611 2529 1820 2597 ignores

236 2648 329 2689 cur
363 2632 414 2686 ei
441 2628 597 2684 debet
618 2643 640 2682 s
667 2624 984 2694 Supplicare.
1019 2621 1130 2675 Hoc
1157 2620 1314 2674 etiam
1344 2619 1445 2672 alia
1475 2617 1820 2673 similitudine

235 2723 498 2786 afﬁrmat,
557 2718 763 2782 dcens,
795 2730 898 2769 non
927 2712 1086 2766 modo
1125 2713 1259 2766 bene
1286 2711 1484 2774 vivere,
1523 2711 1615 2766 sed
1646 2711 1822 2765 vivere

238 2815 455 2872 omnino
478 2811 750 2866 neminem
779 2822 952 2877 posse,
983 2805 1026 2858 si
1054 2804 1259 2874 ignoret
1288 2804 1530 2874 quisnam
1556 2803 1625 2856 sit
1651 2801 1818 2868 faber,

240 2910 354 2981 quis
383 2909 556 2978 pistor
570 2914 610 2969 ⁵,
641 2903 761 2973 quis
788 2909 977 2964 tcctor,
1009 2914 1038 2951 a
1083 2913 1187 2968 quo
1221 2897 1346 2966 quid
1373 2895 1600 2950 utensile
1645 2904 1825 2964 petere

238 3000 421 3075 possit:
443 3013 602 3069 quem
621 2995 916 3064 adjutorem
941 3005 1234 3054 assumere,
1257 3004 1413 3060 quem
1435 2987 1646 3054 ducem,
1666 3003 1823 3057 quem

241 3096 512 3151 doctorem
547 3108 558 3142 :
588 3102 655 3142 eo
695 3085 853 3140 modo
879 3083 1008 3138 nulli
1048 3081 1264 3136 dubium
1301 3095 1421 3134 esse
1462 3093 1726 3146 asserens,
1754 3079 1824 3132 ita

239 3201 354 3244 esse
368 3185 557 3241 utilem
577 3180 932 3250 cognitionem
958 3176 1200 3239 deorum,
1224 3174 1268 3228 si
1290 3176 1484 3226 sciatur
1501 3189 1657 3242 quam
1679 3173 1828 3243 quis-

241 3294 340 3350 que
380 3277 516 3331 deus
559 3272 664 3326 vim
707 3279 763 3332 et
790 3268 1092 3324 facultatem
1135 3282 1198 3320 ac
1229 3273 1540 3335 potestatem
1571 3266 1828 3334 cujusque

243 3371 314 3426 rei
346 3367 563 3422 habeat.
607 3362 693 3417 tia.
738 3379 796 3415 eo
824 3363 954 3414 enim
981 3360 1272 3430 poterimus,
1308 3358 1495 3427 inquit,
1531 3356 1658 3411 seire
1681 3373 1827 3425 quem

243 3463 485 3532 cujusque
518 3473 674 3512 causa
696 3455 716 3485 ⁵
747 3455 896 3508 deum
936 3453 1181 3506 advocare
1219 3461 1368 3521 atque
1394 3451 1622 3502 invocare
1649 3449 1830 3502 debea-

245 3567 361 3606 mus
407 3566 425 3604 :
457 3567 516 3602 ne
563 3548 833 3619 faciamus,
864 3554 913 3598 ut
942 3544 1080 3597 mimi
1107 3543 1287 3608 solent,
1335 3551 1380 3595 et
1421 3552 1648 3611 optemus
1677 3558 1708 3593 a
1733 3539 1829 3594 Li-

244 3644 364 3697 bero
404 3656 604 3710 aquarii,
633 3657 664 3691 α
693 3635 939 3708 Lymphis
981 3637 1170 3688 viuum.
1202 3633 1384 3704 llagna
1433 3648 1560 3687 sane
1603 3633 1826 3687 utilitas.

245 3733 375 3801 Quis
401 3746 509 3786 non
543 3730 664 3784 huic
700 3729 898 3799 gratias
935 3734 1132 3797 ageret,
1173 3725 1218 3780 si
1246 3740 1369 3779 vera
1397 3733 1746 3789 monstraret;
1775 3732 1830 3779 et

245 3827 289 3881 si
310 3840 476 3880 unum
502 3839 684 3877 verum
715 3822 903 3887 Deum,
927 3835 957 3875 a
979 3835 1085 3889 quo
1125 3827 1305 3874 essent
1328 3818 1505 3873 omnia
1536 3817 1694 3885 bona,
1728 3818 1829 3872 ho-

244 3921 479 3976 minibus
504 3915 786 3972 colendum
814 3912 1072 3968 doceret?

248 4032 474 4089 CAPUT
517 4029 707 4084 XXIII.
729 4057 801 4068 —-
820 4026 897 4080 De
924 4025 1206 4092 Felicitate,
1243 4041 1395 4096 quant
1425 4023 1664 4091 Romani,
1695 4024 1830 4080 mul-

316 4135 486 4180 torum
512 4130 818 4177 veneratores
839 4120 1066 4186 deorum,
1093 4118 1182 4172 diu
1209 4134 1309 4172 non
1345 4117 1605 4172 coluerunt
1643 4117 1833 4172 honore

317 4219 510 4282 divino,
538 4232 653 4269 cum
677 4231 770 4286 pro
797 4212 1026 4267 omnibus
1051 4213 1161 4266 sola
1187 4211 1447 4282 καθῖσεν-ει.

322 4331 376 4385 I.
416 4328 526 4384 Sed
552 4327 693 4382 unde
736 4341 875 4379 nunc
914 4323 1104 4394 agitur,
1140 4323 1185 4378 si
1229 4323 1349 4377 libri
1390 4331 1444 4377 et
1469 4336 1619 4377 sacra
1645 4336 1832 4377 eorum

251 4439 376 4480 vera
405 4429 552 4486 sunt,
582 4430 636 4475 et
663 4418 911 4474 Felicitas
935 4418 1034 4472 dea
1055 4426 1156 4482 est,
1187 4432 1282 4472 cur
1312 4431 1416 4472 non
1447 4415 1557 4484 ipsa
1587 4431 1691 4470 una
1715 4431 1833 4484 quae

254 4515 518 4572 coleretur
561 4513 847 4568 constituta
886 4519 998 4579 est,
1039 4527 1155 4580 qua:
1199 4519 1375 4578 posset
1420 4509 1661 4562 universa
1707 4523 1835 4562 con-

251 4608 412 4675 ferre,
439 4617 496 4664 et
527 4605 844 4677 compendio
877 4605 1050 4659 facere
1089 4601 1335 4657 felicem?
1358 4600 1485 4668 Quis
1511 4601 1652 4653 enim
1688 4608 1835 4669 optat

253 4700 452 4774 aliquid
480 4709 698 4772 propter
721 4698 862 4754 aliud
887 4712 1046 4768 quam
1076 4706 1134 4752 ut
1162 4695 1290 4752 felix
1331 4693 1453 4748 flat?
1473 4692 1578 4749 Cur
1604 4692 1833 4762 denique

255 4803 365 4852 tam
389 4811 512 4851 sero
540 4795 661 4848 huic
687 4802 843 4847 tanta:
875 4792 988 4846 dea:
1015 4800 1132 4860 post
1168 4798 1244 4842 tot
1277 4788 1539 4842 Romanos
1569 4785 1834 4855 principes

254 4888 510 4944 Lucullus
550 4885 720 4941 azdem
752 4881 1023 4939 constituit
1047 4881 1164 4951 (a)?
1192 4880 1301 4934 Cur
1331 4880 1444 4949 ipse
1474 4878 1732 4932 Romulus
1756 4875 1834 4932 fe-

256 4983 416 5038 licem
453 4979 674 5048 cupiens
707 4977 935 5032 condere
964 4975 1255 5036 civitatem,
1301 4987 1406 5025 non
1435 4971 1554 5024 huic
1580 4969 1833 5038 templum

253 5073 591 5144 potissimum
619 5068 851 5123 struxit?
879 5067 988 5121 Nec
1017 5075 1234 5134 propter
1259 5062 1456 5132 aliquid
1498 5061 1600 5116 diis
1625 5060 1834 5114 caeteris

254 5161 594 5232 supplicavit,
639 5159 849 5228 quando
888 5157 1016 5212 nihil
1055 5156 1282 5219 deesset,
1331 5155 1408 5208 sic
1451 5151 1567 5206 hsce
1602 5151 1831 5206 adesset.

253 5255 388 5312 Nam
405 5261 464 5310 et
489 5254 603 5326 ipse
628 5267 725 5307 nec
745 5252 887 5321 prius
908 5266 1021 5317 rex,
1046 5264 1166 5313 nec,
1192 5259 1246 5302 ut
1268 5253 1471 5318 putant,
1496 5254 1679 5316 postea
1703 5244 1834 5300 deus

317 5415 335 5445 ι
373 5419 583 5462 veteres
604 5408 716 5459 libri
739 5421 832 5471 non
857 5409 1012 5471 pauci,
1037 5417 1257 5471 Fossam.

316 5477 338 5507 ³
375 5472 512 5523 Vind.
540 5479 614 5520 Er.
642 5477 694 5520 et
730 5467 912 5533 aliquot
933 5479 1058 5533 Mss,
1082 5467 1337 5531 Spinensis.

317 5537 340 5568 ³
375 5537 449 5584 sic
469 5535 622 5584 nostri
645 5525 970 5597 manuscripti.
987 5525 1126 5597 ιοίιλ
1143 5528 1381 5590 Quonde
1401 5525 1522 5579 nihil
1539 5528 1748 5592 prodest.
1773 5533 1832 5577 Ι.

315 5597 339 5629 s
373 5599 446 5646 sic
464 5603 572 5645 uss,
599 5595 714 5661 βῶιί
740 5593 923 5661 autem,
948 5593 1114 5661 υίείοντ
1318 5652 1327 5661 ,
1406 5654 1417 5661 ,
1588 5651 1615 5661 ..

317 5661 340 5693 ⁸
375 5667 505 5718 I.ov.,
530 5657 762 5718 cujusque
786 5655 856 5716 rei
880 5651 1041 5705 causa.
1068 5657 1231 5711 Abest,
1250 5652 1345 5718 rei,
1377 5654 1438 5702 ab
1460 5653 1564 5718 aliis
1588 5651 1736 5718 libris.

317 5723 390 5793 ςα)
416 5716 548 5793 me
577 5716 936 5793 υτιξίξροιιεέῖιφ
959 5716 1834 5793 eiiciens“?3313'9'30}1°.i2.=93928

257 5777 483 5838 referunt
505 5780 811 5831 consulatum
833 5780 992 5828 Licinii
1016 5778 1209 5835 Luculli,
1228 5791 1257 5827 a
1279 5789 1374 5840 quo
1413 5778 1544 5827 aedes
1583 5777 1830 5833 Felicitati,

255 5848 386 5913 quod
405 5845 595 5896 bellum
615 5845 727 5913 ipse
745 5842 981 5913 adversus
1002 5841 1317 5913 Mithridatem
1337 5847 1389 5890 et
1408 5841 1662 5902 Tigranem
1685 5851 1833 5902 reges

490 5901 748 5972 gessisset,
765 5903 1019 5957 constituta
1032 5901 1136 5956 fuit.

1562 381 1766 441 LIBER
1800 379 2144 454 QUARTUS.

3375 384 3479 443 150

1901 495 2072 562 fieret,
2104 496 2148 552 si
2179 496 2314 552 hanc
2353 495 2508 553 deam
2539 497 2818 570 propitiam
2866 513 2973 554 non
3001 497 3242 556 haberet.
3281 500 3477 571 thuid
3516 507 3531 518 '

1899 603 2028 659 ergo
2072 591 2345 644 constituit
2391 590 2644 646 Romanis
2678 591 2825 657 deos,
2859 590 3072 659 Janum,
3103 591 3305 657 Jovem,
3354 592 3483 647 Mar-

1903 692 2031 750 tem,
2076 684 2280 750 Picum,
2327 683 2587 750 Faunum,
2619 684 2947 749 Tiberinum,
2993 685 3294 752 llerculcm,
3339 695 3392 739 et
3436 686 3481 740 si

1901 790 2035 843 quos
2079 775 2254 828 alios?
2296 775 2476 844 utquid
2524 774 2671 829 Titus
2703 775 2883 832 Tatius
2929 776 3130 832 addidit
3173 776 3479 842 Saturnum,

1903 863 2092 934 Opem,
2136 864 2334 931 Solem,
2368 865 2590 931 Lunam,
2623 865 2934 934 Vulcanum,
2981 869 3193 934 Lucem,
3236 878 3290 924 et
3319 883 3482 938 quos-

1905 973 2134 1027 cumque
2163 957 2295 1012 alios
2325 958 2548 1023 addidit,
2583 959 2722 1014 inter
2745 975 2877 1030 quos
2906 961 3064 1016 etiam
3097 962 3250 1016 deam
3275 961 3484 1017 Cloaci-

1906 1065 2028 1106 nam
2047 1052 2090 1116 ²,
2126 1049 2398 1104 Felicitate
2424 1051 2708 1121 neglecta?
2735 1051 2919 1122 utquid
2949 1051 3114 1106 Numa
3153 1063 3230 1108 tot
3269 1054 3398 1109 deos
3431 1063 3488 1110 et

1909 1150 1988 1197 tot
2020 1141 2148 1196 deas
2170 1142 2284 1197 sine
2313 1141 2450 1196 ista?
2473 1158 2538 1197 an
2565 1158 2682 1198 eam
2711 1144 2843 1198 forte
2869 1145 2923 1198 in
2955 1154 3096 1199 tanta
3129 1146 3278 1200 turba
3303 1147 3487 1202 videre

1907 1251 2014 1292 non
2055 1236 2262 1305 potuit?
2291 1235 2549 1291 Hostilius
2592 1245 2737 1292 certe
2778 1252 2875 1292 rex
2907 1237 3038 1292 deos
3079 1249 3134 1293 et
3162 1239 3276 1307 ipse
3321 1254 3489 1295 novos

1909 1325 2165 1383 Pavorem
2193 1339 2350 1399 atque
2377 1328 2640 1384 Pallorem
2669 1329 3029 1400 propitiandos
3055 1346 3160 1384 non
3190 1331 3490 1386 introduce-

1911 1429 2012 1487 ret,
2065 1421 2109 1475 si
2150 1423 2302 1476 deam
2347 1422 2502 1476 istam
2557 1431 2742 1477 nosset
2787 1432 2881 1477 aut
2929 1423 3150 1478 coleret.
3218 1423 3492 1480 Prmsente

1911 1517 2106 1587 quippe
2127 1517 2396 1572 Felicitate
2425 1517 2599 1572 omnis
2621 1533 2784 1586 pavor
2813 1527 2865 1572 et
2887 1516 3081 1587 pallor,
3108 1532 3214 1572 non
3242 1517 3496 1588 propitia-

1912 1616 1999 1663 tus
2024 1608 2354 1675 abscederet,
2384 1608 2477 1664 sed
2501 1611 2682 1679 pulsus
2707 1609 3001 1680 aufugeret.

1983 1701 2038 1756 2.
2083 1701 2280 1756 Deinde
2306 1702 2429 1772 quid
2459 1713 2540 1757 est
2570 1701 2689 1768 hoc,
2715 1703 2853 1773 quod
2876 1703 2984 1772 jam
3011 1701 3306 1757 Romanum
3331 1700 3500 1771 impeo

1917 1793 2053 1848 rium
2090 1793 2245 1863 longe
2272 1795 2485 1864 lateque
2513 1795 2807 1859 crescebat,
2839 1803 2892 1848 et
2920 1795 3093 1850 adhuc
3121 1810 3279 1850 nemo
3307 1793 3500 1849 Felici-

1918 1894 2078 1940 tatem
2107 1886 2349 1941 colebat?
2376 1887 2456 1941 An
2486 1887 2604 1942 ideo
2631 1887 2880 1958 grandius
2912 1887 3212 1957 imperium,
3239 1902 3397 1957 quam
3427 1886 3502 1942 fe-

1917 1975 2072 2032 licius
2102 1977 2231 2031 fuit?
2257 1977 2384 2032 Nam
2412 1978 2682 2048 quomodo
2706 1978 2775 2033 ibi
2817 1988 2959 2034 esset
2987 1994 3111 2034 vera
3138 1978 3381 2045 felicitas,
3413 1980 3500 2034 ubi

1919 2084 2042 2123 vera
2071 2085 2174 2122 non
2205 2080 2317 2123 erat
2345 2069 2552 2139 pietas?
2589 2069 2764 2124 Pietas
2793 2071 2934 2124 enim
2961 2079 3042 2124 est
3069 2086 3226 2125 verax
3267 2072 3377 2125 veri
3409 2071 3501 2126 Dei

1920 2163 2113 2228 cultus,
2157 2179 2260 2217 non
2291 2164 2465 2219 cultus
2492 2163 2743 2218 falsorum
2772 2173 2848 2218 tot
2877 2165 3121 2230 deorum,
3150 2173 3278 2234 quot
3303 2163 3504 2219 dtemo-

1923 2257 2153 2312 niorum.
2186 2257 2292 2313 Sed
2321 2267 2375 2312 et
2395 2267 2574 2328 postea
2601 2258 2709 2328 jam
2738 2259 2788 2312 in
2810 2257 3029 2312 deorum
3056 2275 3331 2313 numerum
3360 2259 3503 2314 Feli-

1923 2351 2083 2406 citate
2121 2360 2386 2420 suscepta,
2429 2367 2616 2421 magna
2644 2351 2898 2406 bellorum
2943 2352 3176 2406 civilium
3225 2351 3505 2407 infelicitas

1925 2443 2205 2497 subsecuta
2243 2452 2342 2496 est.
2388 2444 2468 2497 Att
2502 2444 2636 2497 forte
2666 2443 2805 2512 juste
2834 2453 2916 2498 est
2944 2444 3208 2514 indignata
3235 2445 3502 2512 Felicitas,

1871 2579 1887 2596 ,
1926 2534 2066 2604 quod
2105 2543 2157 2588 et
2184 2543 2288 2588 tam
2321 2549 2462 2600 sero,
2487 2543 2542 2589 et
2567 2549 2670 2588 non
2699 2534 2762 2587 ad
2793 2533 3066 2599 honorem,
3100 2536 3197 2590 sed
3227 2536 3290 2590 ad
3321 2547 3508 2594 contu-

1928 2627 2137 2680 meliam
2166 2627 2338 2697 potius
2364 2626 2579 2680 invitata
2618 2636 2718 2692 est,
2755 2636 2812 2681 ut
2835 2641 2954 2681 cum
2981 2642 3042 2681 ea
3068 2628 3332 2682 coleretur
3362 2629 3504 2682 Pria-

1929 2732 2047 2788 pus,
2096 2726 2149 2770 et
2175 2717 2443 2779 Cloacina,
2487 2726 2543 2771 ct
2577 2717 2766 2781 Pavor,
2809 2728 2862 2772 et
2887 2718 3080 2785 Pallor,
3130 2729 3184 2773 et
3209 2718 3416 2784 Febris,
3453 2727 3509 2774 et

1930 2820 2120 2864 Caetera
2169 2825 2272 2864 non
2325 2809 2541 2864 numina
2585 2809 2951 2878 colendorum,
3003 2810 3097 2866 sed
3151 2811 3372 2866 crimina
3418 2825 3484 2866 co

1931 2901 2189 2956 Ientium?
3429 2895 3437 2903 ’

2003 2996 2057 3050 5.
2100 2995 2179 3050 Ad
2207 3004 2524 3062 extremum,
2558 2995 2603 3050 si
2641 3010 2763 3050 cum
2795 2995 2947 3050 turba
2975 2995 3338 3066 indignissima
3369 3004 3510 3052 tanta

1933 3088 2032 3143 dea
2071 3087 2291 3142 colenda
2322 3089 2433 3141 visa
2479 3096 2580 3152 est,
2615 3102 2710 3142 cur
2746 3104 2850 3141 non
2882 3087 2964 3140 vel
3011 3086 3265 3142 illustrius
3303 3087 3512 3143 caeteris

1933 3182 2249 3238 colebatur?
2289 3181 2419 3249 Quis
2456 3181 2599 3236 enim
2647 3181 2798 3245 ferat,
2829 3178 2968 3250 quod
3011 3195 3184 3248 neque
3214 3181 3350 3234 inter
3383 3181 3514 3235 deos

1935 3274 2227 3330 Conseutes
2263 3287 2395 3342 quos
2433 3272 2614 3326 dicunt
2655 3272 2707 3324 in
2754 3270 3032 3324 consilium
3064 3270 3208 3325 Jovis
3248 3270 3509 3337 adhiberi,

1937 3380 2035 3421 nec
2065 3366 2202 3419 inter
2227 3363 2356 3418 deos
2377 3378 2508 3434 quos
2539 3361 2778 3417 Selectos
2809 3369 3016 3424 vocant,
3043 3360 3288 3415 Felicitas
3311 3361 3515 3415 consti-

1937 3466 2048 3511 tuta
2093 3457 2248 3512 est“!
2284 3455 2560 3524 Templum
2601 3453 2811 3523 aliquod
2851 3453 2898 3506 ei
2944 3453 3108 3517 fieret,
3143 3452 3282 3522 quod
3319 3461 3374 3507 et
3413 3451 3515 3508 loci

1939 3549 2261 3604 Sublimitate
2287 3556 2341 3601 et
2360 3546 2538 3616 operis
2557 3545 2810 3613 dignitate
2840 3546 3226 3614 pra-emineret.
3247 3543 3353 3598 Cur
3371 3543 3514 3599 enim

1939 3660 2044 3698 non
2083 3642 2280 3709 aliquid
2310 3642 2518 3706 melius,
2560 3656 2716 3710 quam
2748 3639 2846 3709 ipsi
2871 3639 3030 3693 Jovi?
3055 3637 3185 3692 Nam
3211 3653 3328 3706 quae
3355 3637 3517 3692 etiam

1937 3737 2052 3792 Jovi
2081 3751 2298 3804 regnum
2327 3734 2425 3788 nisi
2452 3733 2698 3786 Felicitas
2721 3731 2903 3786 dedit?
2927 3733 2969 3784 si
2994 3740 3167 3783 tamen
3191 3746 3309 3784 cum
3335 3745 3518 3800 regna-

1938 3837 2039 3894 ret,
2079 3826 2204 3882 felix
2250 3827 2363 3879 fuit.
2412 3825 2478 3879 Et
2507 3825 2682 3895 potior
2722 3833 2806 3879 est
2845 3823 3072 3878 felicitas
3113 3837 3296 3893 regno.
3349 3821 3518 3877 Nemo

1939 3922 2082 3977 enim
2121 3920 2348 3984 dubitat,
2389 3917 2542 3973 facile
2578 3917 2800 3972 inveniri
2842 3915 3108 3970 hominem
3133 3916 3219 3985 qui
3249 3915 3432 3969 timeat
3459 3929 3519 3971 se

1940 4014 2052 4069 fieri
2083 4028 2264 4084 regem
2291 4029 2304 4066 :
2335 4011 2512 4066 nullus
2537 4020 2711 4065 autem
2739 4007 3005 4063 invenitur
3032 4010 3121 4077 qui
3151 4022 3210 4062 se
3245 4008 3376 4060 nolit
3399 4020 3520 4062 esse

1941 4106 2168 4160 felicem.
2214 4105 2317 4173 Ipsi
2359 4118 2486 4173 ergo
2527 4102 2620 4166 dii,
2665 4101 2709 4156 si
2764 4117 2858 4170 per
2899 4100 3114 4169 auguria
3155 4098 3235 4153 vel
3283 4097 3520 4169 quolibet

1939 4197 2100 4253 modo
2137 4212 2229 4251 eos
2261 4209 2387 4265 poss
2459 4194 2664 4249 consuli
2697 4204 2902 4263 putant,
2935 4193 3003 4247 de
3047 4192 3146 4245 hac
3189 4207 3247 4245 re
3275 4190 3520 4246 consule-

1940 4301 2145 4356 rentur,
2178 4302 2353 4344 ulrum
2389 4289 2584 4344 vellent
2618 4287 2874 4343 Felicitati
2902 4288 3018 4341 loco
3054 4286 3246 4340 cedere
3271 4303 3285 4339 :
3308 4285 3353 4338 si
3383 4284 3518 4340 forte

1939 4387 2164 4440 aliorqu
2191 4384 2395 4438 a:dibus
2424 4382 2508 4437 vel
2536 4380 2790 4435 altaribus
2815 4380 2922 4450 jam
2967 4378 3150 4433 fuisset
3183 4379 3330 4433 locus
3355 4393 3517 4432 occu-

1943 4491 2115 4550 patos,
2146 4479 2232 4532 ubi
2253 4478 2396 4531 mdes
2423 4476 2594 4544 major
2618 4483 2774 4544 atque
2800 4472 3078 4527 sublimior
3101 4469 3365 4526 Felicitati
3390 4485 3519 4524 con-

1940 4583 2260 4637 strueretur,
2297 4571 2456 4624 etiam
2485 4568 2599 4636 ipse
2621 4566 2824 4635 Jupiter
2853 4565 3085 4629 cederet,
3110 4573 3167 4618 ut
3197 4565 3368 4634 ipsum
3395 4577 3519 4617 ver-

1943 4667 2098 4719 ticcm
2129 4665 2280 4718 collis
2306 4659 2588 4730 Capitolini
2615 4659 2861 4713 Felicitas
2884 4658 3062 4728 potius
3083 4657 3368 4712 obtineret.
3401 4656 3518 4712 Non

1940 4758 2081 4812 enim
2119 4755 2378 4826 quispiam
2420 4752 2693 4808 resisteret
2733 4750 3012 4816 Felicitati,
3059 4751 3181 4816 nisi,
3223 4749 3364 4820 quod
3404 4749 3518 4803 fieri

1941 4867 2048 4904 non
2071 4855 2262 4916 potest,
2285 4847 2372 4916 qui
2395 4860 2514 4900 esse
2533 4843 2696 4898 vellet
2712 4843 2910 4898 infelix.
2941 4843 3092 4896 Nullo
3118 4842 3276 4896 modo
3301 4840 3520 4894 omnino

1940 4945 1984 5000 si
2014 4943 2400 5006 consuleretur,
2429 4938 2624 4993 faceret
2642 4937 2868 5007 Jupiter,
2901 4937 3038 5006 quod
3067 4937 3114 4990 ei
3143 4935 3382 4989 fecerunt
3413 4943 3520 4988 tres

1940 5037 2031 5101 dii,
2061 5036 2221 5101 Mars,
2249 5033 2554 5097 Terminus,
2599 5040 2654 5084 et
2676 5030 2952 5095 luventas,
2993 5029 3082 5098 qui
3115 5025 3299 5094 majori
3328 5035 3382 5079 et
3408 5027 3518 5096 regi

1940 5147 2038 5185 suo
2067 5129 2211 5183 nullo
2233 5125 2392 5180 modo
2419 5123 2610 5179 cedere
2640 5123 2758 5176 loco
2779 5122 3080 5176 voluerunt.
3109 5117 3238 5172 Nam
3266 5117 3404 5172 sicut
3427 5118 3519 5172 lia-

1941 5223 2066 5278 bent
2094 5235 2276 5276 eorum
2305 5219 2516 5283 litterae,
2562 5231 2684 5272 cum
2724 5231 2818 5270 rex
2856 5212 3172 5280 Tarquinius
3199 5210 3518 5280 Capitolium

1940 5314 2200 5369 fabricare
2229 5309 2410 5374 vellet,
2443 5322 2669 5378 eumque
2697 5306 2870 5359 locum
2896 5301 2984 5372 qui
3011 5302 3058 5356 ei
3081 5302 3293 5372 dignior
3315 5304 3518 5374 aptior-

1940 5423 2043 5478 que
2069 5405 2364 5466 videbatur,
2392 5400 2462 5455 ab
2491 5400 2592 5454 diis
2617 5398 2767 5452 aliis’I
2797 5404 3042 5452 cerneret
3068 5404 3516 5466 praeoccupatum,

1940 5516 2044 5554 non
2083 5498 2286 5552 audens
2326 5493 2527 5564 aliquid
2567 5500 2754 5544 contra
2797 5502 2982 5543 eorum
3014 5487 3188 5543 facere
3217 5489 3518 5543 arbitrium‘

1938 5603 1991 5647 et
2017 5585 2242 5646 credens
2279 5602 2373 5642 eos
2414 5595 2558 5640 tanto
2588 5582 2790 5636 nutnini
2839 5597 3042 5652 suoque
3088 5581 3310 5652 principi
3336 5581 3524 5635 volun-

2003 5775 2018 5805 ι
2047 5773 2162 5820 Fdili
2185 5804 2198 5826 ,
2229 5766 2446 5817 Felicitas
2470 5763 2740 5826 constituta,
2760 5771 2829 5816 est
2854 5771 2904 5815 ut
2925 5762 3169 5826 templum.
3195 5760 3443 5828 particula,
3484 5770 3517 5810 tt

1935 5837 2075 5888 abest
2097 5847 2124 5882 a
2142 5829 2487 5888 tmuuscriptis.
2579 5887 2604 5888 η
3021 5835 3023 5844 ι
3400 5829 3412 5841 ν
3429 5829 3434 5836 .

2002 5887 2833 5978 ’βοιιθάὶιὶοων,αάὲἱεαιιαηξ.
