4038 6492
462 372 611 501 ,tat

494 546 606 593 tate
631 550 907 601 cessuros;
949 532 1071 606 quia
1102 528 1252 589 multi
1291 537 1447 587 erant
1476 526 1586 587 illic
1630 526 1722 584 ubi
1763 522 2078 597 Capitolium

494 630 839 689 conetitututn
866 636 971 697 est,
1008 642 1103 698 per
1143 624 1421 698 augurium
1449 621 1713 696 quaesivit,
1746 627 1920 674 utrum
1948 632 2079 673 con-

495 723 692 783 cedere
731 723 908 789 locum
951 722 1148 778 vellent
1183 718 1302 777 Jovi
1340 738 1353 773 :
1387 727 1549 790 atque
1591 715 1693 789 ipsi
1735 713 1857 773 inde
1886 712 2082 770 cedere

494 830 685 889 omnes
720 817 1021 883 voluerunt,
1063 822 1258 886 praeter
1301 813 1425 870 illos
1467 825 1602 887 quos
1641 804 2083 874 commemoravi,

494 910 738 977 Martem,
770 907 1078 966 Terminum
1106 908 1203 982 (rt),
1240 907 1617 971 Iuventatem:
1642 913 1804 976 atque
1832 902 1951 958 ideo
1976 899 2083 956 Ca-

494 1004 739 1074 pitolium
761 1004 833 1060 ita
866 1011 1233 1061 constructum
1263 1009 1367 1069 est,
1392 1010 1450 1059 ut
1486 1000 1649 1059 etiam
1693 996 1787 1055 isti
1807 1006 1915 1052 tres
1939 995 2083 1050 intus

494 1108 676 1171 essent
703 1111 807 1156 tam
845 1099 1088 1157 obscuris
1125 1097 1311 1175 signis,
1342 1105 1399 1152 ut
1438 1096 1540 1152 hoc
1568 1094 1655 1153 vix
1699 1090 1947 1151 homines
1980 1074 2081 1144 do?

494 1192 718 1249 ctissimi
754 1192 974 1251 scirent.
1007 1190 1163 1265 Nullo
1199 1189 1363 1255 modo
1392 1189 1551 1260 igitur
1571 1186 1898 1245 Felicitatem
1928 1180 2081 1252 Jupi-

496 1292 577 1340 ter
624 1283 742 1359 ipse
785 1292 1172 1349 contemneret,
1207 1281 1345 1339 sicut
1387 1296 1417 1337 a
1459 1279 1734 1344 Termino,
1775 1276 1962 1343 Marte,
1990 1270 2083 1337 Ju-

493 1384 707 1435 vcntate
733 1382 1070 1446 contemptus
1095 1382 1196 1433 est.
1225 1372 1331 1429 Sed
1364 1373 1461 1445 ipsi
1483 1372 1642 1427 etiam
1664 1369 1748 1441 qui
1778 1383 1883 1429 non
1913 1380 2085 1421 cesse-

492 1476 616 1525 rant
632 1469 772 1535 Jovi,
795 1467 1037 1541 profecto
1053 1467 1305 1524 cederent
1325 1450 1606 1531 Felicitati,
1630 1478 1749 1534 quae
1775 1460 1878 1517 illis
1900 1473 2080 1531 regem

496 1558 697 1615 fecerat
731 1546 940 1615 Jovem.
973 1562 1079 1619 Aut
1106 1560 1154 1615 si
1192 1575 1295 1614 non
1326 1556 1598 1622 cederent,
1630 1542 1735 1611 non
1765 1551 1816 1608 id
1842 1560 2083 1608 contem-

492 1661 589 1725 ptu
619 1652 737 1735 ejus
774 1651 1035 1723 facerent,
1066 1648 1162 1708 sed
1187 1648 1331 1723 quod
1372 1649 1426 1705 in
1475 1648 1636 1704 domo
1662 1644 1955 1701 Felicitatis
1988 1640 2083 1735 ob-

495 1734 805 1803 scuriesse
842 1744 1083 1811 mallent,
1112 1757 1272 1814 quam
1320 1741 1438 1801 sine
1468 1739 1557 1797 illa
1600 1739 1653 1794 in
1682 1737 1814 1794 locis
1850 1734 2082 1809 propriis

492 1837 752 1905 eminere.

564 1929 617 1985 4.
662 1928 736 1985 ita
766 1925 865 1985 dea
904 1926 1180 1985 Felicitate
1212 1926 1266 1982 in
1299 1926 1420 1982 loco
1445 1922 1776 1995 amplissimo
1808 1927 1864 1977 et
1900 1916 2083 1975 celsis-

496 2018 635 2074 simo
655 2018 963 2085 constituta,
984 2018 1257 2074 discerent
1276 2015 1422 2089 cives
1453 2013 1595 2071 unde
1619 2012 1796 2067 omnis
1822 2010 1944 2066 boni
1974 2006 2083 2063 voti

494 2112 784 2187 petendum
803 2120 947 2169 esset
965 2112 1240 2169 auxilium.
1265 2109 1342 2166 Ac
1362 2109 1441 2165 sic
1462 2108 1573 2181 ipsa
1591 2106 1849 2162 suadente
1869 2112 2079 2170 natura,

497 2205 721 2260 aliorum
751 2204 974 2260 deorum
1020 2201 1291 2275 superﬂua
1322 2190 1658 2256 multitudine
1685 2197 1966 2269 derelicta,
1993 2207 2083 2248 co-

496 2296 700 2354 leretur
738 2312 842 2351 una
873 2296 1144 2363 Felicitas,
1190 2296 1279 2363 uni
1315 2292 1724 2364 supplicaretur,
1762 2289 1918 2343 unius
1945 2286 2082 2341 tem-

495 2391 641 2462 plnm
672 2390 1101 2465 frequentaretur
1120 2404 1151 2444 a
1179 2387 1385 2445 civibus
1404 2386 1494 2458 qui
1520 2383 1699 2440 felices
1717 2397 1838 2437 esse
1862 2378 2082 2444 vellent,

492 2501 723 2569 quorum
753 2496 898 2542 esset
940 2500 1098 2545 nemo
1127 2482 1218 2557 qui
1262 2482 1427 2541 nollet
1457 2499 1471 2535 :
1513 2489 1673 2551 atque
1705 2479 1775 2533 ita
1813 2478 1925 2549 ipsa
1966 2492 1995 2529 a
2026 2491 2085 2530 se

498 2566 611 2661 ipsa
657 2586 973 2649 peteretur,
1018 2591 1136 2657 qua:
1184 2574 1252 2630 ab
1304 2573 1553 2629 omnibus
1600 2571 1899 2642 petebatur.
1955 2566 2084 2637 Quis

494 2660 639 2728 enim
668 2670 864 2752 aliquid
893 2670 961 2727 ab
986 2668 1164 2739 aliquo
1189 2666 1314 2733 deo,
1342 2665 1445 2721 nisi
1475 2664 1819 2735 felicitatem,
1841 2660 1968 2717 velit
1993 2675 2083 2714 ac-

494 2764 699 2835 cipere,
734 2763 819 2820 vel
845 2761 988 2833 quod
1027 2761 1094 2817 ad
1122 2760 1434 2829 felicitatem
1461 2756 1734 2815 existimat
1772 2753 2085 2828 pertinere?

496 2856 727 2913 Proinde
761 2856 804 2909 si
835 2854 1062 2910 felicitas
1098 2855 1259 2910 habet
1300 2854 1354 2908 in
1396 2860 1660 2924 potestate
1688 2865 1812 2906 cum
1854 2865 1959 2920 quo
1989 2848 2087 2903 ho-

495 2948 642 3011 mine
664 2947 733 3005 sit
749 2946 933 3020 (habet
967 2955 1168 3012 autem,
1199 2946 1247 3001 si
1275 2944 1373 3005 dea
1400 2944 1530 3013 est),
1558 2958 1678 3019 qum
1706 2940 1918 2997 tandem
1947 2939 2085 2995 stul-

497 3039 611 3096 titia
636 3048 738 3104 est,
763 3040 831 3096 ab
858 3038 1039 3119 aliquo
1063 3052 1182 3095 eam
1214 3035 1316 3093 deo
1348 3045 1555 3107 petere,
1581 3049 1742 3113 quam
1770 3032 1945 3105 possis
1970 3048 2001 3085 a
2026 3046 2087 3087 se

496 3134 611 3213 ipsa
653 3130 977 3211 impetrare?
1011 3132 1159 3205 lianc
1183 3145 1311 3209 ergo
1335 3130 1492 3186 deam
1519 3143 1682 3203 super
1701 3128 1832 3187 deos
1860 3134 2087 3203 cancros

497 3226 762 3301 honorare
785 3226 948 3297 etiam
980 3225 1084 3281 loci
1114 3221 1370 3301 dignitate
1403 3221 1723 3279 debuerunt.
1757 3218 1908 3277 Sicut
1942 3220 2085 3274 enim

494 3321 635 3396 apud
663 3321 808 3390 ipsos
832 3318 1048 3397 legitur,
1074 3315 1302 3389 Romani
1325 3324 1532 3371 veteres
1549 3313 1734 3370 nescio
1750 3326 1907 3383 quem
1929 3310 2088 3366 Sum-

498 3413 831 3485 manum“),
873 3411 963 3487 cui
987 3419 1252 3466 nocturna
1282 3407 1505 3463 fulmina
1534 3404 1863 3483 tribuebant,
1900 3402 2085 3458 colue—

498 3514 626 3575 runt
669 3506 839 3577 magis
877 3519 1036 3576 quam
1067 3502 1276 3570 Jovem,
1317 3498 1382 3556 ad
1430 3513 1592 3577 quem
1636 3498 1825 3552 diurna
1866 3494 2089 3550 fulmina

498 3599 851 3673 pertinerent.
884 3596 991 3669 Sed
1016 3602 1299 3669 postquam
1326 3592 1445 3650 Jovi
1474 3590 1732 3671 templum
1773 3589 1984 3660 insigne
2024 3602 2089 3643 ac

499 3693 729 3764 sublime
748 3699 1112 3769 constructh
1140 3697 1246 3766 est,
1276 3694 1493 3767 propter
1518 3684 1647 3741 aedis
1673 3683 1983 3765 dignitatem
2011 3682 2090 3737 sic

499 3785 570 3841 ad
615 3799 740 3857 eum
778 3781 1067 3857 multitudo
1108 3778 1387 3853 confluxit,
1428 3786 1489 3833 ut
1524 3776 1611 3830 vix
1654 3774 1956 3830 inveniatur
1998 3774 2090 3845 qui

495 3878 777 3949 Stuninaui
816 3890 1037 3948 nomen,
1079 3872 1221 3950 quod
1264 3870 1451 3933 audire
1483 3868 1595 3943 jam
1646 3883 1752 3929 non
1796 3875 1990 3941 potest,
2030 3882 2090 3923 se

499 3972 690 4037 saltem
718 3969 914 4041 legisse
952 3964 1276 4033 meminerit.
1310 3964 1366 4019 Si
1396 3971 1576 4041 autem
1608 3959 1833 4019 felicitas
1859 3959 1957 4015 dea
1982 3975 2089 4015 non

502 4072 608 4131 est,
638 4062 913 4134 quoniam,
950 4058 1091 4133 quod
1123 4071 1310 4113 verum
1352 4063 1455 4121 eet,
1497 4068 1694 4113 munus
1721 4062 1803 4109 est
1828 4052 1955 4118 Dei;
2002 4051 2092 4107 ille

503 4158 648 4225 Deus
667 4163 956 4227 qumratur,
978 4153 1065 4227 qui
1090 4166 1206 4225 eam
1233 4150 1363 4205 dare
1384 4149 1575 4223 possit,
1602 4156 1657 4225 et
1680 4146 1903 4202 deorum
1932 4144 2092 4202 falso-

502 4264 626 4317 rum
669 4245 953 4317 multitudo
998 4242 1154 4301 noxia
1208 4241 1555 4315 relinquatur,
1602 4255 1759 4308 quam
1805 4238 2091 4295 stultorum

506 4341 785 4411 hominum
806 4337 1088 4405 multitudo
1114 4350 1246 4390 vana
1272 4342 1525 4401 sectatur,
1550 4332 1691 4390 dona
1721 4332 1813 4388 Dei
1840 4332 1970 4388 deos
1989 4331 2093 4387 sibi

505 4435 733 4504 faciens,
779 4442 834 4504 et
860 4434 1056 4505 ipsum,
1098 4428 1249 4506 cujus
1279 4443 1341 4483 ea
1380 4428 1521 4483 dona
1549 4436 1694 4508 sunt,
1735 4426 2094 4483 obstinatione

503 4529 752 4601 superbae
779 4525 1067 4595 voluntatis
1110 4522 1405 4595 olfendens.
1445 4519 1533 4577 Sic
1572 4520 1713 4583 enim
1753 4535 1941 4576 carere
1986 4535 2092 4576 non

502 4628 690 4693 potest
730 4617 1055 4689 infelicitate,
1084 4616 1171 4686 qui
1201 4626 1449 4683 tanquam
1483 4612 1637 4669 deam
1667 4611 1969 4681 felicitatem
2000 4627 2096 4668 (ιο-

506 4714 592 4782 iit,
614 4722 672 4781 et
693 4713 861 4783 Deum
887 4711 1128 4779 datorem
1152 4708 1418 4769 felicitatis
1440 4706 1691 4777 relinquit
1718 4724 1730 4759 :
1756 4706 1891 4785 sicut
1910 4720 2097 4761 carere

504 4822 615 4873 non
644 4812 821 4878 potest
854 4803 1015 4875 fame,
1047 4802 1135 4873 qui
1162 4815 1352 4878 panem
1378 4800 1576 4871 pictum
1610 4799 1781 4873 lingit,
1812 4808 1867 4855 et
1894 4799 1962 4855 ab
2001 4799 2098 4854 bo-

506 4903 652 4967 mine
676 4900 768 4971 qui
797 4912 983 4953 verum
1015 4894 1193 4961 habet,
1222 4908 1327 4949 non
1360 4893 1509 4965 petit.

504 5012 733 5072 CAPUT
771 5009 1181 5075 XXIV.-—Qu
1200 5008 1395 5065 ratione
1424 5006 1696 5077 defendant
1728 5004 1948 5079 Pagani,
1966 5022 2101 5077 quoa

810 5107 946 5160 inter
969 5103 1088 5158 deos
1114 5102 1282 5156 colant
1306 5100 1423 5171 ipsa
1442 5098 1578 5157 dena
1602 5099 1791 5157 divina.

583 5216 739 5276 Libet
790 5227 967 5274 autem
1017 5226 1204 5271 eorum
1255 5212 1593 5268 considerem
1632 5211 1884 5267 rationes.
1925 5211 2103 5281 Usque

513 5312 718 5371 adeone
737 5352 751 5375 ,
783 5309 1066 5379 inquiunt,
1094 5305 1328 5377 majores
1360 5311 1579 5359 metros
1607 5302 1915 5372 insipientes
1943 5302 2105 5359 fuisse

512 5402 840 5463 credendum
869 5412 972 5468 est,
1004 5401 1196 5456 utbzcc
1210 5397 1477 5455 nescirent
1506 5408 1726 5451 munera
1744 5395 1932 5451 divina
1959 5412 2101 5464 esse,

516 5514 624 5555 non
654 5494 822 5554 deos?
846 5493 952 5550 Sed
977 5494 1224 5565 quoniam
1246 5490 1483 5546 sciebant
1506 5488 1705 5542 nemini
1734 5488 1856 5542 talia
1883 5488 1986 5542 nisi
2009 5489 2107 5543 ali-

516 5608 626 5666 quo
655 5592 756 5648 deo
794 5590 1056 5660 iargiente
1093 5585 1313 5642 concedi
1339 5626 1355 5652 ,
1381 5597 1605 5653 quorum
1640 5582 1860 5636 deorum
1890 5581 2106 5638 nomina

516 5686 1004 5751 noninveniebant,
1032 5697 1213 5739 earum
1240 5694 1417 5736 rerum
1440 5676 1743 5732 nominibus
1771 5674 2108 5745 appellabant

610 5828 662 5897 ᾳ)
688 5820 1141 5897 '[erminumsmum
1177 5824 1413 5897 memorat
1428 5813 1710 5897 zLiviuslib:
1731 5813 1775 5863 1.
1798 5817 2108 5867 Juventatem

524 5881 656 5943 addit
674 5888 840 5941 Florus
856 5888 939 5936 lit).
970 5887 1013 5946 l,
1039 5883 1217 5994 θΙίἱἙιθ
1234 5881 1463 5953 tuguriis.
1488 5893 1585 5927 non
1606 5884 1815 5926 cariem.

586 5953 662 5994 lbi
686 5955 807 5994 plin-
832 5950 913 5994 lib.
939 5948 988 5994 2.
1011 5958 1117 5994 mn.
1172 5942 1233 5994 ‘3:
1257 5943 1389 5991 (md.
1417 5946 1539 5990 itast.
1563 5940 1612 5994 6,
1639 5952 1766 5989 vers.
1789 5940 1815 5988 7

586 5936 662 6016 ibi
677 5936 808 6005 “me;
826 5936 913 6002 hu.
939 5936 1117 6010 2,'cap.
1138 5936 1233 6006 se;
1257 5943 1389 5991 oua.
1417 5946 1539 5990 mi.
1563 5940 1612 6000 δ,
1639 5952 1766 5989 vers.
1789 5936 2011 5989 731.732.

1564 411 1655 470 nr:
1695 400 2014 469 amare
2053 396 2184 497 nrt,
2228 401 2282 455 s.
2328 399 2695 459 AUGUSTINI
2764 366 2769 367 ⁷

3676 420 3782 480 132

2193 521 2344 589 deos,
2368 537 2499 595 quas
2520 522 2588 581 ab
2607 526 2683 582 eis
2710 524 3009 585 sentiebant
3026 528 3160 600 dari,
3183 530 3359 609 aliqua
3376 537 3633 597 vocabula
3655 540 3781 601 inde

2187 615 2482 687 flectentes,
2501 618 2639 675 sicut
2662 634 2692 675 a
2715 620 2853 677 bello
2879 621 3151 682 Bellonam
3181 642 3642 705 nuncupaverunt,
3671 651 3782 694 non

2186 711 2415 780 bellum;
2458 713 2595 769 sicut
2632 729 2665 771 a
2693 714 2845 773 cunis
2876 716 3133 774 Cuninam
3157 762 3174 789 ,
3202 737 3311 777 non
3339 739 3561 794 cunam;
3584 729 3721 785 sicut
3748 742 3783 787 a

2187 804 2454 879 segetibus
2478 804 2744 880 Segetiam
2768 851 2785 877 ,
2813 823 2919 864 non
2947 818 3212 884 segetem;
3252 814 3391 871 sicut
3417 833 3448 873 a
3476 821 3649 893 pomis
3677 821 3785 878 Po-

2187 912 2431 971 monam,
2463 915 2567 955 non
2600 915 2848 975 pomum;
2889 903 3026 958 sicut
3058 920 3088 958 a
3126 903 3299 961 bubus
3325 906 3644 980 Bubonam‘,
3674 924 3783 970 non

2186 990 2376 1047 bovem
2407 1009 2421 1047 :
2450 1002 2540 1048 aut
2569 1003 2716 1050 certe
2754 993 2900 1050 nulla
2938 997 3182 1053 vocabuli
3220 999 3610 1074 declinatione,
3643 1005 3785 1065 sicut

2187 1101 2275 1141 res
2308 1087 2436 1157 ipsa}
2461 1089 2831 1157 nominantur,
2862 1098 2921 1145 ut
2958 1088 3187 1147 Pecunia
3217 1093 3356 1149 dicta
3380 1106 3466 1152 est
3507 1097 3636 1167 dea,
3662 1117 3784 1173 qua:

2187 1177 2278 1234 dat
2289 1178 2590 1250 pecuniam,
2610 1197 2713 1236 non
2735 1181 2957 1237 omnino
2973 1184 3194 1256 pecunia
3209 1183 3307 1243 dea
3331 1186 3443 1263 ipsa
3460 1201 3638 1260 putata
3658 1200 3743 1248 est
3766 1212 3781 1250 :

2188 1272 2260 1327 ita
2290 1272 2470 1329 Virtus
2491 1315 2505 1341 ,
2528 1290 2647 1346 qua:
2685 1274 2777 1331 dat
2806 1275 3091 1347 virtutem;
3116 1277 3329 1349 Honor,
3365 1283 3453 1355 qui
3488 1281 3782 1354 honorem;

2187 1362 2481 1421 Concordia
2502 1408 2518 1434 ,
2547 1382 2666 1437 quae
2699 1367 3039 1424 concordiam
3081 1387 3098 1437 ;
3132 1366 3361 1427 Victoria
3383 1415 3396 1438 ,
3438 1390 3557 1447 qua
3583 1375 3674 1432 dat
3701 1378 3784 1433 vi-

2186 1460 2430 1527 ctoriam.
2459 1458 2556 1527 lta,
2584 1460 2849 1534 inquiunt,
2880 1478 2999 1519 cum
3029 1464 3276 1522 Felicitas
3298 1465 3399 1524 dea
3418 1468 3643 1541 dicitur,l
3673 1485 3783 1529 non

2188 1552 2302 1624 ipsa
2332 1568 2452 1623 qum
2479 1552 2655 1621 datur,
2685 1555 2783 1612 sed
2810 1572 3007 1613 numen
3039 1558 3168 1614 illud
3195 1561 3485 1625 attenditur
3513 1578 3542 1618 a
3567 1579 3675 1637 quo
3702 1564 3784 1624 fe-

2187 1644 2357 1703 licitas
2381 1645 2555 1702 datur.

2187 1775 2415 1834 CAPUT
2444 1777 2612 1835 xxv.
2639 1809 2712 1824 --
2736 1780 2816 1836 οε
2851 1798 2954 1838 κιο
2999 1792 3196 1841 mm
3221 1787 3434 1844 ωιεπάο
3473 1789 3614 1857 Dee,
3652 1794 3783 1864 φά,

2260 1869 2387 1977 licet.
2409 1872 2612 1927 neruine
2634 1873 2895 1945 ignoretur
2916 1915 2931 1941 ,
2975 1885 3147 1937 tam
3184 1879 3442 1949 felicitatis
3484 1882 3635 1939 dator
3672 1901 3786 1942 em

2257 1973 2490 2019 κηιῡωτ.

2261 2078 2366 2133 ista
2392 2079 2545 2136 nobis
2574 2080 2781 2137 reddita
2808 2081 3034 2149 ratione,
3064 2083 3231 2141 multo
3265 2083 3474 2144 facilius
3500 2086 3579 2146 eis
3598 2132 3614 2158 ,
3640 2105 3786 2163 quo-

2192 2189 2313 2229 rum
2340 2187 2434 2229 cor
2473 2191 2579 2230 non
2602 2175 2760 2229 nimis
2784 2174 3033 2232 obdurui!
3050 2218 3066 2245 ,
3094 2178 3532 2248 persuadebimus
3557 2182 3786 2242 fortasse

2189 2266 2332 2339 quod
2358 2265 2624 2323 volumus.
2648 2265 2704 2322 Si
2732 2267 2875 2322 enim
2899 2267 3009 2339 jam
3031 2269 3262 2325 humana
3288 2271 3569 2329 infirmitas
3589 2275 3784 2341 sensit,

2188 2359 2404 2414 nonnisi
2429 2358 2497 2414 ab
2534 2359 2712 2430 aliquo
2749 2360 2861 2415 Deo
2886 2360 2998 2416 dari
3031 2376 3187 2432 posse
3226 2361 3564 2426 felicitatem:
3599 2366 3790 2424 ethoc

2191 2458 2476 2507 senserunt
2502 2450 2750 2507 homines
2777 2453 2864 2523 qui
2899 2461 3003 2508 tam
3034 2455 3228 2511 multos
3258 2457 3503 2512 colebant
3531 2457 3662 2515 deos
3680 2502 3696 2526 ,
3724 2461 3787 2517 in

2190 2545 2381 2616 quibus
2418 2553 2472 2601 et
2492 2544 2662 2615 ipsum
2694 2560 2877 2600 eorum
2908 2561 3086 2616 regem
3116 2545 3337 2614 Jovem;
3386 2551 3506 2620 quia
3537 2551 3654 2622 ejus
3679 2568 3789 2609 no-

2192 2656 2314 2695 men
2338 2682 2352 2708 ,
2381 2653 2411 2697 a
2441 2653 2546 2708 quo
2569 2638 2787 2693 daretur
2806 2635 3049 2714 felicitas,
3081 2638 3428 2710 ignorabant,
3451 2642 3790 2715 ideo'ipsins
3878 2698 3902 2714 ,

2192 2731 2269 2786 rei
2298 2730 2533 2795 nomine,
2565 2744 2721 2799 quam
2750 2727 3039 2784 credebant
3064 2728 3131 2784 ab
3160 2729 3253 2786 ille
3278 2729 3409 2797 dari,
3442 2747 3564 2789 eum
3595 2734 3790 2805 appel-

2191 2822 2303 2877 lare
2345 2821 2660 2877 voluerunt:
2694 2820 2823 2876 satis
2860 2834 2988 2891 ergo
3026 2820 3377 2891 judicarunt',
3418 2838 3517 2880 nec
3557 2825 3623 2881 ab
3666 2827 3792 2897 ipso

2192 2915 2321 2970 Jove
2337 2914 2451 2969 dari
2468 2927 2627 2985 posse
2656 2910 2957 2968 felicitatem
2980 2954 2996 2978 ,
3043 2927 3201 2983 quem
3221 2912 3331 2984 jam
3375 2914 3655 2983 colebant;
3686 2918 3790 2974 sed

2191 3009 2374 3080 utique
2411 3008 2479 3062 ab
2525 3006 2615 3062 illo
2654 3021 2811 3077 quem
2851 3004 3069 3061 nomine
3097 3005 3263 3076 ipsius
3300 3004 3566 3065 felicitatis
3604 3010 3794 3065 colen-

2191 3100 2317 3157 dum
2342 3114 2461 3156 esse
2480 3096 2788 3155 censebant.
2812 3097 3082 3152 Continuo
3102 3113 3321 3168 prorsus
3339 3113 3369 3154 a
3393 3099 3623 3170 quodam
3648 3102 3799 3174 Deo;

2192 3206 2353 3264 quem
2380 3190 2706 3255 nesciebant,
2730 3203 2824 3245 eos
2843 3187 3136 3244 credidisse
3161 3188 3276 3245 dari
3302 3189 3605 3247 felicitatem
3630 3194 3794 3265 :ipse

2192 3299 2321 3355 ergo
2350 3291 2648 3353 quaeratur,
2681 3281 2794 3352 ipse
2833 3279 3075 3350 colatur,
3118 3290 3173 3338 et
3197 3282 3411 3340 sufﬁcit.
3456 3286 3797 3358 Repudietnr

2193 3375 2448 3446 strepitus
2486 3372 2952 3429 innumerabilium
2983 3371 3367 3430 diemoniorum
3393 3394 3407 3431 :
3435 3376 3508 3432 illi
3540 3393 3645 3434 non
3675 3380 3799 3435 suf-

2197 3467 2339 3522 liciat
2367 3465 2452 3522 hic
2480 3466 2621 3521 Deus
2641 3507 2657 3531 ,
2688 3465 2771 3520 cui
2802 3479 2908 3521 non
2942 3464 3137 3520 sufﬁcit
3160 3480 3355 3521 munus
3396 3468 3530 3538 ejus.
3562 3469 3636 3525 illi
3657 3512 3673 3537 ,
3704 3471 3797 3526 in-

2194 3575 2377 3631 quam,
2409 3573 2515 3614 non
2546 3556 2776 3613 sufficiat
2805 3557 2871 3612 ad
2898 3557 3178 3612 colendum
3221 3558 3361 3615 Deus
3383 3559 3538 3615 dator
3564 3559 3797 3618 felicita-

2196 3656 2284 3723 tis,
2316 3655 2400 3710 eui
2432 3664 2540 3708 non
2567 3650 2763 3708 sufficit
2795 3652 2861 3706 ab
2883 3651 3248 3721 accipiendum
3275 3652 3387 3721 ipsa
3413 3650 3659 3710 felicitas.
3685 3656 3794 3713 Cui

2194 3756 2373 3803 autem
2404 3745 2594 3801 sufﬁcit
2637 3746 2781 3813 (non
2809 3744 2951 3797 enim
2996 3741 3155 3798 habet
3182 3742 3340 3796 homo
3383 3744 3509 3811 quid
3558 3748 3798 3817 amplius

2195 3850 2382 3910 optare
2408 3836 2653 3906 debeat),
2677 3834 2873 3889 serviat
2900 3833 2988 3910 uni
3019 3832 3130 3887 Deo
3154 3831 3324 3888 datori
3354 3832 3645 3892 felicitatis.
3672 3839 3797 3895 Non

2138 3942 2139 3945 ‘
2196 3908 2280 3989 est
2308 3932 2422 4001 ipse
2444 3944 2600 4001 quem
2632 3908 3136 3981 nominant'Jovem.
3162 3922 3296 3980 Nam
3322 3928 3365 3982 si
3393 3944 3516 3983 cum
3545 3928 3797 3988 datorem

2196 4024 2463 4081 felicitatis
2488 4028 2858 4093 agnoscerent,
2888 4033 2995 4075 non
3014 4023 3199 4090 utique
3221 4021 3410 4090 alium,
3438 4023 3524 4077 vel
3546 4024 3729 4089 aliam,
3756 4043 3797 4084 ι

2196 4128 2298 4189 qua
2322 4116 2543 4172 daretur
2574 4113 2817 4177 felicitas,
2853 4111 3071 4167 nomine
3096 4112 3267 4183 ipsius
3288 4113 3578 4170 Felicitatis
3604 4116 3798 4186 inqui-

2198 4217 2413 4271 rerent;
2445 4207 2806 4277 ueqneipsmn
2829 4204 3015 4261 Jovem
3036 4219 3156 4260 cum
3182 4207 3347 4261 tantis
3374 4205 3580 4275 iniuriis
3602 4208 3799 4263 eolen-

2198 4302 2327 4359 dixit
2366 4307 2632 4370 placent.
2664 4297 2768 4356 iste
2804 4296 3097 4355 alienarum
3136 4295 3335 4359 dicitur
3374 4296 3610 4363 adulter
3644 4314 3801 4355 uxo-

2197 4410 2356 4463 rum,
2408 4390 2698 4462 iste'pueri
2754 4389 2832 4462 (α)
2879 4389 3090 4461 pulchri
3136 4388 3434 4459 W098
3480 4399 3688 4457 amator
3728 4403 3802 4449 et

2192 4494 2400 4557 raptor.

2200 4622 2426 4683 CAPUT
2454 4621 2645 4680 XXW.
2680 4650 2752 4662 —
2772 4619 2849 4674 De
2876 4622 3008 4673 luats
3032 4633 3263 4682 scenicis,
3292 4632 3416 4689 quos
3439 4618 3534 4673 sibi
3561 4619 3634 4673 dii
3658 4619 3800 4677 cele-

2496 4712 2655 4768 brari
2682 4728 2715 4766 a
2741 4712 2844 4766 suis
2872 4709 3145 4764 cultoribus
3170 4719 3458 4781 exegerunt.

2274 4849 2385 4911 Sed
2409 4849 2626 4919 ﬁngebat
2646 4848 2753 4905 lucc
2773 4843 3041 4913 Homerus,
3059 4844 3134 4901 ait
3154 4844 3358 4903 Tullius
3381 4845 3481 4916 (ὁ),
3503 4856 3552 4902 et
3569 4848 3803 4907 humana

2204 4945 2273 5000 ad
2298 4946 2419 5001 deos
2446 4941 2814 5014 transferebat:
2839 4939 3009 4995 diuina
3030 4939 3232 4995 mallem
3250 4938 3319 4993 ad
3343 4955 3454 4995 nos.
3474 4939 3663 5001 Merito
3689 4943 3806 5000 dis.

2206 5037 2392 5108 plieuit
2409 5036 2523 5093 viro
2543 5034 2692 5104 gravi
2710 5031 3011 5089 divinorum
3031 5031 3314 5087 criminum
3332 5042 3491 5103 poeta
3514 5034 3803 5103 nuntietur.

2206 5130 2317 5187 Cur
2343 5144 2471 5199 «περ
2496 5127 2605 5183 ιαᾶί
2633 5124 2863 5190 scenici,
2890 5124 2978 5179 ubi
3008 5122 3125 5183 haec
3167 5123 3509 5193 dictitantur,
3532 5129 3809 5189 cantitan-

2209 5233 2319 5285 utr.
2360 5221 2684 5285 minantur,
2712 5216 2937 5273 deorum
2963 5215 3255 5274 honoribus
3270 5215 3627 5289 exhibentur,
3661 5221 3809 5279 inter

2211 5329 2300 5369 res
2324 5311 2529 5366 divinas
2548 5325 2580 5364 a
2603 5306 2926 5363 doctissimis
2945 5307 3388 5363 conscribuntur?
3416 5308 3514 5364 Hic
3539 5311 3810 5368 exclamet

2211 5405 2433 5470 Cicero,
2464 5418 2569 5457 non
2612 5408 2801 5456 contra
2841 5398 3090 5470 ﬁgmenta
3124 5400 3579 5469 pedarum,‘sed
3615 5412 3809 5460 contra

2276 5561 2294 5593 ι
2329 5566 2423 5618 En,
2446 5554 2569 5607 sicut
2589 5569 2620 5606 a
2645 5553 2790 5606 bobus
2814 5553 3065 5605 nobonam.
3090 5553 3237 5618 Lugd.
3265 5561 3381 5606 ven.
3403 5563 3454 5605 et
3476 5560 3610 5619 μοι,
3629 5555 3757 5609 sicut
3776 5573 3812 5612 α

2219 5622 2365 5673 bobus
2394 5623 2649 5671 Rubomtm.
2746 5625 2805 5667 Μ.

2279 5687 2299 5717 ι
2333 5685 2466 5742 aditi,
2492 5690 2537 5733 et
2559 5682 2687 5734 ideo.
2713 5688 2769 5730 At
2791 5678 3098 5742 manuscripti
3121 5691 3217 5727 non
3249 5677 3460 5742 habent,
3482 5686 3546 5732 ει.

2279 5750 2299 5780 ³
2332 5749 2406 5798 Sic
2429 5740 2531 5795 uss.
2556 5746 2677 5796 Ε(ιὶιὶ
2700 5755 2835 5802 vero,
2860 5740 3092 5793 indicth

2279 5811 2300 5842 δ
2332 5812 2405 5859 sic
2426 5808 2575 5857 nostri
2601 5820 2772 5856 (annos
2794 5799 2901 5857 Mss.
2925 5811 2975 5852 ln
3000 5810 3067 5861 IL,
3092 5799 3407 5855 adulteram“.
3470 5809 3530 5859 κ.

2282 5872 2352 5933 (ιι)
2378 5869 2677 5933 Ganymedis.
2698 5877 2889 5933 Homer.
2912 5866 3039 5931 Iliad.
3063 5865 3144 5931 lib.
3169 5864 3244 5915 20.
3482 5864 3501 5871 ’⁷

2284 5930 2355 5997 (b)
2382 5930 2568 5983 'ruscul.
2598 5933 2642 5993 1,
2662 5943 2764 5993 cap.
