4038 6476
189 357 288 415 135

183 475 412 529 instituta
455 471 754 542 majorum.
787 471 978 526 Annon
1005 468 1396 526 exclamareut‘
1425 475 1484 525 et
1519 468 1614 536 illi,
1643 468 1784 536 Quid

185 578 276 619 nos
303 563 566 618 fecimus?
611 563 718 632 Ipsi
759 562 836 618 dii
877 562 980 616 ista
1017 561 1128 616 suis
1169 559 1462 616 honoribus
1485 559 1782 622 exhibenda

181 657 579 728 ﬂagitaverunt,
615 657 876 712 atrociter
897 656 1244 725 imperarunt,
1275 653 1484 710 cladem
1511 653 1612 710 nisi
1635 654 1788 710 tieret

183 749 642 820 prarnttntiarunt;
675 748 798 818 quia
827 747 1122 818 neglectum
1159 753 1242 800 est
1275 745 1472 816 aliquid
1493 785 1506 810 ,
1552 746 1784 804 severis-

181 845 310 897 sime
335 839 722 907 vindicarunt;
753 841 878 911 quia
901 839 956 894 id
977 839 1122 910 quod
1161 839 1460 910 neglectum
1499 837 1672 894 fuerat
1715 838 1784 894 fa:

179 941 318 988 ctum
347 941 454 998 est,
487 933 738 1004 placatos
767 947 826 988 se
861 945 986 988 esse
1011 941 1394 986 monstrarunt.
1427 931 1570 986 Inter
1595 945 1780 988 eorum

179 1033 640 1082 commemoratur
663 1025 886 1080 virtutes
908 1033 964 1078 et
985 1022 1230 1078 miranda
1257 1023 1394 1078 facta
1415 1023 1556 1093 quod
1583 1022 1780 1079 dicam.

181 1117 294 1174 Tite
319 1118 588 1184 Lstinio’,
629 1119 836 1174 rustico
857 1117 1104 1173 Romano
1131 1115 1496 1187 patrifamilias
1517 1157 1532 1182 ,
1581 1117 1780 1172 dictum

181 1219 252 1266 est
277 1211 336 1264 in
361 1212 614 1276 somnis,
645 1211 700 1266 in
731 1217 974 1266 sumtum
1015 1209 1306 1273 nmttiarct,
1337 1217 1394 1262 ut
1423 1208 1530 1262 ludi
1557 1207 1782 1264 Romani

181 1305 612 1358 instaurarentur
637 1343 650 1368 ,
695 1303 838 1374 quod
879 1304 1056 1372 primo
1091 1315 1278 1356 eorum
1321 1300 1408 1356 die
1455 1302 1508 1354 in
1551 1301 1780 1370 quodam

181 1397 442 1450 scelerato
467 1437 482 1462 ,
509 1395 604 1467 qui
653 1395 851 1466 populo
887 1402 1164 1466 spectante
1205 1393 1272 1448 ad
1299 1393 1614 1463 supplicium
1657 1393 1780 1448 duci

179 1487 356 1556 jussus
385 1496 474 1542 est
498 1527 514 1554 ,
547 1486 856 1542 numinibus
895 1485 1141 1540 videlicet
1183 1499 1250 1539 ex
1279 1484 1416 1538 ludis
1461 1483 1778 1552 hilaritatem

181 1579 564 1646 qua-rentibus,
595 1580 750 1632 triste
775 1577 1138 1647 displicuisset
1163 1576 1464 1645 imperium.
1491 1575 1624 1629 Cum
1651 1589 1780 1644 rgo

183 1670 264 1725 ille
287 1710 304 1734 ,
327 1671 424 1740 qui
455 1671 668 1725 somnio
693 1669 1050 1725 commonitus
1095 1677 1210 1723 erat
1227 1707 1242 1734 ,
1285 1675 1500 1738 postero
1527 1667 1612 1722 die
1633 1667 1778 1736 jussa

183 1763 360 1820 facere
385 1777 493 1816 non
525 1775 688 1816 ausus
709 1771 887 1826 esset,
919 1759 1150 1816 secunda
1181 1767 1334 1814 nocte
1365 1759 1464 1812 hoc
1493 1758 1634 1814 idem
1663 1773 1782 1814 rur-

182 1867 268 1908 sus
291 1855 542 1908 severius
568 1853 888 1921 imperatum
911 1860 996 1906 est
1031 1868 1044 1904 :
1073 1851 1252 1906 amisit
1279 1850 1442 1906 tilium
1465 1889 1480 1916 ,
1507 1849 1632 1918 quia
1669 1863 1778 1906 non

183 1945 318 2000 fecit.
351 1945 536 2000 Tertia
566 1951 726 2000 nocte
749 1942 952 2000 dictum
981 1953 1064 1998 est
1089 1941 1325 2010 homini,
1361 1941 1500 2012 quod
1533 1942 1702 2010 major
1727 1943 1776 1996 cl

183 2051 354 2106 pana,
379 2037 428 2094 si
459 2052 570 2092 non
596 2036 818 2103 faceret,
845 2036 1168 2090 immineret.
1198 2035 1332 2088 Cum
1357 2033 1520 2089 etiam
1563 2033 1642 2088 sic
1668 2047 1780 2088 non

183 2129 417 2194 auderet,
443 2131 498 2183 in
519 2127 768 2183 morbum
795 2127 978 2183 incidit
1000 2141 1178 2182 aerem
1199 2135 1256 2182 et
1281 2126 1610 2182 horribilem.
1639 2125 1776 2182 Tum

183 2233 304 2278 vero
327 2235 398 2278 ex
435 2220 738 2275 amicorum
771 2219 1034 2275 sententia
1063 2217 1130 2273 ad
1159 2219 1498 2289 magistratus
1523 2233 1636 2274 rem
1676 2217 1774 2272 de-

184 2311 316 2378 tulit,
339 2320 506 2381 atque
537 2311 588 2364 in
619 2310 806 2366 lectica
833 2309 1026 2366 allatus
1051 2319 1136 2365 est
1161 2309 1212 2364 in
1243 2319 1486 2366 serratum
1515 2327 1528 2364 :
1559 2307 1775 2378 exposi-

183 2413 334 2474 toque
377 2405 596 2458 somnio
617 2443 634 2469 ,
663 2411 878 2472 recepta
905 2403 1160 2457 continue
1188 2401 1518 2464 valetudine,
1553 2401 1774 2470 pedibus

181 2497 284 2550 suis
299 2509 464 2550 suus
479 2495 762 2552 abscessit.
788 2494 960 2550 Tanto
981 2492 1312 2563 stupefactus
1339 2493 1596 2548 miraculo
1619 2507 1774 2548 sena-

185 2597 258 2644 tus
279 2589 688 2659 quadruplleata
713 2589 936 2658 pecunia
957 2587 1110 2643 ludos
1129 2586 1338 2642 censuit
1365 2587 1644 2640 instaurari
1673 2586 1770 2660 (α).

185 2680 302 2749 Quis
327 2695 442 2737 non
460 2681 674 2748 videat,
701 2681 792 2752 qui
823 2695 1010 2736 santtm
1037 2681 1207 2750 sapit,
1259 2679 1500 2734 subditos
1531 2679 1773 2736 homines

185 2776 420 2846 malignis
445 2775 784 2830 dte-monibus
803 2817 818 2842 ,
849 2790 880 2830 u
909 2789 1134 2844 quorum
1169 2772 1534 2828 dominatione
1571 2787 1675 2826 non
1701 2772 1770 2830 li-

182 2867 324 2923 berat
353 2867 460 2922 nisi
483 2867 656 2937 gratis
699 2867 794 2922 Dei
823 2881 920 2936 per
961 2865 1142 2920 Iesum
1171 2863 1440 2918 Christum
1489 2864 1768 2920 Dominum

181 2967 436 3024 nostrum,
463 2959 514 3012 vi
541 2959 846 3028 compulsos
871 2971 990 3013 esse
1016 2955 1272 3013 exhibere
1291 2956 1486 3010 talibus
1505 2955 1626 3022 diis,
1651 2970 1770 3025 qua

183 3061 320 3106 recto
349 3051 584 3107 consilio
609 3059 859 3121 poterant
891 3051 1060 3120 turpia
1088 3048 1358 3120 iudicat-ii
1397 3047 1454 3102 ln
1481 3048 1586 3102 illis
1621 3057 1770 3106 certe

181 3146 306 3202 ludis
346 3147 558 3216 poetica
605 3146 884 3202 numinum
933 3143 1154 3200 crimina
1199 3142 1634 3214 frequentantur,
1681 3142 1770 3214 qui

183 3241 280 3295 ludi
309 3241 634 3311 cogentibus
655 3239 962 3295 numinibus
981 3237 1134 3308 jussu
1163 3245 1380 3292 senatus
1405 3235 1770 3290 instauraban-

180 3341 278 3386 tur.
321 3331 382 3388 In
415 3332 524 3386 illis
553 3331 695 3386 ludis
719 3337 1084 3400 corruptorem
1129 3328 1396 3400 pudicitia:
1436 3327 1620 3382 Jovem
1653 3337 1767 3382 tur-

177 3423 378 3490 pissimi
401 3422 696 3478 histriones
722 3422 1037 3486 cantabant,
1065 3420 1313 3490 agebant,
1346 3417 1683 3488 placebant’.
1711 3417 1766 3474 Si

175 3514 296 3570 illud
329 3515 626 3584 ﬁngebatur
648 3555 664 3578 ,
697 3513 788 3568 ille
829 3513 1188 3568 irasceretur:
1215 3511 1258 3564 si
1302 3520 1479 3566 autem
1523 3509 1634 3564 suis
1659 3509 1764 3563 cri-

175 3607 410 3664 minibus
433 3607 586 3662 etiam
621 3607 758 3662 lictis
779 3603 802 3636 ³
826 3605 1210 3670 delectabatur,
1236 3601 1447 3674 quando
1470 3601 1763 3668 coleretur,

174 3701 498 3758 nisidiabolo
518 3701 850 3758 serviretur?
881 3700 1024 3754 Itane
1041 3701 1138 3754 iste
1161 3697 1461 3752 Romanum
1483 3693 1762 3760 conderet,

173 3793 439 3859 dilataret,
461 3801 810 3850 conservaret
831 3791 1136 3864 imperium,
1168 3791 1354 3862 quovis
1385 3789 1622 3842 Romano
1641 3829 1656 3855 ,
1679 3787 1764 3844 cui

175 3885 524 3956 displicebant
551 3885 678 3940 talia
703 3925 720 3952 ,
755 3884 970 3940 homine
993 3881 1282 3956 abjectior?
1327 3882 1427 3938 iste
1463 3880 1616 3936 daret
1645 3877 1764 3935 feli-

175 3979 384 4034 citatem
405 4021 422 4046 ,
453 3978 548 4049 qui
575 3988 684 4034 tam
721 3977 1010 4036 infeliciter
1035 3977 1336 4042 colebatur;
1370 3983 1426 4030 et
1449 3975 1550 4030 nisi
1576 3974 1649 4030 ita
1674 3988 1766 4030 co-

173 4070 388 4138 leretur,
423 4069 692 4126 infelicius
715 4069 1074 4126 irascebatur?

173 4164 396 4234 CAPUT
445 4163 658 4222 XXVII.
687 4193 760 4206 —-
787 4164 861 4220 De
889 4162 1046 4218 tribus
1091 4161 1354 4234 generibus
1409 4161 1649 4226 deorum,
1701 4159 1764 4213 de

455 4257 638 4326 auibus
666 4255 900 4312 Scwvola
925 4254 1153 4325 pontifex
1185 4251 1476 4322 disputavit.

237 4369 492 4425 Relatum
539 4377 624 4424 est
669 4369 724 4423 in
761 4359 996 4430 litteras,
1041 4365 1408 4421 doctissimum
1461 4363 1762 4434 pontificem

169 4459 464 4516 Semvolarn
491 4457 568 4530 (ὁ)
595 4459 898 4529 disputasse
929 4457 1028 4512 tria
1051 4472 1248 4528 genera
1271 4457 1462 4514 tradita
1489 4455 1710 4512 deorum
1746 4473 1758 4508 :

183 4563 333 4606 mum
359 4567 388 4604 a
419 4551 616 4622 poetis,
644 4550 870 4616 alterum
890 4563 920 4606 a
943 4548 1290 4621 philosophis,
1325 4550 1536 4606 tertium
1557 4564 1588 4604 a
1612 4551 1761 4619 prin-

173 4644 378 4713 cipibus
421 4643 673 4698 civitatis.
729 4643 962 4698 Primum
1023 4657 1192 4714 genus
1241 4643 1576 4712 nugatorium
1636 4641 1766 4696 dicit

169 4747 308 4800 esse,
333 4733 482 4806 quod
510 4734 674 4790 multa
701 4734 770 4789 de
789 4734 890 4790 diis
917 4735 1181 4805 fingantur
1207 4733 1448 4803 indigna;
1473 4731 1761 4788 secundum

167 4841 274 4884 non
329 4843 632 4899 congruere
668 4827 1002 4896 civitatibus,
1029 4827 1174 4900 quod
1219 4827 1414 4882 habeat
1448 4827 1622 4897 aliqua
1671 4841 1762 4884 su-

167 4931 460 4988 pervacua,
489 4919 662 4991 aliqua
699 4919 860 4975 etiam
887 4934 1010 4990 qua
1037 4919 1180 4974 obsit
1221 4919 1428 4989 populis
1461 4933 1640 4974 nosse.
1689 4919 1766 4974 De

165 5011 520 5081 supervacuis
565 5023 670 5066 non
699 5025 888 5082 magna
933 5023 1092 5066 causa
1139 5019 1258 5066 est:
1287 5009 1426 5066 solet
1463 5011 1608 5066 enim
1653 5018 1710 5066 et
1732 5025 1762 5066 a

232 5185 252 5220 ί
289 5193 420 5244 Mss,
444 5199 512 5235 an
531 5183 860 5238 exulauerant
881 5199 899 5246 ,'
921 5187 1115 5244 entisso,
1141 5197 1253 5236 non.

230 5249 252 5278 ⁸
285 5248 424 5309 Editi,
450 5247 627 5298 Latino.
651 5247 868 5296 Nonnulli
893 5255 1019 5306 Mss,
1046 5247 1239 5298 Latinio.

171 5309 360 5422 Μὲιείε
381 5308 696 5373 manuscripti
718 5323 830 5358 cum
853 5311 988 5359 Vind.
1015 5317 1070 5359 At
1101 5319 1202 5358 Am.
1241 5315 1316 5358 Er.
1359 5315 1410 5360 et
1432 5315 1562 5368 Lov.,
1599 5308 1764 5372 placa-

233 5435 256 5463 ⁸
293 5441 444 5483 vetus
467 5431 592 5483 liber
613 5435 886 5496 Faureusis,
907 5433 1064 5496 factis.

235 5495 310 5558 (rt)
337 5501 419 5546 His
439 5497 756 5546 consentiunt
791 5493 960 5556 Livius,
983 5494 1274 5554 Iib.2,c.56,
1295 5493 1591 5558 acvalerius,
1617 5493 1699 5541 lib.
1721 5493 1764 5550 I,

169 5557 274 5620 cap.
292 5557 344 5614 7,
371 5568 422 5608 et
444 5559 467 5620 ἓ
497 5559 545 5620 4,
573 5571 690 5620 eum
712 5559 775 5606 de
801 5558 946 5620 plebe
969 5561 1214 5607 hominem
1235 5557 1570 5619 tlicunt;quod
1601 5558 1766 5604 rustici

173 5617 364 5668 ltdmani
389 5617 561 5682 ap'pel-
585 5619 766 5668 latione
791 5617 1060 5681 Signiﬁcat-c.-
1091 5621 1284 5669 volelrat
1304 5617 1471 5668 (:icero
1489 5657 1501 5674 ,
1527 5631 1766 5682 summum

173 5683 262 5732 hut:
285 5679 676 5744 mauu—{narrans
695 5683 742 5728 in
765 5679 887 5744 libro
913 5685 1062 5743 prilno
1083 5685 1146 5730 de
1165 5684 1481 5738 Divinatione,
1511 5694 1611 5740 cup.
1643 5679 1718 5744 ﬁt}.

237 5741 318 5807 (bi
338 5753 441 5807 Ipse
466 5747 554 5795 ille
579 5753 656 5792 est
685 5741 1012 5807 ςανιυὶίιίψιὶ
1029 5755 1056 5792 a
1075 5747 1328 5807 Cicerone,
1350 5745 1411 5790 (ἐκ)
1432 5751 1647 5807 mature,
1675 5741 1760 5788 lib.

175 5809 222 5864 1,
243 5803 368 5870 ὀάρξ
387 5810 466 5866 59,
513 5807 750 5870 laudatur
777 5813 830 5870 ut
842 5803 1242 5870 jurispcriturum
1271 5803 1696 5870 eloquentissimus,
1721 5807 1767 5854 et

171 5865 488 5932 eloquentium
501 5865 982 5932 j-urisperitisst'mus.

1543 347 1745 412 LIBER
1781 353 2122 424 QIIABTUS.

3363 368 3470 430 εει

1887 468 2210 538 jurisperitis
2251 468 2378 526 diei‘
2407 509 2428 540 ,
2452 470 2728 544 Superﬂua
2775 487 2882 530 non
2925 486 3137 532 uocent.
3177 478 3303 546 Qua:
3348 493 3472 540 sunt

1887 567 2064 616 autem
2093 561 2180 616 illa
2205 575 2322 632 qua:
2347 563 2548 634 prolata
2575 566 2626 618 in
2653 566 3044 622 multitudinem
3071 573 3300 626 nocent?
3323 571 3468 641 Ilaec,

1890 651 2080 722 inquit,
2111 667 2220 708 non
2245 667 2368 710 esse
2389 653 2518 709 deos
2543 655 2844 728 Herculem,
2869 658 3258 730 Escahpium,
3285 663 3471 720 Casto-

1885 757 2022 810 rem,
2045 742 2355 800 Pollucem:
2384 739 2624 814 proditur
2647 748 2788 802 enim
2815 765 2844 802 a
2881 749 3088 820 doctis,
3127 752 3270 822 quod
3300 753 3472 812 homi-

1887 849 1984 890 nes
2030 834 2262 904 fuerint,
2309 845 2368 892 et
2409 836 2636 892 humana
2662 839 2966 898 conditione
2990 842 3300 902 defecerint.
3333 845 3470 914 Quid

1885 925 2030 982 aliud
2051 927 2112 982 2?
2139 927 2290 996 Quod
2317 943 2504 984 eorum
2531 930 2620 1002 qui
2649 930 2756 984 sint
2783 931 2855 986 dii
2901 949 3008 988 non
3033 933 3263 990 habeant
3287 937 3468 1012 civita-

1887 1027 1966 1078 tes
1995 1035 2120 1076 vera
2141 1021 2456 1086 simulacra;
2489 1023 2632 1094 quod
2663 1039 2823 1079 verus
2855 1024 2995 1082 Deus
3025 1044 3122 1084 nec
3148 1043 3334 1084 sexum
3376 1029 3472 1086 ba-

1883 1113 2026 1180 beat,
2059 1131 2160 1170 nec
2183 1123 2418 1182 tetatetn,
2443 1131 2540 1172 nec
2567 1116 2782 1172 definita
2807 1119 3044 1188 corporis
3065 1121 3322 1178 membra.
3345 1123 3470 1178 Illuc

1884 1205 2120 1274 pontifex
2143 1221 2300 1262 nosse
2329 1208 2553 1276 populos
2577 1224 2684 1264 non
2709 1210 2822 1264 vult
2847 1227 2864 1266 :
2891 1225 3012 1264 natu
3041 1209 3174 1268 falsa
3199 1227 3320 1270 esse
3363 1231 3470 1272 non

1885 1307 2032 1366 putat
2055 1299 2096 1352 ³.
2129 1298 2398 1368 Expedite
2446 1300 2602 1370 igitur
2645 1301 2944 1368 existimat,
2991 1301 3098 1358 falli
3133 1304 3190 1358 iu
3217 1305 3470 1378 religione

1885 1389 2148 1446 Civitates.
2183 1390 2334 1458 Quod
2377 1391 2556 1448 dicere
2579 1391 2740 1448 etiam
2771 1393 2822 1446 in
2853 1393 3000 1448 libris
3036 1394 3232 1450 Rerum
3260 1396 3470 1452 divina-

1884 1497 2000 1538 rtttn
2031 1482 2144 1549 ipse
2171 1481 2344 1538 Varro
2385 1499 2492 1538 non
2539 1483 2766 1538 dubitat.
2811 1485 3070 1540 I’rmclara
3119 1487 3334 1557 religio,
3363 1503 3469 1558 quo

1881 1575 2153 1644 confugiat
2183 1577 2490 1640 liberandus
2531 1577 2772 1640 infirmus
2792 1619 2806 1644 .
2837 1589 2892 1634 et
2917 1595 3038 1636 cum
3065 1583 3340 1638 veritatem
3367 1599 3468 1654 qua

1883 1665 2137 1726 libi-retur
2163 1668 2414 1736 inquirat,
2445 1669 2693 1726 credatur
2715 1671 2763 1724 ei
2792 1672 3048 1742 expedire
3073 1675 3214 1742 quod
3245 1674 3468 1730 fallitur.

1881 1757 2154 1816 Poeticunt
2189 1773 2322 1822 sane
2363 1759 2586 1818 deorum
2625 1775 2794 1830 genus
2835 1779 2928 1818 cur
2953 1763 3190 1820 Scaevola
3220 1777 3470 1838 respuat,

1879 1847 2082 1904 eisdem
2123 1850 2314 1906 litteris
2345 1865 2452 1906 non
2497 1861 2740 1908 tacetur:
2773 1855 2892 1924 quia
2931 1855 3012 1912 sic
3050 1856 3296 1914 videlicet
3341 1859 3470 1914 deos

1878 1939 2202 2006 deformant,
2233 1951 2290 1996 ut
2318 1959 2416 1996 nec
2441 1945 2593 1998 bonis
2610 1945 2914 2002 hominibus
2933 1961 3326 2018 comparentur,
3348 1967 3468 2014 cum

1879 2032 2038 2086 alium
2073 2033 2272 2088 faciunt
2313 2034 2512 2102 furari,
2543 2037 2706 2090 alium
2735 2037 3070 2106 adulterare;
3115 2041 3192 2096 sic
3217 2045 3340 2098 item
3367 2043 3469 2098 ali-

1879 2123 2006 2192 quid
2051 2127 2238 2192 aliter,
2267 2125 2524 2196 turpiter,
2566 2135 2724 2198 atque
2759 2129 2936 2198 inepte
2969 2129 3148 2184 dicere
3177 2147 3238 2186 ac
3265 2130 3468 2200 facere;

1881 2221 1988 2268 tres
2015 2216 2152 2270 inter
2189 2235 2246 2270 se
2275 2217 2405 2273 deus
2435 2228 2668 2275 certasse
2697 2219 2763 2275 de
2787 2223 3008 2291 przemio
3035 2223 3464 2296 pulchritudinis,

1878 2311 2043 2366 victas
2073 2309 2203 2366 duas
2234 2327 2268 2364 a
2289 2311 2497 2367 Venere
2525 2311 2738 2382 Trojam
2761 2315 3060 2380 evertisse;
3090 2315 3273 2372 Jovem
3297 2321 3468 2390 ipsum

1877 2403 2114 2458 converti
2157 2403 2208 2456 in
2247 2403 2439 2458 bovem
2469 2413 2556 2458 aut
2587 2419 2841 2476 cycnum,
2885 2413 2942 2462 ut
2969 2422 3089 2462 cum
3119 2407 3294 2480 aliqua
3335 2425 3468 2466 con-

1877 2493 2128 2560 cumbat;
2159 2493 2314 2548 dcam
2349 2493 2550 2548 homini
2575 2493 2778 2550 nubere
2797 2536 2810 2562 ,
2841 2495 3127 2552 Saturnum
3155 2497 3350 2554 liberos
3379 2500 3470 2556 de-

1877 2601 2066 2641 vorare
2105 2601 2120 2640 :
2155 2585 2286 2640 nihil
2333 2585 2564 2656 denique
2615 2601 2772 2656 posse
2813 2587 3041 2659 confingi
3093 2591 3470 2646 miraculorum

1875 2689 2034 2750 atque
2065 2679 2314 2734 vitiorum
2343 2721 2356 2744 ,
2401 2679 2542 2749 quod
2589 2695 2694 2734 non
2725 2679 2794 2735 lbi
2827 2683 3156 2750 reperiatur,
3203 2693 3360 2753 atque
3404 2685 3470 2738 ab

1875 2771 2096 2828 deorum
2127 2781 2314 2827 natura
2343 2773 2498 2844 longe
2526 2771 2687 2828 absit.
2712 2773 2754 2828 0
2781 2773 3018 2828 Scaevola
3047 2773 3281 2844 pontifex
3301 2777 3470 2831 maxi-

1875 2881 1980 2930 me,
2009 2863 2160 2920 ludos
2193 2865 2339 2932 tolle,
2387 2865 2433 2920 si
2479 2875 2630 2936 p0tes
2656 2881 2670 2920 :
2697 2867 2926 2936 praecipe
2953 2867 3162 2936 pupulis
3182 2909 3196 2934 ,
3245 2881 3312 2923 ne
3339 2871 3470 2925 tales

1873 2953 2106 3012 honores
2134 2957 2236 3011 diis
2259 2955 2649 3011 immortalibus
2671 2956 2937 3024 deferant,
2969 2957 3058 3012 ubi
3088 2959 3310 3015 crimina
3335 2959 3469 3016 deo-

1873 3063 1990 3102 rum
2013 3047 2172 3102 libeat
2191 3048 2395 3116 mirari,
2417 3057 2470 3104 et
2495 3063 2614 3118 quae
2632 3049 2748 3104 fieri
2779 3059 3002 3120 possunt
3023 3049 3226 3122 placeat
3247 3053 3466 3110 imitari.

1879 3137 1934 3194 Si
1964 3147 2143 3192 autem
2171 3139 2263 3194 tibi
2295 3139 2633 3210 responderit
2673 3141 2918 3210 populus,
2951 3137 3059 3197 Vos
3089 3143 3242 3198 nobis
3269 3144 3468 3215 impor-

1875 3231 2025 3286 tastis
2062 3231 2182 3296 ista,
2215 3234 2494 3302 pontiﬁces
2525 3249 2538 3284 :
2567 3231 2698 3288 deos
2725 3233 2870 3302 ipsos
2897 3249 3024 3302 roga
3051 3275 3066 3300 ,
3095 3235 3286 3304 quibus
3317 3239 3468 3292 insti-

1871 3323 2122 3393 gantibus
2152 3323 2252 3377 ista
2277 3323 2510 3393 jussistis
2531 3365 2545 3388 ,
2581 3338 2648 3378 ne
2677 3323 2800 3378 talia
2827 3323 2926 3378 sibi
2953 3323 3174 3393 jubeant
3201 3326 3464 3382 exhiberi.

1871 3415 2002 3486 Quae
2026 3417 2070 3471 si
2101 3417 2238 3470 mala
2282 3425 2438 3484 sunt,
2467 3425 2520 3472 et
2551 3425 2832 3486 propterea
2871 3413 3019 3471 nullo
3047 3415 3208 3470 modo
3237 3415 3306 3472 de
3334 3415 3466 3474 deo-

1873 3523 1990 3564 rum
2022 3507 2298 3578 majestate
2338 3507 2639 3572 credenda,
2667 3508 2838 3576 major
2873 3513 2956 3562 est
2980 3507 3198 3562 deorum
3231 3508 3421 3578 injuria
3447 3551 3462 3578 ,

1870 3599 1938 3654 de
1963 3600 2152 3670 quibus
2173 3601 2387 3670 impune
2411 3599 2700 3672 finguntur.
2727 3597 2832 3656 Sed
2855 3615 2961 3654 non
2987 3609 3040 3656 te
3067 3601 3308 3669 audiunt,
3355 3601 3466 3657 dte-

1871 3705 2058 3746 mones
2094 3701 2252 3758 sunt,
2305 3707 2461 3761 prava
2493 3691 2719 3759 docent,
2764 3693 3006 3762 turpibus
3051 3693 3280 3764 gaudent
3312 3712 3325 3748 :
3357 3709 3466 3750 non

1873 3783 2046 3838 solum
2069 3797 2174 3838 non
2201 3783 2457 3854 deputant
2480 3784 2749 3854 injuriam,
2772 3783 2900 3840 side
2925 3785 3028 3840 illis
3051 3785 3148 3840 ista
3177 3785 3462 3857 fingantur;

1870 3873 1965 3929 sed
1993 3889 2110 3929 eam
2139 3875 2314 3945 potius
2342 3875 2588 3944 injuriam
2641 3873 2784 3930 ferre
2825 3889 2930 3930 non
2981 3885 3232 3946 possunt,
3277 3878 3324 3933 si
3367 3893 3466 3950 per

1869 3982 2056 4022 eormn
2086 3967 2344 4021 solemnia
2377 3981 2480 4022 non
2518 3973 2759 4038 agantur.
2806 3967 2922 4022 Jam
2953 3983 3082 4024 vero
3121 3969 3166 4023 si
3212 3968 3467 4026 adversus

1869 4075 1964 4116 eos
1993 4059 2177 4116 Jovem
2215 4061 2542 4130 interpelles,
2577 4059 2807 4114 maxime
2827 4059 2896 4114 ob
2925 4075 3042 4116 eam
3069 4075 3280 4115 causam
3300 4103 3314 4126 ,
3341 4062 3464 4134 quia

1868 4153 1984 4222 ejus
2025 4153 2174 4224 plura
2221 4153 2444 4208 crimina
2483 4153 2620 4207 ludis
2659 4153 2886 4208 scenicis
2923 4153 3238 4220 aclitantur;
3287 4169 3466 4210 nonne

1870 4245 2081 4300 etiamsi
2113 4245 2280 4301 Deum
2310 4245 2494 4300 Jovem
2526 4247 2866 4314 nuncupatis,
2896 4261 2926 4300 a
2953 4261 3059 4316 quo
3093 4247 3297 4316 regitur
3323 4255 3466 4302 totus

1867 4345 2030 4408 atque
2067 4335 2469 4392 administratur
2513 4335 2597 4390 hic
2639 4336 2900 4400 nmndus,
2941 4349 3008 4391 eo
3035 4337 3106 4390 illi
3151 4337 3208 4391 fit
3245 4352 3274 4390 a
3311 4337 3464 4394 vobis

1871 4429 2104 4482 maxima
2131 4428 2320 4496 injuria
2339 4470 2352 4495 ,
2384 4425 2527 4498 quod
2553 4443 2674 4482 eum
2695 4443 2814 4482 cum
2847 4427 2963 4483 istis
2991 4427 3275 4484 colendum
3307 4437 3462 4500 puta-

1871 4519 1960 4589 tis,
1991 4536 2284 4592 eorumque
2305 4537 2482 4592 regem
2513 4535 2632 4576 esse
2661 4521 2990 4592 perhibetis?

1867 4675 2096 4732 CAPUT
2133 4675 2369 4730 XXVIII.
2409 4706 2480 4717 —
2517 4677 2595 4730 An
2651 4678 2720 4732 ad
2765 4677 3084 4734 obtinendum
3123 4680 3462 4736 dilatandam-

1941 4785 2036 4840 que
2055 4785 2262 4839 regnum
2293 4769 2540 4840 profuerit
2569 4769 2812 4824 Romanis
2839 4769 3006 4824 cultus
3029 4771 3258 4826 deorum.

1942 4900 2097 4956 Nullo
2128 4901 2288 4972 igitur
2310 4901 2468 4956 modo
2496 4901 2565 4956 dii
2611 4900 2762 4967 tales,
2796 4901 2884 4974 qui
2937 4902 3135 4956 talibus
3167 4903 3462 4972 placantur,

1870 4995 1954 5050 vel
1985 4995 2158 5066 potius
2188 5003 2504 5050 accusantur
2533 4995 2844 5063 honoribus,
2871 5004 2930 5050 ut
2957 4995 3128 5066 majus
3165 4997 3230 5048 sit
3255 4994 3458 5049 crimen

1872 5086 2010 5160 quod
2041 5087 2120 5140 eis
2147 5084 2290 5150 falsis
2312 5085 2663 5150 oblectamur,
2684 5101 2840 5157 quam
2887 5085 2930 5140 si
2953 5085 3020 5140 de
3043 5085 3144 5139 illis
3177 5099 3296 5138 vera
3329 5083 3463 5140 dice-

1871 5187 2078 5244 rentur,
2125 5176 2426 5232 Romanum
2469 5177 2748 5245 imperium
2795 5191 2992 5246 augere
3045 5185 3098 5229 et
3144 5189 3462 5231 conservare

1871 5271 2190 5344 potuissent.
2237 5270 2346 5324 Hoc
2376 5269 2516 5323 enim
2549 5269 2594 5324 si
2637 5279 2888 5338 possent,
2931 5267 3130 5322 Graecis
3157 5269 3337 5338 potius
3365 5269 3465 5323 do-

1873 5383 2000 5420 num
2031 5377 2136 5420 tam
2165 5363 2364 5436 grande
2393 5361 2734 5430 conferrent,
2774 5362 2862 5432 qui
2891 5377 2986 5416 eos
3015 5361 3068 5416 in
3097 5361 3464 5432 hujuscemodi

1939 5499 1956 5526 ι
1989 5495 2061 5542 sic
2079 5499 2188 5544 Mss.
2211 5494 2328 5556 Editi
2354 5500 2538 5556 autem,
2561 5505 2590 5542 a
2613 5489 2730 5542 viris
2751 5489 2918 5556 peritis
2941 5490 3058 5542 dici.

1939 5557 1959 5588 ²
1995 5559 2110 5604 non
2133 5571 2144 5602 :
2173 5555 2294 5616 Quid
2319 5553 2472 5608 aliud,
2497 5567 2638 5614 quam
2663 5553 2788 5618 quod
2813 5566 2977 5604 eorum
2995 5591 3010 5614 ,
3049 5559 3141 5605 etc.
3168 5561 3461 5618 Expungen-

1876 5618 2008 5680 dum,
2033 5631 2175 5680 quam
2203 5631 2218 5666 :
2247 5632 2352 5665 nam
2376 5619 2514 5664 alit-st
2539 5619 2599 5664 all
2623 5617 2844 5664 munibus
2865 5619 3118 5678 manuscri;
3140 5619 3200 5666 tis
3225 5625 3292 5680 ct,
3325 5633 3362 5666 si
3387 5618 3468 5666 ad-

1877 5679 2216 5736 ditur,’vt~r1:a
2265 5680 2634 5740 subsequentia,
2659 5691 2769 5740 quae
2816 5681 3053 5741 pontificis
3089 5679 3310 5728 SutuVOI'd:
3335 5687 3468 5740 sunt,

1878 5755 1986 5790 cum
2013 5743 2230 5801 proxime
2257 5741 2646 5801 ltrlt‘CL'tlt.‘llliI)llS
2663 5741 2794 5790 male
2817 5743 3078 5791 connectit.

1945 5805 1964 5832 ³
1991 5799 2168 5864 Aliquot
2197 5799 2300 5849 usis.
2310 5836 2324 5860 ,
2335 5815 2436 5851 esse
2450 5813 2543 5852 non
2558 5809 2742 5864 putant.
2763 5809 2814 5854 Et
2827 5803 3021 5866 quidam
3038 5816 3066 5852 a
3079 5799 3293 5854 secunda
3307 5813 3470 5862 manu.

1883 5877 1984 5915 ϐεδε
2009 5871 2264 5918 ευηιιηιιαι.
