4038 6524
555 382 658 444 135

555 507 712 558 ruinis
754 503 975 567 divinis,
1017 503 1118 558 hoc
1140 511 1222 558 est
1260 501 1394 557 ludis
1450 497 1710 563 scenicis,
1758 492 2117 551 bonorabilius

557 593 870 664 digniusque
890 595 1164 649 coluerunt
1186 634 1200 658 ,
1245 593 1454 663 quando
1497 601 1550 646 et
1591 607 1620 644 a
1647 589 1911 645 morsibus
1941 598 2120 658 poeta-

558 698 672 738 rum
697 725 712 749 ,
747 684 938 753 quibus
979 685 1107 739 deos
1149 684 1425 738 dilacerari
1447 683 1728 748 videbant,
1773 696 1831 736 se
1868 695 1972 734 non
1999 680 2125 735 sub-

558 781 868 839 traxerunt,
896 773 1071 829 dando
1100 776 1178 830 eis
1208 775 1470 830 licentiam
1499 774 1636 828 male
1663 773 1918 827 tractandi
1947 771 2120 826 homi-

559 877 653 918 nes
673 877 806 933 quos
824 864 1040 930 liberet,
1075 874 1128 919 et
1158 866 1298 936 ipsos
1321 863 1558 920 scenicos
1587 879 1691 918 non
1719 872 1899 932 turpes
1918 862 2126 932 judica-

560 962 782 1021 verunt,
823 955 916 1009 sed
953 955 1140 1026 dignos
1186 957 1344 1012 etiam
1389 956 1656 1026 praeclaris
1693 953 1984 1010 honoribus
2027 954 2123 1009 ba-

559 1043 804 1101 buerunt.
850 1045 997 1102 Sicut
1043 1057 1220 1103 autem
1279 1056 1558 1118 potuerunt
1601 1062 1813 1102 auream
1849 1046 2124 1117 pecuniam

559 1131 756 1192 habere
789 1136 1049 1204 Romani,
1093 1140 1332 1209 quamvis
1359 1138 1514 1192 deum
1540 1138 1795 1193 Aurinum
1835 1153 1940 1191 non
1979 1137 2124 1192 cole-

561 1238 680 1282 rent
709 1245 722 1280 :
750 1229 829 1283 sic
853 1238 904 1282 et
933 1239 1234 1298 argenteam
1267 1228 1463 1285 habere
1489 1237 1801 1300 potuerunt,
1829 1238 1883 1284 et
1907 1245 2122 1294 aeream,

559 1317 600 1371 si
628 1332 728 1373 nec
765 1318 1142 1390 Argentinum,
1170 1335 1270 1375 nec
1294 1320 1408 1390 ejus
1437 1330 1638 1390 patrem
1678 1321 1917 1374 colerent
1936 1320 2127 1374 Αἰδου-

481 1411 492 1423 ‘
560 1405 736 1460 ianum
768 1427 780 1462 :
805 1418 857 1462 et
885 1410 961 1463 sic
987 1411 1160 1464 omnia
1182 1451 1196 1475 ,
1224 1426 1341 1480 quae
1365 1419 1606 1465 retexere
1628 1413 1783 1479 piget.
1812 1410 1900 1464 Sic
1923 1425 2048 1480 ergo
2075 1419 2129 1465 et

562 1512 782 1568 regnum
818 1499 984 1555 invito
1021 1501 1233 1570 quidem
1269 1501 1378 1577 Qeo
1417 1516 1544 1556 vero
1586 1501 1730 1556 nullo
1755 1502 1912 1555 modo
1933 1501 2127 1558 habere

563 1599 775 1658 possent
802 1607 816 1654 ;
849 1591 948 1645 diis
975 1607 1101 1646 vero
1127 1593 1242 1647 istis
1271 1591 1416 1646 falsis
1441 1602 1492 1648 et
1521 1592 1700 1646 multis
1728 1593 1982 1662 ignoratis
2016 1594 2129 1649 sive

561 1685 878 1752 contemptis
903 1726 917 1748 ,
943 1694 1101 1754 atque
1130 1686 1222 1740 illo
1249 1701 1351 1740 uno
1370 1687 1582 1756 cognito
1599 1686 1616 1717 ¹
1639 1694 1688 1740 et
1715 1685 1818 1740 fide
1843 1686 2047 1741 sincera
2068 1701 2131 1742 ac

561 1774 799 1830 moribus
824 1776 996 1840 culto,
1029 1785 1082 1832 et
1101 1778 1289 1832 melius
1319 1777 1403 1832 hic
1422 1793 1642 1848 regnum
1670 1779 1945 1845 haberent,
1964 1794 2132 1848 quan-

563 1875 904 1935 tumcumque
934 1867 1189 1922 haberent
1210 1911 1225 1933 ,
1257 1878 1311 1923 et
1337 1878 1457 1937 post
1483 1870 1635 1922 haec”
1667 1869 1967 1944 acciperem
1995 1886 2134 1928 seu...

565 1959 828 2029 piternum
853 2001 868 2026 ,
897 1961 1009 2015 sive
1038 1960 1122 2015 hic
1150 1960 1406 2015 baberent
1427 2003 1441 2038 δ
1466 1961 1578 2024 sive
1601 1985 1704 2022 non
1730 1969 2008 2023 haberent.

565 2070 788 2128 CAPUT
825 2073 1018 2135 XXIX.
1049 2113 1120 2123 --
1155 2080 1234 2135 De
1262 2083 1481 2150 falsitate
1507 2081 1749 2150 auspicii,
1781 2097 1879 2150 quo
1920 2079 2138 2133 Romani

741 2175 882 2246 regni
902 2176 1140 2246 fortitudo
1165 2185 1209 2229 et
1229 2175 1473 2228 stabilitas
1495 2175 1598 2227 visa
1623 2182 1695 2227 est
1724 2171 1960 2226 indicari.

639 2285 771 2342 Nam
797 2286 922 2340 illud
949 2287 1103 2356 quale
1132 2296 1212 2342 est
1238 2286 1376 2356 quod
1408 2285 1815 2355 pulcherrimum
1844 2284 2136 2353 auspicium

568 2379 728 2432 fuisse
752 2378 997 2432 dixerunt
1023 2420 1036 2444 ,
1062 2380 1201 2449 quod
1225 2379 1380 2448 paulo
1405 2389 1528 2432 ante
1549 2379 1983 2444 commemoravi,
2002 2378 2142 2434 Mar-

568 2479 673 2527 tem
714 2481 768 2526 et
794 2471 1100 2526 Terminum
1143 2471 1543 2526 etluventatem
1591 2487 1686 2526 nec
1715 2471 1832 2526 Jovi
1873 2471 1981 2540 regi
2006 2470 2136 2526 deo-

567 2577 685 2616 rum
727 2563 845 2616 loco
873 2561 1064 2618 cedere
1105 2563 1373 2617 voluisse?
1417 2562 1506 2617 Sic
1535 2563 1710 2629 enim,
1759 2563 2042 2633 inquiunt,
2072 2565 2143 2618 si-

569 2651 870 2721 gniﬁcatum
897 2661 1010 2716 est,
1051 2651 1288 2708 Martiam
1323 2660 1567 2723 gentem,
1617 2652 1667 2708 id
1693 2664 1774 2709 est
1804 2653 2096 2709 Romanam
2120 2696 2136 2721 ,

573 2744 768 2798 nemini
797 2744 969 2799 locum
998 2761 1159 2814 quem
1185 2754 1388 2799 teneret
1409 2746 1649 2799 daturam
1677 2762 1690 2810 ;
1715 2746 1984 2802 Romanos
2012 2764 2143 2817 quo-

575 2850 679 2904 que
732 2835 988 2890 terminos
1037 2846 1255 2906 propter
1307 2837 1460 2892 deum
1519 2837 1826 2892 Terminum
1879 2839 2144 2894 neminem

572 2933 998 2994 commoturum;
1044 2928 1382 2997 juventutem
1411 2929 1570 2983 etiam
1597 2928 1886 2983 Romanam
1932 2939 2146 2998 propter

572 3014 728 3072 deam
759 3016 1092 3072 Iuventatem
1126 3018 1320 3072 nemini
1345 3033 1464 3072 esse
1489 3033 1780 3071 cessuram.
1811 3019 2032 3074 Videant
2061 3036 2147 3075 er-

572 3123 639 3178 go
678 3108 942 3178 quomodo
965 3108 1228 3163 ltabeant'
1273 3110 1428 3163 istum
1471 3125 1646 3179 regem
1677 3109 1895 3187 deorum
1927 3126 2145 3166 suorum

575 3208 628 3254 et
652 3199 888 3255 datorem
913 3201 1057 3271 regni
1087 3200 1168 3254 sui
1193 3243 1207 3267 ,
1237 3209 1293 3254 ut
1317 3215 1436 3254 eum
1459 3198 1482 3231 ‘
1531 3201 1762 3269 auspicia
1794 3201 1893 3255 ista
1923 3218 2019 3272 pro
2048 3201 2146 3257 ad-

577 3295 811 3347 versario
851 3301 1151 3362 ponerent,
1200 3293 1417 3347 cuinon
1445 3291 1638 3347 cedere
1675 3291 1954 3363 pulchrum
1983 3303 2143 3350 esset.

576 3385 886 3454 Quanquam
932 3383 1045 3438 hanc
1071 3384 1116 3438 si
1162 3400 1286 3439 vera
1333 3394 1492 3448 sunt,
1531 3400 1634 3438 non
1686 3385 1884 3440 habent
1931 3389 2148 3442 omnino

576 3476 699 3546 quid
745 3477 983 3531 timeant.
1028 3475 1144 3530 Non
1193 3476 1334 3530 enim
1385 3476 1674 3530 confessuri
1730 3485 1854 3530 sunt
1894 3477 2031 3547 quod
2076 3477 2148 3533 dii

577 3567 833 3623 cesserint
860 3568 1091 3630 Christo,
1135 3567 1222 3636 qui
1261 3566 1377 3620 .lovi
1406 3565 1597 3622 cedere
1633 3567 1934 3621 noluerunt.
1977 3567 2150 3623 Salvis

577 3660 770 3729 quippe
813 3659 1016 3726 imperii
1051 3659 1239 3712 ﬁnibus
1265 3658 1479 3712 Christo
1518 3658 1707 3712 cedere
1747 3669 2064 3727 potuerunt,
2097 3669 2152 3715 et

580 3751 645 3804 tle
675 3751 889 3805 sedibus
913 3751 1147 3804 locorum
1176 3759 1229 3803 et
1259 3739 1487 3802 maxime
1519 3748 1584 3803 de
1609 3748 1768 3804 corde
1795 3750 2146 3804 credentium.

578 3839 680 3895 Sed
705 3850 986 3911 antequam
1026 3841 1264 3896 Christus
1300 3840 1503 3894 veniret
1541 3840 1591 3893 in
1635 3855 1793 3894 carne
1817 3880 1831 3904 ,
1863 3851 2149 3910 antequam

581 3931 810 4002 denique
843 3933 941 3986 ista
987 3932 1366 3996 scriberentur,
1410 3947 1526 3999 quae
1553 3931 1617 3985 de
1645 3931 1789 3984 libris
1813 3947 1994 3985 eorum
2030 3950 2150 4002 pro-

580 4023 837 4087 ferimus;
870 4022 962 4078 sed
991 4032 1162 4078 tamen
1198 4032 1535 4092 posteaquam
1563 4021 1753 4075 factum
1785 4034 1866 4076 est
1890 4024 1987 4078 sub
2028 4040 2152 4096 rege

580 4115 868 4187 Tarquinio
899 4117 1025 4171 illud
1049 4116 1338 4186 auspicium
1357 4157 1372 4181 ,
1403 4115 1680 4186 aliquoties
1708 4114 1977 4170 Romanus
1999 4133 2152 4173 exer-

582 4211 720 4264 citus
748 4210 896 4264 fusus
921 4219 1035 4275 est,
1075 4209 1174 4264 hoc
1200 4217 1282 4262 est
1311 4223 1491 4262 versus
1520 4208 1570 4261 in
1610 4207 1781 4277 fugam
1803 4249 1818 4274 ,
1860 4207 2154 4280 falsumque

584 4301 816 4355 ostendit
841 4301 1130 4370 auspicium
1157 4341 1172 4364 ,
1219 4314 1325 4369 quo
1351 4298 1602 4354 luventas
1646 4300 1736 4354 illa
1785 4317 1888 4354 non
1919 4312 2154 4357 cesserat

587 4391 729 4458 lovi;
753 4403 804 4448 et
826 4408 956 4464 gens
983 4393 1168 4446 Martia
1191 4433 1204 4456 ,
1231 4392 1602 4461 superantibus
1628 4400 1784 4462 atque
1815 4392 2155 4462 irrumpenti-

586 4499 684 4542 .)us
705 4485 896 4549 Gallis,
927 4486 979 4538 in
1025 4485 1134 4553 ipsa
1158 4483 1300 4539 Urbe
1343 4484 1570 4539 contrita
1598 4494 1707 4546 est;
1735 4494 1789 4539 et
1819 4487 2026 4540 termini
2051 4487 2150 4539 im-

583 4577 750 4646 perii,
782 4574 1149 4638 deficientibus
1178 4573 1356 4627 multis
1383 4573 1450 4628 ad
1493 4574 1802 4628 Annibalem
1831 4575 2148 4642 civitatibus,

585 4668 636 4721 in
665 4677 943 4736 angustum
976 4665 1182 4721 fuerant
1229 4667 1500 4720 coarctati.
1544 4667 1615 4719 Ita
1659 4676 1906 4721 evacuata
1939 4678 2019 4722 est
2040 4669 2155 4738 pul-

581 4757 828 4813 cbritudo
871 4757 1257 4826 auspiciorum,
1291 4758 1544 4811 remansit
1584 4768 1765 4812 contra
1812 4758 1995 4814 Jovem
2023 4776 2156 4816 cono

585 4849 810 4906 tumacia
836 4891 850 4911 ,
889 4864 992 4904 non
1022 4847 1241 4904 deorum
1263 4891 1276 4912 ,
1319 4848 1411 4904 sed
1453 4849 1856 4906 daemoniorum.
1888 4852 2046 4906 Aliud
2075 4865 2158 4909 est

583 4943 726 5000 enim
777 4956 882 4995 non
937 4939 1204 5004 cessisse;
1259 4939 1396 4994 aliud
1454 4941 1592 4994 unde
1642 4956 1881 4996 cesseras
1927 4944 2152 5000 redisse.

591 5035 896 5104 Quanquam
943 5043 997 5087 et
1047 5040 1228 5102 postea
1277 5033 1327 5086 in
1373 5032 1725 5088 Orientalibus
1771 5037 2009 5104 partibus
2048 5035 2157 5091 lla-

594 5126 755 5178 'lriani
782 5126 1048 5178 voluntate
1073 5124 1255 5177 mutati
1291 5133 1414 5178 sunt
1443 5126 1653 5179 termini
1682 5127 1884 5195 imperii
1911 5126 2155 5182 Romani.

587 5213 682 5269 llle
709 5230 932 5285 namque
965 5224 1074 5270 tres
1104 5215 1398 5283 provincias
1445 5217 1665 5280 nobiles,
1697 5218 2020 5283 Armeniam,
2045 5218 2158 5274 Me-

589 5308 932 5374 mpotamiam
957 5347 970 5369 ,
1008 5306 1278 5376 Assyriam
1305 5349 1319 5373 ,
1354 5307 1632 5362 Persarum
1677 5309 1942 5364 concessit
1988 5310 2158 5380 impe-

593 5393 670 5453 rio
701 5392 774 5467 (a)
823 5411 838 5449 :
883 5395 1092 5451 utdeus
1118 5397 1206 5452 ille
1230 5397 1530 5464 Terminus,
1562 5400 1649 5468 qui
1675 5399 1944 5453 Romanos
1975 5402 2156 5456 termi-

652 5532 669 5594 ξ
706 5537 835 5588 l.ov.,
857 5531 1092 5594 incognito
1121 5546 1137 5582 :
1161 5531 1519 5594 refragantibus
1540 5533 1731 5582 caeteris
1751 5531 1900 5582 libris.

652 5543 669 5562 ι
707 5543 835 5588 t.ov.,
857 5543 1092 5642 maxime
1121 5546 1137 5582 :
1161 5543 1505 5594 retraganttnus

650 5593 672 5656 ξ
704 5594 776 5641 Sic
800 5599 903 5643 Mss.
929 5600 956 5640 Ρ
995 5595 1043 5643 iti
1068 5604 1247 5656 autem,
1279 5599 1379 5656 post
1401 5592 1505 5642 Itoc.

651 5653 680 5763 ἓ
705 5660 833 5763 boy,
859 5658 1088 5718 quomodo
1110 5653 1339 5706 habebam
1355 5654 1514 5705 istum.
1533 5655 1649 5706 Editi
1663 5653 1743 5705 alii
1762 5660 1813 5705 et
1832 5656 2161 5719 manuscriptt,

682 5729 767 5763 ean
791 5751 803 5763 .

588 5728 786 5767 Μυεαηι
791 5751 803 5763 .

652 5778 676 5809 ⁸
710 5779 841 5836 Etliti,
867 5785 915 5829 ut
937 5781 998 5830 ei.
1027 5779 1187 5829 Melius
1213 5788 1334 5835 Mssz.
1361 5785 1410 5828 ut
1432 5792 1556 5828 eum.

656 5838 729 5904 (a)
753 5840 867 5891 Vide
894 5844 1185 5906 Eutropiutn,
1207 5841 1289 5890 lib.
1316 5843 1362 5903 8,
1385 5855 1486 5908 cap.
1512 5842 1559 5894 6.

1626 379 1713 437 DE
1749 371 2066 434 CIVITATE
2093 372 2228 442 DEI,
2267 372 2324 430 S.
2367 375 2732 435 AUGUSTlNl

3690 389 3794 448 {36

2229 509 2329 550 nos
2376 495 2662 551 secundum
2709 496 2840 551 istos
2868 496 3130 564 tuebatur,
3179 506 3233 553 et
3262 513 3358 568 per
3396 500 3521 556 illud
3549 503 3799 573 pulcher-

2227 589 2417 644 rimum
2430 589 2722 657 auspicium
2743 588 2858 643 loco
2879 605 2984 644 non
3013 599 3246 645 cesserat
3270 591 3412 656 Jovi,
3436 593 3553 661 plus
3581 596 3799 651 Hadria-

2227 695 2352 734 num
2382 694 2557 749 regem
2585 679 2853 734 bonunum
2871 721 2887 746 ,
2916 695 3072 750 quam
3099 696 3278 751 regem
3307 682 3525 738 deorum
3557 683 3799 742 timuisse

2226 770 2484 825 videatur.
2535 770 2782 840 Receptis
2829 787 3038 842 qquue
3089 774 3194 828 alio
3237 782 3474 844 tempore
3511 778 3800 846 provinciis

2228 863 2558 928 memoratis,
2586 872 2763 918 nostra
2792 879 2926 932 pene
2948 865 3204 920 memoria
3231 878 3495 923 retrorsus
3517 869 3798 928 Terminus

2229 953 2427 1019 cessit,
2461 953 2670 1022 quando
2697 954 2934 1010 Julianus
2961 955 3056 1026 (a),
3083 955 3302 1013 deorum
3332 958 3542 1015 illorum
3569 961 3802 1018 oraculis

2230 1045 2460 1109 deditus,
2489 1047 2836 1102 immoderato
2859 1063 2993 1103 ausu
3032 1064 3192 1105 naves
3217 1050 3375 1121 jussit
3401 1053 3646 1120 incendi,
3683 1055 3805 1124 qui-

2233 1137 2334 1192 bus
2361 1138 2607 1194 alimonia
2639 1141 2944 1209 portabatur
2989 1160 3003 1196 :
3053 1159 3155 1213 qua
3195 1146 3458 1202 exercitus
3490 1147 3798 1218 destitutus,

2230 1243 2356 1283 mox
2381 1232 2539 1284 etiam
2586 1231 2700 1299 ipso
2729 1230 2904 1287 hostili
2935 1235 3152 1290 vulnere
3191 1238 3486 1305 exstincto,
3517 1241 3568 1294 in
3597 1248 3800 1296 tantam

2234 1327 2316 1374 est
2360 1319 2604 1375 redactus
2630 1322 2856 1392 inopiam
2882 1364 2897 1388 ,
2925 1333 2982 1379 ut
3026 1325 3146 1381 inde
3171 1328 3346 1383 nullus
3384 1330 3672 1398 evaderet,
3702 1350 3802 1387 un-

2233 1409 2391 1481 dique
2451 1411 2694 1468 hostibus
2749 1414 3138 1472 incursantibus
3191 1420 3412 1474 militem
3464 1421 3803 1492 imperatoris

2235 1512 2406 1558 morte
2433 1505 2743 1572 turbatutn‘,
2773 1508 2871 1562 nisi
2903 1509 3096 1577 placito
3137 1513 3281 1581 pacis
3307 1514 3413 1567 illic
3433 1513 3637 1585 imperii
3669 1517 3804 1572 ﬁnes

2235 1595 2700 1662 constituerentur,
2742 1597 2830 1652 ubi
2867 1597 3124 1670 hodieque
3166 1603 3494 1670 persistuut;
3545 1622 3648 1660 non
3684 1608 3806 1677 qui—

2236 1685 2358 1742 dem
2389 1697 2534 1742 tanto
2553 1689 2890 1757 detrimento,
2923 1705 3175 1762 quantum
3204 1709 3539 1753 concesserat
3579 1700 3806 1756 Hadria-

2235 1793 2356 1843 nus,
2384 1780 2477 1834 sed
2505 1782 2676 1835 media
2705 1793 2881 1838 tamen
2910 1787 3291 1855 compositione
3321 1787 3498 1844 detixi.
3533 1791 3678 1848 Vano
3700 1794 3804 1864 igi-

2235 1877 2322 1926 tur
2341 1872 2559 1944 augurio
2581 1872 2712 1929 deus
2732 1874 3012 1933 Terminus
3035 1893 3141 1932 non
3167 1881 3331 1934 cessit
3354 1879 3502 1946 Jovi,
3535 1885 3621 1954 qui
3642 1888 3810 1942 cessit

2235 1965 2484 2020 Hadriani
2533 1969 2814 2034 voluntati,
2863 1971 3024 2026 cessit
3065 1973 3223 2027 etiam
3263 1973 3457 2029 .luliani
3484 1978 3806 2046 temeritati,

2235 2066 2290 2114 et
2314 2057 2517 2112 Joviani
2549 2059 2620 2130 (b)
2654 2062 2974 2116 necessitati.
3003 2061 3262 2118 Viderunt
3288 2063 3400 2120 hinc
3429 2066 3776 2138 intelligentia
3794 2100 3812 2112 ο

2237 2164 2322 2204 res
2347 2149 2721 2220 gravioresque
2748 2151 3004 2216 Romani;
3036 2154 3130 2209 sed
3159 2166 3344 2211 contra
3369 2161 3811 2218 consuetudinem

2237 2241 2471 2297 civitatis
2495 2283 2507 2306 ,
2540 2258 2659 2312 qure
2706 2243 3049 2301 daemoniacis
3069 2248 3089 2279 ³
3130 2248 3316 2304 ritibus
3342 2248 3510 2306 fuerat
3537 2253 3764 2324 obligata
3788 2295 3807 2323 ,

2240 2349 2425 2403 parum
2457 2333 2699 2389 valebant
2748 2354 2764 2391 :
2803 2337 2924 2407 quia
2966 2347 3020 2392 et
3057 2338 3156 2408 ipsi
3181 2341 3387 2396 etiamsi
3420 2343 3504 2398 illa
3534 2360 3664 2399 vana
3686 2361 3815 2403 esse

2241 2427 2538 2480 sentiebant
2563 2468 2575 2491 ,
2608 2438 2808 2482 natura:
2846 2437 3021 2484 tamen
3064 2445 3237 2485 rerum
3265 2433 3366 2488 sub
3392 2435 3548 2489 unius
3572 2437 3681 2491 veri
3708 2433 3810 2493 Dei

2241 2517 2500 2588 regimine
2518 2527 2677 2588 atque
2719 2519 2942 2590 imperio
2970 2521 3271 2576 constitutae
3294 2563 3309 2588 ,
3359 2524 3661 2594 religiosum
3694 2528 3816 2581 cul-

2241 2618 2374 2677 tutn,
2406 2611 2495 2680 qui
2544 2611 2649 2664 Deo
2687 2611 2930 2678 debetur,
2967 2612 3321 2668 exhibendum
3351 2615 3600 2683 putabant
3642 2635 3656 2669 :
3699 2634 3816 2672 ser-

2239 2704 2442 2769 uientes,
2473 2711 2531 2756 ut
2554 2703 2628 2756 ait
2657 2702 2940 2773 Apostolus
2963 2745 2978 2770 ,
3020 2715 3260 2760 creaturis
3284 2707 3447 2776 potius
3485 2724 3631 2777 quam
3657 2708 3823 2770 Crea-

2241 2795 2337 2846 tori
2365 2836 2379 2860 ,
2407 2795 2492 2863 qui
2513 2804 2586 2848 est
2606 2794 2889 2850 benedictus
2915 2797 2967 2849 in
2994 2799 3178 2854 sarcula
3213 2797 3394 2869 (Rom.
3426 2814 3461 2860 t,
3491 2798 3614 2871 25).
3645 2801 3822 2871 llujus

2245 2882 2338 2938 Dei
2370 2885 2478 2936 veri
2509 2894 2622 2938 erat
2646 2885 2894 2939 auxilium
2920 2887 3306 2954 necessarium,
3349 2904 3377 2942 a
3403 2905 3510 2959 quo
3537 2894 3822 2946 mitteren-

2243 2981 2330 3028 tur
2354 2975 2517 3027 sancti
2545 2976 2639 3028 viri
2670 2983 2725 3030 et
2747 2976 3006 3030 veraciter
3032 2976 3100 3045 pii
3124 3018 3138 3041 ,
3171 2979 3257 3047 qui
3308 2994 3403 3047 pro
3432 2994 3552 3033 vera
3605 2981 3826 3050 religio-

2243 3079 2313 3121 ne
2337 3075 2690 3134 morerentur,
2717 3075 2776 3122 ut
2797 3065 2944 3122 falsae
2973 3083 3005 3122 a
3030 3068 3328 3124 viventibus
3365 3070 3672 3125 tollerentur
3700 3071 3740 3124 ³.
3821 3110 3830 3139 ,

2245 3183 2468 3240 CAPUT
2507 3183 2674 3238 XXX.
2715 3214 2784 3222 ——
2826 3185 3007 3249 Qualia
3031 3185 3094 3236 de
3113 3185 3208 3236 diis
3232 3183 3466 3237 Gentium
3486 3185 3635 3238 etiam
3661 3185 3828 3240 culto-

2597 3293 2676 3330 res
2701 3293 2871 3330 eorum
2891 3293 2943 3330 se
2966 3277 3145 3330 sentire
3172 3280 3442 3347 fateantur.

2316 3387 2506 3444 Cicero
2552 3403 2718 3458 augur
2776 3387 2960 3442 irridet
3003 3387 3222 3458 auguria
3249 3387 3357 3459 (c),
3388 3396 3440 3442 et
3478 3386 3832 3458 reprehendit

2249 3482 2493 3537 homines
2517 3483 2660 3536 corvi
2687 3491 2739 3533 et
2764 3481 3046 3534 cornicula:
3073 3480 3289 3534 vocibus
3311 3481 3432 3534 vitm
3452 3480 3672 3536 consilia
3697 3495 3833 3537 mo-

2248 3572 2497 3628 derantes
2521 3574 2541 3640 (
2564 3572 2638 3626 l)c
2663 3570 2980 3625 Divinatione
3003 3612 3017 3636 ,
3049 3571 3133 3624 lib.
3160 3571 3216 3636 2,
3243 3588 3356 3641 cap.
3385 3572 3452 3626 37
3564 3572 3668 3626 Sed
3715 3573 3832 3630 isle

2247 3664 2598 3718 Academicus
2623 3706 2636 3729 ,
2666 3665 2752 3732 qui
2784 3663 2958 3717 omnia
2998 3678 3117 3717 esse
3155 3661 3428 3718 contendit
3467 3662 3667 3718 incerta
3690 3705 3706 3731 ,
3734 3663 3835 3719 in-

2252 3754 2441 3824 diguus
2468 3764 2548 3808 est
2578 3752 2668 3821 qui
2712 3752 2902 3807 habeat
2941 3751 3098 3805 ullam
3129 3751 3180 3805 in
3210 3749 3293 3803 his
3334 3750 3493 3804 rebus
3531 3754 3835 3808 auctorita-

2251 3853 2380 3900 tem.
2414 3844 2654 3914 Disputat
2678 3844 2813 3912 apud
2841 3857 2960 3896 eum
2987 3841 3049 3908 Q.
3085 3840 3314 3894 Lucilius
3347 3840 3539 3895 Balbus
3563 3843 3614 3896 itt
3641 3857 3837 3899 secuno

2249 3934 2321 3992 do
2344 3935 2411 3990 de
2435 3934 2664 3989 Deorum
2689 3932 2884 3987 Natura
2911 3932 3049 3986 libro
3069 3974 3084 3998 ,
3113 3940 3166 3986 et
3192 3947 3310 3985 cum
3338 3932 3450 4001 ipse
3494 3936 3838 4003 superstitio-

2252 4041 2350 4080 nes
2397 4042 2458 4078 ex
2489 4035 2673 4078 natura
2704 4039 2884 4078 rerum
2907 4023 3052 4076 velut
3077 4021 3323 4092 physicas
3350 4032 3402 4076 et
3429 4022 3839 4091 pltilOSOphicas

2252 4117 2488 4181 inserat,
2535 4115 2834 4186 indignatur
2874 4124 3053 4169 tamen
3080 4114 3397 4168 institutioni
3423 4115 3840 4172 simulacrorum

2252 4220 2304 4264 et
2330 4208 2664 4278 OpiniOnibus
2709 4206 2994 4272 fabulosis,
3039 4206 3111 4260 ita
3135 4206 3403 4275 loquens:
3450 4204 3706 4259 Videtisne
3730 4207 3843 4278 igio

2254 4309 2356 4368 tur,
2384 4309 2490 4353 uta
2535 4297 2754 4368 physicis
2793 4295 2938 4351 rebus
2964 4296 3086 4350 bene
3105 4306 3250 4365 atque
3274 4296 3463 4349 utiliter
3487 4295 3721 4362 inventis,
3757 4314 3844 4352 ra-

2253 4394 2320 4446 tio
2349 4395 2411 4446 sit
2439 4401 2596 4444 tracta
2638 4389 2706 4442 ad
2731 4389 3092 4442 commentitias
3131 4397 3176 4441 et
3215 4389 3357 4456 ﬁctos
3382 4386 3499 4440 deos
3523 4386 3548 4440 1'
3596 4386 3726 4453 Qua:
3755 4405 3846 4445 res

2253 4485 2422 4557 genuit
2449 4485 2605 4554 falsas
2633 4481 2889 4552 Opiniones
2911 4520 2928 4548 ,
2957 4494 3245 4547 erroresque
3285 4478 3590 4531 turbulentos
3613 4519 3629 4543 ,
3659 4487 3708 4532 et
3743 4496 3840 4536 suo

2255 4577 2570 4647 perstitiones
2595 4569 2732 4647 pene
2743 4573 2923 4629 aniles.
2967 4569 3036 4625 Et
3060 4575 3238 4642 fornae
3270 4571 3402 4624 enim
3430 4569 3570 4624 nobis
3599 4571 3840 4640 deorum,

2257 4682 2304 4726 et
2327 4683 2498 4726 celatas
2518 4712 2531 4735 ,
2557 4682 2602 4724 et
2629 4669 2831 4722 vestitus
2851 4675 3149 4736 ornatusque
3172 4667 3277 4719 noti
3299 4674 3414 4719 sunt
3446 4679 3464 4718 :
3487 4681 3668 4734 genera
3696 4683 3846 4738 pra-

2259 4775 2422 4826 terea,
2471 4762 2725 4832 conjugia,
2767 4761 3103 4831 cognationes,
3159 4758 3422 4827 omniaque
3473 4759 3711 4812 traducta
3771 4763 3848 4816 ad

2257 4854 2631 4908 similitudinem
2654 4852 3008 4907 imbecillitatis
3035 4853 3285 4905 humanm.
3337 4849 3474 4904 Nam
3499 4861 3546 4904 et
3569 4855 3851 4921 perturba-

2259 4947 2322 5000 tis
2349 4947 2529 4999 animis
2553 4945 2861 5003 inducuntur
2887 4959 2906 4998 :
2933 4943 3212 5012 accepimus
3240 4943 3372 4996 enim
3396 4942 3604 4998 deorum
3629 4945 3849 5013 cupidi-

2259 5047 2415 5100 tates,
2441 5037 2788 5106 a’gritudines,
2819 5032 3124 5088 iracundias.
3177 5031 3284 5086 Nec
3309 5047 3422 5087 uero
3451 5033 3524 5101 (ut
3551 5031 3742 5103 fabula:
3769 5040 3852 5106 fe-

2259 5129 2414 5198 runt)
2451 5128 2519 5181 dii
2563 5127 2700 5180 bellis
2737 5126 3018 5196 prteliisque
3056 5132 3343 5177 caruerunt.
3389 5120 3500 5177 Nec
3535 5123 3703 5176 solum
3725 5167 3740 5190 ,
3789 5136 3853 5181 ut

2263 5221 2398 5291 apud
2429 5218 2704 5272 Homerum
2727 5256 2741 5282 ,
2773 5232 2890 5269 cum
2916 5215 3044 5269 duos
3066 5214 3311 5268 exercitus
3341 5212 3620 5266 contrarias
3641 5214 3736 5268 alii
3769 5217 3854 5271 dii

2325 5338 2342 5370 ι
2377 5342 2451 5383 Er.
2474 5332 2620 5394 Lugd.
2647 5338 2765 5396 ven.
2804 5337 2934 5387 Lov.,
2975 5328 3182 5396 undique
3219 5327 3425 5380 hostibus
3462 5327 3853 5396 incursantibus,

2261 5398 2407 5452 milite
2429 5391 2731 5458 imperatoris
2752 5399 2900 5458 morte
2921 5391 3126 5458 turbato.
3193 5396 3249 5436 st.

2325 5465 2345 5495 ²
2380 5469 2476 5506 Am.
2497 5453 2556 5504 'et
2579 5462 2704 5513 Mss,
2731 5453 3021 5504 dannonicis.

2327 5526 2348 5556 ι
2378 5518 2511 5572 Editi,
2540 5524 2587 5566 ut
2605 5511 2728 5579 falsa
2756 5531 2786 5566 a
2808 5513 3063 5566 viventibus
3089 5511 3348 5564 tolleretur.
3373 5518 3430 5561 At
3476 5518 3604 5576 Mss,
3629 5520 3680 5564 ut
3700 5515 3862 5578 false

2264 5602 2294 5638 a
2314 5580 2566 5646 nitentibus
2587 5578 2876 5630 tollerentur.
2948 5638 2989 5646 η
3030 5637 3041 5646 _
3083 5636 3100 5646 κ
3194 5635 3224 5646 __

2328 5647 2399 5710 (a)
2425 5643 2634 5693 Julianus
2653 5638 3008 5710 a_postata._\'id.
3028 5636 3166 5696 infra,
3194 5635 3279 5685 lib.
3303 5637 3352 5698 5,
3376 5650 3480 5698 cap.
3506 5635 3583 5686 21.

2327 5704 2914 5770 (b)SuocessorisJuliani.
2983 5762 3007 5770 Α
3167 5758 3229 5770 Β,
3341 5762 3351 5770 _
3408 5761 3438 5770 ῃ

2327 5757 2396 5831 (c5
2423 5780 2664 5832 Augurem
2680 5781 2738 5818 se
2769 5769 2875 5831 ipse
2893 5762 3141 5827 proﬂietur
3163 5758 3315 5811 fuisse
3339 5762 3390 5811 in
3408 5761 3533 5812 libro
3555 5759 3585 5813 2
3615 5757 3678 5811 de
3696 5766 3862 5831 Legi-
