4038 6520
205 331 300 386 151
1553 315 1757 372 LIBER
1796 316 1811 379 1

1917 313 2120 371 lRTUS

204 461 264 498 ex
303 443 408 496 alia
449 447 595 510 parte
637 437 958 509 defenderent
1003 432 1209 507 (Iliadis
1261 438 1320 498 γ,
1350 447 1482 486 vers.
1509 431 1576 486 67
1613 431 1786 500 sqq.),

204 534 289 587 sed
331 533 483 586 etiam
501 539 554 583 ut
589 547 702 583 cum
733 527 928 582 Titanis
965 533 1051 579 aut
1088 521 1514 593 cumGigantibus
1543 537 1635 575 sua
1678 537 1796 590 pro-

205 623 318 693 pria
351 622 485 675 bella
511 629 794 691 gesserunt.
831 615 954 670 Hart:
967 625 1013 668 et
1034 615 1268 668 dicuntur
1284 622 1331 666 et
1361 611 1631 665 creduntur
1666 610 1795 664 stul-

207 715 422 776 tissime,
472 721 521 765 et
575 711 724 780 plena
768 717 884 764 sunt
935 706 1170 760 vanitatis
1228 718 1530 772 summaeque
1589 701 1798 756 levitatis

206 803 333 875 Cap.
358 802 488 872 28).
526 801 666 856 Ecce
718 799 928 854 interim
971 812 1091 868 qua:
1122 795 1442 851 confitentur
1476 793 1566 863 qui
1617 791 1797 847 defen-

208 896 341 948 dunt
364 894 497 946 deos
521 891 798 946 Gentium.
849 887 1052 944 Deinde
1078 901 1197 941 cum
1237 885 1350 939 ltarc
1375 885 1441 937 ad
1469 883 1799 954 superstitio-

209 999 329 1039 nem
357 983 632 1052 pertinere
669 980 845 1041 dicat,
886 979 952 1032 ad
990 977 1299 1048 religionem
1323 990 1482 1040 vero,
1529 988 1653 1042 qua:
1685 971 1799 1040 ipse.

211 1075 508 1133 secundum
552 1072 760 1129 Stoicos
789 1071 995 1125 videtur
1022 1068 1217 1124 docere
1257 1083 1273 1120 :
1325 1064 1448 1120 Non
1478 1065 1609 1119 enim
1635 1064 1800 1135 philo-

211 1167 356 1236 sophi
383 1167 584 1231 solum,
614 1163 785 1232 inquit
808 1205 823 1228 ,
846 1178 1015 1216 verum
1037 1161 1186 1214 etiam
1213 1159 1430 1229 majores
1457 1157 1616 1211 nostri
1635 1172 1802 1225 super.

213 1259 464 1312 stitionem
489 1273 522 1308 a
546 1256 789 1325 religione
808 1261 1162 1323 separaverunt
1190 1253 1230 1302 ⁸.
1263 1250 1401 1304 Nam
1430 1249 1516 1318 qui
1541 1259 1666 1301 totos
1695 1247 1800 1300 dies

216 1347 584 1418 precabantur,
618 1345 816 1415 inquit,
843 1352 889 1396 et
931 1343 1259 1396 immolabant
1285 1382 1299 1407 ,
1332 1350 1386 1393 ut
1419 1339 1512 1392 sibi
1543 1339 1622 1392 sui
1661 1337 1802 1390 liberi

215 1436 508 1508 superstites
535 1444 696 1490 essent
722 1476 737 1500 ,
765 1433 1094 1503 superstitiosi
1118 1441 1232 1486 sunt
1257 1429 1501 1499 appellati
1524 1427 1682 1498 (Vide
1713 1427 1803 1481 La-

217 1530 479 1594 ctantiunt,
509 1527 598 1580 lib.
619 1527 672 1592 ὁ,
705 1542 819 1596 cap.
844 1525 939 1593 28)
971 1543 982 1576 :
1013 1524 1130 1594 quis
1157 1538 1260 1576 non
1287 1520 1546 1590 intelligat
1572 1533 1689 1574 eum
1712 1533 1804 1573 co-

218 1621 326 1674 nari
346 1661 360 1682 ,
389 1618 520 1672 dum
551 1615 987 1672 consuetudinem
1014 1613 1240 1668 civitatis
1266 1613 1447 1675 timet,
1495 1610 1801 1679 religionem

219 1708 438 1763 laudare
479 1707 779 1776 majorum,
811 1719 1034 1775 eamque
1070 1719 1102 1758 a
1149 1702 1522 1773 superstitione
1543 1701 1678 1756 velle
1714 1715 1802 1753 se-

219 1798 470 1868 iungere,
519 1799 614 1852 sed
652 1796 922 1866 quomodo
973 1796 1023 1850 id
1071 1795 1238 1865 possit
1277 1807 1384 1849 non
1427 1791 1700 1848 invenire?
1748 1791 1802 1845 Si

221 1893 359 1946 enim
391 1906 420 1944 a
447 1890 741 1959 majoribus
770 1888 844 1942 illi
871 1886 1260 1958 suntappellati
1289 1883 1673 1954 superstitiosi,
1713 1883 1805 1951 qui

223 1991 358 2035 totos
396 1979 514 2034 dies
553 1979 906 2050 precabantur
946 1988 1001 2034 et
1040 1977 1424 2041 immolabant,
1460 1974 1711 2044 numquid
1749 1983 1807 2028 et

228 2071 294 2128 illi
315 2073 357 2138 ³,
388 2071 481 2142 qui
505 2072 843 2125 instituerunt
873 2069 1032 2140 (quod
1063 2070 1163 2122 iste
1191 2065 1554 2137 reprehendit)
1583 2064 1803 2119 deorum

228 2169 510 2220 simulacra
544 2165 754 2218 diversa
802 2171 958 2218 aetate
1000 2171 1054 2215 et
1080 2171 1228 2216 veste
1262 2161 1510 2215 distincta
1535 2199 1550 2225 ,
1586 2157 1803 2212 deorum

229 2274 414 2328 genera
439 2298 455 2322 ,
481 2256 725 2326 conjugia
747 2297 762 2322 ,
791 2253 1171 2325 cognationes?
1193 2252 1316 2306 llaec
1339 2251 1518 2320 utique
1540 2263 1661 2304 cum
1693 2256 1806 2300 tau-

230 2365 378 2420 quam
409 2348 784 2418 superstitiosa
814 2346 1113 2416 culpantur,
1143 2342 1377 2412 implicat
1399 2341 1498 2395 ista
1523 2338 1673 2409 culpa
1695 2351 1807 2390 ma-

228 2443 362 2513 jores
378 2443 566 2496 talium
587 2441 994 2496 simulacrorum
1018 2437 1348 2492 institutores
1367 2443 1522 2505 atque
1543 2432 1803 2488 cultores:

232 2533 461 2603 implicat
499 2540 557 2587 et
585 2532 754 2601 ipsum
779 2571 793 2595 ,
825 2531 914 2599 qui
945 2526 1276 2598 quantolibet
1317 2525 1530 2595 eloquio
1569 2539 1626 2578 se
1653 2522 1705 2577 in
1741 2522 1806 2576 li-

232 2627 485 2682 bertatem
534 2623 735 2677 nitatur
758 2621 1005 2676 evolvere
1025 2663 1040 2686 ,
1072 2634 1291 2674 necesse
1331 2617 1560 2674 habebat
1589 2617 1687 2670 ista
1715 2630 1807 2670 ve-

233 2718 431 2780 nerari;
461 2730 564 2770 nec
588 2713 729 2784 quod
753 2716 803 2768 in
831 2713 930 2768 hac
955 2712 1310 2782 disputatione
1329 2710 1555 2763 disertus
1578 2707 1805 2770 insonat,

234 2810 420 2862 mutire
458 2805 680 2860 auderet
721 2805 773 2858 in
814 2804 989 2873 polluti
1034 2802 1312 2857 concione.
1361 2801 1589 2869 Agamus
1635 2797 1809 2866 itaque

235 2897 518 2952 Christiani
569 2895 792 2950 Domino
818 2895 926 2948 Deo
955 2902 1138 2948 nostro
1180 2891 1402 2963 gratias,
1450 2904 1551 2943 non
1573 2888 1718 2942 leo
1755 2895 1811 2941 et

235 2990 447 3055 Terrae;
479 2989 617 3044 sicut
644 2989 739 3042 iste
767 2987 1036 3056 disputat,
1079 2984 1171 3039 sed
1205 2985 1252 3038 ei
1282 2983 1369 3052 qui
1393 2981 1514 3037 fecit
1537 2980 1727 3036 malum
1759 2988 1812 3034 et

237 3091 422 3137 terram
448 3097 462 3146 ;
496 3080 588 3150 qui
621 3081 714 3131 bas
737 3078 1142 3146 superstitiones
1164 3116 1177 3137 ,
1209 3090 1338 3143 quas
1361 3074 1459 3128 iste
1485 3072 1676 3126 Balbus
1701 3071 1813 3125 vel-

238 3184 287 3226 ut
315 3172 615 3227 balbutiens
638 3169 725 3224 vix
767 3167 1147 3238 reprehendit,
1178 3180 1271 3236 per
1315 3163 1624 3218 altissimam
1654 3161 1810 3216 Chri-

239 3265 298 3318 sti
349 3264 704 3317 humilitatem
730 3303 744 3325 ,
788 3277 880 3330 per
932 3259 1308 3330 Apostolorum
1351 3255 1811 3327 pratdicationem,

239 3369 328 3424 per
356 3355 517 3409 tidem
543 3363 832 3424 martyrum
861 3365 960 3422 pro
987 3351 1203 3404 veritate
1233 3349 1569 3403 morientium
1611 3357 1665 3402 et
1691 3362 1813 3402 eum

240 3447 459 3500 veritate
483 3447 771 3500 viventium
799 3485 814 3509 ,
842 3459 946 3498 non
970 3443 1137 3497 solum
1157 3442 1208 3495 in
1250 3441 1499 3496 cordibus
1533 3439 1813 3510 religiosis,

240 3553 422 3593 verum
461 3538 621 3592 etiam
667 3536 719 3590 in
750 3535 950 3590 antibus
979 3531 1364 3604 superstitiosis
1402 3529 1569 3586 libera
1597 3545 1815 3586 suorum

240 3635 497 3691 servitute
519 3633 796 3688 subvertit.

244 3743 467 3806 CAPUT
530 3743 724 3800 XXXI.
772 3772 845 3784 —
910 3741 989 3796 De
1043 3739 1359 3811 opinionibus
1409 3736 1686 3800 Varronis,
1733 3735 1819 3804 qui

309 3836 580 3907 reprobata
609 3834 940 3905 persuasione
965 3831 1218 3903 papulari,
1237 3831 1348 3883 licet
1366 3828 1432 3882 a'd
1457 3829 1688 3881 notitiam
1717 3828 1819 3882 veri

312 3930 409 3984 Dei
435 3946 538 3983 non
565 3927 862 4000 pervenerit,
884 3941 1041 3980 unum
1068 3933 1236 3977 tamen
1262 3921 1406 3975 deum
1437 3919 1699 3974 colendum
1715 3933 1821 3974 esse

307 4021 578 4076 censuerit.

313 4156 365 4209 l.
398 4152 539 4221 Quid
569 4152 682 4221 ipse
715 4149 885 4205 Varro
906 4191 920 4215 ,
944 4163 1100 4218 quem
1147 4145 1390 4201 dolemus
1419 4144 1470 4198 in
1499 4142 1658 4199 rebus
1689 4142 1822 4196 divi-

236 4247 327 4301 nis
364 4246 524 4300 ludos
545 4244 809 4307 scenicos,
838 4240 1079 4310 quamvis
1117 4253 1224 4291 non
1242 4236 1443 4306 judicio
1469 4236 1700 4304 proprio,
1729 4248 1822 4303 po-

245 4341 412 4393 suisse
439 4378 456 4402 ,
500 4351 621 4390 cum
652 4335 717 4388 ad
754 4334 882 4388 deos
907 4331 1159 4386 colendos
1191 4329 1374 4384 multis
1403 4327 1533 4382 locis
1557 4325 1703 4380 velut
1731 4339 1822 4380 re-

251 4432 468 4500 ligiosus
495 4430 760 4490 hortetur,
797 4441 973 4479 nonne
1009 4427 1082 4477 ita
1135 4421 1419 4476 confitetur
1442 4460 1457 4486 ,
1500 4433 1605 4472 non
1635 4432 1694 4471 se
1736 4416 1822 4471 illa

245 4522 442 4591 judicio
465 4533 566 4573 suo
584 4518 754 4586 sequi,
778 4532 895 4585 qua:
921 4514 1185 4569 civitatem
1207 4511 1502 4565 Romanam
1531 4506 1824 4562 instituisse

250 4620 654 4675 commemorat,
678 4620 738 4664 ut
767 4609 810 4662 si
843 4622 959 4662 eam
994 4606 1261 4661 civitatem
1308 4616 1498 4656 novam
1534 4601 1825 4655 constitue-

250 4715 348 4774 ret,
375 4722 446 4762 ex
473 4713 678 4759 natura:
703 4702 875 4772 potius
897 4699 1119 4754 formula
1149 4697 1279 4752 deos
1302 4694 1619 4762 nominaque
1639 4706 1826 4746 eorum

249 4811 306 4852 se
347 4797 514 4850 fuisse
537 4793 902 4849 dedicaturum
929 4804 1034 4844 non
1061 4788 1266 4842 dubitet
1294 4783 1692 4840 contiteri?Sed
1717 4783 1826 4853 jam

249 4888 500 4960 quatiam
527 4887 585 4940 in
623 4893 805 4940 vetere
835 4881 1030 4953 pepulo
1073 4887 1216 4933 esset
1245 4918 1259 4943 ,
1307 4885 1573 4945 acceptam
1604 4875 1671 4930 ab
1693 4875 1829 4928 anti—

251 4981 368 5051 quis
398 4979 677 5034 nominum
713 4985 766 5030 et
785 4973 1158 5044 coguominum
1193 4969 1467 5023 historiam
1499 4977 1679 5020 tenere
1709 5007 1723 5030 ,
1773 4974 1830 5017 ttt

253 5071 445 5125 tradita
489 5076 620 5133 est,
671 5065 868 5120 debere
911 5079 969 5118 se
1014 5063 1160 5126 dicit,
1208 5071 1262 5114 et
1285 5060 1349 5112 ad
1389 5075 1508 5112 cum
1554 5059 1709 5110 tinem
1743 5056 1831 5109 illa

253 5163 490 5217 scribere
528 5175 593 5213 ac
644 5157 987 5228 perscrutari,
1023 5165 1079 5208 ut
1105 5153 1278 5222 potius
1307 5165 1400 5204 eos
1428 5150 1597 5217 magis
1616 5147 1792 5201 colere
1815 5184 1829 5208 ,

252 5270 410 5324 quam
441 5252 719 5321 despicere
768 5249 952 5318 vulgus
1002 5247 1148 5301 velit.
1197 5243 1400 5310 Quibus
1446 5241 1622 5295 verbis
1671 5239 1834 5292 homo

255 5346 605 5404 acutissimus
631 5346 761 5397 satis
799 5340 1012 5405 indicat,
1041 5355 1145 5392 non
1172 5352 1230 5392 se
1255 5335 1462 5405 aperire
1492 5331 1691 5397 omnia,
1716 5347 1833 5399 qua:

254 5453 364 5492 non
405 5437 507 5490 sibi
563 5444 765 5488 tantum
812 5434 1132 5497 contempt-ti
1167 5437 1365 5489 essent,
1397 5424 1489 5479 scd
1519 5424 1682 5479 etiam
1735 5423 1832 5490 ipsi

253 5533 411 5602 vulgo
441 5525 785 5598 despicienda
831 5523 1138 5577 viderentur
1169 5562 1182 5580 ,
1237 5518 1336 5572 nisi
1378 5524 1696 5570 lacerentur.
1726 5515 1836 5582 ligo

256 5625 358 5678 i5ta
403 5619 674 5692 conjicere
701 5616 872 5686 putari
921 5614 1112 5678 debui,
1163 5611 1261 5666 nisi
1283 5609 1557 5666 evidenter
1585 5607 1690 5662 alio
1719 5606 1836 5662 loco

319 5738 338 5768 ¹
371 5742 454 5782 its.
480 5735 590 5786 766.
618 5734 973 5792 separaverunt.
1027 5786 1036 5792 _
1063 5788 1071 5792 _
1105 5733 1160 5773 II.

323 5801 341 5830 ⁸
371 5799 475 5846 Sola
501 5797 649 5844 editio
673 5785 800 5840 tum:
838 5786 1071 5849 Nunquid
1096 5800 1185 5836 non
1209 5792 1252 5834 et
1277 5785 1362 5836 illt.

538 5881 767 5942 SANtZT.
819 5876 1094 5938 AL‘Gt‘ST.
1145 5870 1280 5934 Vll.

3368 321 3474 381 138

1846 485 1856 492 ,
1902 429 2017 498 ipse
2036 429 2238 484 diceret
2265 429 2332 483 de
2358 429 2702 500 religionibus
2731 430 2973 501 loquens,
3001 432 3162 488 multa
3181 447 3301 490 esse
3321 450 3462 505 vera,

1900 534 2021 588 qua:
2059 535 2164 573 non
2199 520 2356 574 modo
2386 522 2541 590 vulgo
2570 523 2706 577 scire
2738 538 2843 576 non
2874 523 2944 577 sit
2965 523 3110 587 utile,
3141 525 3234 579 sed
3263 526 3422 581 etiam
3450 567 3467 596 ,

1902 609 2112 662 tametsi
2137 610 2261 663 falsa
2290 621 2433 675 sunt,
2471 612 2624 666 aliter
2661 614 2971 670 existimare
3017 615 3270 685 populum
3309 632 3472 686 expc-

1900 700 2010 756 diat
2029 740 2045 767 ,
2073 709 2128 756 et
2153 701 2273 755 ideo
2295 701 2511 757 Graecos
2539 703 2721 757 teletas
2746 720 2808 759 ac
2838 705 3090 777 mysteria
3116 708 3476 765 taciturnitate

1903 791 2300 861 parietibusque
2353 793 2630 847 clausisse.
2679 795 2773 849 llic
2800 808 2944 851 certe
2995 805 3160 851 totum
3194 799 3474 853 Consilium

1903 879 2132 949 prodidit
2159 882 2301 936 velut
2333 885 2671 952 sapientium,
2698 899 2790 953 per
2807 901 2940 956 quos
2963 888 3202 944 civitates
3226 899 3277 943 et
3294 889 3479 960 populi

1904 980 2235 1040 regerentur.
2288 973 2396 1027 llac
2421 983 2595 1029 tamen
2632 974 2833 1029 fallacia
2863 978 3010 1032 miris
3056 979 3226 1034 modis
3256 980 3476 1049 maligni

1903 1062 2174 1119 darmones
2212 1064 2572 1133 delectantur,
2599 1067 2685 1136 qui
2716 1075 2766 1121 et
2797 1066 3105 1137 deceptores
3133 1080 3186 1125 ct
3225 1071 3478 1142 deceptos

1904 1155 2100 1223 pariter
2132 1154 2432 1223 possident,
2463 1170 2492 1208 a
2520 1170 2745 1225 quorum
2767 1156 3125 1214 dominatione
3153 1175 3257 1214 non
3289 1162 3480 1216 liberat

1903 1245 2003 1300 nisi
2019 1247 2184 1316 gratia
2207 1247 2295 1300 Dei
2319 1262 2412 1316 per
2426 1246 2608 1302 Iesum
2627 1247 2893 1302 Christum
2914 1249 3193 1305 Dominum
3213 1261 3475 1307 nostrum.

1974 1335 2030 1390 2.
2061 1337 2194 1392 Dicit
2221 1338 2378 1392 etiam
2407 1337 2546 1392 idem
2572 1348 2758 1392 auctor
2802 1339 3137 1393 acutissimus
3176 1349 3334 1410 atque
3380 1341 3478 1396 d0-

1904 1427 2193 1493 ctissimus,
2242 1428 2383 1497 quod
2412 1428 2466 1482 hi
2497 1427 2596 1481 soli
2625 1428 2674 1481 ei
2705 1428 2988 1482 videantur
3037 1429 3479 1485 animadvertisse

1905 1518 2030 1588 quid
2059 1532 2200 1574 esset
2226 1521 2386 1587 Deus,
2406 1521 2493 1590 qui
2534 1521 2876 1575 crediderunt
2919 1535 3040 1575 eum
3084 1536 3204 1577 esse
3245 1523 3477 1577 animam

1905 1618 2051 1664 motu
2079 1625 2142 1665 ac
2169 1611 2370 1664 ratione
2400 1611 2652 1664 mundum
2700 1612 3080 1680 gubernantem
3108 1611 3209 1682 (a).
3257 1613 3334 1666 Ac
3381 1627 3481 1682 per

1907 1701 2030 1767 hoc,
2060 1702 2160 1755 etsi
2190 1701 2421 1756 nondum
2449 1703 2662 1757 tenebat
2709 1703 2849 1772 quod
2881 1704 3076 1758 veritas
3103 1705 3261 1760 habet
3287 1721 3301 1770 ;
3334 1706 3472 1758 Deus

1907 1791 2049 1845 enim
2072 1807 2260 1854 verus,
2304 1806 2409 1844 non
2439 1793 2636 1856 anima,
2666 1793 2756 1846 sed
2782 1793 2973 1848 anima;
2996 1810 3208 1865 quoque
3247 1804 3329 1849 est
3355 1795 3483 1849 elle-

1907 1892 2022 1939 ctor
2045 1893 2099 1937 et
2125 1883 2368 1938 conditor
2401 1903 2413 1938 :
2447 1894 2622 1939 tamen
2647 1886 2691 1940 si
2719 1896 2899 1940 contra
2932 1887 3232 1957 prtejudicia
3254 1903 3484 1943 consue-

1909 1974 2102 2029 tudinis
2132 1975 2266 2028 liber
2303 1990 2422 2030 esse
2450 1987 2648 2045 posset,
2681 1993 2840 2032 unum
2875 1979 3037 2032 Deum
3079 1980 3357 2034 colendum
3402 1979 3483 2034 fa-

1910 2076 2108 2123 teretur
2131 2075 2290 2137 atque
2317 2068 2584 2133 suaderet,
2619 2079 2762 2123 motu
2786 2085 2849 2125 ac
2870 2072 3072 2126 ratione
3099 2072 3352 2127 mundum
3386 2088 3482 2144 gu-

1909 2160 2218 2214 bernantem
2248 2178 2260 2212 :
2288 2170 2342 2214 ut
2371 2176 2432 2215 ea
2471 2177 2590 2215 cum
2626 2163 2714 2216 illo
2741 2163 2807 2216 de
2855 2163 2951 2217 hac
2983 2179 3043 2218 re
3070 2165 3292 2232 quaestio
3314 2180 3487 2220 rema-

1909 2259 2087 2316 neret,
2117 2249 2258 2320 quod
2283 2266 2403 2305 eum
2429 2253 2632 2308 diceret
2658 2267 2776 2307 esse
2803 2253 3056 2323 animam,
3091 2270 3196 2310 non
3231 2256 3409 2326 potius
3431 2267 3489 2313 et

1909 2343 2101 2402 animae
2128 2345 2145 2377 ¹
2173 2355 2490 2403 creatorem.
2539 2347 2677 2402 Dicit
2715 2347 2874 2403 etiam
2919 2350 3165 2420 antiquos
3212 2349 3489 2406 Romanos

1912 2437 2031 2507 plus
2055 2452 2226 2492 annos
2246 2447 2460 2493 centum
2482 2446 2535 2492 et
2551 2439 2878 2508 septuaginta
2901 2439 3030 2494 deos
3057 2440 3173 2496 sine
3201 2441 3488 2496 simulacro

1911 2531 2141 2585 coluisse
2178 2529 2269 2600 (b).
2309 2549 2327 2581 ι
2359 2530 2510 2598 Quod
2552 2531 2595 2584 si
2640 2531 2834 2597 adhuc,
2864 2549 2884 2583 ι
2919 2532 3107 2602 inquit,
3137 2552 3156 2586 ε
3184 2533 3488 2601 mansisset,

1918 2637 1936 2671 ‹
1973 2621 2170 2674 castius
2212 2619 2288 2674 dii
2316 2620 2742 2676 observarentur.
2780 2641 2799 2674 ι
2833 2619 2928 2676 Cui
2964 2624 3239 2678 sontentiai
3263 2640 3373 2679 sua:
3404 2635 3487 2680 te-

1912 2722 2048 2766 stem
2078 2711 2296 2767 adhibet
2342 2712 2482 2768 inter
2531 2722 2723 2768 caetera
2778 2714 2936 2768 etiam
2965 2725 3176 2784 gentem
3202 2715 3437 2771 Judmam
3475 2735 3489 2771 :

1913 2816 2012 2856 nec
2034 2801 2239 2856 dubitat
2263 2817 2382 2856 eum
2409 2801 2582 2857 locum
2623 2803 2692 2857 ita
2737 2803 3082 2872 concludere,
3106 2813 3163 2860 ut
3191 2805 3364 2874 dicat,
3401 2807 3495 2876 qui

1913 2893 2074 2964 primi
2098 2894 2382 2948 simulacra
2423 2893 2641 2949 deorum
2675 2897 2881 2966 populis
2908 2907 3222 2968 posuerunt,
3250 2913 3342 2954 eos
3366 2901 3496 2956 civi-

1915 2986 2112 3041 tatibus
2137 2987 2246 3041 suis
2275 2997 2329 3042 et
2372 2997 2572 3042 metum
2603 2988 2927 3058 dempsisse,
2970 3002 3024 3045 et
3069 3007 3308 3049 errorem
3337 2993 3496 3049 addi-

1915 3077 2098 3143 disse;
2153 3077 2442 3146 prudenter
2489 3080 2800 3140 cxistimans
2853 3081 2982 3137 deos
3023 3082 3176 3138 facile
3234 3099 3391 3154 posse
3436 3086 3492 3142 in

1915 3167 2317 3221 simulacrorum
2364 3168 2653 3224 stoliditate
2688 3171 2974 3224 contemni.
3017 3172 3170 3238 Quod
3215 3190 3342 3231 vero
3386 3190 3496 3232 non

1917 3258 2010 3326 ait,
2039 3257 2291 3313 Errorem
2325 3257 2694 3323 tradiderunt;
2723 3259 2839 3329 sed,
2870 3261 3224 3330 addiderunt;
3251 3265 3361 3333 jam
3387 3267 3498 3321 uti-

1917 3365 2020 3418 que
2044 3348 2210 3404 fuisse
2245 3350 2406 3404 etiam
2437 3349 2555 3408 sine
2607 3349 2906 3406 simulacris
2938 3352 3160 3423 intelligi
3195 3355 3311 3408 vult
3348 3370 3500 3410 erro-

1918 3454 2052 3493 rem.
2083 3438 2417 3508 Quapropter
2441 3453 2562 3493 cum
2591 3439 2736 3494 solos
2759 3439 2888 3496 dicit
2913 3441 3350 3499 animadvertisse
3369 3444 3503 3514 quid

1919 3540 2062 3586 esset
2093 3530 2250 3596 Deus,
2284 3531 2372 3600 qui
2401 3546 2524 3586 eum
2544 3531 2828 3588 crederent
2850 3533 3080 3586 animam
3115 3534 3372 3590 mundum
3394 3552 3497 3607 gu-

1921 3622 2256 3687 bernantem,
2289 3624 2591 3693 eastiusque
2611 3623 2881 3678 existimat
2910 3624 3025 3678 sine
3049 3624 3352 3680 simulacris
3398 3627 3498 3681 ob-

1921 3712 2123 3768 servari
2169 3712 2503 3782 religionem,
2546 3714 2665 3782 quis
2718 3728 2822 3767 non
2874 3714 3050 3768 videat
3080 3724 3338 3784 quantum
3367 3731 3497 3784 pro-

1922 3805 2258 3875 pinquaverit
2282 3805 2528 3859 veritati?
2554 3805 2610 3859 Si
2635 3805 2778 3860 enim
2808 3805 3006 3874 aliquid
3044 3815 3230 3862 contra
3256 3815 3498 3864 vetusta-

1925 3903 2035 3950 tem
2065 3894 2198 3948 tanti
2220 3900 2400 3963 posset
2425 3894 2647 3961 erroris,
2700 3895 2940 3964 profecto
2967 3904 3021 3950 et
3049 3911 3210 3950 unum
3240 3896 3431 3966 Deum,
3467 3914 3500 3953 a

1922 4003 2029 4057 quo
2076 3986 2333 4042 mundum
2375 3986 2621 4042 crederet
2648 3987 2953 4057 gubernari,
2983 3998 3038 4043 et
3064 3989 3182 4045 sine
3208 3990 3498 4047 simulacro

1922 4079 2204 4134 Colendum
2233 4094 2353 4134 esse
2387 4088 2662 4146 censeret;
2713 4089 2870 4149 atque
2920 4080 2970 4134 in
3007 4091 3109 4134 tatu
3139 4083 3380 4152 proximo
3420 4085 3502 4139 in-

1924 4181 2111 4226 ventus
2136 4171 2286 4227 facile
2311 4172 2534 4228 fortasse
2559 4171 2626 4228 de
2656 4173 2846 4227 anima:
2874 4175 3224 4230 mutabilitate
3254 4191 3499 4234 commo-

1925 4275 2163 4329 neretur,
2200 4274 2257 4318 ut
2294 4273 2539 4319 naturam
2595 4265 2774 4334 potius
2824 4265 3334 4334 incommutabilem,
3382 4285 3503 4340 quas

1927 4355 2094 4427 ipsam
2117 4371 2326 4427 quoque
2353 4358 2581 4411 animam
2604 4357 2948 4423 condidisset,
2985 4359 3146 4413 Deum
3175 4375 3358 4415 verum
3385 4376 3508 4418 esse

1927 4449 2166 4505 sentiret.
2199 4449 2324 4503 [lare
2355 4463 2474 4503 cum
2504 4449 2575 4502 ita
2613 4449 2740 4514 sint,
2771 4464 3119 4518 qumcumque
3150 4451 3281 4505 tales
3314 4453 3411 4506 viri
3451 4453 3506 4508 in

1928 4541 2038 4594 suis
2078 4539 2268 4593 litteris
2308 4537 2594 4593 multorum
2643 4536 2864 4592 deorum
2903 4537 3129 4593 ludibria
3172 4551 3503 4610 posuerunt,

1927 4630 2168 4685 confiteri
2213 4644 2274 4684 ea
2316 4629 2492 4699 potius
2536 4628 2742 4682 occulta
2794 4629 2886 4682 Dei
2934 4629 3205 4685 voluntate
3243 4635 3508 4702 compulsi

1930 4731 2070 4783 sunt,
2102 4734 2260 4788 quam
2289 4715 2610 4788 persuadere
2636 4718 2831 4771 conati.
2865 4716 2920 4772 Si
2951 4733 3050 4788 qua
3103 4720 3262 4790 igitur
3289 4737 3318 4775 a
3349 4724 3508 4779 nobis

1931 4810 2052 4868 inde
2083 4809 2385 4863 testimonia
2432 4807 2776 4878 proferuntur
2799 4851 2812 4875 ,
2843 4808 2907 4862 ad
2969 4824 3061 4863 eos
3109 4812 3506 4882 redarguendos

1930 4902 2289 4975 proferuntur,
2313 4901 2400 4971 qui
2435 4899 2624 4954 nolunt
2643 4899 2932 4955 advertere
2959 4900 3025 4954 de
3051 4912 3241 4970 quanta
3267 4911 3320 4956 et
3345 4917 3505 4972 quam

1932 4995 2161 5063 maligna
2210 4993 2513 5047 daemonum
2563 4997 2828 5060 potestate
2873 5005 2969 5045 nos
3017 4991 3206 5046 liberet
3240 4992 3508 5060 singulare

1934 5085 2254 5141 sacrificium
2285 5095 2390 5137 tam
2417 5082 2590 5138 sanc‘i
2635 5083 2910 5152 sanguinis
2945 5081 3049 5136 fusi
3080 5091 3133 5136 et
3169 5081 3366 5136 donum
3388 5082 3513 5153 Spi-

1935 5176 2066 5231 ritus
2107 5173 2382 5244 impertiti.
3546 5169 3556 5228 ;

2001 5289 2017 5358 ξ
2052 5293 2125 5335 Er.
2166 5294 2218 5336 et
2249 5293 2380 5346 Lov.,
2411 5297 2504 5336 non
2543 5284 2697 5349 potius
2731 5283 2920 5333 animle.
2959 5282 3156 5331 Crueris
3190 5283 3238 5331 in
3277 5282 3430 5347 libris,
3467 5290 3519 5339 α

1935 5363 2162 5469 mitigatio
2185 5410 2360 5472 quibus
2376 5409 2556 5472 cicero,
2581 5408 2642 5454 (lt-
2666 5414 2836 5455 Natura
2859 5404 3079 5472 deorum)
3103 5403 3187 5454 lib.
3218 5408 3258 5472 lg,
3277 5420 3388 5472 cap.
3420 5409 3469 5458 2.

2101 5465 2375 5542 Plutarchus
2398 5470 2444 5516 in
2486 5469 2677 5538 historia
2703 5476 2879 5536 annue,
2918 5479 3021 5538 cap.
3048 5465 3093 5522 8,
3143 5465 3305 5517 scribit
3329 5465 3388 5516 ab
3415 5471 3516 5530 ipso

1937 5534 2143 5581 vetitum
2167 5532 2397 5590 Homanis,
2424 5543 2486 5577 ne
2507 5532 3121 5590 evistinzarentimaginem
3139 5537 3235 5584 Det,
3265 5538 3342 5578 aut
3366 5532 3519 5579 homi-

1939 5595 2015 5643 nis
2037 5594 2253 5655 Speciem
2276 5597 2359 5639 aut
2382 5587 2597 5655 animalis
2629 5590 2812 5637 habere
2836 5587 3068 5655 formam;
3110 5597 3252 5653 atque
3277 5593 3320 5639 in
3347 5594 3513 5652 lriori-

1939 5657 2033 5704 bus
2055 5649 2248 5703 centum
2271 5653 2576 5713 septuaginta
2600 5663 2738 5713 aunts
2761 5649 2944 5713 templa
2958 5652 3154 5711 quidem
3172 5649 3357 5713 erecta,
3376 5666 3523 5701 stutu-

1940 5665 2033 5704 bus
2055 5665 2248 5703 centum
2271 5665 2576 5713 septuaginta
2600 5665 2738 5697 anuts
2761 5665 2860 5697 tem
2883 5665 2939 5698 ua
2958 5665 3154 5711 quidem
3172 5665 3354 5708 erecta,
3376 5666 3523 5701 stutu-

1940 5718 2068 5766 lacra
2086 5729 2204 5765 vero
2221 5725 2472 5775 corporum
2493 5713 2554 5761 ab
2567 5711 2685 5773 ipsis
2707 5710 2840 5761 nulla
2854 5665 3090 5761 dedicata.
3104 5712 3273 5762 Confer
3292 5713 3408 5762 Plin.
3439 5714 3523 5765 lib.

1940 5778 2021 5842 3i,
2041 5789 2144 5840 cap.
2164 5775 2211 5823 4.
2809 5822 2818 5837 t

2859 5857 3114 5939 (0:an
