4038 6474
231 333 334 392 Nl

230 447 278 504 si
303 447 398 502 illa
420 445 524 502 dea
546 453 718 512 esset,
762 445 873 504 sola
897 443 1124 506 colenda
1152 447 1344 506 merito
1385 449 1654 510 diceretur
1686 474 1698 512 :
1723 457 1834 528 jam

228 549 640 610 consequenter
663 539 956 606 videamus,
990 557 1092 612 qua
1114 557 1272 598 causa
1313 543 1473 611 Deus,
1525 547 1614 618 qui
1661 559 1837 619 potest

229 643 284 689 et
303 631 394 688 illa
417 633 562 688 bona
583 632 735 702 dare,
755 650 874 704 quae
909 634 1106 690 habere
1129 647 1354 707 possunt
1375 638 1534 694 etiam
1559 657 1662 696 non
1689 643 1832 710 boni,

228 742 292 780 ac
319 742 422 796 per
471 725 577 780 hoc
613 728 774 782 etiam
821 743 926 782 non
965 727 1167 796 felices,
1213 730 1510 787 Romanum
1555 735 1834 804 imperium

231 826 339 868 tam
385 830 648 886 magnum
683 825 898 886 tamque
919 817 1230 872 diuturnum
1281 835 1400 876 esse
1427 823 1676 879 voluerit.
1701 827 1835 892 Quia

227 907 370 961 enim
405 905 518 962 hoc
540 907 766 962 deorum
797 909 1046 964 falsorum
1077 911 1183 976 illa,
1215 927 1372 982 quam
1403 915 1672 984 colebant,
1695 919 1836 972 mul-

231 999 406 1054 titudo
439 1015 554 1054 non
584 999 729 1067 fecit,
753 1010 804 1055 et
839 1001 1003 1056 multa
1023 1001 1132 1072 jam
1161 1003 1414 1072 diximus,
1447 1015 1503 1061 et
1543 1008 1632 1062 ubi
1664 1010 1834 1064 visum

229 1089 392 1146 fuerit
423 1103 790 1162 opportunum
821 1109 958 1185 esse,
989 1095 1246 1152 dicemus.

227 1201 466 1260 CAPUT
517 1203 805 1260 PRIMUM.
845 1235 916 1245 —
954 1205 1172 1262 Causam
1210 1206 1432 1264 Romani
1476 1213 1676 1282 imperii
1722 1231 1832 1268 om-

293 1291 548 1364 niumque
583 1311 852 1364 regnorum
890 1311 982 1350 nec
1009 1299 1270 1368 fortuitam
1297 1315 1422 1368 esse,
1445 1317 1534 1354 nec
1568 1302 1622 1356 in
1663 1305 1833 1358 stella-

291 1397 418 1438 rum
449 1385 705 1454 positione
727 1387 1014 1441 consistere.

293 1495 481 1552 Causa
506 1513 637 1570 ergo
665 1502 1046 1572 magnitudinis
1073 1504 1282 1574 imperii
1306 1506 1534 1564 Romani
1579 1525 1678 1566 nec
1721 1511 1832 1566 for-

229 1587 358 1642 tuita
383 1599 496 1654 est,
525 1605 626 1646 nec
643 1590 824 1648 fatalis
839 1591 938 1666 (ιι),
957 1595 1248 1652 secundum
1293 1613 1478 1654 eorum
1510 1603 1830 1660 sententiam

229 1682 338 1738 sive
359 1683 706 1754 opinionem,
727 1687 818 1756 qui
847 1701 908 1742 ea
939 1688 1124 1744 dicunt
1154 1706 1275 1746 esse
1315 1691 1554 1761 fortuita,
1597 1713 1716 1768 qua:
1745 1698 1830 1752 vel

227 1772 406 1828 nullas
435 1788 629 1830 causas
655 1774 874 1842 habent,
921 1779 1002 1834 vel
1046 1795 1151 1834 non
1194 1797 1262 1837 ex
1305 1783 1485 1856 aliquo
1527 1787 1830 1846 rationabili

227 1865 420 1924 aldine
464 1868 778 1936 venientes;
823 1878 878 1925 et
923 1887 985 1927 ea
1035 1872 1231 1943 fatalia,
1280 1891 1399 1946 qua:
1421 1887 1618 1948 printer
1656 1880 1748 1936 Dei
1775 1890 1830 1938 et

229 1957 514 2018 hominum
556 1963 886 2018 voluntatem
925 1964 1206 2036 cujusdam
1251 1969 1455 2024 ordinis
1507 1975 1828 2032 necessitate

227 2051 570 2124 contingunt.
603 2051 832 2108 Prorsus
859 2053 1038 2110 divina
1073 2057 1407 2132 providentia
1433 2077 1596 2132 regna
1628 2065 1828 2120 consti-

231 2151 454 2197 tuantur
501 2144 758 2200 butnana.
803 2146 934 2214 Quae
978 2148 1022 2201 si
1065 2159 1350 2220 propterea
1390 2153 1670 2224 quisquam
1717 2157 1824 2212 fato

227 2233 432 2300 tribuit,
469 2236 598 2304 quia
643 2236 810 2306 ipsam
861 2237 954 2292 Dei
1003 2239 1330 2297 voluntatem
1379 2244 1464 2300 vel
1505 2255 1821 2316 potestatem

229 2325 312 2380 fati
357 2327 582 2382 nomine
625 2330 888 2399 appellat,
937 2334 1256 2388 sententiam
1319 2343 1528 2402 teneat,
1588 2337 1820 2410 linguam

226 2419 475 2489 corrigat.
501 2420 610 2476 Cur
634 2423 776 2477 enim
803 2439 908 2480 non
937 2424 1036 2480 hoc
1055 2426 1286 2496 primum
1308 2428 1456 2496 dicit,
1474 2431 1614 2502 quod
1637 2444 1820 2504 postea

225 2507 463 2564 dicturus
511 2521 768 2577 est,cum
813 2516 1004 2572 abillo
1047 2517 1328 2590 quisquam
1371 2525 1645 2591 quaesierit
1692 2527 1820 2596 quid

225 2599 416 2656 dixerit
461 2601 670 2658 fatum?
731 2605 862 2661 Nam
913 2601 970 2663 id
1009 2607 1256 2666 homines
1301 2613 1515 2683 quando
1557 2617 1814 2684 audiunt,

225 2693 412 2748 usitata
467 2695 724 2765 loquendi
777 2702 1166 2758 consuetudine
1202 2719 1309 2760 non
1367 2705 1668 2780 intelligunt
1713 2711 1816 2766 nisi

222 2785 320 2838 vim
355 2788 642 2856 positionis
667 2790 922 2884 siderum,
951 2795 1122 2863 qualis
1147 2806 1230 2850 est
1263 2799 1476 2866 quando
1501 2801 1618 2870 quis
1643 2805 1815 2856 nasci-
1867 2831 1876 2840 -

225 2887 320 2940 tur,
353 2881 470 2934 sive
509 2881 812 2952 concipitur
841 2903 855 2940 :
883 2887 1023 2956 quod
1069 2889 1234 2960 aliqui
1261 2890 1500 2948 alienant
1542 2909 1572 2948 a
1607 2895 1697 2949 Dei
1721 2912 1814 2950 vo-

223 2969 442 3040 luntate,
467 2973 632 3042 aliqui
660 2991 724 3030 ex
751 2977 841 3032 illa
863 2979 1021 3032 etiam
1055 2979 1158 3036 hoc
1187 2983 1424 3052 pendere
1466 2987 1808 3042 confirmant.

217 3063 316 3118 Sed
357 3066 456 3130 illi,
489 3070 580 3133 qui
617 3069 736 3123 sine
763 3070 858 3125 Dei
882 3073 1154 3130 voluntate
1181 3073 1474 3132 decernere
1524 3081 1810 3150 opinantur

220 3155 386 3210 eidem
413 3159 542 3226 quid
563 3162 903 3228 agamus,vel
929 3163 1054 3234 quid
1082 3165 1342 3222 bonorum
1371 3167 1663 3224 habeamus
1691 3188 1807 3226 ma-

221 3244 462 3301 lorumve
505 3253 788 3317 patiamur,
830 3253 897 3306 ab
943 3255 1160 3309 auribus
1193 3259 1448 3330 omnium
1513 3263 1806 3332 repellendi

217 3351 370 3404 sunt;
395 3357 504 3395 non
533 3343 708 3398 solum
733 3361 918 3400 eorum
940 3349 1031 3418 qui
1059 3363 1238 3404 veram
1263 3353 1572 3422 religionem
1599 3365 1800 3426 tenent,

219 3429 304 3481 sed
331 3431 422 3500 qui
455 3431 678 3486 deorum
707 3435 1194 3507 qualiumcumque,
1221 3441 1344 3496 licet
1370 3443 1624 3500 falsorum
1647 3489 1660 3511 ,
1703 3465 1803 3501 vo-

217 3521 333 3576 lunt
384 3539 508 3579 esse
563 3527 819 3582 cultores.
873 3529 996 3584 lla-c
1056 3533 1198 3586 enim
1246 3536 1428 3604 opinio
1475 3538 1600 3610 quid
1657 3541 1801 3596 aliud

213 3615 338 3684 agit,
376 3616 482 3670 nisi
514 3625 568 3670 ut
595 3619 773 3672 nullus
799 3623 1015 3676 omnino
1041 3623 1246 3680 colatur
1266 3635 1356 3680 aut
1379 3637 1594 3698 rogetur
1625 3631 1802 3686 Deus?

213 3707 402 3761 Contra
445 3724 580 3777 quos
609 3711 768 3766 modo
799 3713 950 3768 nobis
977 3714 1265 3786 disputatio
1296 3733 1398 3772 non
1427 3729 1511 3774 est
1537 3721 1792 3789 instituta,

211 3797 298 3852 sed
323 3808 510 3854 contra
539 3817 631 3856 eos
650 3803 738 3873 qui
783 3819 878 3874 pro
920 3805 1230 3864 defensione
1273 3825 1456 3866 eorum
1501 3829 1632 3884 quos
1669 3815 1798 3874 deos

212 3899 412 3960 putant.
457 3892 767 3948 christiana:
811 3897 1052 3968 religioni
1103 3899 1474 3959 adversantur.
1523 3905 1600 3961 llli
1645 3925 1793 3976 vero,

209 3983 288 4054 qui
321 3983 645 4053 positionem
671 3988 944 4043 stellarum
971 3992 1365 4061 quodammodo
1393 3997 1792 4056 decernentium

207 4073 368 4140 qualis
412 4075 642 4147 quisque
685 4077 773 4143 sit,
800 4088 853 4134 et
881 4081 1005 4152 quid
1033 4083 1078 4136 ci
1108 4085 1386 4153 proveniat
1431 4087 1553 4143 boni
1600 4091 1794 4160 quidve

207 4166 320 4218 mali
351 4167 654 4230 accidat,ex
681 4169 774 4225 Dei
803 4173 1074 4230 voluntate
1119 4179 1470 4248 suspendunt,
1503 4183 1546 4235 si
1575 4185 1790 4241 easdem

206 4257 380 4311 stellas
410 4269 596 4326 puumt
639 4260 834 4317 habere
864 4265 998 4320 hanc
1051 4277 1368 4337 potestatem
1413 4273 1658 4344 traditam
1688 4278 1790 4333 sibi

203 4357 230 4398 a
249 4362 454 4402 summa
483 4351 627 4406 illius
653 4363 937 4422 potestate,
969 4365 1024 4411 ut
1049 4361 1288 4415 volentes
1327 4363 1426 4419 ista
1467 4363 1788 4438 decernant;

203 4451 440 4508 magnam
463 4442 604 4496 coelo
632 4441 829 4499 faciunt
859 4447 1125 4518 injuriam,
1156 4451 1208 4508 in
1235 4453 1385 4523 cujus
1421 4455 1567 4512 velut
1605 4461 1790 4517 claris-

200 4527 328 4584 simo
355 4541 546 4586 senatu
569 4547 632 4588 ac
653 4535 1082 4605 splendidissima
1103 4543 1249 4596 curia
1271 4546 1557 4614 opinantur
1579 4553 1784 4609 scelera

201 4619 433 4676 facienda
495 4623 749 4694 decerni;
797 4629 970 4698 qualia
1007 4633 1052 4686 si
1094 4633 1268 4704 aliqua
1331 4645 1540 4694 terrena
1597 4644 1784 4700 civitas

195 4711 518 4770 decrevisset
547 4732 742 4786 genere
790 4719 1022 4776 humano
1067 4723 1390 4782 decernente
1426 4729 1595 4786 fuerat
1633 4749 1786 4790 ever-

193 4805 364 4858 tenda.
391 4805 561 4874 Quale
583 4808 777 4866 deinde
797 4811 1055 4881 judicium
1079 4816 1145 4872 de
1177 4817 1453 4876 hominum
1490 4821 1644 4880 factis
1673 4827 1782 4885 Deo

191 4897 529 4968 relinquitur,
554 4903 747 4971 quibus
767 4906 1002 4962 ctelcstis
1025 4910 1314 4964 necessitas
1339 4913 1640 4984 adhibetur,
1656 4935 1777 4978 cum

193 4987 446 5045 Dominus
489 4992 578 5047 ille
615 4994 684 5048 sit
717 5005 770 5050 et
791 4997 1024 5054 siderum
1055 5009 1108 5054 et
1137 5001 1449 5059 hominum?
1471 5008 1574 5062 Aut
1599 5011 1642 5064 si
1671 5028 1776 5068 non

245 5124 320 5187 (α)
343 5133 450 5202 Non.
463 5128 674 5202 deerant
695 5131 778 5193 qui
790 5131 856 5202 ad
868 5132 1113 5202 fortuitam
1135 5138 1240 5188 sive
1271 5138 1464 5202 fatalem
1483 5155 1674 5196 causam
1698 5147 1777 5199 hic

185 5189 536 5260 Securi-endam
577 5189 825 5260 putarent:
863 5195 1022 5246 Testis
1047 5205 1123 5248 est
1144 5205 1310 5250 Cicero
1330 5189 1775 5260 nitibiJsIEdeiiié

181 5247 246 5330 de
267 5247 591 5330 Divinatione;
630 5265 734 5330 cap.
767 5255 826 5304 47
853 5271 866 5305 ;
900 5264 992 5330 eL.
1015 5247 1768 5330 quidem

187 5324 212 5353 ι
233 5310 498 5384 βρυίειηξ,
524 5331 546 5358 ι
577 5310 750 5384 intulit,
777 5333 800 5362 ι
817 5326 1000 5384 noster,
1025 5310 1074 5370 in
1107 5325 1272 5384 primis
1291 5310 1773 5382 cteidéicié'iiiiéﬁil

233 5371 328 5454 bps
335 5375 585 5454 antidotis,
608 5371 907 5454 urbisietiam
927 5371 1120 5454 nostrae:
1131 5371 1772 5454 natalemdiiein'r-epeleliat

187 5447 210 5474 ι
231 5433 291 5480 ab
316 5435 375 5482 iis
399 5437 649 5496 Parilibus,
674 5441 854 5512 quibus
888 5455 994 5492 eum
1037 5457 1064 5492 a
1099 5433 1305 5518 Romulo,
1315 5433 1566 5501 conditae;
1573 5433 1769 5518 3888531

183 5511 208 5538 ε
229 5508 356 5570 unus,
379 5505 699 5570 ﬁctumnque,
711 5502 760 5549 in
777 5503 898 5565 jugo
919 5517 1190 5570 comesset
1223 5509 1353 5570 luna,
1379 5521 1537 5564 natam
1562 5502 1767 5568 ili-

183 5572 208 5601 ι
229 5559 390 5630 cebat,
417 5574 526 5630 nec
546 5559 655 5624 ejus
681 5559 975 5630 fatajczt'ttere
1002 5569 1276 5630 dubitabat.
1313 5559 1353 5622 ό
1380 5559 1766 5630 ἶνῖίιῖἧτεῖξῖὦξιῖη

184 5633 208 5662 ι
229 5621 434 5692 erroris!
461 5621 694 5692 Etiamne
717 5625 852 5692 urbis
889 5629 1060 5679 natalis
1073 5631 1188 5680 .dies
1220 5632 1280 5682 ad
1317 5621 1767 5692 ἧιπῖὲῖόίἶᾶὧὲἶᾶ

183 5697 208 5726 ι
227 5679 356 5754 luna:
379 5687 704 5754 pertinebat?_
720 5693 808 5736 rae
827 5691 876 5754 in
899 5703 1056 5752 puero
1075 5679 1279 5746 rebare“
1289 5679 1764 5754 ei"atii”éiiécu'?’6£é

181 5759 206 5787 ι
227 5743 338 5794 οωιὴ
359 5743 568 5808 primum
584 5749 810 5822 spiritum
829 5743 1028 5822 du'xetjt
1052 5769 1064 5803 :
1091 5768 1205 5804 num
1227 5743 1763 5822 ιίοὸἶῐιᾚῖρῖἓξῖιῖιῖἷῆ

181 5821 206 5849 ι
227 5819 481 5871 metuente,
503 5827 565 5860 es
592 5811 772 5874 quibus
793 5823 908 5862 urbs
929 5813 1102 5865 enecta
1129 5825 1222 5879 est,
1247 5823 1401 5882 potuit
1415 5811 1658 5873 valeret}

1595 341 1797 400 LIBER
1834 347 2152 416 QUINTUS.

3429 373 3536 440 με

1945 461 2130 518 dicunt
2155 464 2357 534 stellas,
2375 479 2593 542 accepta
2611 471 2826 544 quidem
2847 485 3111 548 potestate
3131 495 3160 535 a
3175 495 3385 540 summo
3403 487 3533 558 Deo,

1943 552 2166 608 arbitrio
2193 569 2290 610 suo
2313 557 2414 614 ista
2442 559 2751 632 decernere,
2782 568 2876 622 sed
2904 567 2953 622 in
2973 569 3167 636 talibus
3205 577 3536 634 necessitati-

1944 643 2042 698 bus
2065 645 2370 716 ingercndis
2400 651 2539 708 illius
2588 659 2806 712 omnino
2847 662 2994 731 jussa
3039 667 3312 736 complere
3345 687 3357 722 :
3393 673 3534 728 itane

1943 735 2012 792 de
2061 737 2176 808 ipso
2227 742 2336 798 Deo
2387 746 2724 804 sentiendum
2770 763 2870 816 est,
2915 757 3056 826 quod
3104 759 3533 832 indignissimum

1943 825 2114 883 visum
2160 839 2242 885 est
2279 833 2346 887 de
2391 837 2666 892 stellarum
2717 825 2993 902 voluntate
3041 852 3280 907 sentire“!
3308 853 3460 920 Quod
3487 858 3534 911 si

1942 917 2192 976 dicuntur
2217 926 2386 982 stella:
2415 929 2715 998 signiﬁcare
2761 937 2935 1005 potius
2973 940 3070 996 ista
3119 959 3276 1014 quam
3322 917 3530 1014 iacere;

1941 1019 1998 1066 ut
2019 1015 2168 1082 quasi
2198 1015 2398 1072 locutio
2434 1023 2676 1090 quaedam
2721 1027 2789 1081 sit
2834 1029 2922 1084 illa
2967 1035 3181 1104 positio,
3231 1038 3533 1107 praedicet:

1941 1100 2138 1172 futura,
2167 1122 2272 1162 non
2311 1124 2474 1180 agens
2501 1111 2522 1185 (
2536 1123 2639 1169 non
2685 1117 2827 1172 enim
2869 1123 3209 1182 mediocriter
3249 1129 3528 1190 doctorum

1941 1191 2220 1254 hominum
2283 1198 2383 1256 fuit
2445 1203 2542 1259 ista
2600 1211 2944 1284 sententia):
3015 1232 3120 1272 non
3185 1221 3396 1290 quidem
3457 1227 3531 1284 ita

1938 1287 2114 1342 solent
2157 1289 2297 1362 loqui
2346 1293 2728 1368 mathematici,
2772 1311 2864 1372 ut,
2909 1307 3055 1362 verbi
3095 1287 3296 1380 gratia,
3329 1317 3527 1386 dicant,

1937 1373 2076 1432 Mars
2111 1379 2180 1432 ita
2210 1383 2414 1449 positus
2435 1384 2756 1444 homicidam
2798 1393 3100 1465 signiﬁcat;
3132 1401 3223 1456 sed
3245 1445 3260 1468 ,
3293 1403 3527 1462 llomici-

1937 1463 2060 1520 dam
2102 1468 2259 1523 facitl
2287 1490 2300 1525 :
2331 1486 2698 1534 verumtamen
2730 1491 2786 1536 ιιι
2816 1487 3171 1544 concedamus
3202 1509 3306 1548 non
3339 1513 3430 1550 eos
3475 1507 3532 1554 ut

1936 1555 2133 1614 debent
2159 1561 2324 1632 loqui,
2357 1574 2413 1620 et
2440 1581 2466 1620 a
2497 1567 2832 1642 phil050pbis
2866 1577 3108 1650 accipere
3130 1595 3380 1653 Oporterc
3409 1605 3526 1642 ser-

1935 1649 2109 1706 monis
2137 1655 2371 1726 regulam
2397 1659 2462 1713 ad
2487 1675 2550 1715 ea
2581 1668 3008 1738 praenuntianda,
3039 1689 3156 1742 quae
3201 1675 3252 1730 in
3289 1679 3526 1735 siderum
3613 1669 3618 1676 ’

1935 1740 2198 1808 positione
2257 1760 2315 1800 se
2353 1751 2588 1820 reperire
2641 1767 2828 1824 putant
2857 1777 2869 1812 :
2899 1763 2987 1832 qui
3035 1740 3160 1834 lit’,
3207 1770 3348 1840 quod
3395 1773 3526 1829 nihil

1933 1843 2164 1900 Unquam
2208 1836 2387 1892 dicere
2411 1851 2714 1915 potuerunt,
2743 1864 2837 1904 cur
2863 1851 2914 1906 in
2946 1854 3049 1908 vita
3086 1863 3441 1925 geminorum.
3473 1867 3523 1924 in

1931 1925 2264 1997 actionibus,
2311 1934 2361 1986 in
2412 1937 2650 2006 eventis,
2700 1941 2750 1996 in
2813 1945 3267 2020 professionibus,
3329 1959 3518 2036 artibs,

1931 2011 2138 2036 LA__,"
2206 2035 2212 2036 ί
2362 2035 2368 2036 ,
2441 2027 2452 2036 .
2683 2030 2695 2036 -
2858 2035 2906 2036 κγ

1931 2011 2243 2086 honoribus,
2273 2027 2590 2097 catterisque
2619 2030 2777 2087 rebus
2805 2035 2870 2089 ad
2898 2035 3182 2096 humanam
3209 2045 3366 2102 vitam
3397 2011 3524 2120 per:

1931 2103 2242 2178 tincntibus,
2273 2123 2432 2185 atque
2461 2117 2512 2171 in
2545 2117 2656 2188 ipsa
2687 2134 2860 2180 morte
2902 2128 2970 2182 sit
3017 2131 3330 2208 plerumque
3377 2103 3520 2198 titula

1928 2196 2231 2270 diversitas,
2284 2215 2339 2260 ut
2385 2209 2668 2266 similiores
2715 2215 2792 2270 eis
2833 2219 2974 2287 sint,-
3014 2235 3266 2293 quantum
3309 2231 3374 2284 ad
3408 2231 3520 2288 inec

1925 2291 2136 2360 attinet,
2188 2295 2334 2350 multi
2357 2303 2616 2370 extranei,
2663 2321 2819 2378 quam
2863 2311 2960 2380 ipsi
3013 2291 3152 2370 inter
3190 2333 3248 2373 se
3295 2325 3516 2392 gemini,

1925 2384 2214 2456 perexiguo
2264 2393 2519 2460 temporis
2559 2395 2837 2453 intervallo
2865 2401 2916 2454 in
2946 2408 3215 2464 nascendo
3260 2384 3516 2484 soporati,

1926 2471 1976 2528 in
1999 2486 2258 2548 conceptu
2285 2491 2462 2538 autem
2493 2501 2589 2554 per
2613 2504 2774 2543 unum
2816 2497 3154 2554 concubitum
3207 2519 3312 2561 uno
3353 2507 3514 2563 etiam

1924 2577 2194 2622 momento
2220 2573 2508 2629 seminali?

1917 2653 2148 2714 CAPUT
2166 2659 2227 2714 ll.
2247 2693 2318 2701 —
2343 2663 2422 2720 De
2435 2669 2748 2738 geminorum
2776 2674 2932 2732 simili
2968 2678 3297 2756 dissiittilique
3325 2689 3516 2744 ralem.

2634 2765 2773 2820 dine.

1989 2837 2176 2900 Cicero
2196 2845 2344 2912 dicit,
2369 2850 2768 2924 Hippocratem,
2799 2861 3188 2923 nobilissimum
3221 2873 3510 2941 medicum.

1917 2935 2174 3004 scriptum
2233 2941 2512 3012 reliquisse
2572 2951 2834 3016 quosdam
2899 2953 3122 3024 fratres,
3171 2978 3292 3018 eum
3354 2967 3512 3026 simul

1914 3035 2174 3094 aegrotare
2195 3033 2505 3100 cmpissent,
2530 3045 2583 3091 et
2600 3055 2784 3095 eorum
2809 3045 3028 3102 morbus
3055 3052 3240 3107 eodem
3273 3065 3512 3128 tempore

1913 3116 2346 3190 ingravesceret,
2389 3127 2578 3182 eodem
2621 3131 2888 3191 levaretur
2915 3179 2930 3205 ,
2980 3144 3220 3210 geminos
3265 3153 3510 3220 suspica-

1911 3217 2022 3264 tum
2053 3213 2153 3284 (a).
2179 3215 2324 3282 Quos
2351 3217 2671 3278 Posidonius
2692 3225 2922 3294 Stoicus,
2949 3236 3174 3290 multum
3198 3213 3504 3316 astrologia:

1908 3301 2136 3371 deditus,
2156 3305 2342 3362 eadem
2369 3313 2744 3370 constitutione
2759 3327 3026 3378 astrorum
3045 3333 3196 3382 natos
3211 3301 3508 3405 eademque

1906 3405 2192 3466 conceptos
2217 3399 2421 3456 solebat
2444 3419 2684 3462 asserere
2703 3407 2795 3482 (ὁ).
2826 3412 2896 3466 ita
2922 3418 3062 3485 quod
3081 3419 3318 3478 medicus
3341 3399 3506 3496 perti-

1907 3499 2034 3541 nere
2047 3489 2372 3546 credebatad
2389 3494 2708 3553 simillimam
2729 3506 3035 3574 temperiem
3057 3489 3505 3584 valetudinithoc

1905 3575 2251 3648 philosophus
2269 3585 2570 3657 astrologus
2584 3589 2652 3644 ad
2673 3591 2776 3646 vim
2800 3599 3340 3676 constitutionemque
3359 3611 3503 3666 side-

1903 3681 2042 3734 rum,
2058 3685 2176 3740 qute
2193 3671 2364 3728 fuerat
2379 3691 2485 3745 quo
2510 3689 2750 3751 tempore
2772 3691 3016 3760 concepti
3039 3695 3255 3766 natique
3275 3709 3415 3755 sunt.
3441 3703 3499 3759 In

1905 3755 2002 3813 hac
2027 3775 2186 3817 causa
2217 3765 2384 3820 multo
2411 3777 2492 3824 est
2521 3773 2898 3842 acceptabilior
2923 3755 2977 3836 et
3000 3781 3067 3838 de
3103 3755 3346 3855 proximo
3373 3807 3498 3849 crc-

1901 3849 2114 3906 dibilior
2155 3856 2463 3926 conjectura
2510 3863 2842 3924 medicinalis
2875 3887 2889 3924 :
2929 3877 3178 3944 quoniam
3247 3895 3494 3952 parentes

1901 3951 1956 3995 ut
1974 3953 2358 4017 erantcorpore
2373 3949 2570 4021 all'ecti,
2588 3955 2712 4012 dum
2729 3965 3168 4037 concumberent,
3185 3949 3495 4044 ilaprimor-

1899 4033 1982 4087 dia
2001 4048 2377 4107 conceptorum
2397 4044 2536 4100 afﬁci
2559 4057 2865 4120 potuerunt,
2892 4066 2946 4112 ut
2967 4066 3267 4121 consecutis
3283 4083 3344 4123 ex
3374 4088 3490 4128 ma-

1899 4131 2053 4180 terno
2079 4143 2304 4197 corpore
2323 4133 2591 4203 prioribus
2621 4140 2964 4202 incrementis
2993 4153 3138 4219 paris
3169 4157 3487 4220 valetudinis

1898 4229 2284 4288 nascerentur;
2315 4223 2509 4283 deinde
2549 4229 2600 4284 in
2637 4247 2739 4288 una
2780 4235 2940 4291 domo
2975 4242 3180 4300 eisdem
3218 4249 3488 4310 alimentis

1897 4309 2098 4382 nutriti,
2125 4311 2210 4366 ubi
2242 4329 2420 4371 acrem
2451 4327 2504 4374 et
2531 4319 2634 4376 loci
2665 4327 2982 4393 positionem
3013 4344 3066 4389 et
3095 4338 3200 4394 vim
3227 4357 3484 4414 aquarum

1895 4399 2178 4467 plurimum
2203 4407 2382 4463 valere
2401 4409 2468 4464 ad
2489 4427 2684 4483 corpus
2705 4417 2789 4472 vel
2819 4418 2956 4478 bene
2976 4427 3060 4480 vel
3086 4431 3226 4487 male
3243 4399 3484 4493 allicien-

1891 4487 2017 4544 dum
2045 4491 2096 4559 ³,
2127 4495 2386 4552 medicina
2421 4508 2674 4570 testatur;
2713 4508 2912 4566 eisdem
2955 4517 3114 4572 etiam
3141 4525 3481 4584 exercitatio-

1892 4583 2046 4639 nibus
2067 4589 2345 4645 assuefacti
2369 4601 2472 4646 tam
2495 4593 2684 4651 similia
2701 4613 2924 4671 corpora
2947 4621 3219 4681 gererent,
3245 4621 3478 4680 utetiam

1888 4677 1954 4731 ad
1994 4681 2494 4749 mgrotandum'imo
2521 4695 2761 4758 tempore
2789 4695 2990 4753 eisdem
3017 4706 3194 4761 causis
3231 4711 3477 4772 similiter

1889 4779 2246 4826 moverentur.
2291 4773 2737 4838 Constitutionem
2777 4801 2902 4844 vero
2933 4793 3053 4849 cteli
3099 4813 3164 4851 ac
3207 4801 3472 4873 siderum,

1887 4875 2004 4930 qua:
2032 4860 2130 4916 fuit
2155 4865 2369 4933 quando
2391 4873 2632 4943 concepti
2661 4875 2773 4932 sive
2794 4881 2902 4935 nati
2932 4895 3072 4952 sunt,
3097 4891 3230 4946 velle
3262 4860 3473 4954 trahere

1885 4951 1950 5006 ad
1973 4953 2125 5008 istam
2156 4961 2446 5028 aegrotandi
2471 4965 2808 5037 parilitatem,
2828 4987 2949 5028 cum
2977 4987 3077 5032 tam
3107 4983 3268 5036 multa
3294 4985 3476 5041 diver-

1883 5043 2079 5100 sissimi
2105 5051 2317 5119 generis
2343 5053 2824 5119 diversissimorum
2855 5067 3139 5127 affectuum
3171 5071 3194 5104 ⁸
3221 5085 3275 5130 et
3299 5093 3466 5134 even-

1945 5154 2263 5256 :
2283 5169 2335 5213 et
2357 5169 2451 5215 Er.:
2477 5169 2780 5223 Homicida":
2810 5189 2904 5227 non
2925 5179 3059 5242 ﬁuit.
3082 5183 3254 5250 Abest,
3287 5201 3398 5256 non,
3443 5208 3472 5246 a

1877 5219 2072 5268 ceteris
2095 5218 2247 5271 libris.

1945 5280 1964 5360 ς
1995 5280 2068 5360 sic
2086 5287 2365 5360 postrittss.
2389 5291 2606 5360 Nonnulli
2631 5295 2764 5360 editi,
2785 5299 2872 5360 qui
2889 5301 2966 5352 sit.
3035 5311 3092 5356 Μ.

1877 5340 1964 5450 du’
1995 5346 2062 5390 tta
2083 5347 2388 5399 Corbeiensis
2404 5340 2870 5409 codexiA'lii—tltssv.’
3185 5406 3201 5434 ,
3226 5375 3470 5441 accipien-

1947 5415 2012 5450 m.

1913 5413 2012 5452 um.

1937 5463 2098 5548 ire:
2117 5466 2358 5548 Ptsrime
2378 5476 2646 5548 επεεεςψηι-

1939 5525 2010 5590 (a)
2037 5525 2134 5600 βοά
2157 5525 2483 5604 ὶιινεὶιιίιίιτῖίί
2500 5525 2643 5589 libris
2662 5545 2744 5604 qui
2784 5555 2978 5601 exstant
2999 5555 3244 5610 Ciceronis
3268 5569 3320 5613 et
3351 5567 3466 5630 Hip.

1939 5597 2096 5630 Brallﬁ-
2123 5599 2342 5630 Ruunt-nr-
2359 5599 2636 5630 l‘innnnnnyn
2661 5603 2752 5630 lann
2773 5607 2952 5630 .l:-.:._-,_
2978 5615 2988 5630 ε
3043 5616 3086 5630 ι..
3144 5619 3172 5630 ..
3243 5624 3254 5630 -

1874 5595 2096 5646 ιξοοτθιίε.
2115 5595 2342 5666 _Suspicor
2359 5599 2636 5650 ciceronem
2661 5595 2752 5653 [ioc
2773 5595 3294 5673 dixisse'iti-lvihe‘tlotle
3303 5595 3462 5679 ἶτῇῖξξτ

1874 5661 2020 5679 mm...
2045 5666 2124 5679 η...
2145 5663 2376 5679 ,,..,.,.-..η
2399 5661 2664 5679 ι..-------μ·-
2715 5668 2724 5676 -
2863 5675 2872 5679 -

1871 5661 2686 5740 StigmattentLusinsjieaerit,
2713 5661 3458 5740 inveniet"tntilliltt'tnvlacerti};J

1871 5723 1990 5772 que,
2015 5721 2068 5764 et
2089 5714 2286 5776 plenum
2309 5714 2596 5774 tuendorum
2617 5714 3452 5804 m’ddsiiini'é'éiﬁiﬁieﬁ'éiii‘éi:

1938 5833 2007 5864 Mn
2028 5838 2162 5864 rh“...
2212 5843 2383 5864 vr..-...l
2426 5845 2458 5864 ω
2504 5847 2554 5864 Δ-
2583 5849 2633 5864 ..ο
2672 5853 2682 5864 .
2755 5863 2759 5864 ,
2821 5859 2832 5864 -
2974 5863 2982 5864 ,
3105 5811 3214 5854 LUD-
3241 5817 3396 5864 νιῖεδ.

1958 5833 2007 5898 b)
2028 5838 2180 5890 Cicer.
2212 5843 2402 5894 Tuscul.
2426 5845 2474 5912 2,
2497 5847 2560 5900 de
2583 5849 2784 5906 Divinat.
2815 5859 2858 5923 1,
2887 5869 2937 5912 et
2957 5863 3019 5914 de
3043 5833 3236 5923 06:3.
