4038 6556
518 407 636 467 145

528 533 706 581 torum
736 524 923 581 eodem
956 534 1191 595 tempore
1232 524 1284 579 in
1322 524 1478 580 unius
1506 526 1739 598 regionis
1766 537 1903 583 terra
1933 527 2105 583 eidem

526 616 667 674 calo
690 616 896 673 subdita
924 615 1189 686 potuerint
1217 614 1422 684 concipi
1451 625 1506 671 et
1545 618 1723 684 nasci,
1755 618 1936 672 nescio
1954 618 2107 687 cujus

527 706 599 762 sit
624 707 939 763 insolentiae.
972 704 1078 761 Nos
1101 714 1278 761 autem
1308 705 1552 762 novimus
1582 709 1854 779 geminos,
1881 720 1985 764 neu
2013 724 2103 763 so-

524 796 638 852 lum
664 804 814 852 actus
840 804 895 851 et
918 797 1372 867 peregrinationes
1395 797 1593 854 habere
1616 798 1855 856 diversas
1875 839 1890 867 ,
1916 814 2103 859 verum

521 885 682 942 etiam
709 885 951 957 dispares
974 888 1317 958 tegritudines
1341 890 1568 960 perpeti.
1599 889 1675 945 De
1700 905 1802 960 qua
1832 904 1893 946 re
1918 889 2106 946 facilli-

522 992 685 1045 mam,
712 986 964 1048 quantum
989 976 1122 1033 mihi
1152 977 1377 1045 videtur,
1409 979 1667 1034 rationem
1705 979 1953 1037 redderet
1980 979 2105 1049 Hip-

514 1077 766 1138 pocrates
789 1110 805 1137 ,
835 1068 1061 1125 diversis
1084 1069 1351 1126 alimentis
1379 1078 1433 1125 et
1458 1069 1925 1126 exercitationibus
1942 1111 1957 1136 ,
1983 1086 2104 1140 quae

521 1172 628 1215 non
654 1157 721 1214 de
744 1159 985 1230 corporis
1012 1159 1416 1229 temperatione,
1442 1160 1537 1216 sed
1558 1160 1625 1217 de
1643 1161 1806 1217 animi
1833 1161 2103 1218 voluntate

518 1249 771 1316 veniunt,
799 1249 1086 1306 dissimiles
1110 1251 1189 1306 eis
1212 1250 1453 1313 accidere
1482 1252 1721 1323 potuisse
1745 1251 2099 1308 valetudines.

517 1336 688 1397 Porro
711 1350 886 1397 autem
906 1342 1244 1409 Posidonius,
1264 1343 1346 1399 vel
1366 1343 1589 1414 quilibet
1604 1345 1839 1401 latalium
1866 1345 2100 1401 siderum

514 1439 769 1499 assertor,
797 1432 989 1488 mirum
1020 1433 1066 1490 si
1107 1442 1287 1505 potest
1312 1433 1399 1490 hic
1426 1434 1670 1492 invenire
1696 1435 1822 1506 quid
1850 1436 2027 1505 dicat,
2054 1437 2101 1492 si

505 1523 651 1581 nolit
672 1524 1037 1596 imperitorum
1066 1527 1335 1584 mentibus
1360 1528 1413 1583 in
1436 1528 1535 1598 eis,
1566 1544 1698 1600 quas
1724 1530 1987 1597 nesciunt,
2015 1547 2103 1587 re-

504 1613 615 1672 bus
627 1614 871 1672 illudere.
887 1616 1039 1685 Quod
1056 1617 1200 1672 enim
1219 1626 1480 1674 conantur
1495 1618 1711 1676 efﬁcere
1730 1620 1797 1676 de
1818 1621 2098 1677 intervallo

500 1706 710 1777 exiguo
730 1708 1008 1778 temporis,
1031 1708 1170 1779 quod
1194 1709 1332 1764 inter
1356 1725 1414 1765 se
1426 1712 1644 1782 gemini,
1667 1712 1792 1767 dum
1814 1727 2099 1767 nasceren-

506 1803 623 1866 tur,
654 1795 973 1865 habuerunt,
1000 1809 1221 1869 pr0pter
1249 1799 1372 1856 coeli
1399 1801 1735 1870 particulam,
1764 1801 1854 1857 ubi
1883 1803 2097 1872 ponitur

508 1885 662 1944 horae
682 1889 905 1956 notatio,
923 1903 1082 1959 quem
1110 1890 1464 1963 horoscopum
1488 1903 1705 1961 vocant;
1738 1902 1829 1949 aut
1851 1908 1955 1948 non
1979 1902 2097 1949 tan-

504 1982 622 2031 tum
650 1977 809 2046 valet,
837 1986 1032 2048 quanta
1062 1979 1330 2035 invenitur
1357 1982 1411 2036 in
1439 1983 1770 2052 geminorum
1802 1983 2093 2039 voluntati-

501 2065 629 2134 bus,
658 2068 882 2137 actibus,
907 2070 1164 2139 moribus,
1191 2071 1505 2144 casibusque
1524 2073 1834 2140 diversitas;
1860 2085 1950 2130 aut
1976 2076 2093 2145 plus

507 2160 665 2215 etiam
685 2160 848 2229 valet,
874 2178 1032 2232 quam
1058 2170 1142 2219 est
1165 2163 1498 2235 geminorum
1523 2166 1604 2220 vel
1632 2166 1903 2222 humilitas
1927 2183 2091 2239 gene-

493 2251 583 2306 ris
603 2251 815 2319 eadem,
838 2253 919 2307 vel
943 2253 1211 2319 nobilitas,
1238 2254 1389 2325 cujus
1417 2255 1701 2310 maximam
1726 2255 2088 2312 diversitatem

502 2342 715 2398 nonnisi
750 2343 804 2398 in
835 2343 1004 2412 hora,
1049 2360 1151 2415 qua
1179 2346 1405 2416 quisque
1443 2347 1706 2413 nascitur,
1738 2357 1961 2416 ponunt.
2012 2349 2090 2401 Ac

490 2446 598 2503 .pcr
622 2431 727 2489 hoc
744 2476 759 2500 ,
787 2434 834 2490 si
860 2444 965 2489 tam
991 2434 1238 2492 celeriter
1262 2435 1395 2490 alter
1423 2445 1542 2506 post
1571 2436 1798 2491 alterum
1829 2437 2084 2505 nascitur,

499 2531 557 2578 ut
573 2523 760 2579 eadem
785 2539 907 2594 pars
927 2524 1209 2595 horoscopi
1232 2534 1462 2591 maneat,
1494 2534 1683 2580 cuncta
1714 2525 1857 2596 paria
1880 2541 2083 2596 quaero,

499 2627 621 2682 quae
648 2613 699 2667 in
727 2613 886 2668 nullis
910 2623 1131 2684 possunt
1166 2615 1394 2686 geminis
1424 2616 1684 2670 inveniri:
1717 2616 1760 2670 si
1790 2626 1964 2671 autem
1996 2633 2084 2673 se-

496 2701 710 2771 quentis
736 2702 953 2758 tarditas
974 2703 1331 2775 boroscopum
1353 2714 1541 2771 mutat,
1570 2715 1817 2775 parentes
1843 2706 2084 2763 diversos

494 2808 700 2864 quaem,
730 2811 864 2866 quos
891 2796 1085 2868 gemini
1114 2796 1311 2853 habere
1338 2813 1444 2852 non
1475 2807 1715 2868 possunt.

498 2903 724 2961 CAPUT
761 2905 847 2961 ΙΙΙ.
875 2937 930 2949 -
969 2906 1050 2963 De
1069 2918 1365 2979 argmnento
1394 2910 1531 2979 quod
1557 2924 1620 2963 ea:
1650 2920 1762 2963 rota
1798 2909 1945 2982 figuli
1982 2909 2082 2966 Ni-

563 2997 731 3067 gidius
754 2999 1133 3055 mathematicus
1154 2999 1428 3070 assumpsit
1459 3000 1514 3054 in
1552 3001 1826 3070 quastione
1848 3003 2077 3073 gemino-

564 3104 676 3141 rum
683 3127 698 3143 .

562 3198 782 3256 Frustra
809 3202 988 3273 itaque
1011 3201 1229 3257 πίτυι-ων
1254 3201 1431 3259 nobile
1468 3202 1596 3258 illud
1617 3212 1977 3260 commentum
2008 3204 2077 3262 de

490 3292 637 3364 ﬁguli
678 3300 827 3361 rota,
872 3294 1013 3364 quod
1061 3293 1401 3365 respondisse
1441 3292 1618 3350 ferunt
1651 3294 1915 3366 Nigidium
1972 3297 2076 3355 hac

482 3384 782 3456 quastione
798 3387 1086 3453 turbatum,
1105 3387 1247 3442 unde
1258 3396 1313 3442 et
1327 3386 1543 3457 Figulus
1558 3388 1853 3457 appellatus
1870 3398 1952 3443 est
1972 3388 2071 3458 (a).

491 3475 630 3530 Dum
658 3476 801 3531 enim
832 3485 1003 3532 rotam
1034 3476 1181 3546 ﬁguli
1213 3476 1262 3530 vi
1298 3487 1493 3548 quanta
1523 3478 1695 3546 potuit
1736 3478 2069 3546 intorsisset,

487 3574 737 3621 currente
778 3565 866 3621 illa
894 3565 976 3621 bis
1006 3580 1228 3621 numero
1257 3565 1326 3622 de
1355 3573 1654 3621 atramento
1687 3575 1935 3636 tanquam
1967 3583 2072 3623 uno

470 3653 602 3725 .ejus
632 3654 752 3712 loco
777 3670 982 3711 summa
1011 3655 1287 3713 celeritate
1312 3655 1612 3726 percussit;
1641 3657 1832 3712 deinde
1858 3659 2070 3713 inventa

486 3756 613 3803 sunt
633 3747 782 3819 signa
803 3789 820 3816 ,
848 3764 965 3820 qua:
999 3748 1216 3818 ﬁxerat,
1244 3749 1537 3804 desistente
1564 3758 1708 3804 motu
1726 3791 1741 3815 ,
1774 3765 1879 3805 non
1904 3766 2068 3820 parvo

485 3838 765 3894 intervallo
791 3840 846 3896 in
889 3848 1023 3895 I'OltB
1065 3840 1208 3894 illius
1247 3841 1581 3895 extremitate
1617 3838 1888 3894 distantia.
1933 3840 2023 3896 Sic
2047 3882 2063 3910 ,

485 3932 686 4003 inquit,
718 3931 775 3987 in
806 3941 950 3987 tanta
990 3932 1279 4002 rapacitate
1307 3932 1428 3988 caeli
1464 3971 1481 3997 ,
1529 3933 1735 3987 etiamsi
1777 3932 1913 3988 alter
1944 3942 2064 4003 post

485 4026 712 4081 alterum
755 4032 900 4080 tanta
927 4024 1203 4081 celeritate
1244 4033 1511 4089 nascatur,
1542 4034 1739 4093 quanta
1774 4033 1943 4080 rotam
1982 4024 2065 4081 bis

481 4119 600 4187 ipse
636 4117 903 4188 percussi,
950 4117 1002 4171 in
1048 4116 1170 4173 caeli
1227 4117 1400 4187 spatio
1440 4116 1721 4186 plurimum
1760 4124 1844 4172 est
1886 4134 1901 4171 :
1942 4116 2065 4173 hinc

481 4207 876 4279 sttnt,~inquit,
925 4222 1273 4278 quzeeumque
1313 4207 1666 4261 dissimillima
1715 4208 2060 4277 perhibentur

480 4302 537 4355 in
580 4298 818 4356 moribus
860 4298 1176 4369 casibusque
1215 4299 1570 4370 geminorum.
1597 4298 1711 4355 Hoc
1755 4301 2061 4371 ﬁgmentum

482 4390 721 4463 fragilius
761 4400 874 4458 est,
903 4405 1062 4459 quam
1092 4404 1250 4457 vasa,
1280 4404 1400 4460 quae
1426 4389 1512 4443 illa
1542 4391 1807 4447 rotatione
1850 4390 2059 4461 lingun-

482 4492 588 4537 tur.
614 4480 749 4537 Nam
771 4482 817 4537 si
842 4490 947 4537 tam
986 4481 1210 4537 multum
1241 4482 1293 4536 in
1313 4481 1452 4537 caelo
1483 4482 1741 4547 interest,
1771 4482 1910 4552 quod
1934 4498 2061 4537 con-

480 4571 868 4628 stellationihus
904 4571 1279 4642 comprehendi
1318 4586 1424 4627 non
1465 4579 1663 4643 potest,
1692 4580 1752 4626 ut
1786 4572 1938 4627 alteri
1964 4587 2058 4643 ge-

478 4661 748 4718 minorum
787 4661 1069 4719 hrereditas
1109 4661 1391 4730 obveniat,
1433 4661 1588 4718 alteri
1625 4675 1734 4718 non
1775 4663 2054 4728 obveniat;

477 4767 577 4809 cur
616 4751 815 4809 audent
840 4754 1080 4820 creteris,
1110 4754 1200 4824 qui
1236 4752 1432 4824 gemini
1479 4768 1587 4809 non
1616 4763 1781 4820 sunt,
1807 4768 1930 4811 cum
1973 4754 2057 4810 in-

478 4844 752 4915 spexerint
791 4858 976 4900 eorum
1004 4844 1436 4900 constellationes
1458 4883 1474 4911 ,
1504 4844 1626 4903 talia
1670 4846 2015 4914 pronuntiare
2039 4886 2055 4912 ,

476 4949 600 5005 qua:
635 4933 704 4990 ad
740 4934 866 4990 illud
903 4945 1167 4990 secretum
1194 4935 1491 5005 pertinent,
1522 4933 1663 5005 quod
1701 4951 1858 4991 nemo
1883 4945 2059 5007 potest

477 5024 970 5096 comprehendere,
1000 5033 1055 5081 et
1089 5025 1375 5081 momentis
1397 5032 1656 5080 annotare
1683 5027 2057 5082 nascentium?

479 5114 539 5171 Si
563 5123 742 5173 autem
767 5124 1049 5188 propterea
1068 5115 1191 5170 talia
1212 5114 1396 5171 dicunt
1421 5115 1476 5170 in
1501 5114 1723 5171 aliorum
1762 5117 2019 5188 genituris
2036 5158 2053 5187 ,

477 5206 601 5277 quia
629 5207 744 5263 ha:c
766 5207 833 5263 ad
858 5207 1195 5278 productiora
1221 5208 1389 5277 spatia
1418 5213 1715 5277 temporum
1750 5209 2053 5279 pertinent;

475 5305 749 5353 momenta
777 5312 903 5354 vero
945 5297 1031 5353 illa
1077 5296 1303 5369 partium
1351 5295 1710 5365 minutarum,
1749 5313 1868 5368 quae
1916 5299 2056 5355 inter

474 5403 538 5446 se
563 5389 758 5461 gemini
783 5399 1005 5460 possunt
1042 5389 1238 5445 habere
1274 5398 1584 5455 nascentes,
1620 5389 1781 5445 rebus
1820 5390 2055 5448 minimis

474 5480 800 5549 tribuuntur,
826 5479 894 5536 de
913 5480 1157 5552 qualibus
1180 5480 1543 5536 mathematici
1566 5495 1674 5536 non
1708 5481 1883 5536 solent
1923 5496 2054 5537 con-

473 5572 583 5628 suli
626 5589 641 5627 :
685 5571 831 5643 (quis
871 5571 1013 5629 enim
1051 5573 1293 5629 consulat
1329 5570 1542 5644 quando
1584 5571 1804 5641 sedeat,
1843 5572 2053 5645 quando

468 5661 812 5729 deambulet,
862 5663 1077 5733 quando
1117 5663 1202 5719 vel
1251 5663 1378 5735 quid
1415 5660 1757 5736 prandeat?)
1798 5664 2054 5735 numquid

500 5857 508 5867 ,
536 5794 613 5905 (αξ
636 5794 802 5856 Nigidii
825 5795 1043 5845 meminit
1065 5802 1116 5843 A.
1140 5795 1240 5848 Gel.
1259 5832 1275 5860 ,
1300 5794 1385 5850 lib.
1408 5797 1503 5861 19,
1536 5808 1641 5861 cap.
1670 5796 1747 5861 Η»
1771 5804 1823 5850 et
1844 5804 2011 5851 Lucan.
2032 5834 2049 5861 ,

500 5856 561 5905 ib.
621 5892 634 5905 .
658 5869 787 5905 vera.
811 5856 904 5905 659
927 5863 977 5905 et
1000 5870 1140 5905 seno.

479 5854 561 5906 lib.
593 5854 634 5918 l,
658 5854 787 5909 vera.
811 5856 904 5906 659
927 5863 977 5907 et
1000 5870 1140 5921 seqq.

1583 413 1672 470 DE
1710 414 2029 472 CIVITATE
2068 415 2203 486 DEI,
2244 419 2301 474 S.
2343 416 2708 481 AUGUSTlNl

3691 436 3792 496 ιη

2214 529 2315 585 ista
2336 531 2571 589 dicimus
2591 575 2607 602 ,
2633 535 2845 607 quando
2874 536 2927 591 in
2956 537 3213 608 moribus,
3246 542 3493 611 operibus
3512 585 3527 611 ,
3555 547 3790 604 casibus-

2212 637 2314 691 que
2341 624 2673 693 geminorum
2703 627 2927 698 plurima
2955 628 3347 705 plurimumque
3382 636 3594 694 diversa
3635 655 3789 698 mon-

2211 715 2482 769 stramus?

2209 812 2435 882 CAPUT
2473 825 2561 883 Ν.
2587 827 2762 886 -—De
2804 828 2943 887 Esau
2986 843 3034 891 et
3076 834 3237 892 Jacob
3278 841 3525 912 geminis,
3574 847 3789 904 multum

2315 918 2447 973 inter
2469 935 2523 974 se
2547 936 2741 977 morum
2757 935 2807 979 et
2831 927 3083 983 actionum
3106 932 3344 1002 qualitate
3372 934 3677 1007 disparibus.

2278 1028 2397 1085 Nati
2423 1041 2548 1089 sunt
2574 1034 2681 1090 duo
2708 1040 2900 1108 gemini
2928 1041 3143 1113 antiqua
3174 1056 3380 1115 patrum
3407 1053 3663 1109 memoria
3695 1055 3788 1129 (ut

2207 1119 2276 1177 de
2301 1122 2594 1194 insignibus
2636 1126 2845 1198 loquar)
2874 1130 2952 1187 sic
2988 1133 3124 1188 alter
3152 1147 3272 1205 post
3312 1138 3536 1197 alterum
3556 1185 3573 1213 ,
3602 1152 3660 1199 ut
3683 1119 3788 1216 po.

2207 1214 2401 1268 sterior
2429 1215 2659 1285 plantam
2692 1221 2884 1289 prioris
2911 1229 3136 1280 teneret.
3167 1225 3334 1284 Tanta
3363 1232 3415 1284 in
3456 1247 3639 1290 eorum
3677 1214 3784 1296 vita

2206 1302 2422 1360 luerunt
2461 1309 2805 1380 moribusque
2841 1311 3051 1370 diversa
3072 1358 3086 1383 ,
3118 1325 3259 1373 tanta
3286 1320 3337 1375 in
3367 1322 3572 1380 actibus
3600 1328 3782 1398 dispa-

2205 1395 2404 1463 rilitas,
2446 1406 2588 1454 tanta
2637 1401 2687 1454 in
2729 1412 3007 1471 parentum
3055 1424 3235 1465 amore
3275 1411 3649 1473 dissimilitudo
3668 1395 3700 1486 ξ
3725 1430 3783 1478 ut

2204 1491 2362 1545 etiam
2391 1493 2634 1548 inimicos
2654 1511 2749 1552 eos
2770 1497 2909 1554 inter
2930 1514 2987 1555 se
3007 1500 3205 1558 faceret
3225 1505 3336 1575 ipsa
3358 1507 3601 1565 distantia
3624 1509 3778 1580 (Gen.

2205 1594 2337 1648 xxv,
2364 1581 2575 1656 εει-34).
2604 1584 2868 1658 Numquid
2907 1589 3010 1646 hoc
3045 1592 3270 1657 dicitur,
3309 1599 3431 1669 quia
3458 1617 3563 1657 uno
3588 1604 3780 1660 ambu-

2202 1669 2346 1728 lante
2375 1674 2509 1729 alius
2533 1677 2784 1745 sedebat,
2813 1690 2868 1735 et
2892 1682 2997 1737 alio
3025 1682 3322 1743 dormiente
3348 1690 3484 1746 alius
3504 1692 3776 1764 vigilabat,

2200 1763 2306 1818 alio
2348 1764 2595 1837 loquente
2639 1770 2773 1826 alius
2812 1773 3044 1835 tacebat:
3087 1792 3206 1847 qua:
3248 1782 3513 1849 pertinent
3552 1783 3618 1840 ad
3658 1763 3779 1844 illas

2200 1855 2449 1912 minutias
2466 1899 2483 1925 ,
2514 1875 2633 1930 quae
2659 1878 2765 1917 non
2795 1875 3016 1933 possunt
3050 1867 3118 1922 ab
3145 1868 3223 1924 eis
3243 1874 3621 1941 comprehendi
3641 1917 3657 1942 ,
3685 1878 3777 1948 qui

2197 1946 2632 2005 constitutionem
2661 1951 2894 2009 siderum
2911 1996 2926 2022 ,
2971 1972 3072 2027 qua
3099 1959 3324 2031 quisque
3351 1964 3604 2034 nascitur,
3626 1946 3779 2023 scri-

2197 2035 2365 2104 bunt,
2411 2039 2551 2096 unde
2603 2042 2961 2101 mathematici
3004 2049 3387 2107 consulantur?
3436 2054 3584 2111 Unus
3623 2057 3778 2115 duxit

2195 2132 2577 2186 mercenariam
2603 2135 2914 2191 servitutem
2937 2178 2952 2204 ,
2982 2138 3118 2194 alius
3150 2155 3253 2196 non
3294 2132 3548 2211 servivit;
3578 2163 3714 2204 unus
3741 2164 3776 2205 a

2194 2228 2364 2274 matre
2382 2219 2721 2291 diligebatur,
2753 2225 2889 2279 alius
2916 2242 3019 2282 non
3049 2228 3407 2300 diligebatur;
3438 2252 3572 2292 unus
3599 2238 3776 2294 hono-

2193 2324 2305 2364 rem
2325 2352 2341 2376 ,
2371 2313 2461 2382 qui
2485 2329 2709 2385 magnus
2750 2318 2889 2387 apud
2930 2334 3025 2374 eos
3049 2320 3362 2391 habebatur,
3395 2327 3603 2394 amisit,
3631 2329 3777 2384 alter

2193 2403 2439 2474 indeptus
2467 2417 2568 2463 est.
2609 2408 2747 2477 Quid
2776 2410 2844 2466 de
2872 2413 3124 2469 uxoribus
3142 2454 3159 2480 ,
3190 2417 3317 2485 quid
3357 2417 3424 2473 de
3453 2418 3573 2474 ﬁliis
3594 2462 3608 2486 ,
3640 2422 3774 2491 quid

2191 2494 2258 2549 de
2300 2496 2500 2566 rebus,
2543 2510 2736 2570 quanta
2776 2502 3099 2561 diversitas?
3130 2505 3244 2579 [V.]
3286 2507 3344 2563 Si
3384 2525 3511 2581 ergo
3548 2511 3662 2568 hzec
3698 2513 3775 2569 ad

2190 2585 2309 2641 illas
2336 2589 2596 2657 pertinent
2634 2593 2885 2650 minutias
2913 2605 3210 2668 temporum
3230 2640 3245 2666 ,
3272 2615 3391 2671 quae
3417 2602 3558 2657 inter
3578 2619 3637 2660 se
3674 2605 3776 2659 ha-

2187 2677 2313 2732 bent
2340 2681 2570 2750 gemini,
2602 2692 2656 2738 et
2693 2686 3185 2744 constellationihus
3214 2705 3317 2745 non
3357 2691 3769 2762 adseribuntur;

2186 2782 2350 2838 quare
2376 2770 2601 2826 aliorum
2630 2774 3123 2832 constellationihus
3152 2779 3407 2850 inspectis
3440 2782 3539 2837 ista
3573 2783 3774 2840 dicun-

2188 2861 2304 2914 tur?
2328 2860 2381 2916 Si
2417 2874 2593 2920 autem
2633 2865 2753 2921 ideo
2776 2867 3039 2935 dicuntur,
3068 2872 3190 2940 quia
3222 2888 3326 2939 non
3352 2873 3418 2927 ad
3446 2874 3644 2929 minuta
3682 2877 3772 2929 in-

2183 2954 2679 3024 comprehensibilia
2700 3000 2716 3024 ,
2740 2960 2831 3015 sed
2862 2960 2928 3014 ad
2957 2969 3253 3031 temporum
3279 2965 3447 3033 spatia
3469 2967 3769 3037 pertinent,

2182 3059 2301 3114 qua),
2327 3047 2598 3103 observari
2631 3051 2908 3122 notarique
2936 3064 3191 3123 possunt;
3218 3056 3343 3125 quid
3382 3056 3469 3112 hic
3506 3059 3614 3130 agit
3642 3069 3772 3117 rota

2180 3135 2272 3191 illa
2317 3136 2495 3208 ﬁguli,
2543 3140 2643 3197 nisi
2681 3150 2738 3196 ut
2775 3145 3018 3200 homines
3056 3146 3260 3201 luteum
3287 3162 3382 3202 cor
3409 3147 3665 3205 habentes
3703 3150 3771 3214 in

2178 3250 2369 3311 gyrum
2415 3238 2728 3307 mittantur,
2786 3255 2854 3296 ne
2898 3240 3397 3298 mathematicorum
3455 3244 3771 3316 vaniloquia

2178 3328 2562 3384 convincuntur
2576 3329 2601 3382 l

2177 3438 2402 3496 CAPUT
2442 3439 2506 3496 V.
2537 3471 2612 3483 —
2638 3441 2830 3509 Quibus
2856 3445 3019 3500 modis
3043 3449 3400 3504 convincuntur
3416 3450 3771 3508 mathematici

2592 3551 2773 3589 vanam
2799 3538 3055 3591 scientiam
3079 3541 3329 3610 proﬁteri.

2244 3641 2381 3708 Quid
2420 3643 2576 3699 iidem
2620 3646 2754 3715 ipsi,
2800 3664 3023 3719 quorum
3066 3652 3312 3708 morbum
3336 3692 3351 3718 ,
3381 3653 3523 3725 quod
3561 3654 3770 3713 eodem

2176 3740 2415 3802 tempore
2438 3736 2650 3804 gravior
2672 3738 2945 3810 leviorque
2972 3741 3260 3811 apparebat
3288 3744 3564 3800 amborum
3591 3788 3606 3813 ,
3639 3763 3769 3806 me-

2172 3822 2472 3881 dicinaliter
2499 3828 2789 3897 inspiciens
2832 3829 3208 3899 Hippocrates,
3235 3834 3479 3903 geminos
3512 3840 3771 3909 suspica-

2174 3922 2258 3970 tus
2283 3926 2399 3986 est,
2427 3932 2604 3974 nonne
2641 3923 2770 3977 satis
2800 3921 2928 3976 istos
2955 3923 3312 3995 redarguunt,
3340 3928 3429 3996 qui
3460 3928 3646 3985 volunt
3674 3932 3769 3987 si-

2169 4005 2384 4061 deribus
2408 4006 2537 4061 dare
2554 4048 2570 4074 ,
2603 4009 2743 4078 quod
2769 4008 2836 4065 de
2860 4025 3142 4082 corporum
3171 4014 3331 4069 simili
3368 4020 3772 4089 temperatione

2168 4098 2449 4153 veniebat?
2467 4098 2575 4154 Cur
2596 4100 2738 4155 enim
2763 4101 3007 4158 similiter
3029 4103 3327 4176 eodemque
3351 4115 3607 4179 tempore,
3636 4126 3770 4170 non

2167 4189 2300 4244 alter
2345 4190 2509 4260 prior,
2563 4192 2698 4247 alter
2740 4195 3005 4263 posterior
3044 4197 3406 4266 :egrotabant,
3455 4199 3594 4255 sicut
3636 4205 3771 4260 nati

2166 4282 2410 4351 fuerant,
2434 4286 2555 4354 quia
2579 4286 2755 4357 utique
2781 4288 2939 4343 simul
2963 4290 3111 4345 nasci
3140 4292 3299 4347 ambo
3328 4307 3433 4347 non
3461 4296 3771 4362 peterent?

2165 4375 2273 4428 Aut
2298 4374 2341 4428 si
2371 4374 2501 4429 nihil
2532 4379 2786 4433 momenti
2816 4379 3028 4448 attulit,
3059 4390 3116 4436 ut
3147 4382 3372 4438 diversis
3414 4384 3773 4455 temporibus

2164 4475 2524 4536 :rgrotarent,
2573 4469 2714 4539 quod
2770 4470 2994 4527 diversis
3048 4476 3377 4545 temporibus
3431 4480 3541 4534 nati
3578 4493 3767 4552 sunt;

2161 4574 2327 4630 quare
2355 4569 2563 4632 tempus
2590 4562 2644 4618 in
2690 4565 2957 4621 nascendo
3000 4566 3265 4622 diversum
3294 4565 3357 4623 ad
3399 4570 3618 4627 aliarum
3653 4590 3772 4633 re-

2162 4670 2281 4709 rum
2324 4654 2660 4711 diversitates
2697 4656 2876 4713 valere
2915 4660 3281 4716 contendunt?
3316 4662 3424 4717 Cur
3449 4672 3775 4733 potuerunt

2161 4745 2383 4801 diversis
2413 4745 2741 4815 temporibus
2771 4749 3133 4819 peregrinari,
3160 4751 3384 4810 diversis
3410 4756 3778 4824 temporibus

2160 4837 2357 4892 ducere
2379 4852 2571 4893 uxores
2592 4880 2608 4906 ,
2634 4838 2861 4898 diversis
2887 4845 3213 4913 temporibus
3252 4845 3387 4901 ﬁlios
3414 4862 3720 4916 procreare
3749 4897 3772 4924 ,

2160 4937 2215 4982 et
2256 4929 2424 4983 multa
2465 4929 2605 4994 alia,
2651 4942 2926 5001 propterea
2971 4936 3091 5004 quia
3137 4936 3363 4992 diversis
3410 4943 3781 5009 temportbus

2160 5021 2269 5074 nati
2315 5028 2473 5087 sunt,
2517 5031 2573 5076 et
2618 5037 2722 5076 non
2766 5034 3052 5094 potuerunt
3079 5027 3265 5081 eadem
3309 5042 3466 5083 musa
3508 5030 3780 5094 diversis

2159 5112 2318 5166 etiam
2346 5114 2670 5182 temporibus
2691 5116 2989 5185 :t-grotare?
3010 5116 3064 5172 Si
3094 5118 3234 5172 enim
3264 5120 3447 5189 dispar
3481 5128 3781 5185 nascendi

2160 5219 2307 5259 mora
2335 5207 2559 5260 mutavit
2601 5205 2952 5276 horoscopum
2979 5251 2994 5277 ,
3026 5218 3083 5265 et
3116 5210 3519 5281 disparilitatem
3561 5214 3785 5278 intulit

2155 5295 2365 5350 cteteris
2409 5297 2601 5362 rebus;
2635 5311 2732 5351 cur
2782 5298 2907 5353 illud
2960 5302 3012 5355 in
3056 5303 3457 5371 {egritudinibus
3500 5310 3726 5382 mansit
3757 5354 3784 5381 ,

2157 5386 2298 5456 quod
2324 5385 2553 5441 habebat
2578 5386 2629 5441 in
2671 5390 2927 5459 temporis
2953 5393 3251 5461 mqualitate
3275 5396 3607 5464 conceptus?
3638 5402 3791 5460 Aut.

2156 5476 2202 5530 si
2247 5475 2353 5531 lata
2394 5477 2709 5533 valetudinis
2734 5480 2787 5534 in
2830 5492 3089 5551 conceptu
3131 5492 3289 5550 sunt,
3332 5485 3557 5540 aliarum
3605 5502 3790 5548 vero

2155 5580 2336 5622 rerum
2379 5567 2432 5623 in
2469 5577 2591 5624 ortu
2617 5584 2736 5627 esse
2764 5571 3028 5639 dicuntur,
3063 5589 3167 5629 non
3197 5575 3455 5631 deberent
3480 5578 3794 5646 inspectis

2155 5659 2409 5714 natalium
2437 5661 2930 5717 constellationihus
2971 5663 3039 5718 de
3075 5664 3379 5721 valetudine
3407 5666 3601 5736 aliquid
3665 5674 3793 5732 di-

2160 5767 2284 5811 cere
2302 5795 2317 5821 ,
2339 5753 2548 5824 quando
2568 5753 2647 5808 cis
2670 5752 2995 5823 inspicienda
3024 5757 3440 5824 conceptionalis
3468 5758 3596 5813 hora
3637 5778 3796 5827 non

2158 5846 2331 5902 datur.
2364 5846 2421 5903 Si
2453 5856 2627 5904 autem
2660 5846 2779 5902 ideo
2822 5847 3177 5918 praenuntiant
3219 5852 3557 5920 :rgritudines
3578 5896 3591 5921 ,
3637 5874 3793 5921 non
