4038 6490
163 5704 182 5860 ἒ

255 373 356 430 N5

253 491 488 560 inspecto
514 493 890 564 conceptionis
929 495 1253 566 horoscopo,
1297 498 1416 567 quia
1463 497 1696 554 indicant
1748 513 1838 554 eas

252 591 520 638 momenta
547 588 887 642 nascentium
915 603 929 651 ;
957 588 1222 659 quomodo
1247 589 1484 646 dicerent
1503 591 1719 647 cuilibet
1743 608 1839 646 eo-

202 675 372 772 l’rum
419 673 764 742 geminorum
797 689 864 731 ex
894 677 1183 732 nativitatis
1226 678 1353 733 hora
1373 721 1390 746 ,
1419 680 1629 750 quando
1671 696 1840 751 aegro-

253 773 460 818 taturus
480 774 660 832 esset,
694 781 817 822 eum
853 777 909 824 et
936 769 1073 824 alter
1093 771 1182 840 qui
1208 787 1312 825 non
1343 771 1572 828 habebat
1596 773 1838 832 ωιιιόοηι

253 853 442 910 horam
471 857 766 913 nativitatis
787 900 802 924 ,
832 874 1052 916 necesse
1084 861 1303 917 haberet
1325 862 1522 932 pariter
1544 865 1840 933 aegrotare?

253 946 457 1002 Deinde
485 963 672 1017 quarto
696 989 712 1015 ,
740 949 785 1003 si
813 959 956 1004 tanta
985 951 1234 1006 distantia
1269 961 1352 1007 est
1380 953 1635 1023 temporis
1659 954 1710 1008 in
1747 969 1841 1009 na-

254 1040 466 1095 tivitnte
506 1041 844 1110 geminorum
868 1083 884 1109 ,
929 1052 987 1098 ut
1027 1059 1122 1114 per
1153 1045 1288 1100 hanc
1323 1055 1566 1115 oporteat
1600 1046 1680 1102 eis
1712 1061 1840 1104 con-

253 1131 590 1187 stellationcs
640 1133 755 1187 fieri
798 1133 1074 1201 diversas,
1109 1145 1325 1205 propter
1360 1137 1630 1191 diversum
1676 1136 1838 1192 horo-
1901 1160 1904 1162 ν

216 1292 226 1304 ,
254 1235 477 1290 scopum
499 1263 514 1286 ,
545 1231 602 1278 et
625 1224 696 1278 ob
724 1223 828 1280 hoc
853 1225 1094 1280 diversos
1123 1241 1308 1281 omnes
1335 1227 1580 1282 cardines
1607 1227 1702 1297 (a),
1753 1228 1840 1283 ubi

255 1319 402 1367 tanta
443 1313 525 1369 vis
552 1315 788 1384 ponitur,
819 1325 875 1370 ut
923 1317 1048 1372 hinc
1088 1319 1249 1373 etiam
1292 1319 1499 1374 diversa
1543 1320 1650 1375 sint
1693 1319 1837 1386 fata;

256 1402 396 1457 unde
420 1402 527 1459 hoc
556 1404 804 1462 accidere
835 1408 1044 1476 potuit,
1066 1423 1188 1463 eum
1214 1424 1398 1464 eorum
1437 1420 1724 1480 conceptus
1761 1411 1841 1465 di-

254 1507 471 1548 versum
515 1503 723 1565 tempus
757 1495 955 1553 habere
989 1515 1094 1554 non
1131 1501 1340 1569 possit?
1369 1503 1474 1556 Aut
1523 1503 1567 1557 si
1613 1501 1839 1558 duorum

255 1597 362 1638 uno
385 1595 666 1640 momento
705 1589 959 1657 temporis
999 1600 1374 1660 conceptorum
1403 1599 1687 1660 potuerunt
1720 1607 1840 1648 esse

253 1673 324 1727 ad
357 1674 690 1730 nascendum
726 1676 828 1731 fata
855 1677 1084 1749 disparia
1103 1721 1118 1748 ,
1148 1696 1245 1736 cur
1273 1696 1376 1736 non
1403 1691 1463 1737 et
1485 1682 1706 1737 duorum
1734 1699 1840 1738 uno

255 1773 534 1821 momento
555 1769 813 1838 temporis
831 1779 1074 1826 natorum
1097 1773 1302 1842 possint
1325 1787 1444 1828 esse
1469 1773 1535 1829 ad
1556 1774 1838 1830 vivendum

255 1865 415 1926 atque
456 1857 796 1914 moriendum
827 1861 926 1914 fata
956 1861 1229 1933 disparia?
1262 1863 1395 1919 Nam
1429 1865 1473 1918 si
1519 1880 1680 1919 unum
1727 1881 1841 1919 mo-

255 1957 496 2003 mentum
521 1989 539 2013 ,
570 1964 677 2019 quo
713 1950 874 2006 ambo
902 1954 1144 2023 concepti
1188 1963 1348 2021 sunt,
1381 1970 1486 2009 non
1528 1957 1833 2024 impedivit,

255 2048 310 2094 ut
334 2040 477 2094 alter
518 2041 688 2111 prior,
731 2044 866 2098 alter
904 2047 1163 2114 posterior
1191 2057 1533 2110 nasceretur;
1563 2062 1690 2114 cur,
1733 2064 1838 2106 uno

257 2139 531 2208 momento
552 2135 596 2186 si
622 2131 730 2187 duo
757 2144 1065 2201 nascuntur,
1095 2137 1344 2206 impediat
1369 2137 1596 2208 aliquid,
1626 2148 1682 2194 ut
1705 2139 1838 2194 alter

257 2220 418 2290 prior,
447 2222 585 2277 alter
605 2225 871 2292 posterior
893 2228 1185 2282 moriatur?
1208 2228 1262 2284 Si
1283 2230 1561 2299 conceptio
1581 2233 1836 2287 momenti

257 2313 410 2366 unius
434 2313 683 2370 diversos
709 2331 866 2372 casus
897 2317 949 2372 in
976 2327 1126 2374 utero
1145 2323 1383 2392 geminos
1415 2322 1610 2379 habere
1632 2327 1838 2395 permit-

259 2403 342 2469 tit;
369 2419 469 2458 cur
493 2406 746 2462 nativitas
779 2411 1033 2465 momenti
1061 2412 1217 2468 unius
1244 2428 1348 2469 non
1387 2416 1544 2470 etiam
1573 2417 1839 2486 quoslibet

255 2493 383 2551 duos
403 2496 456 2550 in
484 2505 630 2552 terra
660 2499 901 2556 diversos
928 2517 1082 2557 casus
1111 2503 1307 2560 habere
1333 2507 1640 2575 permittat,
1670 2523 1732 2562 ac
1760 2509 1836 2563 sic

256 2588 424 2642 omnia
458 2588 622 2658 hujus
647 2591 779 2644 artis
808 2593 888 2647 vel
914 2594 1088 2662 potius
1115 2595 1360 2650 vanitatis
1388 2609 1686 2652 commenta
1732 2599 1833 2652 lol-

255 2678 466 2734 lantur?
493 2681 635 2751 Quid
666 2693 749 2737 est
779 2683 879 2738 hoc
915 2685 1057 2755 quod
1101 2702 1206 2740 uno
1251 2696 1487 2757 tempore
1509 2731 1525 2755 ,
1569 2704 1673 2743 uno
1717 2705 1834 2744 mo-

254 2780 450 2836 mento,
481 2773 588 2826 sub
625 2789 728 2826 una
776 2773 1068 2846 eademque
1117 2777 1238 2831 cmli
1289 2778 1553 2847 positione
1591 2781 1832 2849 concepti

256 2861 456 2916 diversa
483 2862 685 2918 habent
715 2862 819 2918 fata
839 2905 854 2930 ,
896 2880 1014 2934 qua:
1041 2866 1160 2921 illos
1186 2867 1474 2937 perducant
1501 2868 1566 2923 ad
1594 2869 1833 2924 diversa-

255 2969 365 3008 rum
412 2953 669 3008 horarum
711 2957 1037 3011 nativitatem
1064 2999 1077 3022 ,
1106 2969 1161 3014 et
1189 2974 1294 3013 uno
1323 2970 1593 3015 momento
1625 2970 1830 3031 tempo-

255 3043 324 3098 ris
352 3044 451 3098 sub
481 3060 588 3098 una
619 3045 912 3117 eademque
945 3049 1067 3103 caeli
1097 3050 1357 3118 positione
1383 3051 1450 3105 de
1474 3051 1679 3107 duabus
1714 3068 1830 3107 ma-

255 3136 418 3190 tribus
461 3136 572 3190 duo
617 3139 815 3208 pariter
853 3139 999 3206 nati,
1045 3139 1255 3196 diversa
1306 3140 1414 3196 fata
1472 3143 1666 3198 habere
1716 3160 1826 3198 non

255 3237 508 3296 possunt,
551 3245 669 3298 qua:
713 3230 831 3285 illos
874 3231 1166 3302 perducant
1212 3233 1278 3287 ad
1320 3233 1583 3289 diversam
1623 3237 1830 3292 vivendi

254 3317 332 3370 vel
385 3319 653 3373 moriendi
708 3323 1122 3377 necessitatem?
1166 3323 1248 3378 An
1306 3327 1545 3396 concepti
1594 3327 1830 3383 nondum

256 3406 448 3463 habent
479 3409 586 3463 fata
610 3451 626 3475 ,
657 3427 774 3479 qua:
795 3453 808 3477 ,
839 3413 938 3467 nisi
969 3423 1274 3482 nascantur,
1303 3415 1499 3471 habere
1534 3432 1639 3472 non
1684 3428 1831 3488 pote-

253 3496 414 3550 runt?
433 3497 570 3566 Quid
597 3507 680 3553 est
707 3515 834 3570 ergo
859 3501 999 3570 quod
1025 3502 1235 3571 dicunt,
1268 3505 1313 3559 si
1355 3505 1483 3560 hora
1522 3508 1830 3578 conceptio-

253 3586 394 3642 nalis
430 3588 748 3657 inveniatur,
779 3593 941 3647 multa
984 3593 1192 3651 abistis
1230 3595 1331 3651 dici
1365 3612 1522 3666 posse
1549 3598 1742 3654 divinis
1767 3601 1832 3653 ‘?

254 3677 406 3734 Unde
439 3683 596 3736 etiam
630 3683 758 3737 illud
787 3698 816 3738 a
845 3688 1112 3743 nonnullis
1141 3688 1478 3758 przedicatur,
1524 3691 1663 3761 quod
1712 3693 1830 3763 qui-

252 3769 370 3824 dam
400 3774 617 3842 sapiens
646 3774 832 3831 horam
864 3779 1056 3849 elegit,
1089 3796 1189 3850 qua
1224 3797 1346 3838 cum
1383 3798 1555 3839 uxore
1582 3799 1831 3840 concum-

251 3859 431 3930 beret,
459 3865 604 3920 unde
633 3865 800 3922 filium
829 3869 1125 3925 mirabilem
1161 3873 1420 3943 gigneret.
1453 3874 1604 3930 Unde
1627 3885 1831 3945 postre-

250 3965 337 4005 mo
359 3962 416 4006 et
446 3953 550 4008 hoc
573 3965 656 4010 est
675 3999 689 4020 ,
721 3957 861 4028 quod
886 3959 952 4015 de
980 3961 1084 4015 iHis
1111 3963 1307 4031 pariter
1325 3966 1706 4036 aegrotantibus
1731 3983 1830 4038 ge-

249 4043 406 4098 minis
433 4043 751 4102 Posidonius
775 4090 790 4116 ,
820 4066 1043 4122 magnus
1073 4055 1369 4127 astrologus
1394 4057 1639 4130 idemque
1665 4060 1829 4130 philo.

247 4133 468 4203 sophus,
498 4139 884 4208 respondebat,
909 4141 1030 4198 ideo
1056 4143 1197 4212 fieri,
1221 4147 1361 4215 quod
1381 4148 1568 4204 eodem
1592 4159 1829 4221 tempore

255 4223 479 4283 fuissent
508 4233 618 4284 nati
640 4273 656 4298 ,
688 4233 984 4305 eodemque
1009 4239 1271 4308 concepti.
1311 4238 1446 4295 Nam
1490 4243 1671 4312 utique
1701 4260 1828 4314 pro-

249 4328 366 4386 pter
392 4319 498 4375 hoc
526 4322 759 4378 addebat
783 4327 1186 4396 conceptionem
1211 4370 1226 4395 ,
1250 4345 1318 4386 ne
1343 4331 1610 4388 diceretur
1642 4334 1690 4390 ei
1720 4350 1826 4392 non

243 4410 310 4464 ad
351 4410 616 4481 liquidum
660 4415 848 4471 eodem
899 4427 1138 4489 tempore
1180 4423 1416 4491 potuisse
1455 4427 1635 4491 nasci,
1695 4443 1826 4498 quos

242 4504 526 4558 constabat
569 4507 789 4562 omnino
817 4509 1006 4565 eodem
1051 4520 1288 4581 tempore
1316 4513 1479 4570 fuisse
1503 4527 1822 4588 conceptos;

243 4599 300 4645 ut
343 4592 482 4659 hoc,
533 4594 675 4664 quod
721 4597 964 4654 similiter
1008 4599 1272 4672 simulque
1319 4604 1680 4673 :rgrotabant,
1719 4624 1824 4663 non

239 4681 395 4739 daret
433 4685 502 4742 de
541 4688 785 4756 proximo
817 4690 930 4759 pari
968 4695 1207 4762 corporis
1247 4704 1698 4765 temperamento,
1729 4700 1827 4756 sed

239 4775 486 4830 eamdem
509 4793 722 4850 quoque
749 4781 1066 4840 valetudinis
1094 4787 1408 4854 parilitatem
1430 4789 1654 4844 sidereis
1677 4793 1826 4847 nexi-

237 4863 344 4918 bus
388 4867 654 4937 alligaret.
695 4870 748 4925 Si
789 4871 947 4942 igitur
988 4874 1039 4927 in
1079 4885 1335 4946 conceptu
1365 4886 1507 4934 tanta
1537 4882 1616 4935 vis
1640 4892 1721 4936 est
1758 4884 1826 4938 ad

149 4965 158 4972 '
235 4957 603 5027 :equalitatcm
629 4960 855 5018 fatorum
872 4981 999 5032 ,nun
1019 4965 1319 5024 debuerunt
1341 4972 1611 5027 nascendo
1637 4975 1823 5029 eadem

234 5045 348 5102 fata
379 5052 596 5104 mutari.
621 5053 725 5106 Aut
753 5055 796 5109 si
827 5065 1110 5126 propterea
1135 5068 1411 5115 mutantur
1433 5061 1539 5117 fata
1577 5066 1821 5134 gemino-

232 5154 402 5207 rum,
429 5142 554 5211 quia
597 5148 928 5214 temporibus
971 5149 1200 5205 diversis
1243 5161 1553 5223 nascuntur,
1580 5169 1676 5210 cur
1717 5170 1824 5213 non

233 5235 423 5303 potius
463 5237 818 5308 intelligamus
859 5239 968 5309 jam
1017 5241 1182 5298 fuisse
1223 5254 1424 5300 mutata
1450 5288 1466 5314 ,
1494 5256 1554 5302 ut
1595 5248 1825 5304 diversis

232 5327 575 5397 temporibus
603 5333 991 5388 nascerentur?
1018 5332 1166 5392 itane
1202 5349 1310 5393 non
1339 5346 1508 5394 mutat
1535 5337 1642 5395 fata
1684 5341 1825 5396 nati-

303 5571 314 5578 -
353 5547 494 5620 aditi,
519 5547 766 5620 diuinitus.
808 5556 867 5620 at
888 5558 992 5620 Mss.
1015 5551 1494 5620 aiii,_d_ivi'_2i1ts;al_i_i,
1519 5555 1647 5618 quod
1671 5560 1824 5620 magis

230 5608 414 5682 blatis!»
441 5608 634 5682 divinis,
665 5611 823 5682 idest
858 5608 1208 5682 mathematicis
1225 5608 1658 5668 divinandi'ai-tem
1681 5608 1822 5682 prdiié

230 5671 475 5724 tentibns.
491 5697 552 5708 --
574 5675 728 5723 Nostri
751 5682 875 5732 Mss,
906 5674 1129 5728 divinius.
1197 5685 1253 5726 Μ.

321 5733 374 5794 α)
397 5740 467 5782 De
500 5734 576 5782 his
608 5733 910 5798 astrologicis
949 5739 1220 5789 cardinibus
1257 5740 1482 5792 Manilius.
1507 5742 1589 5792 lib.
1618 5742 1660 5791 Ξ.
1691 5755 1818 5793 vers.

346 5803 398 5844 et
421 5808 562 5859 seqq.

1603 382 1803 440 LIBER
1841 384 2156 452 QUINTUS.

3422 402 3522 457 ΝΘ

1948 499 2123 552 vitatis
2154 499 2398 554 voluntas
2443 500 2732 559 viventium
2761 546 2774 571 ,
2816 519 2936 561 cum
2983 517 3151 564 mutet
3193 507 3296 564 fata
3327 489 3540 569 ςθηαίξ-⁴

1947 590 2139 660 ptionis
2168 591 2302 646 ordo
2333 596 2705 651 nascentium?

2119 704 2344 764 CAPUT
2373 708 2459 763 Vl.
2488 737 2559 750 —-
2583 708 2660 764 De
2695 712 2906 781 geminis
2933 713 3153 784 dispam
3173 673 3339 770 sexus.

2012 815 2324 886 Quanquam
2351 819 2476 875 etin
2503 820 2634 890 ipsis
2654 821 2984 890 geminorum
3009 823 3354 893 coneeptibns
3374 865 3388 890 ,
3424 825 3514 879 ubi

1943 915 2087 960 certe
2103 907 2379 963 amborum
2395 908 2581 965 eadem
2612 921 2877 966 momenta
2899 922 3022 966 sunt
3039 922 3357 982 temporum,
3379 916 3520 970 unde

1944 997 2004 1052 tit
2021 1006 2077 1052 ut
2103 999 2201 1054 sub
2228 999 2418 1055 eadem
2446 1002 2846 1058 constellatione
2866 1002 3006 1058 fatali
3035 1006 3171 1060 alter
3188 1007 3521 1075 concipiatur

1944 1090 2243 1156 masculus,
2295 1091 2464 1148 altera
2492 1091 2726 1148 femina?
2753 1094 3008 1150 Novimus
3037 1098 3277 1165 geminos
3324 1099 3521 1152 diversi

1943 1193 2134 1246 sexus,
2173 1182 2332 1236 ambo
2357 1182 2530 1238 adhuc
2549 1184 2750 1249 vivunt,
2767 1184 2924 1242 ambo
2939 1195 3094 1240 aetate
3119 1187 3296 1256 vigent
3309 1187 3519 1252 adhuc;

1942 1287 2166 1342 quorum
2191 1289 2310 1331 cum
2339 1277 2446 1331 sint
2468 1276 2607 1331 inter
2630 1291 2689 1331 se
2717 1276 2919 1332 similes
2946 1291 3230 1347 corporu
3276 1282 3481 1348 species
3502 1323 3519 1344 ,

1943 1375 2195 1435 quantum
2244 1368 2294 1422 in
2326 1368 2538 1425 diverso
2569 1383 2699 1424 sexu
2717 1377 2922 1439 potest;
2970 1370 3210 1425 instituto
3249 1380 3421 1427 tamen
3467 1382 3525 1427 et

1946 1458 2238 1526 proposito
2265 1451 2402 1515 vitse'
2432 1459 2503 1515 ita
2527 1468 2653 1514 sunt
2681 1459 2951 1529 dispares,
2975 1468 3064 1527 ut,
3097 1470 3290 1531 praeter
3326 1470 3478 1517 actus
3499 1501 3518 1527 ,

1943 1561 2074 1614 quos
2101 1561 2324 1603 necesse
2350 1558 2432 1604 est
2474 1564 2504 1602 a
2528 1550 2767 1605 virilibus
2791 1550 2991 1607 distare
3009 1591 3024 1616 ,
3053 1551 3344 1616 femineos,
3376 1552 3518 1620 quod

1945 1635 2034 1691 ille
2059 1636 2111 1691 in
2138 1637 2315 1693 officio
2339 1639 2562 1695 Comitis
2581 1641 2772 1697 militat
2794 1651 2848 1698 et
2873 1657 2900 1696 a
2923 1657 3018 1698 sua
3037 1642 3198 1698 domo
3213 1657 3351 1713 pene
3375 1657 3522 1698 sem-

1945 1743 2039 1798 per
2067 1731 2457 1802 peregrinatur,
2489 1732 2577 1787 illa
2603 1733 2669 1788 de
2689 1734 2805 1789 solo
2834 1735 3005 1803 patrio
3033 1743 3089 1790 et
3116 1734 3186 1790 de
3239 1750 3362 1790 rure
3401 1749 3527 1804 pro-

1944 1824 2061 1893 prio
2087 1839 2193 1880 non
2220 1827 2451 1883 recedit:
2480 1828 2699 1898 insuper
2731 1829 2909 1901 (quod
2935 1839 3018 1885 est
3049 1831 3414 1888 incredibilius
3435 1873 3452 1897 ,
3474 1833 3530 1887 si

1941 1917 2153 1970 astralia
2181 1916 2286 1972 fata
2311 1918 2629 1986 credantur;
2661 1935 2767 1976 non
2797 1930 2974 1976 autem
3018 1923 3212 1977 mirqu
3233 1962 3246 1986 ,
3271 1923 3315 1979 si
3339 1923 3530 1978 volun.

1943 2015 2078 2062 tates
2104 2007 2378 2064 hominum
2407 2021 2461 2066 et
2484 2011 2577 2067 Dei
2605 2027 2825 2069 munera
2852 2013 3192 2084 cogitentur),
3220 2015 3308 2070 ille
3336 2016 3524 2086 conju-

1941 2109 2131 2171 gatus,
2163 2102 2250 2157 illa
2279 2104 2427 2174 virgo
2453 2119 2602 2160 sacra
2633 2114 2754 2172 est;
2785 2106 2876 2162 ille
2921 2122 3260 2162 numerosam
3317 2107 3532 2177 prolem

1941 2193 2162 2261 genuit,
2212 2193 2299 2247 illa
2329 2209 2428 2250 nec
2449 2198 2645 2266 nupsit.
2670 2199 2739 2250 At
2765 2197 2909 2252 enim
2941 2197 3226 2266 plurimum
3249 2199 3326 2252 vis
3356 2197 3521 2253 horo-

1939 2284 2087 2353 sc0pi
2118 2285 2296 2340 valet?
2327 2285 2440 2341 Hoc
2476 2301 2635 2357 quam
2667 2287 2800 2342 nilnl
2825 2289 2895 2342 sit
2915 2288 3053 2358 ,jam
3089 2288 3219 2345 satis
3268 2289 3527 2344 disserui.

1939 2376 2044 2434 Sed
2064 2378 2447 2448 qualecumque
2467 2380 2571 2445 sit,
2593 2380 2646 2434 in
2674 2388 2794 2434 ortu
2815 2382 2992 2436 valere
3015 2381 3233 2438 dicunt:
3261 2382 3527 2452 numquid

1939 2476 1996 2523 et
2021 2468 2074 2522 in
2098 2470 2400 2539 conceptu?
2428 2471 2514 2524 ubi
2535 2479 2591 2526 et
2615 2487 2776 2526 unum
2798 2473 3136 2528 concubitum
3183 2489 3304 2530 esse
3349 2475 3523 2528 mani.

1938 2555 2129 2613 festum
2157 2567 2274 2626 est;
2297 2569 2350 2615 et
2377 2569 2516 2614 tanta
2535 2570 2739 2616 natura:
2759 2563 2839 2617 vis
2862 2571 2965 2630 est,
2993 2572 3051 2618 ut
3069 2579 3190 2618 cum
3214 2566 3522 2635 conceperit

1938 2647 2164 2717 femina,
2191 2651 2381 2707 deinde
2397 2652 2621 2707 alterum
2643 2655 2924 2724 concipere
2963 2655 3180 2710 omnino
3202 2671 3306 2709 non
3353 2658 3528 2726 possit

1937 2741 2048 2812 (a):
2076 2741 2218 2798 unde
2277 2759 2496 2799 necesse
2516 2753 2626 2810 est,
2655 2744 2843 2800 eadem
2892 2759 3009 2800 esse
3046 2746 3098 2799 in
3138 2746 3361 2815 geminis
3406 2761 3520 2800 mo-

1936 2841 2119 2888 menta
2148 2843 2458 2903 conceptus.
2481 2836 2563 2888 An
2619 2834 2788 2899 forte,
2817 2836 2938 2905 quia
2975 2835 3188 2891 diverso
3223 2837 3523 2908 horoscopo

1936 2925 2224 2992 natisunt,
2251 2933 2344 2979 aut
2392 2925 2483 2982 ille
2525 2927 2575 2980 in
2622 2926 3097 2992 masculum,dum
3150 2938 3516 2998 nascerentur,

1935 3028 2028 3074 aut
2065 3020 2154 3074 illa
2186 3021 2238 3074 in
2269 3019 2518 3076 feminam
2568 3030 2888 3076 commutata
2913 3021 3028 3077 est?
3058 3022 3190 3077 Cum
3222 3023 3380 3092 igitur
3407 3038 3517 3079 non

1936 3125 2312 3182 usquequaque
2339 3111 2570 3168 absurde
2599 3113 2702 3168 dici
2733 3123 2945 3183 posset,
2972 3113 3039 3168 ad
3060 3114 3204 3169 solas
3232 3129 3516 3184 corporum

1933 3199 2257 3257 differentias
2276 3202 2489 3256 afﬂatus
2507 3203 2762 3271 quosdam
2790 3203 2969 3258 valere
2996 3203 3266 3269 sidereos,
3293 3205 3430 3260 sicut
3459 3206 3516 3262 in

1933 3292 2194 3348 solaribus
2209 3295 2508 3350 accessibus
2527 3305 2578 3350 et
2596 3294 2902 3350 decessibus
2915 3295 3156 3351 videmus
3168 3297 3327 3351 etiam
3350 3298 3515 3367 ipsius

1932 3383 2056 3439 anni
2085 3391 2321 3454 tempora
2349 3386 2574 3450 variari,
2601 3395 2658 3442 et
2681 3385 2955 3441 lunaribus
2987 3386 3327 3441 incrementis
3354 3395 3514 3456 atque

1933 3472 2289 3531 decrementis
2309 3478 2489 3547 augeri
2515 3487 2572 3533 et
2595 3478 2761 3533 minui
2787 3478 3029 3547 quaedam
3051 3494 3246 3548 genera
3297 3494 3511 3546 rerum,
3569 3509 3574 3514 -

1933 3568 2072 3623 sicut
2093 3569 2340 3638 echinos,
2368 3579 2422 3625 et
2441 3572 2674 3626 conchas
2693 3613 2706 3636 ,
2731 3580 2784 3626 et
2815 3572 3084 3628 mirabiles
3105 3581 3267 3627 aestus
3287 3573 3509 3637 oceani;

1934 3675 2039 3716 non
2061 3671 2236 3717 autem
2265 3672 2320 3716 et
2338 3663 2497 3717 animi
2531 3664 2828 3720 Voluntates
2877 3664 3226 3732 positionibus
3273 3664 3509 3718 siderum

1933 3751 2116 3806 subdi:
2141 3767 2281 3807 nunc
2307 3753 2420 3817 isti,
2442 3769 2562 3806 cum
2584 3755 2744 3808 etiam
2775 3765 2988 3809 nostros
3020 3763 3170 3808 actus
3220 3753 3345 3809 inde
3379 3753 3508 3808 reli.

1933 3858 2058 3914 gare
2096 3853 2376 3909 conantur,
2408 3843 2699 3900 admonent
2725 3855 3102 3915 utquaeramus
3123 3886 3139 3912 ,
3164 3845 3304 3900 unde
3342 3859 3412 3900 ne
3455 3845 3508 3900 iu

1934 3934 2063 4006 ipsis
2086 3936 2297 4006 quidem
2317 3938 2632 4007 corporibus
2663 3937 2741 3993 eis
2767 3937 2935 4007 possit
2953 3937 3088 3992 ratio
3108 3936 3208 3992 ista
3237 3946 3507 3992 constare.

1933 4027 2067 4096 Quid
2093 4029 2234 4084 enim
2259 4037 2366 4083 tam
2405 4030 2470 4084 ad
2496 4045 2690 4100 corpus
2739 4030 3011 4101 pertinens
3032 4067 3048 4096 ,
3073 4045 3234 4100 quam
3268 4029 3512 4100 corporis

1933 4125 2131 4177 sexus?
2157 4129 2212 4176 et
2231 4130 2408 4178 tamen
2434 4123 2533 4177 sub
2562 4123 2749 4178 eadem
2773 4123 3033 4193 positione
3055 4121 3289 4178 siderum
3308 4121 3511 4177 diversi

1933 4226 2092 4268 sexus
2115 4212 2312 4282 gemini
2337 4213 2546 4284 concipi
2572 4221 2878 4283 potuerunt.
2910 4212 3065 4269 Unde
3100 4212 3227 4283 quid
3257 4213 3508 4282 insipien:

1934 4303 2036 4358 tius
2054 4303 2157 4358 dici
2185 4311 2276 4358 aut
2295 4303 2440 4360 credi
2461 4311 2667 4373 potest,
2692 4319 2849 4374 quam
2892 4303 3124 4359 siderum
3154 4305 3470 4372 positionem
3491 4344 3506 4368 ,

1931 4407 2050 4464 qua:
2059 4394 2126 4450 ad
2143 4393 2328 4450 horam
2343 4394 2704 4464 conceptionis
2717 4396 2902 4450 eadem
2924 4395 3182 4450 ambobus
3198 4395 3314 4458 fuit,
3335 4395 3510 4450 facere

1933 4498 2039 4540 non
2072 4484 2330 4553 potuisse,
2349 4491 2426 4551 ut,
2445 4499 2567 4540 cum
2583 4499 2690 4554 quo
2710 4483 3198 4540 habebateamdem
3221 4483 3507 4539 constella,

1933 4576 2158 4641 tionem,
2187 4591 2374 4632 sexum
2401 4576 2674 4632 diversum
2704 4575 2914 4630 afratre
2930 4591 3032 4628 non
3055 4575 3308 4638 haberet;
3330 4583 3384 4629 et
3413 4587 3510 4645 po»-

1932 4667 2178 4722 sitionem
2226 4666 2489 4733 siderum,
2542 4682 2662 4736 qua:
2688 4664 2786 4720 fuit
2810 4665 2876 4718 ad
2926 4665 3111 4719 horam
3143 4663 3504 4728 nascentium,

1933 4756 2105 4813 facere
2133 4757 2390 4826 potuisse,
2408 4765 2466 4813 ut
2486 4756 2554 4813 ab
2579 4765 2781 4814 cctam
2805 4757 3028 4813 multum
3051 4757 3289 4828 virginali
3311 4755 3505 4811 sancti-

1933 4856 2037 4870 .-.-
2068 4847 2322 4870 4.-.“-..

1932 4856 2041 4904 tate
2063 4847 2322 4904 distaret?
3523 4847 3536 4915 ξ

1930 4957 2157 5015 CAPUT
2188 4958 2389 5014 Vll-——
2425 4959 2502 5016 De
2549 4959 2786 5015 electione
2812 4960 2914 5014 diei
2967 4975 3066 5031 quo
3111 4974 3240 5014 uxor
3275 4947 3529 5022 ducitur,‘

1999 5066 2155 5122 quove
2177 5052 2232 5106 in
2253 5067 2377 5122 agro
2402 5052 2595 5122 aliquid
2625 5054 2885 5122 plantatur
2907 5061 2994 5106 aut
3018 5051 3219 5105 seritur.

1998 5142 2113 5199 Jam
2135 5143 2262 5199 illud
2291 5144 2410 5214 quis
2432 5143 2598 5208 ferat,
2626 5143 2766 5214 quod
2796 5144 2850 5197 in
2873 5141 3131 5211 eligendis
3151 5139 3338 5194 diebus
3366 5154 3506 5195 nova

1930 5237 2170 5307 quaedam
2191 5237 2303 5292 suis
2325 5237 2530 5291 actibus
2553 5235 2657 5290 fata
2679 5232 3004 5290 moliuntur?
3025 5232 3138 5286 Non
3162 5240 3277 5287 erat
3312 5231 3502 5287 videli-

1911 5339 2016 5386 cet
2043 5330 2132 5386 ille
2157 5331 2226 5384 ita
2254 5337 2430 5394 natus,
2457 5337 2514 5384 ut
2542 5329 2761 5383 haberet
2778 5324 3146 5380 admirabilem
3177 5325 3374 5390 tilium;
3405 5324 3501 5379 sed

1928 5423 1999 5478 ita
2022 5423 2236 5493 potius,
2260 5431 2318 5476 ut
2357 5420 2808 5491 contemptibilem
2846 5418 3201 5488 gignerettct
3249 5417 3372 5472 ideo
3423 5418 3502 5470 vir

1991 5560 2063 5622 (a)
2084 5559 2207 5608 ﬁeri
2224 5567 2385 5608 tamen
2409 5569 2550 5620 posse
2565 5562 2617 5605 ut
2638 5552 2912 5624 superfetet
2934 5553 3127 5624 mulier,
3149 5560 3200 5603 et
3222 5551 3396 5603 factum
3423 5567 3499 5624 est

1926 5634 1982 5670 se
2000 5615 2349 5683 nonnunquam
2371 5615 2426 5668 ut.
2448 5615 2815 5683 _eonc_epto’uno
2850 5616 2951 5683 fetu
2975 5615 3179 5683 alterum
3203 5617 3496 5683 conceperit,

1926 5683 2069 5746 docet
2113 5676 2406 5746 Aristoteles,
2447 5679 2531 5746 lib.
2565 5680 2594 5727 7
2617 5676 2711 5746 'de.
2739 5679 2938 5728 Historia
2971 5677 3261 5746 animalium,
3297 5690 3401 5746 cap.
3445 5676 3500 5739 t,

1928 5743 2119 5804 Plinius,
2145 5743 2226 5793 lib.
2253 5743 2300 5802 7,
2340 5738 2442 5803 cap.
2467 5742 2515 5790 il
2540 5754 2552 5802 ;
2581 5746 2630 5790 ct
2662 5740 2984 5803 ltiptmratcs,
3012 5738 3090 5786 lib.
3131 5739 3190 5786 de.
3226 5744 3297 5798 Su;
3321 5738 3498 5785 orti-ta;

1933 5807 2063 5856 tione
