4038 6496
477 421 586 481 N7

475 538 670 603 doctus
697 540 855 612 elegit
881 540 1066 597 horam
1092 555 1195 610 qua
1227 538 1540 595 misceretur
1564 539 1738 594 uxori.
1757 525 1908 594 Fecit
1932 553 2061 608 ergo

477 629 647 685 fatum
673 670 688 696 ,
719 631 862 702 quod
897 646 999 686 non
1028 629 1282 695 habebat,
1317 639 1372 684 et
1411 646 1473 685 ex
1506 629 1671 700 ipsius
1717 629 1877 684 facto‘
1907 631 2070 699 cmpit

480 735 604 777 esse
629 721 786 778 fatale
804 764 817 785 ,
860 721 998 792 quod
1018 723 1068 775 in
1093 721 1210 790 ejus
1238 721 1509 776 nativitate
1532 737 1636 775 non
1654 721 1845 776 fuerat.
1867 719 1914 776 0
1932 721 2068 774 stul-

483 811 657 867 titiam
709 813 1073 882 singularem!
1126 813 1353 883 Eligitur
1389 812 1505 868 dies
1538 821 1596 866 ut
1637 813 1862 867 ducatur
1901 827 2064 866 uxor:

479 901 681 968 credo,
719 913 997 972 propterea
1034 905 1153 973 quia
1206 914 1381 974 potest
1419 907 1469 958 in
1501 904 1640 958 diem
1687 917 1790 958 non
1839 904 2066 969 bonum,

480 996 584 1051 nisi
605 997 849 1068 eigatur,
875 997 1109 1065 incurri,
1144 1008 1197 1054 et
1229 999 1510 1054 infeliciter
1534 998 1677 1052 duci.
1702 997 1803 1054 Ubi
1829 1007 1912 1052 est
1940 1011 2069 1067 ergo

478 1087 620 1157 quod
638 1090 875 1145 nascenti
893 1090 1002 1159 jam
1019 1090 1192 1146 sidera
1207 1091 1671 1146 decreverunt‘tan
1694 1099 1870 1161 potest
1884 1089 2066 1155 homo,

479 1181 622 1252 quod
644 1181 819 1252 eijam
850 1183 1198 1245 constitutum
1226 1190 1344 1248 est,
1373 1183 1481 1237 diei
1521 1183 1784 1238 electione
1822 1189 2030 1235 mutare
2053 1222 2068 1246 ,

480 1273 698 1344 etquod
723 1274 910 1344 ipsein
939 1274 1187 1344 eligendo
1207 1274 1292 1329 die
1313 1274 1682 1339 constituerit,
1730 1287 1836 1327 non
1879 1272 2075 1342 poterit

480 1365 552 1420 ab
578 1365 678 1420 alia
696 1373 962 1436 potestate
991 1366 1218 1420 mutari?
1244 1365 1442 1422 Deinde
1464 1366 1508 1419 si
1539 1365 1638 1420 soli
1660 1363 1902 1418 homines
1921 1401 1938 1430 ,
1967 1376 2073 1417 non

483 1466 664 1513 autem
695 1459 875 1513 omnia
911 1473 1030 1529 qua:
1075 1458 1177 1514 sub
1226 1458 1364 1513 cmlo
1387 1466 1542 1524 sunt,
1577 1455 2077 1510 constellationibus

481 1553 767 1623 subiacent
787 1595 802 1618 ,
828 1569 925 1608 cur
953 1554 1088 1608 alios
1113 1553 1316 1622 eligunt
1335 1552 1471 1606 dies’
1497 1550 1928 1607 accommodatos
1977 1565 2072 1619 po-

483 1643 676 1698 nendis
697 1643 912 1711 vitibus,
937 1643 1022 1699 vel
1047 1643 1326 1698 arboribus
1343 1642 1456 1709 ,vel
1479 1641 1775 1712 segetibus;
1807 1640 1939 1694 alios
1963 1639 2078 1694 dies

483 1735 769 1806 pecoribus
789 1735 872 1790 vel
896 1733 1197 1798 domandis,
1218 1734 1301 1789 vel
1326 1732 1669 1788 admittendis
1699 1732 1951 1794 maribus,
1971 1732 2080 1801 qui-

483 1823 588 1881 bus
607 1841 862 1896 equarum
888 1826 971 1881 vel
989 1827 1146 1881 boum
1169 1825 1402 1882 fetentur
1421 1834 1686 1894 armenta,
1709 1834 1967 1881 etctetera
1982 1825 2080 1879 hu-

483 1915 745 1986 iusmodi?
760 1915 813 1972 Si
831 1925 1008 1971 autem
1029 1924 1314 1988 propterea
1327 1915 1504 1970 valent
1522 1915 1590 1970 ad
1619 1915 1716 1970 has
1742 1931 1828 1970 res
1850 1915 1964 1969 dies
1979 1914 2082 1970 ele-

487 2007 582 2070 cti,
599 2005 720 2076 quia
737 2009 962 2062 terrenis
973 2007 1221 2062 omnibus
1230 2007 1565 2077 corporibus,
1579 2007 1690 2062 sive
1701 2006 2076 2072 animantibus,

486 2095 604 2152 sive
629 2111 734 2150 non
762 2097 1166 2165 animantibus’,
1194 2097 1485 2153 secundum
1529 2096 1862 2152 diversitates
1887 2105 2082 2165 tenipo-

458 2251 462 2254 ,
487 2188 682 2243 ralium
710 2199 1123 2256 momentorum,
1143 2191 1378 2246 siderum
1397 2191 1591 2261 positio
1605 2191 1929 2254 dominatur;
1948 2206 2082 2244 con-

459 2351 464 2357 _
487 2279 730 2335 siderent
753 2294 913 2352 quam
936 2281 1344 2337 innumerabilia
1362 2284 1463 2337 sub
1476 2297 1586 2337 uno
1604 2282 1860 2350 temporis
1888 2291 2084 2352 puncto

457 2371 578 2430 7ch
628 2381 933 2439 nascantur,
957 2373 1042 2428 vel
1079 2375 1341 2437 oriantur,
1365 2374 1448 2428 vel
1493 2374 1834 2441 inchoentur,
1877 2383 1931 2428 et
1976 2384 2083 2428 tam

491 2461 736 2518 diversos
765 2463 941 2520 exitus
968 2464 1195 2519 habeant
1215 2505 1228 2528 ,
1251 2473 1311 2518 ut
1332 2466 1458 2519 istas
1483 2465 1888 2520 observationes
1914 2466 2085 2520 cuivis

489 2569 662 2625 puero
691 2555 941 2611 ridendas
972 2571 1092 2612 esse
1115 2557 1492 2626 persuadeant.
1523 2558 1652 2624 Quis
1678 2559 1820 2613 enim
1865 2568 1948 2613 est
1979 2570 2084 2612 tam

491 2659 713 2713 excors,
747 2655 807 2701 ut
825 2647 1212 2703 audcatdicere
1231 2689 1246 2714 ,
1269 2663 1458 2704 omnes
1484 2650 1724 2714 arbores,
1749 2663 1940 2705 omnes
1961 2631 2086 2704 her-

493 2738 592 2793 bas
613 2780 626 2802 ,
657 2753 844 2794 omnes
862 2739 1067 2795 bestias
1086 2781 1101 2807 ,
1145 2749 1422 2811 serpentes
1447 2783 1462 2806 ,
1493 2756 1618 2795 aves
1638 2781 1654 2806 ,
1709 2741 1910 2811 pisces.
1964 2755 2086 2796 ver-

492 2833 754 2898 miculos,
803 2844 1070 2888 momenta
1113 2834 1364 2889 nascendi
1413 2835 1720 2903 singillatim
1769 2834 1967 2890 habere
2004 2834 2086 2888 di-

492 2921 692 2976 versa?
712 2921 898 2978 Solent
923 2932 1098 2979 tamen
1124 2925 1369 2979 homines
1395 2923 1460 2978 ad
1505 2924 1808 2978 tentandam
1841 2925 2085 2992 peritiam

495 3012 996 3068 mathematicorum
1028 3013 1219 3069 aderre
1235 3014 1302 3068 ad
1331 3028 1430 3068 eos
1443 3013 1882 3068 constellatione:
1907 3023 2087 3068 muto-

494 3118 619 3160 rum
647 3105 957 3160 animalium
984 3147 1000 3172 ,
1031 3121 1258 3174 quorum
1281 3116 1431 3160 ortus
1463 3115 1681 3175 propter
1706 3104 1844 3160 hanc
1893 3106 2087 3175 explo-

494 3197 759 3254 rationem
810 3197 954 3252 domi
1002 3211 1115 3252 suae
1180 3197 1466 3266 diligenter
1508 3198 1834 3260 observant,
1883 3211 2087 3266 eosque

493 3288 901 3344 mathematicos
923 3288 1211 3360 praeferunt
1227 3293 1459 3354 caneris,
1482 3290 1572 3359 qui
1593 3290 2086 3344 constellationihus

492 3383 754 3454 inspectis
782 3383 961 3438 dicunt
983 3399 1090 3438 non
1116 3398 1237 3439 esse
1260 3383 1529 3438 hominem
1560 3391 1764 3446 natum,
1786 3381 1879 3436 scd
1901 3396 2084 3451 pecus.

495 3476 708 3532 Audent
735 3477 891 3530 etiam
910 3476 1089 3531 dicere
1116 3475 1272 3546 quale
1300 3490 1496 3546 pecus,
1524 3483 1700 3529 utrum
1741 3481 1920 3542 aptum
1945 3472 2086 3527 lani-

497 3568 605 3633 cio,
653 3583 722 3622 an
751 3568 1072 3633 vectationi,
1104 3583 1170 3621 an
1225 3576 1424 3634 aratro,
1456 3583 1523 3620 an
1567 3567 1823 3620 custodian
1871 3566 2082 3620 domus.

495 3658 632 3715 Nam
658 3667 715 3713 et
741 3658 806 3713 ad
834 3658 1024 3713 canina
1053 3658 1154 3712 lata
1183 3667 1472 3724 tentantur,
1522 3666 1720 3712 etcum
1749 3657 1958 3726 magnis
1985 3656 2084 3710 ad-

498 3753 810 3808 mirantium
835 3752 1158 3808 clamoribus
1179 3751 1278 3806 ista
1309 3751 1658 3820 reapondeut.
1687 3748 1777 3804 Sic
1817 3749 2088 3818 desipiunt

499 3844 767 3908 homines,
794 3853 851 3898 ut
875 3845 1207 3906 existiment,
1236 3834 1355 3898 etim
1378 3843 1540 3898 homo
1581 3844 1835 3907 nascitur,
1863 3852 2089 3898 caeteros

499 3949 682 3990 rerum
714 3943 864 3989 ortus
892 3936 960 3988 ita
994 3935 1250 4000 inhiberi,
1279 3944 1337 3988 ut
1362 3950 1482 3988 cum
1514 3935 1607 3988 illo
1631 3935 1730 3988 sub
1750 3934 1934 3989 eadem
1967 3935 2088 3990 (mli

501 4027 654 4096 plaga
687 4039 787 4081 nec
809 4040 989 4080 musca
1036 4036 1306 4080 nascatur.
1330 4025 1461 4080 Nam
1491 4025 1540 4080 si
1573 4027 1711 4079 hanc
1740 4025 2086 4092 admiserint,

502 4117 748 4188 procedit
771 4118 1108 4174 ratiocinatio
1123 4158 1138 4183 ,
1160 4133 1279 4188 quae
1308 4116 1568 4187 gradatim
1595 4117 1898 4173 accessibus
1919 4117 2090 4171 modi-

505 4211 585 4267 cis
613 4225 707 4266 cos
727 4227 755 4265 a
778 4212 976 4266 muscis
1003 4211 1066 4265 ad
1103 4211 1338 4266 camelos
1365 4210 1785 4279 elephantosque
1815 4209 2087 4278 perducat.

505 4302 618 4358 Nec
655 4303 785 4358 illud
813 4304 998 4360 volunt
1036 4303 1314 4358 advertere
1337 4343 1352 4369 ,
1383 4302 1524 4372 quod
1547 4303 1717 4356 electo
1741 4302 1807 4354 ad
1833 4303 2091 4356 seminan-

505 4395 634 4452 dum
678 4413 860 4467 agrum
902 4396 988 4451 die
1011 4438 1025 4463 ,
1057 4407 1162 4450 tam
1193 4397 1357 4450 multa
1382 4409 1546 4466 grana
1595 4395 1646 4448 in
1681 4404 1876 4448 terram
1933 4395 2091 4449 simul

507 4487 750 4552 veniunt,
781 4488 936 4542 simul
957 4489 1288 4557 germinant,
1322 4496 1506 4542 exorta
1536 4494 1716 4557 segete
1761 4485 1919 4539 simul
1965 4485 2091 4540 her-

506 4578 754 4646 bescunt,
781 4577 1097 4648 pubescunt,
1125 4579 1452 4643 flavescunt;
1476 4588 1529 4635 et
1561 4587 1736 4634 tamen
1769 4578 1892 4633 inde
1920 4579 2095 4647 Spicas

509 4669 723 4726 caeteris
751 4685 979 4739 coaevus,
1014 4681 1195 4742 atque,
1228 4682 1286 4726 ut
1316 4673 1385 4727 ita
1413 4671 1663 4736 dixerim,
1717 4672 2094 4742 congermina-

509 4763 612 4828 les,
633 4762 766 4818 alias
806 4762 994 4833 rubigo
1013 4763 1300 4830 interimit,
1327 4764 1460 4818 alias
1497 4778 1632 4817 aves
1682 4763 2092 4833 depOpulautur,

507 4855 643 4911 alias
671 4854 912 4910 homines
932 4855 1184 4910 avellant.
1210 4854 1487 4922 Quomodo
1517 4855 1633 4909 istis
1679 4855 1812 4909 alias
1861 4854 2098 4910 constel-

510 4947 743 5003 lationes
768 4947 933 5002 fuisse
956 4947 1148 5002 dicturi
1180 4957 1325 5011 sunt,
1357 4962 1488 5016 quas
1519 4957 1625 5001 tam
1651 4946 1897 5002 diversos
1921 4947 2096 5001 exitus

514 5039 718 5095 habere
743 5039 1076 5110 conspiciunt
1099 5038 1122 5092 Ἰ
1143 5055 1212 5092 an
1243 5053 1338 5092 eos
1358 5039 1636 5108 pmnitebit
1665 5039 1746 5092 his
1795 5040 1954 5094 rebus
1982 5037 2097 5092 dies

512 5132 736 5201 eligere,
767 5145 966 5202 easque
985 5131 1051 5186 ad
1072 5132 1294 5187 cmleste
1321 5131 1593 5202 negabunt
1621 5135 1887 5201 pertinere
1913 5132 2098 5184 decre-

516 5229 652 5284 tum,
683 5229 739 5276 ct
760 5221 908 5276 solos
929 5221 1192 5278 sideribus
1215 5222 1445 5277 subdcnt
1469 5222 1734 5287 homines,
1757 5223 1949 5293 quibus
1969 5221 2099 5276 solis

513 5310 570 5365 in
601 5320 754 5366 terra‘
772 5313 918 5368 Deus
938 5314 1082 5368 dedit
1103 5315 1298 5370 liberas
1347 5315 1687 5371 voluntates?
1719 5315 1809 5370 His
1847 5313 2100 5370 omnibus

515 5400 889 5470 consideratis,
935 5417 1040 5458 non
1086 5403 1356 5460 immerito
1405 5405 1661 5468 creditur,
1688 5420 1810 5460 cum
1849 5401 2100 5472 astrologi
2179 5405 2183 5411 '

531 5491 853 5549 mirabiliter
912 5493 1080 5549 multa
1127 5511 1252 5551 vera
1307 5496 1655 5567 rcSpoudcnt,
1703 5496 1913 5550 occulto
1995 5496 2105 5548 ins-

512 5585 688 5640 tinctu
709 5583 826 5640 ﬁeri
854 5585 1133 5655 spirituum
1159 5604 1266 5644 non
1295 5587 1582 5654 bonorum,
1617 5603 1843 5657 quorum
1873 5601 2000 5642 cura
2023 5593 2107 5641 est

517 5676 618 5733 has
645 5675 805 5733 falsas
824 5687 878 5734 et
907 5679 1094 5734 noxias
1116 5683 1396 5752 Opiniones
1421 5682 1489 5738 de
1532 5680 1817 5738 astralibus
1864 5679 1986 5738 latis
2016 5680 2104 5736 in-

583 5769 601 5837 ξ
636 5767 776 5829 alni,
799 5767 1203 5837 dissentientibus
1223 5773 1414 5837 scriptis
1434 5771 1586 5836 libris,
1609 5771 1722 5837 fato.

582 5831 604 5898 ξ
629 5837 758 5890 Mrs,
787 5844 876 5881 cur
892 5831 1040 5898 aliter
1057 5835 1239 5898 etigtmt
1261 5831 1383 5898 dies.-

583 5891 604 5926 ³
638 5896 940 5960 uanuScrtpti
975 5909 1069 5947 non
1093 5891 1298 5960 habent,
1320 5895 1416 5949 sive
1438 5908 1531 5948 non
1555 5893 1891 5949 animantibus.

1556 421 1648 480 DE
1685 417 2007 482 CIVITA'I'E
2045 423 2177 494 DEI,
2209 421 2268 481 S.
2308 420 2678 480 AUGUSTINI

3651 411 3760 477 ill

2173 553 2354 593 serere
2383 536 2631 591 humanis
2668 532 2938 590 mentibus
2977 539 3136 604 atque
3173 530 3406 599 ﬁrmare,
3435 548 3543 588 non
3591 531 3757 589 horo-

2173 629 2319 698 scopi
2352 629 2517 684 notati
2545 637 2598 683 et
2626 627 2852 696 inspecti
2881 625 3051 696 aliqua
3081 633 3213 692 arte,
3234 641 3351 696 quae
3374 626 3513 680 nulla
3545 633 3648 680 est.

2174 743 2398 798 CAPUT
2428 741 2561 797 VIII.
2591 771 2661 781 —
2691 740 2766 793 De
2790 740 2867 795 his
2891 740 2976 810 qui
3002 756 3101 793 non
3139 749 3391 792 astrorum
3419 738 3715 808 positionem
3737 776 3760 805 ,

2245 835 2334 888 sed
2362 835 2718 888 connexionem
2743 849 3014 886 causarum
3033 849 3100 886 ea:
3139 830 3236 885 Dei
3264 832 3516 886 voluntate
3537 829 3763 901 penden-

2247 934 2344 979 tem
2365 927 2457 995 fati
2479 926 2681 979 nomine
2701 925 2979 994 appellant.

2227 1039 2344 1106 .Qui
2358 1054 2484 1093 vero
2499 1053 2603 1094 non
2622 1050 2887 1094 astrorum
2906 1037 3357 1101 constitutionem,
3376 1037 3530 1091 sicuti
3547 1045 3765 1092 estcum

2175 1131 2410 1202 quidque
2425 1132 2745 1201 concipitur,
2763 1131 2854 1188 vel
2869 1131 3214 1192 nascitur.vel
3231 1131 3528 1196 inchoatur,
3541 1130 3635 1185 sed
3655 1145 3768 1185 om-

2178 1224 2323 1278 nium
2354 1226 2740 1280 connexionem
2760 1225 3060 1294 seriemque
3076 1239 3379 1289 causarum,
3403 1239 3506 1294 qua
3533 1207 3772 1281 liiomtto

2179 1317 2320 1388 quod
2338 1317 2414 1383 lit,
2437 1317 2527 1371 l'ati
2546 1319 2760 1372 nomine
2777 1318 3079 1387 appellant;
3101 1333 3205 1372 non
3221 1317 3446 1372 multum
3469 1333 3588 1372 cum
3605 1319 3684 1372 eis
3697 1317 3766 1372 de

2179 1409 2328 1463 verbi
2353 1411 2715 1462 controversia
2745 1407 3090 1462 laborandum
3117 1417 3278 1477 atque
3301 1409 3612 1463 certandum
3639 1418 3722 1462 est
3749 1423 3766 1462 ε

2181 1485 2610 1572 quandoquidem
2636 1503 2806 1572 ipsum
2835 1516 3114 1556 causarum
3144 1502 3385 1556 ordinem
3417 1512 3471 1556 et
3499 1501 3768 1571 quandam

2181 1595 2570 1648 connexionent
2597 1594 2694 1648 Dei
2725 1595 2914 1647 summi
2947 1594 3182 1647 tribuunt
3216 1593 3472 1647 voluntati
3509 1601 3575 1647 et
3618 1602 3775 1661 pute-

2183 1690 2339 1754 stati,
2362 1689 2450 1758 qui
2484 1690 2685 1758 optime
2732 1699 2786 1741 et
2823 1688 3168 1742 Veracissime
3205 1687 3443 1741 creditur
3483 1695 3539 1740 et
3577 1695 3771 1741 cuncta

2183 1783 2322 1837 seire
2359 1790 2642 1852 antequam
2677 1783 2822 1845 tiant,
2846 1791 2901 1836 et
2922 1781 3049 1835 nihil
3071 1781 3424 1834 inordinatum
3445 1780 3776 1849 relinquere;

2184 1888 2213 1926 a
2245 1890 2350 1943 quo
2393 1885 2517 1928 sunt
2563 1887 2749 1928 omnes
2797 1882 3117 1944 potestates,
3161 1875 3405 1943 quamvis
3452 1873 3635 1928 abillo
3663 1888 3776 1928 non

2186 1964 2294 2019 sint
2339 1967 2574 2019 omnium
2603 1965 2920 2021 voluntates.
2953 1966 3122 2034 Ipsam
3153 1965 3331 2034 itaque
3369 1967 3639 2035 praecipue
3679 1964 3773 2018 Dei

2187 2058 2379 2112 summi
2405 2057 2730 2112 voluntatem
2753 2099 2769 2124 ,
2791 2058 2941 2127 cujus
2965 2067 3198 2128 potestas
3220 2055 3648 2126 insuperabiliter
3677 2069 3779 2124 per

2187 2158 2376 2204 cuncta
2402 2149 2704 2218 porrigitur,
2742 2165 2834 2204 eos
2861 2149 3130 2217 appellare
3173 2149 3335 2202 fatum
3385 2151 3462 2203 sic
3497 2147 3775 2217 probatur.

2190 2241 2374 2296 Aunmi
2403 2240 2621 2295 Seneca:
2650 2250 2803 2304 sunt,
2834 2242 2932 2294 nisi
2967 2240 3140 2305 fallor,
3173 2240 3223 2293 hi
3251 2255 3467 2294 versus:

2312 2359 2427 2411 Duc,
2453 2366 2642 2400 summe
2667 2360 2820 2416 pater,
2857 2353 3039 2414 altique
3058 2353 3325 2403 dominator
3350 2352 3464 2416 poli,

2311 2424 2620 2476 Quocumque
2641 2416 2832 2476 placuit,
2859 2416 2991 2478 nulla
3017 2418 3214 2478 parendi
3241 2428 3373 2464 mora
3398 2421 3492 2463 est.

2314 2483 2484 2525 Adsum
2508 2478 2741 2539 impiger:
2770 2478 2843 2540 l'ac
2862 2477 3298 2536 nulle,’comilahor
3321 2489 3554 2540 gemens,

2316 2547 2361 2583 \l.
2386 2539 2558 2602 Iusque
2585 2542 2735 2602 [aliar
2759 2539 2918 2587 facere
2944 2540 3070 2602 quod
3097 2539 3228 2587 lit-uit
3251 2539 3377 2602 bono
3403 2539 3462 2602 ί,

2313 2599 2495 2650 Ducunt
2529 2599 2778 2650 volentem
2800 2603 2913 2659 t'ata,
2937 2599 3188 2650 uolentem
3208 2600 3400 2650 trahunt
3422 2600 3514 2663 (α).

2190 2704 2393 2772 Nempe
2437 2705 2833 2761 evidentissima
2877 2705 2980 2759 hoc
3012 2706 3198 2760 ultimo
3246 2719 3404 2759 versu
3438 2718 3500 2760 ea
3537 2703 3639 2758 fata
3683 2717 3786 2774 ap-

2191 2797 2443 2866 pellavit,
2472 2814 2629 2866 quam
2684 2813 2842 2868 supra
2870 2797 3074 2852 dixerat
3098 2798 3291 2853 summi
3333 2798 3497 2868 patris
3536 2798 3785 2851 volunta-

2190 2897 2296 2942 tem
2319 2906 2330 2942 :
2352 2890 2433 2942 cui
2461 2904 2520 2943 se
2543 2901 2782 2958 paratum
2811 2892 3030 2946 obedire
3055 2891 3218 2957 dicit,
3242 2899 3302 2945 ut
3328 2891 3515 2946 volens
3530 2891 3781 2957 ducatur,

2188 2993 2260 3034 ne
2287 2980 2473 3034 nolens
2503 2980 2775 3046 trahatur;
2810 2983 3060 3051 quoniam
3087 2983 3292 3037 scilicet

2249 3098 2436 3142 Ducunt
2460 3093 2704 3143 volentem
2727 3093 2840 3153 fata,
2865 3092 3115 3144 nolentem
3134 3096 3344 3146 trahunt.

2190 3199 2270 3256 Illi
2297 3216 2507 3271 quoque
2532 3215 2715 3255 versus
2733 3199 3000 3254 Homerici
3025 3201 3144 3254 huic
3171 3200 3450 3256 sententia:
3475 3199 3778 3273 suffragan-

2193 3300 2300 3364 tur,
2319 3307 2452 3364 quos
2479 3291 2665 3346 Cicero
2691 3291 2742 3346 iu
2770 3291 2992 3345 latinum
3022 3292 3210 3347 vertit:

2253 3405 2395 3454 Tales
2415 3411 2530 3455 sunt
2553 3405 2804 3468 hominum
2827 3411 3038 3468 mentes,
3063 3404 3196 3468 quali
3218 3407 3238 3436 ⁸
3261 3411 3400 3467 pater
3422 3405 3530 3468 ipse

2251 3468 2470 3531 Juppiter
2493 3468 2750 3516 auctieras
2773 3465 2991 3518 lustravit
3014 3465 3197 3517 lumine
3221 3465 3377 3517 terras
3397 3465 3489 3530 (li).

2190 3573 2300 3628 Nec
2322 3574 2372 3628 in
2416 3572 2516 3627 hac
2561 3572 2856 3643 quzestione
2887 3545 3528 3629 auctoritatemdiaberet
3571 3571 3782 3640 poetica

2191 3667 2454 3721 sententia
2485 3663 2616 3720 :sed
2643 3665 2892 3734 quoniam
2923 3665 3130 3720 Stoicos
3150 3664 3312 3729 dicit,
3343 3663 3451 3717 vim
3493 3662 3587 3717 fati
3629 3677 3779 3719 asse—

2191 3767 2401 3820 rentes.
2433 3758 2563 3811 istos
2583 3773 2648 3811 cx
2678 3757 2912 3812 Homero
2932 3771 3116 3812 versns
3146 3756 3320 3810 solere
3351 3770 3610 3825 usurpare
3629 3796 3646 3820 ,
3671 3771 3782 3812 non

2193 3851 2259 3906 de
2286 3851 2426 3904 illius
2465 3859 2635 3919 poeta:
2655 3889 2670 3913 ,
2699 3849 2890 3909 sed.de
2915 3849 3134 3903 istorum
3167 3847 3605 3918 philosophorum
3657 3849 3781 3917 epi-

2193 3943 2354 3997 nione
2387 3949 2660 4007 tractatur,
2687 3955 2806 3994 cum
2837 3955 2931 4008 per
2983 3939 3114 3992 istos
3155 3953 3376 4006 versns,
3417 3953 3554 4008 quos
3598 3939 3784 4008 diSpu-

2196 4035 2380 4089 tationi
2403 4034 2697 4096 adhibent,
2729 4046 2888 4102 quam
2916 4029 3116 4085 delato
3138 4030 3366 4096 habent,
3397 4031 3522 4101 quid
3547 4031 3785 4086 sentiant

2191 4145 2313 4184 esse
2341 4129 2502 4182 latum
2522 4169 2537 4193 ,
2570 4127 2907 4196 apertissime
2961 4123 3283 4191 declaratur,
3313 4124 3562 4194 quoniam
3591 4124 3784 4179 Jovem

2193 4221 2464 4291 appellant
2483 4260 2498 4285 ,
2532 4234 2690 4289 quem
2713 4233 2978 4272 summum
3018 4216 3180 4272 deum
3210 4226 3433 4287 putant,
3460 4232 3490 4271 a
3520 4231 3626 4286 quo
3646 4230 3783 4272 con-

2196 4313 2478 4368 nexionem
2509 4311 2692 4366 dicunt
2715 4309 2951 4382 pendere
2974 4309 3224 4366 latorum.

2267 4425 2492 4482 CAPUT
2520 4425 2611 4479 1X.
2633 4453 2709 4465 —
2739 4423 2813 4478 De
2837 4425 3152 4496 prwscicntia
3184 4422 3276 4476 Dei
3312 4431 3359 4476 et
3383 4421 3538 4476 libera
3564 4420 3788 4476 hominis

2426 4521 2698 4584 voluntate,
2727 4528 2903 4573 contra
2926 4517 3176 4572 Ciceronis
3197 4516 3558 4584 deﬁnitionem.

2271 4633 2322 4687 l.
2352 4631 2458 4686 Hos
2481 4630 2666 4686 Cicero
2696 4633 2766 4685 ita
2811 4629 3129 4699 redarguere
3157 4629 3362 4695 nititur,
3385 4636 3567 4681 utnon
3596 4627 3753 4682 existi
3781 4659 3796 4666 ς

2200 4733 2306 4778 met
2335 4724 2529 4791 aliquid
2567 4737 2624 4776 se
2645 4722 2898 4776 adversus
2926 4735 3018 4774 eos
3047 4721 3245 4786 valere,
3279 4719 3379 4772 nisi
3408 4719 3617 4773 auferat
3654 4717 3783 4773 divi-

2201 4816 2469 4870 nationem
2494 4813 2587 4886 (τ).
2609 4813 2775 4882 Quam
2806 4812 2884 4867 sic
2905 4821 3128 4866 conatur
3147 4809 3377 4876 auferre,
3409 4818 3465 4864 ut
3487 4817 3640 4880 neget
3669 4824 3794 4865 esse

2268 5016 2282 5047 ε
2318 5010 2624 5076 Corheiensis
2644 5008 2790 5069 male,
2815 5006 2980 5076 libuit;
3007 5015 3078 5067 et,
3099 5007 3234 5067 bono,
3258 5007 3309 5054 in
3325 5017 3534 5076 rasura;
3577 5009 3631 5051 tt.

2267 5078 2288 5109 ¹
2323 5077 2456 5133 aliti,
2483 5072 2656 5134 qualis.
2693 5079 2749 5120 Al.
2779 5064 2973 5134 proba!
2994 5064 3121 5134 noue
3155 5064 3278 5134 Mss,
3305 5066 3455 5134 quali.
3491 5072 3543 5115 Et
3576 5064 3793 5134 quidam,

2204 5137 2386 5201 quales.
2413 5127 2461 5184 In
2479 5127 2636 5201 altero
2654 5127 2802 5184 versu
2822 5131 3128 5201 colbertiuus
3156 5127 3331 5201 codex,
3357 5128 3478 5188 loco,
3498 5127 3798 5200 auctiferas;

2204 5191 2370 5312 lfinget,
2391 5196 2637 5270 astrifero,
2671 5203 2847 5245 Neutra
2883 5193 3029 5245 lectio
3066 5193 3334 5256 respondet
3368 5205 3528 5255 graeco
3562 5191 3632 5239 sic
3668 5201 3800 5241 nunc

2239 5276 2266 5311 a
2303 5269 2440 5311 entt:

2239 5261 2403 5311 abenti
2428 5274 2440 5309 :

2337 5368 2466 5420 Toios
2489 5381 2585 5432 oar,
2601 5379 2713 5416 nooa
2735 5365 2854 5432 estin
2878 5361 3207 5432 epirhthonidn
3230 5358 3512 5432 ᾳηῑρνρρρη,

2332 5432 2450 5483 oion
2471 5423 2546 5496 ép‘
2562 5430 2696 5480 émar
2711 5427 2842 5492 ugési
2861 5426 2996 5491 pater
3021 5427 3209 5478 andron
3233 5431 3278 5476 te
3300 5423 3503 5475 theonte.

2209 5537 2257 5588 id
2281 5545 2376 5596 est,

2343 5618 2465 5671 Talis
2487 5630 2622 5668 mens
2641 5622 2711 5667 est
2733 5615 3035 5666 terrestrium
3056 5612 3318 5670 hominum,

2336 5670 2531 5744 Qualem
2551 5677 2682 5730 diem
2697 5679 2910 5729 adducat
2924 5684 3062 5742 pater
3072 5676 3406 5738 hominumque
3420 5670 3738 5734 deorumque.

2301 5765 2352 5826 α)
2376 5764 2520 5826 Epist.
2543 5762 2636 5826 1077
2655 5773 2809 5826 prepe
2833 5760 2995 5826 linem.

2302 5819 2352 5888 ὁ)
2377 5819 2601 5888 (iussere
2621 5819 2698 5888 18,
2721 5819 2851 5888 vers.
2875 5821 2982 5881 156,
3011 5819 3116 5869 157.

2283 5885 2352 5954 (ε)
2378 5885 2474 5938 Lib.
2503 5887 2532 5937 9.
2547 5887 2611 5937 de
2633 5885 2834 5936 Divinat.
