4038 6488
204 444 221 468 Ι

252 372 352 431 N9

248 483 524 541 scientiam
556 483 884 552 futurorum,
905 499 1127 555 eamque
1153 484 1400 539 omnibus
1425 483 1623 538 viribus
1645 485 1838 537 nullam

245 575 609 631 esseoumino
635 576 943 638 contendat,
997 577 1084 631 vel
1111 577 1160 630 in
1199 577 1326 640 Deo,
1364 575 1443 629 vel
1490 575 1539 628 in
1567 574 1835 642 homine‘,

247 668 552 736 nullamque
595 683 777 722 rerum
808 668 1224 738 pra-dictionem.
1264 666 1333 720 Ita
1362 674 1415 720 et
1442 666 1534 720 Dei
1558 666 1839 736 prmscicn.

249 758 374 811 tiam
399 766 581 827 negat,
618 767 673 812 et
697 773 908 812 omnem
933 758 1262 827 pr0phetiam
1293 757 1409 814 luce
1433 759 1712 814 clariorem
1745 773 1840 813 eo.

247 857 405 902 natur
421 859 670 904 evertere
694 850 845 904 vanis
869 851 1430 920 argumentationibus,
1453 859 1505 905 et
1526 851 1840 921 opponendo

245 938 347 994 sibi
371 939 619 1008 qua-dam
639 941 875 1006 oracula,
905 956 1023 1011 qua:
1051 939 1204 995 facile
1233 952 1450 1011 possunt
1478 943 1643 996 refelli
1677 960 1690 995 :
1719 959 1839 1013 quae

245 1036 426 1084 lmen
452 1045 555 1084 nec
575 1031 688 1100 ipsa
709 1032 996 1086 convincit.
1038 1033 1093 1085 In
1121 1031 1202 1086 his
1231 1044 1406 1086 autem
1441 1032 1842 1089 mathematico-

245 1134 364 1175 rum
410 1120 739 1190 coniecturis
775 1121 1065 1176 refutandis
1102 1123 1217 1189 ejus
1257 1133 1440 1192 regnat
1465 1125 1673 1189 oratio;
1717 1123 1839 1193 quia

245 1226 374 1267 vere
423 1212 559 1268 tales
607 1222 753 1278 sunt,
805 1222 861 1268 nt
899 1228 958 1268 se
992 1215 1123 1283 ipsae
1165 1214 1442 1269 destruant
1484 1224 1536 1268 et
1575 1203 1836 1268 refellant.

247 1301 411 1357 Ilulto
455 1311 584 1358 sunt
621 1312 801 1358 autem
838 1304 1220 1359 tolerabiliores
1262 1305 1350 1374 qui
1383 1303 1468 1360 vel
1497 1303 1702 1358 siderea
1737 1306 1839 1358 lata

247 1395 600 1462 constituunt,
628 1411 785 1465 quam
812 1397 930 1463 iste,
957 1397 1048 1465 qui
1076 1397 1210 1450 tollit
1230 1398 1610 1466 p‘rzescientiam
1638 1397 1841 1451 futuru-

245 1500 386 1539 ram.
407 1483 612 1541 Namet
627 1488 862 1542 conllteri
881 1502 998 1542 esse
1029 1488 1191 1542 Deum
1218 1497 1272 1542 et
1301 1503 1496 1558 negare
1526 1488 1838 1557 praescium'

245 1576 589 1644 futurorum,
647 1580 978 1648 apertissima
1030 1581 1231 1634 insania
1287 1592 1386 1635 est.
1439 1581 1587 1650 Quod
1626 1591 1680 1637 et
1727 1583 1840 1652 ipse

245 1683 367 1723 eum
398 1669 632 1732 videret,
655 1672 815 1726 etiam
845 1673 971 1726 illud
998 1674 1218 1727 tentavit
1245 1688 1506 1740 asserere,
1536 1675 1675 1745 quod
1704 1677 1838 1730 scri-

248 1769 396 1828 ptum
431 1771 536 1822 est.
571 1762 717 1816 Dixit
758 1764 998 1834 insipiens
1022 1766 1072 1818 in
1102 1763 1254 1818 corde
1277 1781 1389 1832 suo,
1435 1764 1555 1819 Non
1596 1775 1667 1820 est
1707 1765 1840 1820 Deus

251 1850 422 1923 (Ρωι.
452 1869 569 1919 xm,
599 1855 653 1923 1)
698 1872 712 1909 :
762 1855 855 1911 sed
883 1871 986 1910 non
1017 1872 1079 1911 ex
1117 1872 1207 1911 sua
1236 1873 1481 1927 persona.
1527 1857 1670 1914 Vidit
1698 1860 1839 1914 enim

249 1958 406 2010 quam
435 1953 584 1999 esset
613 1946 924 2000 invidiosum
953 1957 1006 2001 et
1033 1948 1311 2002 molestum
1339 1964 1351 1999 :
1387 1949 1608 2019 ideoque
1633 1948 1839 2006 Cottam

251 2033 372 2088 fecit
391 2034 753 2104 disputantem
781 2036 847 2091 de
879 2037 978 2092 hac
1001 2053 1060 2093 re
1085 2039 1364 2092 adversum
1381 2039 1587 2094 Stoicos
1613 2040 1663 2093 in
1694 2041 1840 2095 libris

251 2123 314 2177 de
332 2123 558 2179 deorum
583 2126 775 2180 Natura
795 2126 967 2195 (Libro
996 2128 1070 2197 5),
1103 2137 1156 2183 et
1184 2144 1277 2198 pro
1306 2127 1504 2183 Lucilio
1536 2130 1716 2193 Balbo,
1753 2132 1838 2186 cui

252 2211 552 2268 Stoicorum
585 2225 760 2285 partes
777 2215 1133 2272 defendendas
1159 2219 1325 2284 dedit,
1350 2219 1534 2273 maluit
1557 2220 1693 2275 ferre
1718 2236 1839 2276 seu-

256 2305 492 2370 tentiam,
523 2321 681 2376 quam
705 2322 800 2376 pro
817 2307 991 2374 Cotta,
1014 2311 1101 2378 qui
1126 2308 1320 2362 nullam
1345 2321 1583 2362 naturam
1605 2310 1838 2365 divinam

255 2413 367 2454 esse
407 2400 706 2456 contendit.
751 2402 807 2458 ln
844 2403 990 2457 libris
1033 2420 1159 2458 vero
1196 2405 1264 2459 de
1301 2406 1628 2461 Divinatione
1669 2422 1732 2461 ex
1782 2421 1842 2462 se

249 2488 364 2560 ipso
406 2491 746 2560 apertissime
795 2502 1060 2563 oppugnat
1091 2495 1472 2562 prmscientiam
1520 2495 1837 2552 futurorum.

256 2578 362 2634 Hoc
388 2590 570 2635 autem
603 2590 770 2636 totum
808 2583 983 2638 facere
1007 2584 1232 2648 videtur,
1281 2601 1349 2638 ne
1379 2584 1539 2640 fatum
1571 2601 1690 2640 esse
1716 2602 1844 2640 cou-

253 2672 460 2736 sentiat,
511 2681 565 2728 et
606 2673 792 2742 perdat
819 2666 1039 2729 liberam
1086 2676 1430 2731 voluntatem.
1481 2677 1638 2732 Putat
1673 2680 1837 2746 enim,

254 2775 503 2819 concessa
533 2764 756 2819 scientia
793 2764 1110 2832 futurorum,
1155 2767 1225 2820 ita
1254 2781 1372 2822 esse
1396 2782 1728 2838 consequens
1758 2769 1839 2823 fa-

256 2860 382 2914 tum,
417 2862 475 2906 ut
501 2855 684 2923 negari
708 2857 925 2910 omnino
952 2872 1058 2911 non
1095 2858 1280 2927 possit.
1315 2857 1420 2913 Sed
1445 2875 1655 2928 quoquo
1681 2860 1840 2914 modo

256 2946 570 3002 sebabeant
608 2951 1013 3006 tortuosissiuue
1052 2952 1477 3007 concertationes
1518 2962 1572 3007 et
1603 2953 1842 3022 disputa-

257 3037 422 3092 tiones
443 3039 906 3110 philosOphorum,
940 3057 1038 3096 nos
1064 3053 1120 3096 ut
1145 3044 1460 3098 confitemur
1488 3061 1750 3099 summum
1789 3057 1842 3102 et

254 3140 430 3182 verum
457 3130 648 3195 Deum,
681 3131 749 3185 ita
774 3132 1098 3187 voluntatem
1126 3149 1491 3204 summamque
1524 3145 1840 3206 potestatem

254 3229 312 3270 ac
355 3219 750 3286 pnescientiam
807 3220 922 3289 ejus
965 3221 1298 3276 conﬁtemur.
1337 3223 1446 3278 Nec
1485 3225 1731 3279 timemus
1774 3243 1841 3281 ne

256 3306 372 3361 ideo
400 3322 508 3362 non
531 3309 804 3365 voluntate
832 3311 1104 3378 faciamus,
1136 3312 1275 3382 quod
1301 3315 1568 3370 voluntate
1595 3316 1837 3384 facimus,

255 3399 370 3466 quia
411 3399 464 3452 id
497 3414 596 3456 nos
624 3401 857 3458 facturos
883 3403 972 3459 ille
1015 3407 1294 3473 praescivit,
1324 3408 1474 3478 cujus
1510 3411 1838 3479 praescieutia

255 3490 361 3544 falli
385 3506 496 3547 non
536 3503 733 3563 potest.
765 3495 916 3564 Quod
956 3498 1142 3553 Cicero
1177 3500 1369 3566 timuit,
1414 3511 1469 3554 ut
1511 3514 1841 3575 Oppuguaret

255 3583 676 3651 prudentiam;
729 3596 783 3642 et
830 3587 1013 3655 Stoici,
1063 3600 1119 3644 ut
1165 3607 1269 3645 non
1304 3606 1481 3646 omnia
1522 3596 1840 3651 necessitate

255 3674 367 3733 Ieri
391 3679 653 3746 dicerent,
686 3684 924 3752 quamvis
949 3685 1123 3737 omnia
1154 3683 1258 3738 fato
1287 3685 1402 3739 ﬁeri
1429 3685 1834 3743 contenderent.

318 3769 374 3823 2.
407 3769 546 3838 Quid
577 3781 660 3826 est
692 3787 820 3842 ergo
851 3775 989 3843 quod
1019 3775 1203 3829 Cicero
1229 3777 1402 3830 timuit
1425 3777 1474 3830 in
1506 3779 1836 3844 praescientia

255 3859 572 3928 futurorum,
629 3873 685 3919 ut
711 3881 828 3920 eam
857 3867 1174 3922 labefactare
1220 3868 1580 3938 disputatione
1608 3871 1840 3927 detesta-

253 3951 341 4007 bili
374 3955 671 4010 niteretur?
703 3956 958 4012 Videlicet
984 3961 1104 4028 quia
1143 3959 1186 4014 si
1224 3961 1462 4030 prsescita
1499 3970 1622 4016 sunt
1662 3965 1839 4019 omnia

254 4043 446 4111 futura,
479 4045 583 4102 hoc
603 4048 794 4103 ordine
819 4051 1051 4114 venient,
1081 4066 1184 4120 quo
1205 4061 1426 4106 ventura
1447 4066 1567 4107 esse
1595 4053 1836 4122 praescita

253 4147 370 4192 sunt
397 4157 412 4193 :
443 4151 498 4194 et
523 4141 567 4195 si
601 4140 701 4196 hoc
727 4143 913 4197 ordine
938 4143 1171 4209 venient,
1197 4152 1374 4198 certus
1395 4153 1476 4199 est
1499 4145 1630 4200 ordo
1659 4161 1839 4200 rerum

254 4231 549 4295 ιιι-περίθηιί
581 4231 690 4286 Deo
719 4249 732 4284 :
763 4241 818 4287 et
855 4234 899 4288 si
941 4245 1116 4288 certus
1151 4243 1232 4289 est
1263 4235 1393 4290 ordo
1421 4251 1627 4301 rerum,
1659 4246 1838 4292 certus

253 4327 332 4372 est
377 4321 511 4375 ordo
549 4336 869 4390 causarum;
918 4339 1020 4378 non
1065 4325 1205 4378 enim
1255 4325 1450 4396 aliquid
1486 4326 1599 4381 ﬁeri
1637 4335 1834 4400 potest,

250 4410 388 4478 quod
417 4425 526 4464 non
555 4411 732 4482 aliqua
771 4413 1008 4468 efﬁciens
1045 4430 1202 4469 causa
1243 4417 1576 4484 praecesserit
1605 4433 1618 4470 :
1664 4419 1709 4471 si
1738 4433 1836 4472 au-

252 4507 353 4552 tem
374 4510 557 4556 certus
585 4511 668 4558 est
697 4503 830 4557 ordo
865 4519 1164 4571 causarum,
1194 4522 1299 4576 quo
1320 4507 1380 4562 fit
1405 4523 1563 4563 omne
1587 4508 1726 4578 quod
1749 4509 1834 4576 tit;

249 4593 373 4660 Loto,
416 4592 608 4663 inquit,
659 4597 789 4662 ﬁunt
825 4598 994 4650 omnia
1018 4615 1130 4669 qua:
1167 4599 1318 4668 ﬁunt.
1365 4600 1549 4668 Quod’
1559 4601 1602 4655 si
1634 4603 1703 4656 ita
1731 4611 1833 4670 est,

248 4681 374 4736 nihil
396 4693 477 4738 est
510 4685 562 4739 iu
606 4697 785 4741 nostra
817 4699 1094 4760 potestate,
1126 4691 1436 4762 nullumque
1455 4700 1537 4747 est
1557 4692 1834 4750 arbitrium

245 4772 536 4829 voluntatis
566 4791 582 4828 :
613 4777 748 4844 quod
773 4779 815 4830 si
839 4781 1175 4845 concedimus,
1204 4781 1392 4852 inquit,
1423 4784 1584 4837 omnis
1615 4783 1837 4840 humana

245 4863 347 4915 uita
377 4864 716 4931 subvertitur;
742 4871 930 4935 frustra
954 4869 1084 4940 leges
1111 4871 1334 4938 dantur;
1370 4873 1558 4942 frustra
1597 4874 1834 4945 objurga-

247 4955 424 5020 tiones,
445 4955 640 5020 laudes,
670 4957 1074 5035 vituperationes,
1108 4961 1473 5015 exhortationes
1496 4963 1794 5018 adhibentur
1814 4981 1835 5030 ;

196 5044 198 5046 ⁷
245 5060 404 5114 neque
423 5047 530 5099 ulla
544 5048 747 5118 justitia
774 5050 914 5103 bonis
935 5053 1164 5121 prahnia,
1191 5063 1235 5106 et
1263 5054 1408 5107 malis
1433 5055 1682 5125 supplicia
1711 5071 1834 5110 cono

242 5135 420 5188 stituta
461 5145 597 5191 sunt.
653 5137 778 5194 llaec
816 5155 944 5210 ergo
987 5157 1052 5196 nc
1094 5153 1486 5213 consequantur
1523 5143 1736 5214 indigna
1778 5155 1835 5202 et

243 5223 472 5291 ﬁsurda
515 5235 569 5282 et
599 5229 896 5298 perniciosa
927 5233 1084 5287 rebus
1125 5233 1386 5299 humanis,
1441 5249 1546 5288 non
1579 5234 1688 5288 vult
1715 5251 1834 5293 esse

243 5318 636 5387 pnascientiam
695 5319 987 5376 futurorum
1032 5337 1052 5377 :
1104 5332 1262 5395 atque
1317 5325 1368 5379 in
1424 5325 1520 5379 has
1563 5328 1834 5398 angustias

242 5418 482 5465 coarctat
523 5412 762 5467 animum
798 5413 1136 5485 religiosum,
1184 5427 1241 5471 ut
1274 5433 1434 5472 unum
1458 5418 1617 5488 eligat
1641 5435 1671 5473 e
1695 5419 1830 5474 duo-

242 5500 366 5568 bus,
415 5513 508 5557 aut
543 5517 664 5559 esse
703 5505 899 5577 aliquid
937 5507 988 5561 in
1021 5516 1202 5563 nostra
1243 5509 1535 5577 voluntate,
1577 5518 1667 5565 aut
1711 5524 1832 5566 esse

308 5675 327 5744 ξ
359 5677 512 5726 Nostri
534 5689 710 5744 milites
731 5686 857 5738 Mss,
877 5679 953 5744 uel
973 5679 1023 5731 in
1045 5681 1250 5744 nomine,
1276 5681 1347 5735 uel
1369 5683 1420 5734 in
1441 5683 1547 5733 deo.
1677 5689 1718 5732 at

206 5755 220 5768 ε
304 5736 327 5768 ι
359 5721 709 5809 agisagis:
729 5721 1428 5805 s'sészhasat'tfa‘éaaﬁ.
1595 5752 1648 5798 et
1669 5721 1792 5798 iter.
1809 5780 1828 5809 ,

245 5806 522 5864 praesum.
593 5806 650 5849 ιι.

1592 372 1793 428 ΕΙΒΕῐι
1833 373 2144 440 ΩΠΧΊἾΣΒ.

3417 391 3520 452 I50

1949 486 2330 554 ρι’ίυεοίοιιιῖειηι
2355 487 2648 543 futurorum
2681 507 2694 543 :
2724 490 2968 561 quoniam
2997 501 3275 563 utrumque
3301 495 3526 546 arbuta-

1948 585 2031 627 tur
2055 589 2174 630 esse
2204 591 2306 629 non
2338 591 2510 646 posse,
2544 578 2634 632 sed
2667 580 2709 634 si
2745 580 2966 635 alterum
2998 578 3415 644 conﬁrm’abitur,
3448 582 3525 632 al-

1947 673 2115 719 terum
2143 666 2291 731 tolli;
2337 667 2382 720 si
2421 667 2736 736 elegerimus
2781 671 3167 740 przescientiam
3200 671 3520 730 futurorum.

1943 755 2060 810 tolli
2107 756 2389 810 voluntatis
2427 759 2741 826 arbitrium;
2793 761 2835 815 si
2874 761 3188 832 elegerimus
3238 761 3524 815 voluntatis

1946 847 2241 912 arbitrium,
2274 850 2386 904 tolli
2419 851 2802 920 prmscientiam
2843 852 3156 908 futurorum.
3200 854 3316 923 Ipse
3344 851 3524 921 itaque

1949 945 2005 992 ut
2044 939 2126 993 vir
2155 955 2374 1010 magnus
2411 949 2464 995 et
2491 941 2698 1006 doctus,
2738 950 2792 996 et
2822 944 2940 995 vitae
2965 943 3208 997 humanae
3237 942 3522 1011 plurimum

1947 1041 2011 1082 ac
2030 1027 2346 1098 peritissime
2371 1032 2675 1090 consulens.
2707 1047 2771 1086 ex
2797 1031 2877 1086 his
2898 1032 3099 1086 duobus
3119 1033 3276 1103 elegit
3294 1032 3524 1088 liberum

1945 1119 2232 1174 voluntatis
2254 1121 2568 1176 arbitrium:
2602 1122 2740 1192 quod
2774 1131 2831 1177 ut
2857 1123 3278 1186 confirmaretur,
3312 1123 3526 1194 negavit

1943 1211 2331 1279 praescientiam
2366 1202 2662 1266 futurorum
2694 1231 2706 1267 :
2739 1222 2896 1282 atque
2931 1212 3023 1277 ita,
3051 1214 3176 1268 dum
3203 1214 3313 1268 vult
3347 1214 3525 1268 facere
3609 1205 3620 1213 ’

1946 1301 2161 1367 liberos,
2212 1299 2338 1356 fecit
2385 1303 2692 1372 sacrilegos.
2749 1305 3045 1374 Religiosus
3089 1316 3261 1360 autem
3314 1308 3523 1360 animus

1947 1401 2227 1460 utrumque
2253 1392 2418 1462 eligit,
2453 1402 2731 1463 utrumque
2760 1395 3064 1460 conﬁtetur,
3105 1404 3158 1450 et
3184 1395 3286 1450 lide
3317 1397 3522 1467 pietatis

1947 1491 2228 1552 utrumque
2267 1484 2566 1540 confirmat.
2619 1485 2915 1553 Quomodo,
2957 1486 3160 1556 inquit?
3188 1485 3319 1540 Nam
3359 1487 3402 1540 si
3442 1497 3526 1541 est

1945 1573 2275 1642 przcscientia
2320 1573 2648 1641 futurorum,
2693 1585 2981 1646 sequentur
3027 1578 3115 1631 illa
3159 1577 3358 1643 omnia,
3405 1593 3525 1647 quas

1945 1678 2184 1720 connexa
2214 1677 2357 1732 sunt,
2404 1666 2573 1723 donec
2613 1684 2676 1723 eo
2721 1669 3075 1739 perveniatur,
3125 1677 3183 1723 ut
3218 1669 3345 1722 nihil
3375 1669 3444 1723 sit
3471 1669 3525 1723 in

1945 1767 2124 1812 nostra
2153 1759 2443 1815 voluntate.
2487 1760 2655 1815 Porro
2684 1761 2728 1816 si
2768 1773 2851 1815 est
2893 1761 3090 1832 aliquid
3131 1761 3183 1815 in
3219 1771 3398 1815 nostra
3427 1776 3526 1814 vo-

1945 1847 2168 1915 luntate,
2207 1849 2407 1904 eisdem
2449 1851 2680 1906 recursis
2719 1851 2968 1921 gradibus
3009 1869 3075 1906 eo
3113 1851 3435 1921 pervenitur,
3469 1861 3527 1904 ut

1945 1955 2051 1992 non
2085 1940 2152 1994 sit
2188 1939 2517 2010 prmscientia
2563 1941 2880 1996 futurorum.
2922 1943 3050 1996 Nam
3091 1958 3184 2012 per
3221 1943 3307 1996 illa
3347 1942 3526 1998 omnia

1946 2029 2021 2083 sic
2043 2031 2332 2085 recurritur
2357 2047 2371 2085 :
2394 2031 2451 2084 Si
2481 2041 2561 2086 est
2581 2032 2867 2086 voluntatis
2893 2033 3187 2097 arbitrium,
3219 2048 3320 2087 non
3348 2033 3524 2088 omnia

1947 2121 2052 2173 fato
2096 2121 2225 2175 liuut
2253 2139 2266 2174 :
2298 2122 2342 2175 si
2379 2137 2482 2176 non
2505 2123 2681 2176 omnia
2715 2121 2825 2176 fato
2855 2124 3004 2186 liunt,
3051 2140 3155 2177 non
3184 2133 3263 2178 est
3289 2124 3524 2178 omnium

1945 2221 2124 2266 certus
2163 2213 2296 2267 ordo
2321 2228 2596 2268 causarum
2629 2230 2640 2264 :
2680 2213 2723 2268 si
2751 2223 2934 2268 certus
2953 2230 3230 2268 causarum
3260 2215 3391 2268 ordo
3421 2229 3524 2268 non

1944 2312 2048 2369 est,
2078 2316 2177 2358 nec
2206 2317 2382 2358 rerum
2409 2315 2587 2358 certus
2615 2311 2697 2358 est
2731 2305 2863 2358 ordo
2903 2305 3199 2374 pra-scienti
3231 2305 3359 2368 Deo,
3409 2321 3527 2374 quze

1947 2394 2063 2448 lteri
2093 2411 2194 2449 non
2226 2405 2464 2465 possunt,
2508 2396 2608 2450 nisi
2640 2397 3059 2465 praecedentibus
3089 2407 3142 2452 ct
3175 2396 3527 2451 efﬁcientibus

1943 2484 2120 2539 causis
2147 2502 2160 2538 :
2189 2485 2233 2540 si
2260 2501 2435 2540 rerum
2467 2485 2599 2540 ordo
2627 2487 2925 2556 praescieuti
2957 2488 3062 2540 Deo
3087 2498 3262 2542 certus
3294 2503 3400 2542 non
3421 2498 3523 2545 est.

1946 2590 2049 2629 non
2077 2578 2254 2630 omnia
2276 2577 2352 2630 sic
2372 2578 2611 2645 veniunt,
2637 2586 2693 2631 ut
2719 2593 2782 2632 ea
2806 2585 3025 2632 ventura
3047 2580 3303 2646 prmscivil
3332 2597 3344 2632 :
3368 2594 3528 2647 porro

1945 2668 1988 2721 si
2012 2683 2116 2722 non
2146 2669 2320 2722 omnia
2352 2669 2428 2724 sic
2453 2670 2688 2733 veniunt,
2737 2678 2794 2723 ut
2821 2670 2888 2724 ab
2915 2670 3004 2724 illo
3032 2679 3247 2724 ventura
3282 2671 3521 2740 prmscita

1945 2769 2090 2827 sunt,
2119 2775 2226 2815 non
2254 2770 2356 2829 est,
2389 2761 2574 2832 inquit,
2603 2763 2657 2816 in
2682 2762 2791 2817 Deo
2819 2763 3149 2832 prmseientia
3179 2763 3414 2816 omnium
3445 2763 3527 2817 fu-

1947 2860 2207 2907 turorum.

2015 2945 2068 3000 3.
2099 2944 2206 2999 Nos
2225 2945 2478 3000 adversus
2498 2945 2627 3001 istos
2656 2946 2942 3017 sacrilegos
2965 2960 3124 2999 ausus
3140 2953 3297 3014 atque
3315 2945 3525 3016 impios.

1945 3045 1996 3090 et
2024 3036 2187 3090 Deum
2225 3036 2450 3091 dicimus
2490 3038 2666 3090 omnia
2695 3039 2831 3092 scire
2857 3045 3137 3106 antequam
3173 3036 3320 3095 ﬁant.
3350 3044 3403 3088 et
3433 3053 3522 3087 vu-

1945 3128 2147 3182 luntate
2172 3142 2268 3182 nos
2298 3129 2493 3194 facere,
2527 3129 2780 3199 quidquid
2812 3144 2841 3184 a
2872 3129 3024 3183 nobis
3053 3129 3264 3182 nonnisi
3297 3128 3520 3183 volenti-

1945 3216 2042 3272 bus
2069 3217 2179 3271 lleri
2221 3216 2479 3272 sentimus
2505 3227 2559 3272 et
2589 3221 2850 3272 novimus.
2901 3217 3087 3272 Omnia
3110 3233 3236 3271 vero
3269 3218 3373 3271 fato
3413 3220 3526 3276 limi

1945 3323 2050 3363 non
2077 3307 2320 3374 dicimus,
2355 3310 2463 3362 imo
2495 3310 2638 3363 nulla
2686 3310 2798 3363 ﬁeri
2829 3312 2934 3362 fato
2963 3310 3187 3362 dicimus
3220 3329 3233 3361 :
3277 3311 3522 3376 quoniam

1946 3399 2036 3451 lati
2083 3414 2274 3452 nomen
2317 3399 2406 3452 ubi
2448 3399 2586 3453 solet
2629 3413 2658 3452 a
2703 3399 3039 3469 loquentibus
3080 3398 3223 3468 poni,
3270 3397 3322 3452 id
3365 3400 3524 3453 estin

1945 3489 2323 3544 constitutione
2348 3489 2578 3544 siderum
2606 3505 2725 3544 cum
2748 3490 2971 3559 quisque
2999 3500 3288 3558 conceptus
3312 3498 3402 3542 aut
3426 3505 3524 3542 na-

1945 3589 2028 3636 tus
2050 3591 2130 3637 est
2151 3565 2421 3652 (quoniam
2451 3598 2538 3637 res
2569 3582 2677 3652 ipsa
2701 3582 2928 3636 inaniter
2955 3580 3253 3650 asseritur),
3281 3580 3407 3634 nihil
3429 3596 3523 3632 va-

1945 3673 2057 3728 lere
2109 3683 2488 3727 monstramus.
2547 3671 2801 3727 Ordinem
2849 3683 3026 3726 autem
3083 3687 3381 3735 causarum,
3436 3671 3523 3723 ubi

1943 3765 2186 3818 voluntas
2212 3765 2302 3819 Dei
2324 3764 2606 3833 plurimum
2634 3771 2824 3832 potest,
2860 3778 3031 3831 neque
3058 3777 3326 3832 negamus,
3353 3776 3524 3831 neque

1943 3854 2306 3910 fativocabulo
2327 3869 2714 3922 nuncupamus,
2742 3855 2842 3908 nisi
2872 3855 3004 3908 forte
3036 3863 3090 3906 ut
3121 3853 3280 3905 fatum
3304 3867 3331 3905 a
3365 3852 3523 3905 fandu

1943 3946 2140 4001 dictum
2170 3947 2541 4015 intelligamus.
2577 3946 2625 4000 id
2648 3954 2730 4000 est
2753 3961 2782 3999 a
2811 3944 3078 4014 loquendo
3101 3942 3174 4014 (ιι)
3202 3959 3347 3996 ε-ιιοη
3378 3944 3519 3996 enim

1943 4038 2174 4093 abnuere
2209 4049 2488 4107 possumus
2530 4053 2647 4092 esse
2687 4037 2940 4106 scriptum
2971 4036 3021 4089 in
3056 4034 3266 4089 Litteris
3303 4033 3520 4094 sanctis,

1945 4127 2113 4183 Semel
2163 4128 2355 4181 locutus
2407 4136 2478 4182 est
2533 4127 2688 4193 Deus,
2739 4127 2839 4179 duo
2891 4125 2996 4179 hate
3036 4124 3241 4188 audiri;
3289 4124 3522 4193 quoniam

1945 4231 2162 4290 potestas
2184 4220 2274 4273 Dei
2291 4227 2384 4289 ,ρει
2401 4261 2418 4286 ,
2445 4229 2491 4278 et
2529 4220 2635 4300 tibi,
2669 4217 2904 4283 Domine,
2935 4216 3296 4280 misericordia,
3325 4215 3442 4283 quia
3467 4223 3523 4266 tu

1942 4313 2120 4367 reddes
2173 4305 2436 4380 unicuique
2461 4303 2765 4365 "secundum
2817 4326 2969 4378 opera
3030 4310 3138 4379 ejus
3186 4306 3352 4378 (Psal.
3410 4320 3520 4372 ut,

1943 4403 2032 4468 η,
2075 4403 2201 4474 15).
2275 4401 2426 4471 Quod
2489 4404 2632 4457 enim
2680 4401 2878 4455 dictum
2932 4409 3045 4463 est,
3115 4397 3283 4453 Semel
3326 4397 3522 4451 locutus

1941 4505 2036 4560 est,
2084 4494 2413 4564 intelligitur,
2458 4493 2822 4552 lmmobililer,
2850 4491 2950 4544 hoc
2994 4496 3080 4544 est
3115 4488 3519 4543 incommutabi-

1943 4585 2086 4651 liter,
2115 4592 2196 4639 est
2223 4585 2447 4647 locutus,
2472 4585 2611 4636 sicut
2643 4584 2784 4635 novit
2813 4580 3318 4634 iucummutabiliter
3342 4579 3519 4637 omnia

1941 4693 2060 4747 qua:
2085 4677 2253 4729 futura
2281 4684 2422 4736 sunt,
2463 4681 2517 4728 et
2539 4689 2657 4742 qua:
2687 4673 2797 4742 ipse
2824 4672 3054 4724 facturus
3077 4680 3177 4724 est.
3211 4669 3318 4724 llac
3344 4671 3520 4738 itaque

1941 4769 2151 4824 ratione
2194 4780 2470 4836 possemus
2500 4780 2528 4818 a
2560 4763 2714 4819 fando
2754 4763 2918 4817 fatum
2951 4762 3241 4832 appellare,
3290 4764 3387 4816 nisi
3419 4761 3519 4815 hoc

1941 4877 2133 4916 nomen
2146 4861 2254 4930 jam
2277 4861 2328 4913 in
2357 4860 2457 4912 alia
2485 4875 2541 4912 re
2563 4858 2760 4912 soleret
2786 4858 3025 4928 intelligi,
3051 4873 3156 4928 quo
3171 4857 3328 4910 corda
3348 4854 3519 4908 homi-

1941 4969 2063 5008 num
2103 4954 2351 5008 nolumus
2395 4951 2654 5006 inclinari.
2683 4949 2800 5006 Non
2835 4959 2917 5004 est
2941 4959 3117 5004 autem
3163 4961 3514 5016 consequens,

1941 5053 2018 5110 ut,
2067 5046 2112 5098 si
2142 5045 2252 5099 Deo
2279 5052 2457 5098 certus
2492 5051 2574 5098 est
2615 5043 2851 5096 omnium
2891 5041 3356 5103 ordo-causarum,
3399 5037 3517 5092 ideo

1940 5137 2070 5192 nihil
2096 5136 2166 5192 sit
2189 5136 2240 5190 in
2264 5145 2458 5190 nostra:
2478 5135 2765 5188 voluntatis
2791 5133 3027 5186 arbitrio.
3064 5131 3127 5183 Et
3164 5129 3290 5195 ipsa:
3324 5129 3516 5199 quippe

1939 5237 2136 5283 nostra:
2157 5227 2458 5281 voluntates
2478 5226 2530 5280 in
2547 5239 2824 5280 causarum
2848 5221 3032 5275 ordine
3060 5229 3202 5284 sunt,
3227 5217 3315 5289 qui
3341 5229 3518 5273 certus

1940 5327 2022 5374 est
2060 5319 2171 5374 Deo
2199 5317 2420 5387 ejusque
2444 5314 2774 5386 praescientia
2811 5310 3148 5376 continetur;
3189 5311 3434 5379 quoniam
3466 5319 3518 5364 et

1939 5408 2184 5464 humana:
2201 5408 2500 5462 voluntates
2528 5407 2876 5461 humanorum
2911 5417 3129 5471 operum
3161 5417 3334 5457 causae
3373 5414 3514 5455 sunt.

1939 5506 2113 5572 Atque
2142 5501 2214 5556 ita
2237 5500 2327 5571 qui
2353 5514 2539 5554 omnes
2564 5512 2741 5552 rerum
2763 5508 2951 5550 causas
2973 5495 3254 5564 prmscivit,
3282 5493 3518 5564 profectu

2004 5680 2088 5746 (in)
2112 5690 2143 5729 Α
2165 5679 2308 5746 fando
2325 5677 2432 5728 fere
2453 5676 2910 5746 omnes-scriptores
2946 5681 3148 5746 veteres
3165 5674 3409 5746 derivant,
3424 5671 3517 5745 sed

1937 5737 2083 5792 variis
2104 5742 2272 5790 modis.
2294 5759 2318 5786 ι
2337 5739 2467 5798 Quod
2485 5737 2782 5787 constituunt
2799 5746 2953 5790 Parcae
2977 5737 3117 5786 fando
3133 5775 3146 5798 ,
3170 5753 3190 5780 ι
3226 5737 3378 5798 inquit
3402 5744 3507 5781 και*-

1938 5819 2012 5869 ro,
2033 5805 2096 5856 de
2120 5806 2304 5866 Lingua,
2314 5804 2488 5863 Latina,
2518 5800 2598 5851 lib.
2619 5800 2667 5861 6,
2687 5801 2709 5862 §
2732 5800 2809 5848 δὲ.
