4064 6482
540 404 636 463 151

539 521 591 575 in
637 520 714 575 eis
735 521 910 575 causis
943 521 1101 575 etiam
1150 528 1359 576 nostras
1409 521 1708 580 voluntates
1733 524 1983 593 ignorare
2008 541 2116 581 non

540 608 729 679 potuit,
761 625 892 681 quas
912 619 1214 665 nostrorum
1235 625 1456 681 Operum
1478 626 1670 670 causas
1689 629 1808 672 esse
1827 617 2113 687 prtescivit.

608 702 657 757 4.
694 701 825 757 Nam
855 710 910 758 et
939 701 1064 756 illud
1105 702 1246 772 quod
1287 702 1428 760 idem
1455 703 1644 761 Cicero
1672 707 1955 763 concedit‘
1984 708 2116 763 nihil

537 793 655 849 fieri
688 794 733 848 si
770 809 928 849 causa
963 793 1201 852 efﬁciens
1226 811 1335 853 non
1376 798 1642 867 prmcedat
1666 798 1844 870 (Libro
1870 800 1932 855 de
1960 799 2113 867 Fato,

532 896 651 954 cap.
680 885 766 951 l0,
795 893 841 938 et
864 886 1050 956 καφ),
1100 887 1231 941 satis
1256 896 1339 942 est
1366 887 1433 943 ad
1462 903 1582 943 eum
1614 889 1668 944 in
1699 890 1797 945 hac
1822 891 2114 961 qurestiono

535 974 980 1045 rcdarguendum.
1006 976 1143 1043 Quid
1171 978 1313 1032 enim
1347 993 1469 1033 eum
1504 978 1737 1049 adjuvat,
1779 980 1918 1051 quod
1963 980 2111 1047 dicit,

534 1064 664 1118 nihil
708 1065 919 1136 quidem
959 1067 1073 1122 ﬁeri
1112 1068 1228 1123 sine
1255 1084 1437 1135 causa,
1477 1072 1572 1127 sed
1613 1088 1719 1126 non
1749 1087 1959 1127 omnem
1990 1088 2115 1127 cau-

532 1169 646 1209 sam
674 1171 794 1211 esse
819 1155 1030 1213 fatalem
1052 1174 1068 1224 ;
1106 1161 1227 1230 quia
1246 1170 1503 1217 estcausa
1535 1161 1768 1230 fortuita,
1791 1171 1875 1217 est
1894 1171 2113 1219 natura-

531 1246 618 1311 lis,
663 1256 746 1302 est
764 1248 1095 1304 voluntaria?
1133 1249 1339 1305 Sufficit
1364 1252 1486 1322 quia
1512 1267 1673 1309 omne
1700 1254 1840 1325 quod
1864 1254 1940 1319 ﬁt,
1977 1271 2112 1333 non-
2144 1280 2155 1290 ’

530 1338 634 1392 nisi
660 1354 820 1394 causa
845 1341 1178 1410 praecedente
1214 1343 1328 1399 ﬁeri
1351 1345 1656 1401 conﬁtetur.
1697 1345 1805 1402 Nos
1833 1347 1976 1403 enim
2023 1363 2116 1405 eas

531 1444 746 1499 causas,
794 1447 913 1503 qua:
957 1433 1204 1489 dicuntur
1244 1434 1495 1504 fortuitae,
1541 1435 1683 1493 unde
1718 1438 1877 1493 etiam
1904 1436 2113 1494 fortuna

468 1554 483 1601 ἓ
532 1536 732 1577 nomen
762 1524 984 1593 accepit,
1002 1540 1109 1579 non
1134 1540 1254 1581 esse
1280 1525 1505 1582 dicimus
1525 1527 1713 1592 nullas,
1744 1529 2112 1597 sedlateutes;

446 1594 479 1638 θ’
533 1626 731 1684 easque
757 1613 1036 1669 tribuimus
1059 1615 1140 1671 vel
1163 1615 1256 1671 Dei
1280 1616 1410 1682 veri,
1458 1618 1543 1674 vel
1570 1620 1931 1690 quorumlibet
1956 1621 2115 1691 spiri-

535 1711 685 1758 tuum
714 1704 971 1760 voluntati
1000 1724 1015 1760 :
1044 1706 1289 1777 ipsasque
1309 1709 1576 1764 naturales
1597 1725 1928 1782 nequaquam
1957 1713 2025 1766 ah
2052 1713 2117 1767 il-

534 1792 639 1848 lius
666 1795 937 1851 voluntate
964 1797 1311 1869 sejungimus,
1348 1801 1441 1873 qui
1470 1810 1552 1857 est
1574 1812 1760 1858 auctor
1783 1804 1958 1858 omnis
1987 1820 2118 1860 con-

534 1885 781 1958 ditorque
829 1898 1053 1945 naturae.
1109 1891 1227 1947 lam
1281 1908 1410 1950 vero
1452 1909 1625 1951 causa:
1667 1897 1982 1952 voluntaria:
2026 1907 2120 1954 aut

532 1976 633 2033 Dei
658 1988 801 2046 sunt,
827 1988 920 2034 aut
944 1982 1292 2053 Angelorum,
1311 1996 1402 2040 aut
1422 1984 1721 2054 hominum,
1744 1997 1836 2043 aut
1859 2004 2116 2059 quorum-

534 2083 638 2140 quc
664 2070 967 2126 animalium
995 2091 1008 2127 :
1038 2074 1082 2129 si
1119 2083 1294 2131 tamen
1321 2077 1651 2147 appellandas
1676 2088 1798 2134 sunt
1822 2080 2118 2136 voluntates

534 2161 879 2218 animalium’
908 2166 1129 2222 rationis
1152 2170 1449 2238 expertium
1477 2179 1655 2226 motus
1683 2172 1777 2237 illi,
1805 2172 1996 2241 quibus
2021 2173 2118 2227 ali-

535 2266 643 2322 qua
685 2251 886 2310 faciunt
924 2257 1214 2312 secundum
1256 2267 1500 2315 naturam
1529 2276 1701 2329 suam,
1737 2277 1859 2318 cum
1883 2263 2009 2333 quid
2036 2263 2117 2319 vel

534 2344 851 2414 appetunt',
876 2346 960 2401 vel
988 2347 1208 2404 evitant.
1250 2350 1574 2421 Angelorum
1613 2361 1789 2408 autem
1818 2354 2118 2409 voluntates

535 2432 678 2501 dico,
706 2436 818 2491 sive
842 2435 1128 2504 bonorum,
1175 2456 1309 2511 quos
1338 2443 1566 2512 Angelos
1599 2445 1690 2500 Dei
1716 2445 1973 2514 dicimus;
2005 2448 2119 2503 site

537 2526 820 2591 malorum,
873 2545 1009 2599 quos
1054 2532 1274 2602 angelos
1298 2533 1498 2590 diaboli
1539 2535 1624 2591 vel
1654 2536 1813 2592 etiam
1850 2538 2118 2595 daemones

508 2615 870 2690 'appcllamus
898 2641 909 2676 :
935 2624 1012 2678 sic
1038 2633 1091 2679 et
1111 2624 1387 2681 hominum
1413 2627 1673 2685 bonorum
1699 2631 1897 2687 scilicet
1924 2642 1976 2686 et
2003 2648 2118 2687 ma-

532 2708 735 2765 lormn.
762 2715 838 2769 Ac
857 2728 951 2784 per
972 2714 1075 2772 hoc
1097 2716 1381 2788 colligitur,
1410 2734 1516 2774 non
1535 2736 1653 2777 esse
1667 2737 1854 2777 causas
1878 2723 2118 2780 efﬁcien—

508 2876 513 2883 Ι
537 2811 622 2858 tes
645 2804 879 2860 omnium
910 2823 1028 2878 qua:
1054 2808 1205 2875 fiunt,
1234 2809 1334 2864 nisi
1361 2811 1707 2883 voluntarias,
1754 2814 1895 2870 illius
1917 2826 2118 2873 natura:

537 2893 744 2950 scilicet
782 2910 901 2965 qua:
944 2898 1161 2967 Spiritus
1202 2901 1324 2955 vita:
1363 2911 1463 2957 est.
1507 2901 1640 2958 Nam
1674 2913 1729 2959 et
1760 2920 1858 2962 aer
1896 2906 1998 2961 istc
2025 2923 2118 2962 seu

538 2997 753 3053 ventus,
774 2986 966 3044 dicitur
989 2988 1204 3060 spiritus
1232 3007 1245 3045 :
1279 2991 1373 3047 sed
1389 2994 1638 3063 quoniam
1666 3011 1859 3066 corpus
1882 3006 1985 3062 est,
2011 3014 2118 3054 nun

538 3085 625 3132 est
653 3077 871 3146 spiritus
898 3080 1038 3134 vine.
1066 3078 1295 3150 Spiritus
1323 3098 1451 3155 ergo
1468 3084 1609 3152 vitae,
1638 3087 1726 3157 qui
1745 3087 1974 3144 viviﬁcat
1998 3104 2118 3143 om-

508 3165 650 3243 'nia,
686 3176 1002 3241 creatorque
1042 3179 1126 3227 est
1157 3173 1332 3229 omnis
1362 3176 1603 3244 corporis
1646 3186 1699 3232 ct
1741 3179 1913 3233 omnis
1954 3180 2117 3235 creati

539 3257 777 3328 Spiritus,
809 3260 922 3331 ipse
940 3270 1026 3317 est
1049 3263 1210 3331 Deus,
1231 3265 1451 3335 spiritus
1474 3268 1653 3339 utique
1673 3284 1780 3323 non
1800 3282 2029 3328 creatus.
2063 3274 2117 3327 ln

537 3348 655 3421 ejus
683 3351 951 3409 voluntate
976 3368 1181 3409 summa
1226 3366 1460 3425 potestas
1485 3370 1586 3422 est,
1631 3376 1750 3431 qua:
1771 3360 1792 3391 ‘
1820 3375 2117 3419 creatorem

540 3443 822 3512 spirituum
870 3445 1169 3502 voluntates
1211 3446 1378 3503 bonas
1416 3449 1652 3519 adjuvat,
1699 3453 1866 3508 malas
1895 3453 2116 3524 judicat,

538 3548 728 3591 omnes
748 3535 991 3603 ordinat;
1015 3546 1069 3592 et
1088 3538 1402 3609 quibusdam
1425 3541 1609 3596 tribuit
1633 3547 1975 3612 potestates”,
2000 3547 2118 3617 qui-

509 3624 765 3709 :busdam
804 3642 910 3699 non
950 3628 1153 3684 tribuit.
1188 3629 1335 3685 Sicut
1368 3632 1507 3686 enim
1540 3635 1776 3689 omnium
1812 3646 2117 3693 naturarum

538 3726 753 3774 creator
767 3729 868 3785 est,
882 3720 953 3775 ita
972 3723 1207 3777 omnium
1233 3734 1551 3794 potestatum
1569 3727 1742 3794 dator,
1765 3745 1868 3784 non
1886 3731 2122 3788 volunta-

509 3804 517 3813 ’
542 3816 676 3864 tum.
689 3807 838 3865 Mala:
858 3811 1052 3881 quippe
1062 3813 1361 3869 voluntates
1376 3815 1444 3869 ab
1459 3817 1548 3870 illo
1571 3833 1674 3872 non
1693 3828 1818 3874 sunt
1837 3837 1848 3879 ;
1872 3823 2120 3891 quoniam

540 3907 731 3953 contra
754 3908 994 3955 naturam
1023 3911 1171 3967 smtt,
1199 3919 1318 3973 qua:
1344 3906 1412 3959 ab
1442 3907 1531 3960 illo
1557 3917 1660 3962 est.
1699 3908 1933 3979 Corpora
1964 3913 2121 3981 igitur

537 3988 710 4060 magis
735 3989 1011 4060 subjaccnt
1032 3992 1392 4048 voluntatibus
1414 4011 1427 4061 ;
1451 3996 1692 4067 qumdam
1716 4000 1928 4064 nostris,
1961 4001 2009 4055 id
2037 4011 2121 4057 est

536 4079 774 4136 omnium
800 4081 1148 4138 animantium
1177 4086 1506 4155 mortalium,
1549 4096 1603 4143 et
1626 4089 1808 4161 magis
1847 4092 2119 4150 hominum

538 4184 697 4243 quam
727 4171 1050 4241 bestiarum;
1079 4175 1319 4246 quardam
1355 4194 1480 4234 vero
1504 4182 1810 4252 angelorum
1834 4200 1848 4237 :
1885 4186 1979 4240 sed
2005 4203 2121 4242 om-

534 4263 628 4319 nia
652 4265 882 4319 maxime
909 4266 1001 4322 Dei
1023 4268 1275 4323 voluntati
1302 4270 1509 4326 subdita
1544 4282 1704 4338 sunt;
1734 4275 1819 4328 cui
1840 4276 1999 4330 etiam
2028 4293 2121 4334 vo-

532 4352 772 4413 luntates
812 4372 1000 4414 omnes
1036 4360 1411 4429 subjiciuntur,
1458 4363 1579 4433 quia
1608 4381 1713 4419 non
1743 4365 1942 4423 habent
1966 4379 2118 4438 pote-

537 4456 730 4506 statcm
758 4450 857 4505 nisi
887 4466 1045 4521 quam
1076 4453 1167 4508 ille
1207 4454 1471 4509 concedit.
1519 4455 1690 4511 Causa
1720 4458 1896 4529 itaque
1938 4476 2119 4517 rerum

535 4554 658 4610 quae
703 4540 847 4608 facit,
897 4557 997 4598 nec
1022 4544 1103 4610 ﬁt,
1146 4544 1288 4599 Deus
1316 4553 1417 4599 est.
1452 4546 1585 4600 Alia:
1614 4562 1740 4602 vero
1765 4563 1939 4605 causa:
1961 4561 2015 4606 et
2043 4552 2121 4609 fa-

533 4633 704 4701 ciunt,
756 4644 811 4689 et
860 4634 1028 4701 ﬁunt;
1080 4637 1219 4691 sicut
1269 4648 1392 4693 sunt
1440 4653 1626 4695 omnes
1668 4642 1833 4696 creati
1880 4644 2116 4713 spiritus,

536 4724 770 4786 maxime
810 4725 1117 4782 rationales.
1164 4727 1483 4797 Corporales
1523 4739 1697 4786 autem
1747 4748 1944 4802 causm,
1999 4752 2119 4808 qua:

536 4816 705 4887 magis
733 4815 883 4883 fiunt,
911 4833 1070 4888 quam
1100 4817 1317 4885 faciunt,
1366 4836 1470 4876 non
1496 4831 1618 4877 sunt
1642 4823 1778 4881 inter
1804 4843 1993 4886 causas
2034 4832 2116 4887 ef-

535 4908 774 4964 ﬁcientes
800 4909 1257 4976 annumerandaa;
1284 4912 1535 4981 quoniam
1562 4912 1663 4970 hoc
1703 4930 1949 4986 possunt,
1977 4923 2117 4992 quod

533 5016 602 5054 ex
627 5000 754 5070 ipsis
783 5000 984 5056 faciunt
1012 5002 1293 5071 spirituum
1317 5003 1632 5063 voluntates.
1656 5007 1940 5077 Quomodo
1961 5015 2118 5083 igitur

532 5088 664 5144 ordo
683 5105 984 5159 causarum,
1014 5091 1105 5162 qui
1130 5093 1428 5163 przescienti
1453 5106 1632 5153 certus
1656 5109 1739 5154 est
1760 5102 1898 5170 Deo,
1926 5104 1975 5158 id
2002 5106 2117 5160 efﬁ-

533 5179 630 5245 cit,
649 5190 705 5235 ut
732 5182 865 5236 nihil
891 5181 961 5238 sit
999 5182 1052 5239 in
1086 5193 1268 5239 nostra
1293 5185 1582 5256 voluntate,
1624 5206 1744 5248 cum
1784 5194 1839 5248 in
1857 5195 1975 5265 ipso
1992 5211 2117 5253 cau-

530 5286 711 5327 sarum
738 5273 924 5335 ordine
959 5291 1208 5348 magnum
1239 5277 1472 5335 habeant
1495 5282 1671 5338 locum
1700 5297 1899 5342 nostra:
1930 5290 2115 5346 volun-

531 5360 711 5418 tates?
735 5361 1031 5422 Contendat
1048 5382 1174 5439 ergo
1202 5367 1390 5426 Cicero
1422 5386 1543 5427 cum
1566 5375 1670 5444 eis,
1700 5377 1791 5448 qui
1818 5377 1960 5437 hunc
1984 5396 2112 5437 can-

594 5518 611 5548 ί
649 5514 784 5565 vind.
810 5523 910 5567 Am.
933 5524 1030 5581 En,
1053 5520 1309 5575 contendit.

591 5580 614 5609 ³
645 5584 743 5627 Hoc
766 5576 872 5627 Ιοοο
894 5586 1017 5627 ωδε..
1042 5582 1309 5627 animarum

592 5590 614 5609 ι
646 5590 743 5628 Hoc
766 5590 872 5628 loco
894 5590 1017 5641 uss,
1042 5590 1330 5636 animarum.

592 5640 616 5719 ἲ
645 5638 1075 5719 massiliam?
1097 5657 1209 5719 εειτη
1226 5647 1344 5719 quis
1365 5647 1475 5701 boni
1489 5649 1661 5703 malive
1681 5650 2017 5719 υειμρρεεωιξε

525 5700 619 5815 us;
644 5700 875 5827 siguzind.
899 5706 973 5753 Er.
1009 5700 1069 5753 et
1099 5700 1266 5769 plures
1294 5716 1402 5761 Mss.
1425 5700 1482 5763 at
1514 5700 1653 5779 me;
1687 5700 1800 5781 qui:
1803 5700 2041 5770 16536111
2077 5730 2110 5771 e

596 5798 655 5827 7.,
739 5826 744 5827 ί
779 5797 792 5811 .
1058 5826 1061 5827 ν

623 5801 632 5810 ο
641 5798 655 5822 ’
679 5797 792 5822 1111ιο,

590 5826 613 5859 ³
643 5826 715 5879 tta
734 5826 785 5876 in
800 5830 908 5878 Mss.
933 5832 985 5878 In
1007 5826 1151 5882 editis
1167 5842 1302 5895 vero,
1321 5838 1613 5896 potestatem.

1958 5929 1994 5948 κ

1626 408 1714 470 DE
1751 407 2069 464 CIVITATE
2107 407 2240 474 DEI,
2282 409 2346 465 S.
2383 410 2752 472 AUGUSTINI

3150 341 3195 365 χ

3701 435 3805 491 152

2222 537 2404 582 sarum
2431 529 2673 586 ordinem
2700 532 2887 588 dicunt
2903 547 3024 592 esse
3052 535 3290 608 fatalem,
3320 540 3405 597 vel
3433 542 3609 612 potius
3632 543 3805 616 ipsum

2221 616 2319 672 fati
2347 620 2579 710 nomine
2617 624 2887 693 appellant
2912 625 3086 698 (Libro
3110 629 3174 684 de
3198 629 3354 698 Fato,
3379 649 3531 705 capp.
3559 637 3651 703 ll,
3680 638 3801 710 12);

2220 709 2361 780 quod
2386 726 2484 767 nos
2523 713 2894 784 abhorremus,
2927 720 3190 789 pracipue
3225 732 3441 794 propter
3465 709 3804 797 vocabulum,

2220 800 2362 870 quod
2388 817 2493 858 non
2520 804 2574 859 in
2598 819 2658 861 re
2686 821 2810 862 vera
2828 811 3102 865 consuevit
3127 812 3365 884 intelligi.
3393 815 3546 884 Quod
3565 833 3695 874 vero
3712 833 3804 878 ne-

2219 902 2309 962 gat
2335 894 2578 951 ordinem
2611 898 2849 955 omnium
2886 915 3164 957 causarum
3205 918 3325 961 esse
3368 906 3723 965 certissimum
3749 918 3806 966 et

2221 985 2315 1041 Dei
2345 990 2690 1056 praescientite
2738 994 3093 1060 notissimum,
3139 996 3256 1066 plus
3293 1013 3420 1054 cum
3454 1015 3612 1070 quam
3631 987 3805 1059 Stoici

2219 1073 2564 1143 detestamur.
2590 1080 2697 1136 Aut
2719 1083 2860 1137 enim
2880 1083 3048 1139 Deum
3068 1099 3189 1142 esse
3220 1098 3396 1157 negat,
3421 1090 3563 1159 quod
3588 1091 3801 1161 quidem

2220 1164 2433 1221 inducta
2460 1168 2680 1226 alterius
2718 1186 2946 1241 persona
2973 1174 3027 1229 in
3058 1174 3207 1231 libris
3235 1176 3303 1232 de
3337 1178 3568 1236 Deorum
3608 1180 3804 1236 Natura

2220 1257 2396 1314 facere
2424 1262 2641 1318 molitus
2664 1272 2746 1318 est
2766 1280 2781 1316 :
2808 1274 2900 1320 aut
2922 1265 2969 1321 si
2992 1280 3112 1322 esse
3137 1267 3417 1324 conﬁtetur
3437 1271 3620 1338 Deum,
3642 1287 3804 1343 quem

2219 1359 2379 1422 negat
2396 1354 2677 1424 prmseium
2695 1354 3018 1425 futurorum,
3044 1358 3205 1415 etiam
3230 1360 3309 1416 sic
3331 1361 3460 1417 dicit
3481 1362 3613 1418 nihil
3637 1362 3804 1430 aliud,

2220 1456 2382 1513 quam
2419 1443 2562 1513 quod
2604 1445 2696 1502 ille
2721 1447 2852 1502 dixit
2888 1447 3129 1519 insipiens
3156 1450 3208 1504 in
3235 1451 3384 1506 corde
3408 1468 3521 1518 suo,
3569 1451 3693 1509 Non
3733 1461 3806 1511 est

2219 1528 2359 1586 Deus
2391 1530 2560 1605 (Psal.
2589 1551 2702 1604 snt,
2742 1536 2823 1608 1).
2851 1537 2954 1606 Qui
2979 1539 3121 1594 enim
3148 1555 3255 1596 non
3279 1551 3362 1597 est
3393 1544 3648 1612 praescius
3681 1558 3804 1599 om-

2221 1623 2366 1680 nium
2394 1625 2721 1696 futurorum,
2738 1645 2850 1687 non
2878 1641 2963 1687 est
2991 1633 3355 1703 utiqueDeus.
3381 1635 3716 1707 Quapropter
3746 1646 3805 1694 et

2223 1719 2523 1775 voluntates
2546 1729 2745 1776 nostrae
2775 1730 2976 1777 tantum
2998 1724 3200 1793 valent,
3246 1736 3500 1795 quantum
3532 1728 3672 1783 Deus
3712 1741 3806 1783 eas

2221 1812 2402 1867 valere
2436 1814 2603 1868 voluit
2628 1825 2787 1885 atque
2819 1817 3085 1886 pnescivit
3129 1834 3143 1872 :
3190 1826 3246 1874 et
3278 1818 3400 1874 ideo
3426 1819 3681 1890 quidquid
3708 1834 3807 1874 va-

2220 1904 2349 1970 lent,
2381 1904 2677 1962 certissime
2716 1908 2933 1975 valent;
2976 1909 3193 1980 etquod
3223 1909 3440 1966 facturae
3478 1918 3632 1978 sunt,
3675 1910 3808 1981 ipsa:

2223 1994 2441 2049 omnino
2469 1994 2687 2051 facturae
2733 2006 2901 2053 sunt:
2951 1999 3074 2069 quia
3104 1999 3352 2054 valituras
3388 2008 3548 2070 atque
3574 1999 3809 2055 iacturas

2224 2084 2315 2138 ille
2363 2086 2654 2153 prmscivit,
2719 2088 2871 2158 cujus
2918 2090 3251 2159 prmscientia
3294 2088 3403 2146 falli
3451 2106 3558 2147 non
3606 2100 3806 2161 potest.

2223 2172 2556 2246 Quapropter
2587 2177 2633 2232 si
2660 2178 2789 2233 mihi
2814 2180 2904 2234 fati
2939 2196 3132 2237 nomen
3163 2182 3319 2237 alicui
3345 2182 3421 2238 rei
3446 2182 3807 2239 adhibendum

2225 2264 2479 2333 placeret,
2506 2269 2675 2338 magis
2696 2268 2925 2325 dicerem
2945 2270 3110 2327 fatum
3125 2287 3245 2328 esse
3266 2272 3591 2341 inﬁrmioris,
3618 2282 3811 2344 poten-

2225 2356 2375 2413 tioris
2405 2358 2748 2427 voluntatem,
2785 2362 2873 2432 qui
2901 2378 3023 2417 eum
3061 2363 3219 2419 habet
3244 2365 3296 2419 in
3326 2373 3606 2435 potestate,
3643 2379 3810 2435 quam

2224 2447 2317 2502 illo
2336 2463 2612 2505 causarum
2637 2452 2843 2519 ordine,
2867 2470 3025 2524 quem
3050 2471 3154 2509 non
3174 2456 3389 2521 usitato,
3412 2456 3507 2512 sed
3531 2470 3629 2511 suo
3650 2471 3808 2511 more

2223 2538 2384 2595 Stoici
2422 2544 2584 2597 fatum
2627 2545 2913 2613 appellant,
2964 2545 3238 2600 arbitrium
3284 2554 3480 2603 nostrae
3518 2545 3811 2602 voluntatis

2224 2629 2440 2686 auferri.

2224 2760 2449 2819 CAPUT
2489 2763 2555 2819 X.
2583 2795 2654 2805 -—
2689 2763 2765 2817 An
2791 2765 3128 2819 voluntatibus
3157 2766 3415 2821 hominum
3441 2767 3610 2838 aliqua
3636 2766 3813 2821 donti-

2756 2866 2901 2911 netur
2927 2859 3213 2913 necessitas.

2297 2991 2350 3046 l.
2397 2988 2545 3047 Unde
2574 3005 2673 3046 nec
2703 2989 2788 3045 illa
2818 2992 3108 3047 necessitas
3146 2989 3478 3046 formidanda
3513 2999 3615 3058 est,
3643 2975 3834 3060 quam.

2225 3079 2561 3138 formidando
2581 3082 2744 3139 Stoici
2775 3083 3146 3139 laboraverunt
3174 3098 3361 3140 causas
3384 3099 3561 3140 rerum
3593 3083 3664 3137 ita
3689 3082 3811 3138 dis-

2226 3174 2488 3246 tinguere,
2520 3184 2578 3229 ut
2599 3175 2856 3246 quasdam
2883 3175 3259 3231 subtraherent
3293 3176 3615 3241 necessitati,
3643 3190 3811 3246 quas-

2223 3264 2346 3320 dam
2372 3266 2658 3322 subderent
2683 3284 2697 3319 :
2720 3276 2879 3338 atque
2903 3268 2951 3321 in
2975 3267 3059 3323 bis
3077 3284 3208 3338 quas
3226 3283 3346 3324 csse
3364 3269 3464 3324 sub
3486 3268 3812 3324 necessitate

2225 3357 2538 3420 noluerunt,
2589 3366 2882 3426 posuerunt
2920 3359 3079 3413 etiam
3122 3368 3332 3415 nostras
3370 3359 3685 3425 voluntates,
3736 3374 3810 3415 ne

2225 3447 2473 3502 videlicet
2515 3463 2621 3502 non
2649 3461 2830 3503 essent
2862 3448 3069 3515 liberat,
3096 3448 3142 3503 si
3180 3448 3535 3505 subderentur
3564 3449 3810 3504 necessi-

2228 3539 2341 3594 tati.
2374 3537 2429 3594 Si
2471 3539 2611 3594 enim
2653 3538 2943 3597 necessitas
2970 3549 3152 3595 nostra
3180 3541 3268 3594 illa
3293 3539 3517 3595 dicenda
3551 3548 3651 3605 est,
3682 3556 3811 3609 quae

2226 3647 2331 3685 non
2361 3640 2442 3686 est
2470 3630 2521 3685 in
2548 3641 2729 3685 nostra
2757 3641 3038 3701 potestate,
3061 3630 3176 3695 sed,
3209 3631 3414 3686 etiamsi
3444 3630 3697 3697 nolimus,
3729 3631 3813 3685 ei-

2225 3721 2338 3777 ﬁeit
2373 3721 2514 3791 quod
2556 3731 2748 3792 potest,
2779 3721 2917 3775 sicut
2941 3730 3023 3775 est
3052 3721 3340 3775 necessitas
3376 3720 3599 3786 mortis;
3629 3722 3810 3776 mani-

2226 3814 2416 3870 festum
2441 3824 2521 3870 est
2542 3815 2840 3879 voluntates
2859 3822 3087 3879 nostras,
3111 3811 3305 3883 quibus
3330 3821 3474 3866 recte
3501 3813 3584 3868 vel
3613 3827 3813 3882 perpe-

2226 3919 2338 3959 ram
2360 3905 2569 3971 vivitur,
2597 3903 2696 3958 sub
2724 3894 2815 3957 tali
2842 3902 3154 3956 necessitate
3175 3916 3279 3955 non
3309 3916 3447 3957 esse.
3472 3894 3634 3956 Multa
3655 3903 3810 3957 enim

2227 3995 2469 4058 facimus,
2514 4011 2654 4065 quae,
2688 3994 2731 4048 si
2780 3993 3062 4059 nollemus,
3108 4010 3214 4048 non
3256 3993 3438 4064 utique
3484 3993 3810 4051 faceremus.

2225 4084 2341 4154 Quo
2367 4085 2611 4156 primitus
2637 4083 2864 4155 pertinet
2893 4084 3064 4155 ipsum
3090 4083 3226 4139 velle
3250 4100 3263 4137 :
3292 4100 3435 4148 nam,
3468 4083 3513 4138 si
3534 4084 3811 4150 volumus,

2227 4186 2342 4242 est;
2371 4177 2415 4231 si
2441 4176 2709 4241 nolumus,
2736 4190 2842 4230 non
2866 4184 2983 4231 est:
3011 4189 3116 4229 non
3149 4176 3290 4230 enim
3316 4174 3593 4242 vellemus,
3615 4176 3662 4228 si
3688 4176 3813 4230 nol-

2226 4268 2415 4323 lemus.
2443 4268 2500 4324 Si
2530 4278 2705 4323 autem
2738 4268 2823 4323 illa
2846 4268 3093 4324 delinitur
3118 4284 3238 4324 esse
3267 4269 3579 4334 necessitas,
3605 4282 3813 4323 secun-

2224 4359 2350 4415 dum
2390 4377 2547 4433 quam
2579 4361 2807 4416 dicimus
2850 4375 3069 4415 necesse
3105 4376 3223 4415 esse
3251 4370 3308 4414 ut
3348 4362 3419 4414 ita
3460 4362 3528 4414 sit
3576 4360 3810 4430 aliquid,

2224 4453 2310 4510 vel
2330 4455 2400 4508 ita
2432 4457 2554 4520 tiat;
2583 4454 2761 4509 nescio
2787 4469 2880 4508 cur
2906 4467 3026 4508 eam
3052 4452 3353 4517 timeamus,
3377 4467 3444 4504 ne
3464 4450 3616 4505 nobis
3636 4451 3810 4505 liber-

2227 4554 2387 4600 tatem
2414 4546 2618 4599 auferat
2647 4544 2957 4599 voluntatis.
2988 4542 3173 4612 Neque
3197 4542 3337 4598 enim
3364 4550 3419 4596 et
3442 4540 3603 4595 vitam
3631 4540 3727 4596 Dei
3750 4550 3813 4598 et

2226 4637 2612 4707 praescieutiam
2653 4635 2747 4690 Dei
2786 4636 2884 4691 sub
2927 4635 3244 4690 necessitate
3288 4633 3552 4704 ponimus,
3580 4634 3623 4687 si
3651 4632 3811 4688 dica-

2225 4744 2343 4783 mus
2382 4743 2601 4783 necesse
2643 4742 2763 4782 csse
2807 4727 2970 4781 Deum
3008 4740 3224 4796 semper
3260 4724 3460 4789 vivere,
3511 4732 3567 4778 et
3610 4734 3811 4780 cuncta

2226 4823 2505 4891 praescire:
2535 4819 2672 4874 sicut
2698 4834 2796 4873 nec
2821 4826 3058 4889 potestas
3086 4817 3202 4887 ejus
3246 4817 3523 4882 minuitur,
3551 4830 3672 4870 cum
3710 4815 3808 4873 di-

2223 4912 2359 4967 citur
2384 4911 2516 4964 mori
2554 4910 2769 4979 fallique
2796 4924 2900 4963 non
2932 4922 3111 4977 posse.
3140 4907 3229 4962 Sic
3252 4907 3392 4962 enim
3423 4906 3524 4960 hoc
3554 4921 3659 4960 non
3701 4923 3809 4977 po-

2225 5015 2346 5069 test,
2376 5013 2431 5057 ut
2459 5003 2654 5072 potius,
2674 5002 2718 5056 si
2751 5012 2949 5071 posset,
2983 5000 3206 5055 minoris
3244 5009 3386 5054 esset
3434 5000 3614 5069 utique
3643 5007 3807 5068 pote-

2221 5097 2394 5152 statis.
2426 5095 2589 5149 Recte
2633 5093 2826 5163 quippe
2871 5092 3208 5159 omnipotens
3236 5089 3449 5156 dicitur,
3490 5090 3579 5160 qui
3619 5096 3804 5148 tamen

2221 5189 2356 5244 mori
2402 5196 2458 5242 et
2498 5186 2604 5241 falli
2651 5200 2757 5239 non
2802 5191 2995 5253 potest.
3044 5183 3246 5237 Dicitur
3286 5183 3429 5238 enim
3459 5184 3807 5251 omnipotens

2221 5277 2464 5334 faciendo
2484 5276 2623 5346 quod
2647 5275 2778 5340 vult,
2807 5289 2910 5327 non
2940 5272 3186 5342 patiendo
3206 5271 3346 5344 quod
3369 5288 3471 5326 non
3494 5272 3634 5326 vult:
3654 5274 3804 5341 quod

2220 5368 2339 5423 eisi
2377 5365 2661 5428 accideret,
2709 5378 3044 5434 nequaquam
3086 5372 3229 5417 esset
3258 5362 3609 5434 omnipotens.
3645 5361 3807 5419 Unde

2219 5466 2498 5529 propterea
2533 5453 2775 5526 quazdam
2805 5469 2914 5508 non
2947 5461 3139 5523 potest,
3180 5452 3303 5522 quia
3328 5452 3661 5521 omnipotens
3691 5461 3801 5507 cst.

2219 5549 2309 5606 Sic
2333 5549 2511 5613 etiam,
2542 5562 2662 5602 cum
2701 5545 2927 5601 dicimus
2968 5558 3189 5600 necesse
3226 5554 3347 5598 esse
3375 5553 3451 5609 ut,
3493 5558 3613 5597 cum
3644 5541 3802 5597 volu-

2217 5658 2361 5710 mus,
2395 5642 2561 5696 libero
2593 5628 2820 5694 velimus
2844 5638 3104 5701 arbitrio;
3132 5644 3186 5691 ct
3205 5650 3387 5691 verum
3414 5633 3798 5705 proculdubio

2215 5735 2465 5800 dicimus,
2492 5742 2548 5788 et
2572 5746 2676 5786 non
2700 5729 2822 5784 ideo
2845 5729 3016 5799 ipsum
3041 5727 3267 5781 liberum
3301 5725 3577 5781 arbitrium
3603 5740 3799 5782 neces-

2216 5827 2355 5888 sitati
2385 5824 2712 5898 sulijieimus,
2742 5835 2862 5891 qua:
2895 5817 3082 5877 adimit
3111 5817 3428 5876 libertatem.
3457 5816 3592 5876 Sunt
3628 5816 3795 5890 igitur
