4064 6476
247 335 343 392 I53

241 455 434 504 nostra
461 444 801 528 voluntates,
827 452 886 504 et
913 445 1045 518 ipsa:
1081 446 1280 505 faciunt
1303 450 1560 524 quidquid
1599 457 1827 514 volendo

242 539 484 604 facimus,
528 523 819 608 quodnon
850 539 1024 605 ﬁeret,
1052 540 1097 595 si
1131 541 1418 598 nollemus.
1445 523 1711 617 Quidquid
1737 563 1830 604 au-

243 640 346 687 tem
373 631 606 686 aliorum
635 630 912 687 hominum
950 632 1223 689 voluntate
1249 635 1441 691 nolens
1477 637 1700 709 quisque
1741 654 1833 710 pa-

202 715 208 738 ²
245 724 386 786 titur,
431 722 595 777 etiam
633 724 714 778 sic
734 724 980 780 voluntas
1005 725 1147 780 valet
1171 745 1185 791 ;
1212 727 1314 782 etsi
1343 742 1450 782 non
1481 729 1623 784 illius
1645 739 1830 788 tamen

242 815 471 871 hominis
501 816 775 881 voluntas,
803 816 896 872 sed
921 827 1158 888 potestas
1181 819 1271 874 Dei
1297 820 1337 872 ⁸.
1369 819 1501 874 Nam
1523 822 1568 876 si
1593 822 1835 878 voluntas

245 915 451 963 tantum
477 914 646 971 esset,
679 922 781 962 nec
803 916 984 976 posset
1009 909 1148 977 quod
1180 910 1362 974 vellet.
1404 915 1702 981 potentiore
1737 929 1833 969 vo-

245 999 445 1053 luntate
474 997 862 1069 impediretur:
893 1015 991 1055 nec
1014 1000 1092 1055 sic
1125 1011 1300 1057 tamen
1330 1003 1596 1071 voluntas,
1625 1004 1722 1059 nisi
1752 1020 1837 1061 vo-

246 1089 418 1143 luntas
450 1097 632 1154 esset;
672 1104 773 1143 nec
800 1088 1044 1157 alterius,
1067 1090 1169 1145 sed
1201 1092 1318 1161 ejus
1343 1101 1508 1160 esset,
1537 1096 1624 1163 qui
1653 1096 1834 1161 vellet,

246 1180 338 1236 etsi
370 1195 483 1234 non
516 1187 703 1250 posset
731 1180 954 1249 implere
991 1180 1134 1251 quod
1175 1182 1360 1238 vellet.
1407 1183 1556 1239 Unde
1582 1185 1836 1254 quidquid

249 1281 441 1339 praeter
480 1284 638 1324 suam
689 1269 1018 1326 voluntatem
1068 1272 1266 1338 patitur
1311 1272 1493 1338 homo,
1544 1288 1647 1329 non
1679 1274 1838 1331 debet

249 1361 481 1416 tribuere
510 1361 760 1416 humanis
790 1361 876 1416 vel
915 1361 1171 1431 angelicis
1210 1364 1292 1418 vel
1333 1363 1644 1434 cujusquam
1672 1366 1836 1420 creati

248 1452 462 1520 spiritus
491 1451 856 1508 voluntatibus
877 1493 894 1520 ,
922 1454 1016 1508 sed
1044 1454 1162 1524 ejus
1203 1455 1401 1524 potius,
1448 1457 1538 1528 qui
1569 1457 1656 1512 dat
1688 1467 1841 1527 pote-

250 1552 443 1598 statem
474 1544 807 1599 volentibus.

312 1634 366 1688 2.
409 1633 530 1688 Non
553 1649 682 1704 ergo
711 1645 990 1704 propterea
1011 1635 1143 1692 nihil
1172 1645 1254 1692 est
1274 1637 1327 1691 in
1345 1649 1524 1693 nostra
1543 1640 1836 1710 voluntate,

251 1725 364 1796 quia
396 1726 547 1780 Deus
597 1728 867 1797 praxscivit
912 1729 1037 1798 quid
1087 1728 1322 1784 futurum
1369 1739 1513 1786 esset
1559 1732 1612 1787 iu
1655 1745 1838 1789 nostra

249 1815 520 1871 voluntate
545 1837 558 1871 :
587 1832 695 1872 non
723 1818 867 1872 enim
893 1819 982 1890 qui
1012 1819 1112 1874 hoc
1149 1821 1441 1890 prmseivit,
1467 1822 1598 1877 nihil
1627 1825 1840 1893 prmsci-

254 1907 340 1961 vit.
363 1906 541 1961 Porro
561 1907 608 1962 si
631 1907 741 1976 ille,
771 1910 860 1980 qui
895 1911 1162 1979 prmscivit
1189 1911 1315 1981 quid
1344 1912 1576 1968 futurum
1603 1925 1745 1970 esset
1785 1916 1840 1971 in

254 2005 427 2051 nostra
458 1998 771 2065 voluntate,
802 2014 906 2052 non
950 2001 1130 2070 utique
1152 2000 1304 2066 nihil,
1335 2001 1429 2056 sed
1455 2003 1652 2072 aliquid
1695 2020 1837 2074 pra:-

254 2089 434 2156 scivit;
479 2089 724 2160 profecto
758 2099 811 2145 et
834 2091 922 2144 illo
940 2092 1251 2160 prmscieote
1275 2103 1358 2149 est
1381 2094 1577 2164 aliquid
1606 2095 1657 2149 in
1690 2106 1842 2151 notra

255 2179 543 2234 voluntate.
574 2180 831 2248 Quocirca
863 2182 1010 2236 nullo
1037 2181 1198 2238 modo
1225 2185 1485 2254 cogimur,
1518 2195 1610 2239 aut
1635 2196 1842 2242 retenta

259 2273 589 2342 prrescicntia
628 2275 718 2328 Dei
749 2274 937 2329 tollere
980 2275 1268 2354 voluntatis
1307 2275 1607 2343 arbitrium,
1629 2287 1727 2340 aut
1755 2294 1842 2334 re-

259 2375 396 2420 tento
422 2366 721 2421 voluntatis
741 2365 963 2421 arbitrio
986 2366 1150 2420 Deum
1175 2365 1337 2437 (quod
1359 2367 1509 2422 nefas
1529 2370 1630 2438 est)
1648 2383 1844 2439 negare

258 2458 539 2527 praascium
584 2458 881 2511 futurorum
921 2475 934 2510 :
978 2457 1072 2510 sed
1105 2467 1394 2528 utrumque
1443 2459 1840 2529 amplectimur,

259 2558 539 2618 utrumque
586 2547 815 2602 fideliter
843 2557 897 2602 et
937 2547 1203 2602 veraciter
1229 2550 1579 2615 confitemur;
1610 2551 1760 2618 illud,
1789 2559 1846 2606 ut

259 2638 391 2694 bene
415 2638 740 2706 credamus;
785 2638 905 2704 hoc,
954 2649 1013 2692 ut
1043 2639 1178 2694 bene
1214 2640 1475 2694 vivamus.
1507 2640 1640 2696 Male
1667 2650 1843 2696 autem

259 2730 466 2796 vivitur,
516 2730 565 2785 si
594 2729 663 2785 de
701 2730 816 2786 Deo
859 2745 966 2785 non
995 2730 1131 2786 bene
1156 2731 1414 2786 creditur.
1448 2731 1597 2787 Unde
1641 2734 1780 2787 absit
1807 2747 1840 2787 a

261 2821 408 2876 nobis
445 2820 567 2890 ejus
593 2835 795 2891 negare.
821 2821 1232 2891 prmscientiam,
1265 2830 1322 2876 ut
1351 2823 1500 2877 liberi
1548 2838 1670 2879 esse
1715 2823 1847 2878 veli-

265 2932 374 2971 mus
396 2920 442 2983 ',
471 2932 580 2987 quo
603 2917 887 2986 adjuvante
908 2932 1096 2972 sumus
1115 2916 1294 2984 liberi,
1317 2917 1401 2972 vel
1425 2917 1643 2972 erimus.
1664 2916 1847 2972 Proin-

263 3005 324 3062 de
337 3023 438 3062 non
455 3008 658 3062 frustra
673 3018 797 3062 sunt
812 3009 976 3078 leges,
997 3009 1414 3078 objurgationes,
1425 3007 1840 3072 exhortationes,

264 3097 442 3152 laudes
471 3109 529 3153 et
557 3099 1013 3168 vituperationes:
1043 3098 1164 3168 quia
1210 3107 1264 3153 et
1307 3097 1446 3168 ipsas
1493 3097 1699 3153 futuras
1726 3113 1848 3153 esse

266 3191 550 3260 prrescivit,
577 3199 634 3244 et
662 3190 839 3244 valent
874 3189 1179 3261 plurimum,
1202 3200 1456 3258 quantum
1481 3204 1575 3244 eas
1598 3191 1849 3244 valituras

266 3295 378 3336 esse
405 3280 717 3350 prmscivit;
760 3291 814 3336 et
861 3295 1046 3350 preces
1074 3281 1251 3334 valent
1291 3281 1356 3334 ad
1393 3295 1454 3334 ea
1491 3280 1844 3349 impetranda,

267 3388 378 3440 quae
406 3387 467 3428 se
498 3372 841 3443 precantibus
869 3387 1245 3427 concessurum
1288 3387 1408 3426 esse
1459 3374 1751 3440 praescivit:
1796 3380 1849 3426 et

263 3462 403 3531 juste
432 3463 650 3532 prmmia
683 3463 837 3517 bonis
877 3463 1044 3528 lactis,
1074 3471 1126 3515 et
1157 3462 1390 3531 peccatis
1427 3461 1686 3530 supplicia
1717 3477 1848 3516 con-

267 3556 449 3608 stituta
488 3563 634 3608 sunt.
672 3553 854 3622 Neque
895 3554 1036 3607 enim
1069 3553 1187 3607 ideo
1236 3563 1418 3622 peccat
1459 3553 1616 3607 homo
1639 3553 1681 3620 ³,
1729 3555 1850 3624 quia

269 3645 410 3700 Deus
433 3646 579 3698 illum
613 3652 960 3716 peccaturum
985 3659 1104 3698 esse
1134 3645 1434 3714 prccscivit:
1475 3643 1581 3697 imo
1603 3643 1721 3698 ideo
1747 3659 1850 3698 non

270 3738 539 3792 dubitatur
568 3737 742 3806 ipsum
777 3751 1017 3804 peccare,
1043 3751 1161 3789 cum
1188 3743 1389 3804 peccat,
1413 3735 1535 3804 quia
1566 3734 1674 3799 ille,
1702 3734 1854 3803 cujus

271 3830 602 3899 prtescientia
634 3827 741 3881 falli
775 3843 876 3881 non
907 3836 1098 3895 potest,
1146 3842 1250 3879 non
1316 3824 1501 3892 fatum,
1547 3840 1650 3879 non
1683 3824 1854 3879 fortu-

271 3937 410 3984 nam,
445 3936 554 3973 non
581 3918 778 3988 aliquid
809 3915 974 3981 aliud,
1019 3914 1113 3969 sed
1155 3916 1324 3984 ipsum
1355 3924 1693 3985 peccaturum
1737 3929 1856 3969 esse

272 4010 560 4081 prtescivit.
609 4008 712 4077 Qui
761 4007 805 4062 si
857 4007 1008 4071 nolit,
1055 4005 1237 4074 utique
1283 4020 1386 4058 non
1431 4013 1651 4075 peccat:
1693 4004 1786 4059 sed
1811 4004 1856 4058 si

273 4115 490 4169 peccare
519 4099 772 4165 noluerit,
795 4097 956 4152 etiam
980 4096 1080 4148 hoc
1112 4095 1201 4149 ille
1231 4095 1516 4164 praescivit.
1717 4141 1728 4148 .

271 4191 500 4247 CAPUT
541 4189 636 4244 XI.
666 4215 737 4230 -—-
765 4187 838 4242 De
879 4187 1150 4242 universali
1193 4187 1507 4256 providentia
1550 4185 1666 4254 Dei,
1715 4186 1859 4256 cujus

701 4277 892 4350 legibus
917 4278 1086 4332 omnia
1112 4278 1447 4332 continentur.

343 4372 488 4426 Deus
530 4369 713 4440 itaque
758 4383 1000 4424 summus
1037 4377 1091 4423 et
1117 4381 1274 4423 verus
1312 4382 1433 4422 cum
1470 4365 1648 4423 Verbo
1675 4380 1771 4422 suo
1809 4374 1862 4422 et

273 4462 476 4534 Spiritu
511 4471 720 4524 sancto,
753 4475 873 4531 quae
903 4460 1004 4515 tria
1036 4475 1201 4514 unum
1230 4466 1376 4526 sunt,
1406 4459 1549 4514 Deus
1575 4474 1714 4513 unus
1739 4473 1858 4513 οη]-

273 4555 548 4625 nipotens,
571 4561 783 4607 creator
808 4560 863 4606 et
883 4549 1054 4605 factor
1078 4551 1253 4605 omnis
1282 4551 1474 4605 anima:
1501 4558 1662 4620 atque
1689 4550 1862 4605 omnis

273 4645 522 4717 corporis
558 4658 574 4696 :
620 4641 773 4712 cujus
802 4649 926 4696 sunt
951 4641 1356 4712 participatione
1382 4640 1579 4705 felices,
1627 4642 1866 4710 quicum-

276 4752 383 4808 que
431 4745 561 4792 sunt
606 4736 858 4803 veritate,
909 4750 1017 4791 non
1065 4736 1294 4790 vanitate
1337 4732 1564 4788 felices:
1605 4733 1694 4802 qui
1743 4732 1866 4786 fecit

279 4827 560 4884 hominem
584 4825 848 4882 rationale
887 4825 1084 4881 animal
1113 4841 1177 4880 ex
1207 4822 1380 4879 anima
1410 4833 1465 4879 et
1489 4838 1748 4892 corpore;
1773 4821 1865 4891 qui

272 4936 398 4976 eum
447 4928 759 4990 peccantem
807 4932 908 4973 nec
948 4917 1267 4986 impunitum
1315 4930 1437 4970 esse
1475 4915 1734 4984 permisit,
1767 4928 1868 4970 nec

272 5011 394 5066 sine
421 5009 791 5065 misericordia
818 5007 1139 5078 dereliquit;
1171 5007 1260 5076 qui
1290 5006 1446 5062 bo‘nis
1475 5014 1532 5060 et
1578 5005 1731 5059 malis
1777 5019 1864 5059 es-

273 5104 511 5160 sentiam
571 5103 734 5158 etiam
797 5117 919 5156 cum
978 5099 1243 5170 lapidibus
1275 5139 1289 5165 ,
1345 5099 1505 5152 vitam
1555 5097 1868 5153 semiualem

275 5195 440 5254 ctiam
490 5208 614 5248 cum
638 5191 950 5255 arboribus,
998 5191 1164 5245 vitam
1213 5189 1517 5246 sensualem
1559 5189 1716 5244 etiam
1747 5204 1867 5244 cum

272 5285 608 5357 pecoribus,
653 5284 818 5338 vitam
864 5281 1278 5338 intellectualem
1329 5295 1452 5335 cum
1512 5281 1642 5335 solis
1689 5283 1868 5350 Ange-

276 5377 344 5433 lis
373 5376 561 5432 dedit:
604 5389 634 5428 a
678 5389 788 5444 quo
836 5383 918 5428 est
955 5374 1129 5427 omnis
1172 5371 1382 5437 modus,
1432 5372 1605 5426 omnis
1643 5371 1866 5441 species,

273 5467 459 5524 omnis
487 5464 658 5530 ordo;
685 5479 718 5518 a
741 5480 848 5535 quo
871 5474 953 5519 est
977 5477 1246 5529 mensura,
1279 5477 1550 5525 numerus,
1576 5461 1810 5531 pondus;
1838 5477 1872 5517 a

339 5560 360 5592 ι
393 5565 530 5618 hom,
557 5553 649 5606 Dei
669 5561 757 5605 est.
781 5556 954 5613 Verbo,
977 5558 1065 5618 est,
1090 5560 1257 5618 carent
1280 5551 1391 5602 libri
1412 5553 1596 5602 caeteri.

339 5622 362 5653 ³
396 5614 580 5681 omnes
602 5630 757 5681 prope
779 5623 906 5676 Mss,
932 5622 981 5664 ut
1007 5615 1151 5665 libere
1169 5614 1383 5681 velimus.

340 5683 366 5715 ³
395 5679 571 5732 Plures
603 5675 771 5742 probae
787 5675 911 5727 nota:
949 5684 1074 5742 9155.,
1111 5678 1379 5734 Faureusis,
1406 5675 1722 5742 Aeorbeiensis
1737 5713 1750 5737 ,
1773 5683 1868 5726 etc.

272 5751 441 5806 neque
461 5739 727 5798 arim'ideo
745 5751 838 5791 non
860 5745 1026 5804 peccat
1049 5739 1202 5791 homo.
1226 5739 1560 5801 Gervasiauus,
1585 5746 1677 5790 Nec
1701 5743 1869 5802 peccat

1625 339 1826 398 LIBER
1861 344 2177 413 QUINTUS.

1937 477 2046 560 quo
2069 471 2151 520 est
2177 464 2434 560 quidquid
2475 473 2784 532 naturaliter
2820 486 2922 546 est,
2957 479 3334 556 cujuscumque
3356 504 3514 560 gene-

1938 555 2016 608 ris
2062 566 2164 620 est,
2213 558 2498 629 cujuslibet
2521 567 2889 624 aestimationis
2928 582 3044 638 est;
3075 589 3104 628 a
3148 555 3261 645 quo
3281 555 3406 634 sunt
3431 595 3515 636 se-
3581 622 3586 628 -

1937 648 2080 703 mina
2128 647 2438 720 formarum,
2490 654 2671 712 formae
2699 663 2982 731 seminum,
3032 677 3209 723 motus
3249 665 3515 726 seminum

1939 748 2100 811 atque
2128 742 2418 800 formarum
2447 766 2460 801 :
2493 751 2580 819 qui
2608 751 2755 808 dedit
2788 765 2842 810 et
2881 759 3029 813 carni
3074 761 3354 830 originem,
3401 763 3516 833 pul-

1937 834 2694 911 chritudinem,valetudinem,
2712 850 3101 918 propagationis
3117 852 3514 921 fecunditatem,

1939 927 2301 983 membrorum
2353 930 2754 1002 dispositionem
2785 978 2801 1002 ,
2863 938 3087 994 salutem
3134 942 3441 997 concordia:
3499 961 3515 998 :

1939 1017 2028 1088 qui
2068 1027 2124 1072 et
2166 1021 2357 1075 anima:
2404 1023 2692 1080 irrationali
2722 1026 2866 1082 dedit
2895 1031 3230 1100 memoriam,
3276 1049 3514 1099 sensum,

1939 1111 2264 1179 appetitum;
2301 1114 2548 1169 rationali
2577 1127 2754 1172 autem
2785 1118 3006 1189 insuper
3034 1133 3290 1190 mentem,
3319 1125 3518 1181 intelli-

1939 1201 2194 1271 gentiam,
2224 1204 2587 1262 voluntatem:
2618 1209 2708 1278 qui
2750 1224 2855 1264 non
2883 1211 3054 1266 solum
3101 1214 3293 1267 cmlum
3331 1226 3384 1270 et
3411 1223 3519 1271 ter-

1942 1307 2076 1356 ram,
2098 1309 2195 1347 nec
2221 1295 2392 1349 solum
2421 1300 2666 1368 angelum
2693 1309 2746 1354 et
2768 1299 3073 1367 hominem;
3099 1303 3191 1357 sed
3221 1320 3321 1360 nec
3342 1305 3518 1376 exigui

1939 1391 1996 1437 et
2031 1387 2447 1456 contemptibilis
2487 1389 2774 1446 animantis
2819 1393 3042 1458 viscera,
3092 1411 3191 1449 nec
3229 1398 3341 1450 avis
3385 1413 3520 1466 pen-

1939 1476 2118 1530 nulam
2153 1479 2192 1542 ¹,
2240 1495 2338 1534 nec
2367 1479 2548 1536 lierbm
2596 1481 2897 1548 flosculum,
2946 1501 3048 1540 nec
3090 1486 3296 1540 arboris
3340 1486 3522 1542 folium

1939 1567 2058 1623 sine
2093 1583 2307 1624 suarum
2334 1572 2564 1640 partium
2592 1573 2983 1641 convenientia,
3027 1585 3078 1630 et
3104 1576 3330 1646 quadam
3359 1577 3521 1631 veluti

1941 1673 2072 1728 pace
2103 1659 2384 1731 dereliquit
2409 1680 2423 1716 :
2454 1663 2600 1718 nullo
2631 1665 2789 1719 modo
2815 1676 2896 1720 est
2924 1666 3221 1721 credendus
3243 1684 3400 1737 regna
3426 1667 3527 1722 bo-

1942 1750 2142 1803 minum
2171 1763 2463 1822 eorumque
2509 1754 2897 1811 dominationes
2923 1766 2976 1811 et
2999 1759 3286 1813 servitutes
3328 1774 3358 1813 a
3409 1774 3522 1814 suae

1945 1842 2289 1911 providentia:
2319 1844 2523 1914 legibus
2549 1846 2750 1901 alienas
2777 1863 2895 1902 esse
2924 1850 3174 1905 voluisse.

1943 1931 2168 1988 CAPUT
2188 1933 2303 1988 XII.
2327 1965 2397 1975 —-
2425 1936 2617 2002 Quibus
2645 1937 2862 1993 moribus
2881 1939 3072 2008 antiqui
3090 1939 3307 1994 Romani
3324 1955 3522 1993 merue-

2012 2022 2113 2075 rint
2154 2032 2207 2076 ut
2235 2022 2372 2078 Deus
2399 2041 2542 2079 verus
2561 2067 2574 2091 ,
2605 2027 2830 2096 quamvis
2869 2044 2967 2082 non
2996 2045 3109 2082 eum
3143 2030 3399 2096 colerent,
3440 2045 3525 2083 eo-

2015 2129 2129 2166 rum
2158 2124 2363 2182 augeret
2389 2117 2678 2186 imperium.

2017 2205 2069 2259 I.
2111 2205 2342 2260 Proinde
2369 2205 2642 2262 videamus
2676 2223 2810 2277 quos
2839 2207 3198 2263 Romanorum
3232 2223 3410 2264 mores
3429 2251 3443 2273 ,
3471 2211 3528 2265 et

1944 2311 2103 2368 quam
2129 2297 2198 2352 ob
2220 2311 2435 2353 causam
2467 2299 2604 2354 Deus
2633 2314 2790 2354 verus
2820 2299 2884 2354 ad
2912 2301 3214 2372 augendum
3239 2302 3522 2371 imperium

1945 2387 2198 2458 adjuvare
2227 2388 2472 2458 dignatus
2502 2398 2616 2456 est,
2647 2389 2699 2443 in
2746 2390 2897 2459 cujus
2927 2400 3190 2460 potestate
3215 2399 3340 2446 sunt
3363 2393 3524 2446 etiam

1946 2493 2108 2549 regna
2160 2479 2392 2534 terrena.
2423 2479 2574 2548 Quod
2624 2489 2681 2534 ut
2723 2481 3016 2536 absolutius
3040 2483 3304 2538 disserere
3335 2498 3525 2551 possc-

1946 2586 2066 2626 mus
2086 2612 2101 2636 ,
2129 2572 2197 2626 ad
2229 2571 2330 2627 hoc
2355 2573 2706 2641 pertinentem
2735 2582 2789 2627 et
2819 2573 3149 2643 superiorem
3181 2573 3372 2627 librum
3399 2587 3528 2627 con-

1945 2661 2256 2732 scripsimus
2281 2703 2296 2727 ,
2324 2663 2466 2732 quod
2493 2663 2545 2717 in
2578 2662 2676 2716 hac
2717 2677 2775 2718 re
2805 2671 3040 2733 potestas
3063 2663 3205 2717 nulla
3229 2661 3300 2717 sit
3337 2675 3525 2716 eorum

1946 2753 2165 2810 deorum
2187 2795 2202 2818 ,
2233 2769 2370 2824 quos
2407 2755 2566 2809 etiam
2592 2754 2752 2809 rebus
2782 2753 3068 2824 nugatoriis
3093 2751 3347 2808 colendos
3374 2761 3529 2821 puta-

1947 2859 2105 2915 runt;
2131 2856 2184 2903 et
2218 2848 2498 2918 praesentis
2522 2847 2805 2902 voluminis
2832 2855 3008 2916 partes
3035 2844 3336 2916 superiores
3356 2885 3371 2908 ,
3398 2857 3530 2912 quas

1947 2939 2052 2995 huc
2080 2954 2246 3010 usque
2276 2939 2622 3010 perduximus
2646 2979 2660 3004 ,
2685 2938 2752 2994 de
2782 2938 2871 2992 fati
2920 2937 3212 3008 qumstione
3242 2933 3473 2990 tollenda
3512 2949 3527 2987 :

1950 3046 2018 3088 ne
2043 3032 2357 3102 quisquam,
2379 3032 2463 3086 cui
2500 3031 2610 3100 jam
2641 3044 2950 3100 persuasum
2980 3035 3126 3083 esset
3167 3040 3275 3081 non
3319 3025 3531 3079 illorum

1950 3123 2170 3180 deorum
2193 3123 2333 3177 cultu
2363 3123 2659 3176 Romanum
2689 3120 2969 3191 imperium
3001 3127 3344 3188 propagatum
3373 3125 3534 3186 atque

1951 3223 2215 3268 servatum
2239 3255 2253 3280 ,
2282 3213 2461 3268 nescio
2489 3212 2573 3266 cui
2617 3212 2723 3264 fato
2751 3210 2923 3280 potius
2955 3209 3006 3262 id
3047 3208 3337 3271 tribueret,
3371 3220 3532 3276 quam

1954 3304 2045 3358 Dei
2093 3303 2284 3358 summi
2337 3303 2719 3372 potentissima:
2776 3299 3056 3353 voluntati.
3104 3298 3324 3352 Veteres
3377 3297 3536 3365 igitur

1951 3394 2215 3466 primique
2266 3391 2525 3458 Romani,
2565 3399 2819 3461 quantum
2863 3404 3048 3446 eorum
3089 3386 3249 3443 docet
3287 3394 3342 3441 et
3383 3399 3536 3440 com-

1952 3485 2164 3541 mendat
2195 3485 2452 3550 historia,
2487 3483 2726 3554 quamvis
2771 3491 2829 3537 ut
2875 3481 2992 3536 alia:
3046 3489 3262 3551 gentes,
3313 3485 3534 3546 excepta

1955 3595 2057 3634 una
2081 3578 2257 3650 pepuli
2286 3577 2626 3630 Hebraeorum
2649 3618 2664 3640 ,
2705 3575 2832 3629 deos
2854 3573 3016 3628 falsos
3043 3572 3312 3637 colerent,
3335 3579 3389 3624 et
3427 3583 3536 3624 non

1955 3674 2065 3728 Deo
2105 3672 2366 3737 victimas,
2393 3670 2487 3725 sed
2511 3669 2789 3723 daemoniis
2810 3667 3184 3728 immolarent,
3214 3673 3390 3717 tamen
3419 3661 3538 3714 lau-

1956 3763 2035 3817 dis
2058 3762 2212 3826 avidi,
2237 3759 2462 3830 pecunia:
2495 3757 2738 3822 liberales
2786 3765 2956 3821 erant,
2983 3755 3195 3826 gloriam
3239 3752 3488 3821 ingentem
3519 3789 3536 3816 ,

1957 3854 2155 3908 divitias
2200 3851 2434 3906 honestas
2481 3849 2708 3903 volebant
2737 3847 2976 3920 (Sallust.
3008 3847 3061 3899 in
3090 3844 3265 3907 Catil.,
3295 3859 3410 3913 cap.
3441 3836 3495 3914 7)
3520 3858 3535 3896 :

1958 3946 2094 4000 hanc
2133 3941 2507 3998 ardentissime
2549 3939 2887 4005 dilexerunt,
2915 3945 3135 4007 propter
3181 3935 3317 3989 hanc
3357 3933 3540 3987 vivere

1957 4037 2267 4102 voluerunt,
2292 4049 2387 4104 pro
2414 4033 2512 4088 hac
2536 4033 2703 4088 emori
2725 4045 2831 4086 non
2853 4029 3222 4084 dubitaverunt
3248 4025 3541 4080 ’.C:eteras

1960 4126 2276 4197 cupiditates
2308 4123 2463 4192 hujus
2495 4123 2650 4177 unius
2676 4120 2872 4192 ingenti
2894 4119 3180 4188 cupiditate
3205 4121 3537 4186 presserunt.

1961 4216 2132 4286 Ipsam
2162 4214 2390 4284 denique
2417 4212 2638 4282 patriam
2667 4225 2849 4277 suam,
2882 4209 3129 4280 quoniam
3157 4204 3358 4261 servire
3387 4203 3540 4257 vide-

1962 4307 2118 4362 batur
2141 4303 2421 4376 inglorium
2450 4343 2466 4368 ,
2497 4301 2762 4357 dominari
2805 4314 2935 4354 vero
2963 4307 3122 4368 atque
3142 4297 3403 4364 imperare
3428 4291 3542 4362 glo-

1966 4399 2166 4454 riasum
2182 4439 2197 4463 ,
2232 4397 2378 4466 prius
2403 4395 2547 4450 omni
2574 4393 2750 4448 studio
2776 4392 2998 4447 liberam
3021 4429 3035 4452 ,
3065 4387 3255 4442 deinde
3275 4385 3542 4439 dominam

1965 4504 2083 4544 esse
2109 4487 2510 4556 concupierunt.
2540 4485 2674 4539 llinc
2699 4491 2781 4538 cst
2807 4481 2947 4552 quod
2979 4478 3206 4548 regalem
3221 4473 3542 4530 dominatio-

1967 4596 2088 4635 nem
2117 4593 2222 4634 non
2252 4577 2486 4632 ferentes
2505 4615 2518 4638 ,
2546 4589 2720 4628 annua
2758 4570 2980 4640 imperis
3014 4569 3271 4635 binosque
3314 4564 3543 4632 impera-

1969 4682 2113 4727 tores
2159 4669 2256 4724 sibi
2305 4668 2584 4732 fecerunt,
2636 4664 2725 4734 qui
2772 4661 3021 4717 consules
3058 4655 3304 4729 appellati
3347 4661 3470 4708 sunt
3514 4667 3544 4706 a

1967 4757 2295 4816 consulendo
2317 4799 2332 4822 ,
2366 4773 2471 4812 non
2502 4770 2654 4826 rcges
2683 4764 2773 4807 aut
2812 4751 3009 4806 domini
3039 4765 3068 4803 a
3098 4744 3366 4817 regnando
3391 4751 3547 4810 atque

1969 4850 2328 4907 dominando:
2360 4863 2479 4902 cum
2507 4855 2559 4902 et
2581 4859 2733 4916 reges
2759 4843 2940 4913 utique
2967 4858 2996 4895 a
3025 4837 3254 4909 regendo
3278 4832 3402 4889 dicti
3431 4846 3544 4885 me».

1971 4945 2071 4998 lius
2097 4942 2402 5005 videantur,
2433 4948 2494 4994 ut
2538 4951 2755 5008 regnum
2795 4950 2825 4989 a
2872 4933 3120 5003 regibus,
3150 4941 3302 4996 reges
3347 4931 3545 4988 autem,

1970 5043 2030 5090 ut
2057 5033 2255 5089 dictum
2281 5040 2383 5098 est,
2405 5046 2435 5083 a
2463 5027 2730 5099 regendo;
2759 5024 2852 5079 sed
2882 5024 3045 5077 fastus
3065 5019 3241 5088 regius
3270 5027 3372 5067 ucn
3395 5011 3550 5067 disci-

1973 5129 2115 5198 plina
2169 5134 2350 5196 putata
2398 5132 2481 5178 est
2527 5120 2792 5192 regentis,
2819 5116 2902 5170 vel
2951 5107 3318 5169 benevolentia
3359 5119 3552 5160 consu-

1971 5219 2158 5283 lentis,
2193 5214 2286 5270 sed
2313 5213 2556 5284 superbia
2593 5206 2933 5265 dominantis.
2961 5200 3198 5269 Expulso
3227 5198 3404 5266 itaque
3427 5209 3551 5265 rege

1974 5309 2304 5380 Tarquinio,
2359 5316 2416 5361 et
2471 5303 2776 5361 consulibus
2824 5296 3112 5361 institutis,
3162 5300 3404 5346 secutum
3472 5297 3556 5342 est

1973 5402 2117 5475 quod
2164 5401 2304 5457 idem
2346 5407 2531 5454 auctor
2570 5398 2624 5450 in
2662 5395 3022 5449 Romanorum
3066 5384 3310 5440 laudibus
3337 5382 3548 5475 posuit,

1974 5474 2116 5566 quod
2142 5493 2349 5560 civitas,
2375 5487 2665 5545 incredibile
2711 5491 2988 5537 memoratu
3021 5488 3127 5545 est,
3170 5477 3353 5546 adepta
3401 5474 3554 5566 liber—

1976 5565 2077 5640 tate
2102 5593 2342 5654 quantum
2369 5579 2500 5635 breui
2521 5575 2727 5631 creverit
2747 5612 2764 5640 ,
2790 5582 2932 5627 tanta
2969 5569 3153 5642 cupido
3183 5568 3356 5640 gloria:
3394 5565 3556 5616 iures-

2041 5737 2055 5768 ¹
2095 5735 2242 5784 Nostri
2269 5727 2673 5792 atss.,pinnulom.
2743 5788 2752 5792 _
2798 5733 2858 5778 Μ.

2041 5800 2059 5828 ’⁸
2095 5776 2944 5852 litare-5313s,.Irrinrcrct'olztcrimt.
2972 5813 3027 5822 -ς
3051 5791 3100 5833 in
3141 5787 3206 5842 8.,
3248 5791 3333 5841 pro
3374 5776 3479 5838 hac,
3502 5782 3549 5826 et
