4064 6546
464 367 570 436 138

468 498 604 547 serat
625 488 868 560 (Saltim.
887 488 940 545 in
956 484 1108 546 Catil.
1137 502 1253 559 cap.
1269 485 1347 560 7).
1363 485 1468 542 ιω
1492 499 1621 557 ergo
1638 483 1812 542 laudis
1833 483 2058 540 aviditas

478 593 534 638 et
574 581 769 653 cupido
803 582 986 652 gloria:
1012 579 1178 636 multa
1209 579 1296 634 illa
1318 578 1560 634 miranda
1584 577 2059 645 fecit,.laudabilia

470 674 678 729 scilicet
705 684 865 745 atque
892 671 1126 744 gloriosa
1150 670 1445 727 secundum
1475 669 1754 726 hominum
1783 669 2059 726 existima-

475 767 702 822 tionem.

545 857 602 914 2.
635 855 842 912 Laudat
872 855 1010 912 idem
1034 853 1320 910 Sallustius
1347 853 1674 925 temporibus
1702 851 1815 908 suis
1840 864 2077 922 magnos-

478 959 534 1007 ct
561 949 848 1022 praeclaros
876 949 1055 1014 viros,
1081 947 1318 1003 Marcum
1355 947 1615 1004 Catonem
1654 956 1711 1002 et
1730 945 1915 1003 Caium
1943 943 2062 1001 Cae-

483 1056 696 1108 sarem,
727 1039 912 1096 dicens
946 1039 1088 1111 quod
1130 1039 1221 1095 diu
1256 1039 1348 1094 illa
1395 1038 1695 1110 respublica
1732 1053 1840 1093 non
1881 1036 2075 1093 habuit.

457 1141 801 1204 quemquam
827 1132 1022 1186 virtute
1059 1145 1308 1202 magnum
1326 1171 1342 1196 ,
1373 1131 1468 1185 sed
1495 1145 1592 1185 sua
1620 1127 1877 1184 memoria
1903 1126 2066 1183 fuisse

481 1224 600 1280 illos
626 1223 760 1278 duos
790 1222 991 1294 ingenti
1022 1222 1250 1288 virtute,
1281 1221 1508 1276 diversis
1535 1220 1790 1275 moribus.
1810 1217 1866 1273 in
1895 1219 2066 1272 laudi-

480 1315 582 1370 bus
605 1324 782 1370 autem
811 1314 1044 1370 Cmsaris
1080 1313 1291 1383 posuit,
1321 1313 1464 1384 quod
1491 1312 1591 1367 sibi
1621 1326 1868 1382 maguum
1899 1312 2068 1380 impe-

480 1405 644 1472 rium,
670 1404 995 1472 exeocitum,
1012 1403 1207 1459 bellum
1229 1418 1430 1458 novum
1453 1403 1758 1473 exaptabat,
1781 1400 1870 1455 ubi
1900 1400 2067 1456 virtus

481 1496 782 1552 enitescere
821 1503 1003 1566 posset
1035 1493 1206 1567 (Ibid.
1228 1535 1244 1558 ,
1275 1507 1424 1565 capp.
1453 1495 1524 1550 55
1545 1534 1561 1560 ,
1589 1490 1718 1565 54),
1755 1491 1830 1546 lta
1859 1491 2020 1547 ﬁebat
2048 1492 2079 1524 κ

483 1588 539 1644 in
587 1589 723 1645 votis
763 1592 998 1644 virorum
1041 1589 1240 1645 virtute
1290 1602 1641 1658 magnorum,
1697 1595 1757 1642 ut
1809 1585 2070 1641 excitaret

484 1679 540 1735 in
567 1680 764 1736 bellum
793 1680 1016 1735 miseras
1043 1687 1230 1751 gentes
1248 1719 1264 1747 ,
1294 1687 1349 1733 et
1375 1677 1583 1748 ﬂagello
1602 1678 1827 1747 agitaret
1852 1675 2070 1731 Bellona

485 1773 808 1844 sanguineo,
839 1782 892 1827 ut
939 1781 1085 1828 esset
1126 1771 1215 1828 ubi
1269 1772 1439 1826 virtus
1486 1786 1671 1826 eorum
1723 1770 2068 1825 enitesceret.

486 1863 602 1920 Hoc
629 1865 713 1920 illa
743 1865 982 1935 profecto
1009 1864 1181 1919 laudis
1206 1865 1434 1920 aviditas
1465 1874 1521 1920 et
1555 1864 1741 1935 gloriae
1765 1863 1958 1933 cupido
1988 1860 2069 1915 fa-

485 1956 687 2013 ciebat.
708 1959 904 2012 Amore
930 1957 1108 2026 itaque
1137 1957 1379 2026 primitus
1420 1956 1678 2011 libertatis
1700 1997 1715 2021 ,
1750 1963 1872 2025 post
1909 1954 2070 2008 etiam

485 2045 868 2102 dominationis
892 2089 910 2115 ,
938 2054 994 2102 et
1033 2047 1324 2117 cupiditate
1369 2046 1538 2101 laudis
1565 2054 1620 2101 et
1658 2047 1842 2116 gloriae
1862 2087 1876 2112 ,
1905 2045 2070 2099 multa

484 2153 682 2209 magna.
704 2137 965 2194 fecerunt.
987 2139 1182 2194 Reddit
1201 2140 1280 2195 eis
1309 2141 1585 2208 utriusque
1606 2140 1680 2194 rei
1709 2139 2072 2194 testimonium

484 2229 648 2286 etiam
675 2238 828 2300 poeta
856 2229 1077 2300 insignis
1107 2231 1317 2284 illorum
1344 2248 1357 2283 :
1388 2229 1511 2285 inde
1531 2231 1728 2300 quippe
1755 2231 1867 2296 ait,

546 2326 747 2384 Necnon
762 2321 1067 2384 Tarquinium
1090 2322 1302 2384 ejectum
1325 2321 1818 2384 Porsennajubehat,

549 2382 811 2446 Accipere,
826 2382 1308 2446 inigentitlue'urbetn
1331 2384 1583 2446 obsidione
1602 2383 1885 2444 premebat:

549 2443 776 2493 tineada:
798 2444 852 2506 in
1075 2457 1164 2506 pro
1177 2504 1183 2506 _
1195 2443 1422 2506 libertate
1445 2443 1667 2506 ruebant.

659 2573 664 2576 _
828 2504 1033 2568 (Virgil.
1054 2504 1238 2556 Ᾱεηείά.
1257 2504 1339 2556 lib.
1361 2505 1410 2566 8,
1433 2517 1556 2557 vers.
1575 2504 1828 2568 646-648.)

487 2584 643 2643 Tunc
689 2587 870 2658 itaque
917 2604 1167 2660 magnum
1214 2590 1317 2645 illis
1361 2589 1462 2644 l‘uit
1500 2600 1590 2646 aut
1621 2589 1831 2646 fortiter
1861 2589 2070 2653 emori.

487 2684 582 2733 aut
620 2677 819 2733 liberos
847 2679 1045 2734 vivere.
1087 2678 1193 2735 Sed
1241 2695 1362 2734 cum
1396 2690 1542 2736 esset
1579 2679 1770 2749 adepta
1814 2681 2034 2734 libertas
2056 2719 2071 2744 ,

487 2777 638 2825 tanta
667 2770 861 2841 cupido
901 2771 1086 2842 glorize
1135 2772 1464 2839 incesserat,
1494 2782 1553 2828 ut
1581 2789 1766 2842 parum
1796 2783 1940 2830 esset
1963 2774 2074 2828 sola

489 2859 750 2927 libertas,
781 2862 881 2918 nisi
953 2872 1008 2918 et
1052 2862 1345 2918 dominatio
1396 2872 1746 2932 qua-reretnr,
1791 2865 1919 2917 dum
1981 2878 2089 2933 pro

489 2965 685 3022 magno
713 2951 998 3008 haberetur
1045 2953 1187 3024 quod
1212 2995 1229 3023 ,
1261 2953 1409 3009 velut
1449 2955 1697 3024 loquente
1735 2955 1868 3010 Jove
1889 2995 1907 3020 ,
1938 2954 2076 3010 idem

491 3050 654 3115 poeta
691 3041 853 3111 dicit,

1349 3135 1469 3193 Quin
1491 3145 1663 3196 aSpcra
1685 3141 1834 3194 Juno,

553 3198 826 3259 Qua‘mare
848 3207 977 3259 nunc
1001 3200 1256 3259 terrasque
1279 3204 1413 3245 metu
1437 3196 1713 3259 caduntque
1738 3197 1904 3259 iatigat
1919 3231 1946 3257 ,.

552 3253 756 3304 Consilia
779 3256 829 3304 in
861 3255 1038 3320 melius
1059 3253 1262 3320 referet,
1291 3269 1580 3320 mecumque
1605 3253 1788 3306 fovebit

808 3331 974 3390 rerum
1003 3318 1222 3390 dominos
1231 3318 1544 3390 gentemqtm
1568 3326 1797 3390 togatam.

551 3377 626 3425 Sic
645 3377 886 3438 placitum.
914 3387 941 3425 \'
949 3387 1084 3428 emet
1106 3377 1269 3428 lustris
1288 3377 1564 3429 labentibus
1583 3377 1720 3438 aetas,

549 3439 858 3504 mmdomus
879 3442 1088 3490 Assaraci
1112 3441 1324 3504 Phthiam
1345 3440 1597 3504 clarasque
1621 3449 1837 3504 Mycenas

553 3501 760 3551 Servilio
776 3509 991 3565 premet,
1008 3514 1067 3565 ac
1079 3503 1227 3565 victis
1245 3501 1567 3565 dominabitur
1579 3501 1742 3565 argis.

837 3561 1045 3626 (dittet‘d.
1071 3562 1151 3612 lib.
1184 3565 1227 3622 i.
1250 3576 1372 3613 vers.
1397 3562 1646 3626 279-285.)

493 3641 624 3711 Qua:
644 3643 858 3714 quidem
890 3645 1135 3717 Virgilius
1159 3686 1175 3712 ,
1208 3646 1393 3700 iuvem
1423 3645 1682 3701 inducens
1725 3654 1971 3718 tanquam
1999 3643 2083 3702 fu-

496 3744 615 3791 tura
645 3737 1046 3806 przedieentem,
1077 3737 1192 3810 ipse
1236 3740 1345 3808 jam
1387 3738 1521 3793 facta
1560 3737 1869 3805 recolebat,
1898 3754 2084 3794 cerne-

495 3825 692 3899 batque
730 3832 1014 3900 praesentia
1048 3850 1062 3885 :
1093 3846 1276 3886 verum
1325 3840 1610 3901 propterea
1661 3847 2085 3886 commemorare

501 3917 594 3974 illa
615 3918 755 3975 volui
775 3960 792 3987 ,
821 3930 878 3974 ut
901 3920 1238 3976 ostenderem
1265 3921 1683 3976 dominationem
1718 3929 1838 3991 post
1864 3921 2083 3976 liberta-

499 4018 611 4066 tem
637 4011 714 4068 sic
742 4010 993 4068 habuisse
1020 4013 1291 4068 Romanos
1310 4054 1327 4080 ,
1361 4021 1417 4067 ut
1441 4013 1492 4067 in
1525 4027 1708 4068 eorum
1737 4013 1941 4083 magnis
1973 4013 2085 4070 lau-

499 4103 657 4160 dibus
689 4115 992 4174 poneretur.
1022 4105 1158 4161 llinc
1186 4113 1269 4161 est
1315 4115 1369 4160 et
1418 4105 1547 4160 illud
1586 4105 1824 4175 ejusdem
1871 4116 2042 4175 poeta:
2066 4147 2082 4176 ,

501 4192 677 4263 quod,
705 4208 826 4249 cum
870 4195 1095 4250 aliarum
1141 4197 1378 4267 gentiqu
1409 4195 1614 4250 artibus
1644 4212 1734 4252 eas
1774 4196 1916 4267 ipsas
1958 4213 2086 4268 pro-

503 4284 647 4356 prias
675 4285 1037 4344 Romanorum
1066 4298 1208 4344 artes
1245 4288 1497 4360 regnandi
1527 4297 1687 4358 atque
1714 4289 2008 4360 imperandi
2034 4299 2090 4346 et

504 4378 779 4451 subigendi
804 4395 866 4436 ac
891 4381 1191 4437 debellandi
1234 4382 1461 4454 populos
1486 4391 1870 4454 anteponeret,
1897 4383 2014 4452 ait,

565 4553 816 4618 Excudent
835 4553 915 4618 alii
933 4555 1162 4618 spirantia
1184 4554 1376 4618 mollius
1397 4567 1494 4618 tera
1519 4568 1533 4605 :

565 4615 720 4680 Credo
742 4615 975 4680 equidem
989 4651 1005 4677 ,
1027 4620 1162 4680 vivos
1175 4617 1358 4680 ducent
1377 4617 1444 4667 de
1465 4629 1705 4668 marmore
1727 4616 1924 4669 vultus:

567 4678 971 4729 Orabunt'musas
993 4678 1202 4739 melius;
1225 4678 1434 4741 cwlique
1456 4688 1648 4741 meatus

569 4741 853 4790 Describettt
875 4741 1023 4799 radio,
1051 4747 1103 4790 et
1120 4740 1370 4799 surgentia
1393 4743 1413 4773 ¹
1437 4740 1598 4790 sidera
1621 4742 1802 4792 dicent.

567 4805 639 4848 Tu
661 4813 843 4865 regere
867 4802 1072 4863 imperio
1091 4802 1310 4865 populos,
1331 4809 1556 4862 Romane,
1573 4811 1841 4853 memento.

571 4867 656 4912 ita
677 4863 764 4913 tibi
788 4871 931 4927 erunt
945 4863 1103 4923 artes,
1115 4863 1317 4927 pacique
1337 4866 1356 4895 ³
1375 4867 1624 4927 imponere
1641 4877 1846 4927 morem,

571 4930 778 4976 Parcere
799 4925 1065 4988 subjectis,
1078 4924 1132 4988 et
1153 4924 1408 4988 debellare
1427 4924 1684 4988 superbos.

793 4986 816 5049 (
838 4985 1024 5038 Az‘neid.
1042 4985 1134 5037 lib.
1163 4986 1212 5047 6,
1235 5000 1357 5038 vers.
1378 4985 1632 5051 8474835.)

580 5071 638 5127 5.
678 5068 786 5124 llas
813 5077 955 5125 artes
979 5069 1054 5124 illi
1089 5079 1236 5125 tanto
1268 5071 1488 5141 peritius
1511 5071 1865 5137 exercebant,
1897 5083 2096 5141 quanto

507 5161 689 5216 minus
713 5176 772 5216 se
802 5161 1162 5231 voluptatibus
1189 5161 1424 5230 dabant,
1453 5168 1510 5217 et
1552 5162 1881 5217 enervationi
1931 5163 2094 5218 animi

509 5263 567 5308 et
591 5252 835 5323 corporis
863 5253 916 5308 in
942 5251 1382 5325 coucupiscendis
1412 5262 1468 5309 et
1499 5253 1754 5324 augendis
1782 5253 1982 5336 divitiis
2002 5296 2016 5322 ,
2045 5263 2102 5312 et

511 5360 648 5426 mori
804 5361 1158 5426 dubitaverunt.
1195 5365 1269 5414 Sic
1305 5364 1454 5426 etiam
1481 5360 1594 5426 cdd.
1628 5362 1746 5414 £151
1784 5370 1838 5414 et
1855 5362 2007 5426 9.055;
2052 5372 2102 5416 at

513 5429 597 5476 Is.
624 5423 773 5489 Μ,
792 5433 988 5489 propter
1009 5425 1198 5489 hance:
1221 5424 1344 5476 uteri
1361 5438 1455 5476 non
1472 5424 1826 5489 dubitaverim.
1849 5427 1932 5476 Cd.
1958 5423 2097 5489 2050,

513 5494 710 5560 propter
732 5485 854 5560 hanc
884 5485 1042 5560 pipere
1077 5488 1341 5560 voluerunt,
1364 5494 1557 5560 pnopter
1581 5485 1918 5560 Itancpincere
1943 5485 2103 5560 volito;

513 5547 645 5612 vun't,
668 5554 862 5612 propter
881 5547 1005 5599 hanc
1033 5549 1184 5600 emori
1222 5562 1317 5600 non
1330 5547 1690 5600 dubitaverunt.
1716 5551 1993 5601 Lectionem
2017 5558 2100 5600 Ms.

512 5611 608 5663 766
627 5611 783 5661 secuti
798 5622 986 5661 sumus.
1083 5620 1141 5662 at.

579 5674 597 5738 ε
633 5672 771 5730 aditi,
795 5669 994 5737 ﬁdebat.
1033 5675 1335 5738 Castigantur
1368 5674 1655 5726 auctoritate
1686 5680 1912 5726 veterum
1933 5687 2104 5726 manu-

633 5748 790 5785 orum.

633 5803 715 5871 Ψ·
740 5795 851 5855 766’
874 5794 1267 5871 ["1999’5‘11..“:..
1646 5860 1656 5870 .
1697 5862 1728 5871 -.
1889 5859 1902 5871 .

579 5857 604 5896 ⁸
633 5863 764 5924 bov.,
790 5857 1030 5925 pacisque.
1051 5860 1165 5911 mliti
1192 5859 1269 5912 alii
1286 5873 1396 5912 cum
1422 5860 1772 5925 manttscriptis,
1791 5859 2010 5927 pacique.

1532 366 1622 424 DE
1660 365 1980 427 (ΣΙἩΪΔΤΕ
2015 367 2150 434 DEI;
2187 366 2247 425 S.
2290 363 2674 426 AUGUSTINI‘

2160 497 2261 554 per
2303 483 2426 538 illas
2475 483 2716 538 moribus
2757 482 3196 554 corrumpendis,
3241 483 3500 555 rapiendo
3535 487 3758 544 miseris

2161 574 2403 640 civibus,
2432 573 2708 645 largiendo
2733 574 2960 630 scenicis
2988 574 3251 645 turpibus.
3280 575 3434 632 Unde
3477 577 3567 646 qui
3614 579 3745 635 tales

2158 667 2269 739 jam
2308 681 2520 722 morum
2562 667 2712 722 labes
2741 667 2762 700 ί
2789 667 3111 737 superabant
3158 677 3317 737 atque
3369 667 3742 736 abundabant,

2168 761 2383 834 quando
2407 761 2675 818 scribebat
2694 762 2794 817 ista
2810 761 3112 827 Sallustius,
3125 762 3455 833 canebatque
3473 761 3746 833 Virgilius,

2165 867 2276 909 non
2321 854 2426 908 illis
2453 854 2661 909 artibus
2700 852 2766 907 ad
2821 853 3052 908 honores
3094 863 3149 909 et
3189 853 3447 922 gloriam,
3478 854 3572 909 sed
3612 839 3750 909 dolis

2164 953 2326 1016 atque
2347 944 2568 1000 fallaciis
2595 944 2920 1000 ambiebant.
2955 944 3106 1000 Unde
3133 944 3272 1000 idem
3301 944 3430 999 dicit
3458 959 3476 1000 :
3505 943 3613 1001 Sed
3641 946 3749 1015 prio

2165 1051 2251 1090 uno
2275 1037 2433 1108 nugis
2458 1035 2662 1090 ambitio
2690 1051 2844 1105 quam
2876 1035 3090 1090 avaritia
3116 1036 3312 1090 animos
3331 1035 3590 1090 hominum
3609 1053 3750 1092 exer-

2163 1127 2308 1182 cebat
2326 1169 2343 1196 ,
2372 1127 2509 1197 quod
2527 1137 2692 1181 tamen
2716 1128 2890 1181 vitium
2920 1128 3128 1197 prapius
3154 1130 3382 1182 virtutem
3406 1129 3430 1160 '
3451 1139 3578 1182 erat.
3613 1128 3753 1183 Nam

2167 1219 2407 1291 gloriam,
2432 1221 2670 1274 honorem
2689 1261 2704 1285 ,
2728 1221 2994 1289 imperium
3013 1221 3174 1274 bonus
3193 1231 3238 1275 et
3261 1222 3470 1293 ignavus
3493 1238 3635 1293 irque
3660 1223 3755 1276 sibi

2173 1320 2413 1381 exoptant
2440 1328 2461 1367 :
2481 1313 2570 1367 sed
2588 1312 2704 1379 ille,
2736 1313 2939 1384 inquit,
2971 1330 3088 1367 vera
3114 1315 3193 1368 via
3224 1316 3441 1382 nititur;
3469 1317 3586 1370 huic
3635 1319 3755 1385 quin

2171 1402 2317 1457 boni:
2335 1412 2466 1459 artes
2480 1403 2679 1470 desunt,
2699 1403 2830 1459 dolis
2845 1413 2993 1474 atque
3008 1405 3226 1474 fallaciis
3241 1407 3492 1461 contendit
3509 1408 3754 1474 (Sallust.

2170 1494 2228 1549 in
2245 1494 2422 1562 Catia,
2447 1511 2496 1551 c.
2517 1496 2627 1566 ll).
2651 1495 2743 1549 lla:
2760 1505 2882 1550 sunt
2913 1496 3017 1550 illa:
3044 1497 3195 1551 bona:
3209 1507 3373 1564 artes,
3393 1513 3488 1569 per
3505 1499 3755 1554 virtutem

2173 1585 2412 1656 scilicet,
2443 1604 2549 1642 non
2589 1605 2684 1658 per
2732 1588 2973 1644 fallacem
3000 1589 3344 1646 ambitionem
3389 1591 3454 1646 ad
3497 1591 3766 1648 honorem

2169 1687 2228 1734 et
2255 1681 2472 1750 gloriam
2495 1689 2550 1734 et
2575 1681 2852 1749 imperium
2874 1682 3189 1753 pervenire;
3219 1699 3337 1754 qua:
3363 1692 3540 1740 tamen
3584 1685 3760 1740 bonus

2169 1781 2230 1828 et
2249 1773 2472 1843 ignavus
2491 1787 2640 1842 azque
2666 1773 2766 1828 sibi
2794 1783 3047 1844 exoptant
3074 1791 3087 1826 ς
3117 1773 3212 1828 sed
3242 1775 3350 1839 ille,
3379 1775 3429 1828 id
3457 1786 3537 1829 est
3561 1776 3770 1845 bonus,

2173 1880 2299 1921 vera
2341 1867 2426 1920 via
2451 1867 2658 1920 nititur.
2683 1865 2782 1920 Via
2825 1868 2992 1920 virtus
3018 1875 3131 1928 est.
3160 1883 3261 1937 qua
3294 1869 3478 1923 nititur
3505 1877 3758 1939 tauquam

2175 1955 2242 2011 ad
2288 1957 2641 2026 possessionis
2671 1957 2850 2024 linem,
2885 1958 2933 2012 id
2962 1959 3133 2014 estad
3164 1959 3385 2029 gloriam
3411 2001 3425 2026 ,
3458 1961 3758 2029 honorem,

2177 2049 2479 2118 imperium.
2498 2050 2608 2104 lloe
2630 2051 2843 2104 insilum
2866 2051 3110 2106 habuisse
3127 2051 3416 2117 Romanos,
3444 2054 3602 2107 etiam
3626 2052 3762 2108 deo-

2176 2155 2296 2194 rum
2323 2141 2462 2210 apud
2487 2141 2606 2195 illus
2644 2141 2788 2196 ardes
2823 2142 3090 2208 indicant,
3121 2157 3253 2211 quas
3297 2143 3765 2210 eoujuuctissimas

2177 2233 2584 2292 constituerunt,
2613 2232 2832 2286 Virtutis
2860 2242 2913 2286 et
2944 2232 3170 2288 llonoris
3191 2234 3292 2303 (ιι),
3317 2251 3412 2302 pro
3439 2233 3539 2287 diis
3562 2234 3774 2288 haben-

2181 2333 2264 2380 tes
2299 2339 2416 2394 qum
2445 2323 2640 2378 dantur
2668 2340 2696 2377 a
2725 2325 2854 2380 Deo.
2884 2324 3035 2380 Unde
3066 2326 3284 2396 intelligi
3311 2336 3482 2396 potest
3512 2342 3667 2396 quem
3697 2327 3769 2380 li-

2181 2431 2302 2470 nem
2332 2414 2579 2469 volebant
2619 2431 2739 2470 esse
2766 2416 2977 2470 virtutis
2996 2457 3009 2481 ,
3039 2425 3090 2470 et
3121 2431 3226 2485 quo
3257 2432 3374 2470 eam
3417 2417 3718 2471 referebant
3745 2459 3765 2483 ,

2180 2508 2271 2578 qui
2303 2509 2424 2563 boni
2457 2517 2609 2562 erant
2629 2549 2644 2575 ,
2676 2507 2741 2561 ad
2775 2507 3030 2562 honorem
3058 2509 3263 2563 scilicet
3292 2529 3305 2564 :
3335 2525 3455 2563 nam
3495 2510 3621 2564 mali
3666 2526 3774 2567 nec

2181 2599 2442 2654 habebant
2469 2613 2586 2653 eam
2614 2641 2628 2663 ,
2656 2599 2897 2668 quamvis
2941 2597 3200 2653 honorem
3237 2598 3431 2656 habere
3465 2613 3723 2670 cuperent
3749 2642 3770 2666 ,

2180 2706 2338 2761 quem
2387 2690 2543 2745 malis
2569 2690 2770 2744 artibus
2796 2689 3126 2746 conabantur
3159 2690 3413 2762 adipisci,
3445 2690 3496 2746 id
3521 2701 3602 2746 est
3629 2691 3775 2748 dolis

2182 2791 2340 2851 atque
2367 2780 2611 2835 fallaciis.

2254 2873 2307 2927 4.
2349 2872 2534 2927 Melius
2552 2871 2793 2926 laudatus
2813 2881 2900 2926 est
2918 2870 3066 2925 Cato.
3100 2871 3172 2927 De
3195 2871 3285 2926 illo
3311 2870 3505 2942 quippe
3525 2873 3618 2941 ait,
3651 2873 3774 2938 Quo

2184 2966 2350 3018 minus
2377 2963 2568 3030 petebat
2597 2961 2844 3032 gloriam,
2883 2980 2940 3017 eo
2981 2964 3126 3017 illum
3173 2964 3334 3034 magis
3376 2965 3670 3034 sequebatur
3692 2965 3772 3036 (b)

2184 3055 2370 3126 (lbid.,
2403 3073 2518 3126 cap.
2548 3057 2665 3124 5t).
2687 3054 3126 3124 Quandoquidem
3164 3055 3332 3124 gloria
3366 3065 3444 3109 est
3467 3097 3482 3122 ,
3511 3055 3659 3126 cujus
3691 3055 3776 3110 illi

2185 3147 2472 3216 cupiditate
2519 3146 2850 3213 ﬂagrabant,
2890 3145 3146 3215 judicium
3193 3144 3466 3200 hominum
3521 3144 3657 3200 bene
3706 3146 3779 3201 de

2185 3239 2491 3293 hominibus
2519 3237 2870 3308 opinantium.
2910 3236 2979 3291 Et
3022 3235 3144 3291 ideo
3189 3237 3380 3292 melior
3433 3245 3515 3292 est
3558 3237 3732 3292 virtus
3759 3280 3776 3306 ,

2186 3347 2305 3401 qua:
2357 3331 2589 3386 humano
2643 3330 2945 3385 testimonio
2976 3328 2997 3360 ³
3036 3337 3287 3384 contenta
3340 3345 3446 3385 non
3495 3339 3618 3398 est,
3667 3331 3778 3385 nisi

2187 3424 2528 3480 conscientia:
2557 3440 2689 3478 sum.
2719 3423 2872 3479 Unde
2915 3422 3044 3477 dicit
3084 3423 3402 3492 Apostolus,
3430 3422 3565 3476 Nam
3608 3424 3781 3494 gloria

2189 3528 2361 3573 nostra
2388 3520 2495 3572 lucc
2524 3525 2616 3582 est,
2647 3517 2984 3570 testimonium
3009 3517 3325 3570 conscientiae
3343 3523 3526 3569 nostra:
3556 3514 3621 3587 (ll
3647 3513 3778 3572 Cor.

2187 3627 2240 3678 ι,
2269 3611 2382 3680 12).
2411 3610 2480 3664 Et
2500 3609 2605 3664 alio
2631 3609 2750 3664 loco
2772 3649 2789 3674 ,
2824 3607 2968 3677 Opus
3003 3615 3172 3660 autem
3216 3622 3364 3660 suum
3399 3606 3571 3675 probet
3610 3623 3776 3662 unus-

2188 3703 2398 3774 quisque
2416 3743 2430 3767 ,
2461 3709 2507 3754 et
2535 3710 2653 3753 tunc
2679 3700 2730 3753 in
2761 3699 3027 3767 semetipso
3069 3706 3263 3749 tantum
3290 3695 3504 3766 gloriam
3536 3696 3738 3749 habebit
3762 3739 3786 3763 ,

2189 3805 2235 3848 et
2267 3811 2364 3847 non
2407 3794 2458 3845 in
2500 3791 2658 3845 altera
2689 3790 2884 3860 (Galat.
2906 3805 2976 3852 \‘l,
3010 3787 3086 3857 4).
3112 3787 3344 3842 Gloriam
3372 3801 3497 3856 ergo
3522 3795 3575 3840 et
3601 3786 3782 3843 hono-

2191 3901 2304 3940 rem
2328 3893 2381 3938 et
2409 3881 2687 3952 imperium
2709 3922 2722 3944 ,
2747 3896 2865 3950 quae
2892 3879 2990 3933 sibi
3015 3876 3341 3945 exoptabant
3365 3917 3380 3942 ,
3407 3885 3462 3931 et
3489 3891 3594 3946 quo
3619 3876 3792 3932 bonis

2191 3979 2392 4032 artibus
2431 3975 2711 4046 pervenire
2741 3971 3044 4026 nitebantur
3082 3969 3239 4032 boni,
3269 3985 3373 4022 non
3419 3968 3579 4023 debet
3625 3969 3782 4038 sequi

2194 4071 2362 4124 virtus
2388 4112 2402 4135 ,
2436 4067 2529 4122 sed
2561 4066 2672 4136 ipsa
2699 4065 2968 4117 virtutem.
3001 4060 3182 4132 Neque
3223 4061 3363 4114 enim
3395 4071 3477 4114 est
3503 4075 3626 4114 vera
3667 4061 3784 4114 vir-

2193 4172 2308 4228 tus,
2337 4161 2436 4214 nisi
2461 4175 2577 4229 qua:
2605 4156 2670 4210 ad
2711 4171 2832 4210 eum
2878 4153 3036 4208 linem
3090 4152 3289 4218 tendit,
3323 4152 3412 4206 ubi
3442 4162 3523 4206 est
3568 4153 3773 4207 bonum

2193 4251 2424 4307 hominis
2448 4291 2462 4311 .
2493 4264 2599 4319 quo
2630 4246 2816 4300 melius
2845 4260 2947 4299 non
2979 4253 3080 4299 est.
3111 4241 3264 4298 Unde
3304 4253 3358 4297 et
3388 4243 3615 4297 honores
3644 4257 3796 4310 quos

2196 4345 2380 4417 petivit
2404 4342 2533 4397 Cato
2557 4382 2573 4405 ,
2606 4349 2788 4410 petere
2829 4352 2933 4391 non
2962 4335 3175 4401 debuit,
3216 4333 3309 4389 sed
3355 4349 3450 4390 eos
3481 4335 3667 4389 civitas
3712 4337 3788 4388 ob

2196 4437 2311 4510 ejus
2337 4436 2584 4490 virtutem
2614 4449 2716 4486 non
2749 4430 2942 4501 petenti
2972 4429 3100 4484 dare
3133 4429 3223 4500 (c).

2269 4527 2323 4583 5.
2363 4525 2469 4581 Sed
2494 4540 2614 4579 cum
2643 4522 2733 4576 illa
2760 4521 3013 4576 memoria
3054 4519 3157 4573 duo
3181 4517 3403 4572 Romani
3448 4525 3627 4572 essent
3675 4518 3791 4572 vir-

2198 4627 2310 4676 tute
2338 4617 2541 4688 magni,
2573 4615 2751 4670 Czesar
2777 4622 2832 4668 et
2857 4611 2991 4666 Cato
3014 4653 3028 4676 ,
3061 4609 3219 4678 longe
3249 4609 3416 4663 virtus
3441 4607 3662 4663 Catonis
3685 4625 3785 4664 ve-

2199 4711 2344 4768 ritati
2369 4709 2573 4765 videtur
2601 4703 2948 4777 propinquior
2969 4701 3153 4769 fuisse,
3189 4715 3345 4770 quam
3374 4699 3623 4756 Czesaris.
3654 4699 3792 4754 ιντο-

2264 4868 2282 4900 ί
2317 4861 2533 4917 Nonnulli
2559 4870 2684 4919 uss,
2710 4857 2814 4909 labe
2842 4870 2860 4907 :
2899 4856 3201 4906 librariorum
3242 4853 3448 4919 solemni
3472 4855 3590 4904 vitio
3611 4855 3792 4905 omissa

2200 4927 2364 4980 littera
2386 4935 2627 4980 extrema,
2650 4918 2762 4985 quia
2784 4919 2956 4985 eadem
2989 4927 3064 4968 est
3097 4920 3246 4985 prima
3268 4918 3620 4985 subsequentis
3645 4931 3793 4966 voea-

2201 4977 2320 5051 buli,
2345 4991 2395 5039 iu
2407 4977 2693 5051 quoiclariu's
2714 4977 3273 5051 sonabatpronuntiante
3296 4977 3498 5051 lectore.
3514 4977 3654 5027 Paulo
3671 4987 3794 5051 ante

2202 5039 2476 5115 legendum
2493 5049 2707 5115 forsitan,
2733 5044 2843 5115 quin
2865 5039 3122 5115 lalesaaut
3145 5048 3300 5115 certe,
3337 5040 3465 5115 labes
3498 5052 3689 5115 morum
3713 5039 3795 5115 hie

2203 5102 2296 5176 ipsi
2318 5111 2620 5176 appellantur
2639 5102 3034 5176 homines‘vitiosi
3044 5117 3062 5176 ξ
3081 5103 3368 5176 qut-modos
3385 5102 3610 5176 Plautoin
3628 5109 3793 5176 Persa,

2205 5162 2297 5234 a'ct.
2319 5162 2526 5234 3','sceu.
2552 5172 2600 5229 5,
2627 5183 2755 5220 vers.
2779 5167 2827 5223 4,
2851 5168 3024 5215 dicitur
3043 5162 3202 5234 inuno,
3235 5163 3417 5234 «labes
3435 5162 3594 5234 popli;
3617 5180 3639 5207 ι
3691 5171 3743 5212 et
3766 5178 3794 5211 a

2204 5225 2452 5288 Cicerone.
2476 5225 2618 5292 Orat,
2653 5245 2739 5295 pro
2773 5237 2906 5279 Sext.
2931 5240 3035 5295 cap.
3061 5228 3110 5287 8,
3154 5245 3175 5273 α
3198 5227 3361 5295 iiabeo
3383 5225 3522 5295 quod
3548 5237 3796 5295 cpperiar]:

2214 5285 2359 5349 itaut
2391 5285 2459 5346 illi
2485 5303 2537 5346 et.
2569 5285 2728 5344 abito.
2752 5318 2814 5328 -
2837 5285 3002 5340 uestri
3029 5285 3154 5348 Mss,
3192 5288 3314 5337 labe.
3353 5285 3425 5337 sic'
3449 5285 3600 5349 tegit
3625 5285 3794 5349 alet-el,

2207 5348 2444 5410 Element.
2467 5358 2643 5416 Critic.,
2669 5368 2776 5416 pag.
2803 5352 2923 5416 289:
2957 5350 3174 5412 Indique
3188 5349 3310 5416 tales
3321 5349 3433 5416 jam
3456 5348 3640 5416 morum
3665 5348 3797 5416 labes

2207 5408 2501 5484 superabant
2518 5408 3003 5484 atque'abutmdobtmt,
3020 5408 3223 5484 quando
3246 5408 3484 5463 scribebat
3514 5409 3607 5460 ista
3637 5408 3797 5460 Sallu-

2207 5476 2342 5542 stius,
2369 5476 2656 5545 canebatque
2686 5476 2928 5545 Virgilius.
2994 5476 3052 5525 IL
3287 5533 3297 5544 _
3421 5535 3432 5545 ,
3471 5541 3480 5545 _
3522 5540 3531 5545 ,
3652 5539 3698 5545 __
3755 5533 3765 5543 .

2273 5549 2294 5578 ³
2328 5539 2460 5602 Μία,
2493 5539 2902 5606 propmsvirmti.
2935 5546 2984 5606 at
3008 5547 3132 5606 Mss,
3157 5539 3352 5600 pmpins
3389 5539 3626 5587 t'ir'tuttm.
3649 5539 3704 5584 Et
3727 5539 3799 5583 sic

2211 5611 2259 5664 in
2280 5600 2873 5676 antiqujs'exenqilaribtts
2888 5600 3110 5652 sallustii.

2275 5673 2296 5705 ³
2330 5666 2412 5720 iis.
2436 5669 2548 5727 766,
2563 5666 2770 5728 judicio.
2835 5672 2892 5728 at.

2298 5734 2349 5795 a)
2369 5726 2828 5795 Uv.,lib.__27,icap.
2853 5726 2931 5777 9.3.

2277 5742 2352 5858 8;
2853 5742 3095 5858 3min-
3117 5783 3252 5834 illam
3274 5781 3627 5847 assequebatur.
3651 5843 3671 5848 η
3708 5842 3711 5844 ἓ

2281 5853 2354 5922 (b)
2379 5853 2478 5910 Viti.
2502 5855 2738 5909 Plutarch.
2763 5853 2813 5903 in
2834 5858 3009 5902 Catone
3033 5853 3238 5899 minore.
