4064 6472
229 335 338 398 Ili!

234 450 360 508 inde
381 450 564 522 qualis
579 460 730 510 esset
758 451 856 508 illo
879 460 1120 523 tempore
1139 452 1360 521 civitas,
1387 461 1442 511 et
1472 461 1627 512 antea
1663 459 1835 528 qualis

233 543 426 598 luisset
448 583 466 610 ,
501 544 783 599 videmnus
811 545 860 598 in
895 546 1004 614 ipsa
1051 546 1315 600 sententia
1339 544 1561 602 Catonis
1589 566 1603 604 :
1628 547 1833 616 Nolite,

235 634 410 704 inquit
435 676 451 699 ,
485 636 800 700 existimare,
827 637 1047 708 majores
1068 647 1264 690 nostros
1292 638 1447 691 armis
1473 641 1838 711 rempublicam

233 741 293 778 sa:
317 739 480 794 parva
521 741 760 796 magnam
793 727 989 795 fecisse.
1022 725 1083 782 Si
1113 727 1182 780 ita
1211 736 1370 795 esset,
1401 728 1558 782 multo
1592 727 1830 799 pulcher-

232 820 419 873 rimam
457 833 572 874 eam
623 835 715 873 nos
766 819 1079 874 haberemus.
1137 820 1339 892 Quippe
1390 822 1642 876 sociorum
1689 833 1841 890 atque

233 913 419 967 sitiunt
447 954 462 977 ,
496 923 743 983 praeterea
782 929 1039 968 armorum
1089 924 1137 968 et
1187 929 1429 983 equorum
1479 917 1646 986 major
1693 919 1842 986 copia
1939 934 1944 938 ‘

235 1007 378 1062 nobis
407 1023 567 1074 quam
594 1008 701 1061 illis
753 1015 846 1062 est.
881 1007 986 1062 Sed
1012 1007 1116 1060 alia
1148 1011 1289 1080 {uere
1316 1023 1431 1077 qua:
1471 1008 1587 1062 illos
1632 1023 1842 1079 magnas

238 1102 468 1168 {secum
493 1139 508 1159 ,
534 1111 648 1164 qua:
682 1097 826 1151 nobis
861 1098 1002 1151 nulla
1025 1107 1144 1153 sunt
1174 1114 1192 1162 ;
1220 1098 1359 1152 domi
1395 1097 1648 1151 industria
1670 1141 1683 1162 ,
1715 1098 1841 1168 foris

238 1191 434 1258 justum
477 1189 789 1258 imperium,
819 1191 1015 1243 animus
1055 1191 1107 1243 in
1160 1189 1467 1244 consulendo
1495 1191 1654 1253 liber,
1686 1205 1844 1260 neque

241 1281 430 1335 delicto
478 1298 642 1352 neque
680 1283 882 1335 libidini
919 1283 1183 1337 obnoxius.
1209 1283 1316 1338 Pro
1347 1285 1424 1337 Itis
1469 1300 1562 1338 nos
1604 1285 1843 1339 habemus

242 1373 510 1427 luxurians
537 1386 690 1446 atque
718 1376 982 1428 avaritiam
1004 1419 1018 1442 ,
1053 1377 1252 1445 publice
1276 1386 1579 1447 egestatem,
1608 1379 1844 1448 privatim

245 1466 568 1532 opulentiam
598 1482 620 1520 :
651 1468 923 1520 laudamus
985 1469 1213 1534 divitias,
1265 1471 1518 1540 sequimur
1563 1471 1846 1526 inertiam:

245 1557 372 1609 inter
398 1557 565 1612 bonos
588 1567 637 1612 et
662 1559 824 1612 malos
851 1559 1119 1613 discrimen
1161 1560 1357 1614 nullum
1383 1576 1400 1625 ;
1428 1562 1598 1615 omnia
1642 1563 1843 1617 virtutis

247 1647 460 1717 pra-mia
483 1647 694 1702 ambitio
718 1649 958 1717 possidet.
991 1647 1168 1720 Neque
1191 1651 1376 1704 mirum
1405 1667 1424 1704 :
1457 1652 1539 1704 ubi
1567 1667 1655 1706 vos
1698 1667 1847 1722 sepa-

245 1739 396 1792 ratim
425 1739 526 1792 sibi
549 1741 765 1808 quisque
791 1741 1059 1794 consilium
1087 1742 1268 1811 capitis
1285 1782 1301 1808 ,
1334 1743 1420 1796 ubi
1443 1744 1580 1797 domi
1603 1743 1847 1815 volupta-

248 1829 379 1884 tibus
401 1869 417 1894 ,
453 1830 536 1883 hic
558 1833 785 1899 pecunia:
809 1841 896 1885 aut
925 1833 1102 1903 gratia:
1123 1835 1349 1899 servitis,
1379 1850 1437 1888 eo
1459 1836 1515 1903 [it
1547 1844 1600 1887 ut
1632 1836 1848 1904 impetus

249 1923 335 1992 ﬁat
359 1923 414 1976 in
443 1939 659 1978 vacuant
689 1924 1310 1995 rempublicam(Sallust.
1331 1927 1387 1980 in
1402 1924 1638 1990 Catilin.,
1659 1944 1701 1981 c.
1729 1927 1843 1997 52).

315 2015 371 2068 6.
412 2014 518 2082 Qui
575 2017 725 2070 audit
770 2017 886 2072 haec
936 2019 1154 2072 Catonis
1197 2019 1357 2073 verba
1412 2020 1527 2076 sive
1575 2019 1843 2083 Sallustii,

248 2116 397 2179 putat
437 2108 628 2179 quales
676 2110 957 2165 laudantur
998 2111 1222 2166 Romani
1263 2120 1507 2179 veteres,
1539 2129 1725 2168 omnes
1753 2127 1848 2167 eos

250 2201 386 2255 tales
424 2209 557 2257 tunc
599 2201 806 2270 fuisse,
833 2204 916 2258 vel
957 2205 1157 2274 plures.
1183 2204 1297 2259 Non
1350 2207 1420 2258 ita
1466 2215 1547 2260 est
1572 2224 1584 2259 :
1613 2207 1847 2274 alioquin

255 2307 375 2347 vera
401 2309 511 2348 non
541 2303 728 2349 essent
752 2310 870 2364 qua:
898 2297 1012 2366 ipse
1054 2297 1178 2350 item
1206 2294 1390 2350 scribit
1419 2337 1435 2361 ,
1468 2311 1531 2350 ea
1553 2311 1671 2365 quae
1697 2311 1848 2350 com-

253 2385 551 2440 memnravi
591 2386 645 2439 in
685 2387 926 2440 secundo
955 2387 1093 2441 libro
1138 2386 1296 2455 hujus
1331 2389 1505 2456 operis
1528 2386 1691 2455 (Cap.
1721 2387 1847 2457 l8),

254 2476 338 2530 ubi
356 2476 526 2541 dicit,
559 2476 779 2547 injurias
807 2473 1122 2532 validiorum
1155 2520 1169 2542 ,
1215 2488 1268 2531 et
1311 2477 1381 2530 ob
1425 2492 1518 2531 eas
1558 2477 1850 2531 discessio-

256 2584 371 2623 nem
414 2569 594 2638 plebis
622 2584 654 2623 a
697 2569 937 2639 patribus
961 2611 976 2636 ,
1023 2570 1259 2639 aliasque
1300 2569 1663 2624 dissensiones
1703 2569 1850 2624 domi

255 2661 417 2716 fuisse
443 2663 558 2730 jam
591 2661 714 2716 inde
741 2676 769 2714 a
797 2662 1058 2732 principio
1085 2701 1104 2729 ,
1127 2677 1298 2732 neque
1338 2663 1565 2732 amplius
1603 2677 1754 2732 atquo
1798 2669 1852 2717 et

256 2753 500 2809 modesto
531 2753 657 2823 jure
700 2763 874 2808 aetum
897 2795 910 2817 ,
939 2768 1097 2824 quam
1149 2754 1390 2824 expulsis
1415 2756 1628 2824 regibus
1649 2797 1661 2815 .
1689 2769 1850 2826 quam

257 2842 340 2898 diu
385 2853 570 2898 metus
606 2857 637 2895 a
675 2843 964 2914 Tarquinio
1017 2843 1155 2910 fuit,
1187 2844 1360 2899 donec
1407 2845 1602 2898 bellum
1649 2858 1850 2914 grave,

257 2935 392 3004 quod
421 2945 652 3006 propter
681 2935 853 3006 ipsum
884 2950 1004 2990 cum
1051 2935 1269 2991 Etruria
1314 2946 1616 3007 susceptum
1646 2937 1848 3001 fuerat,

261 3025 504 3080 liniretur
539 3041 554 3079 :
588 3035 771 3096 postea
819 3042 944 3081 vero
983 3028 1168 3093 servili,
1215 3027 1443 3097 imperio
1483 3037 1662 3097 patres
1699 3044 1852 3083 exer-

258 3117 429 3173 cuisse
455 3115 690 3186 plebem,
711 3119 860 3187 regio
881 3135 1030 3174 more
1059 3119 1390 3187 verberasse,
1408 3136 1536 3190 agro
1564 3121 1847 3191 pepulisse,

260 3217 308 3261 et
325 3250 342 3275 ,
369 3200 589 3263 ceteris
617 3208 925 3278 expertibus
945 3253 959 3274 ,
984 3209 1129 3264 solos
1157 3209 1330 3281 egisse
1358 3212 1408 3265 in
1434 3211 1658 3281 imperio
1682 3229 1694 3272 ;
1724 3226 1857 3280 qua-

262 3313 372 3352 rum
429 3298 864 3367 discordiarum,
907 3299 1031 3355 dum
1077 3302 1151 3356 illi
1204 3302 1467 3358 dominari
1515 3304 1747 3370 vellent,
1780 3304 1852 3358 illi

262 3390 462 3446 servire
489 3391 732 3459 nollent,
767 3391 926 3448 linem
957 3393 1121 3449 fuisse
1147 3394 1342 3450 bellum
1364 3395 1618 3450 Punicum
1659 3411 1853 3450 secun-

263 3478 382 3536 dum
415 3483 435 3514 ⁸
465 3498 481 3534 :
515 3482 639 3552 quia
668 3497 855 3537 rursus
876 3485 1050 3553 gravis
1078 3493 1252 3540 metus
1275 3486 1436 3555 carpit
1463 3501 1670 3557 urgere,
1694 3496 1854 3556 atque

263 3571 328 3625 ab
359 3570 471 3625 illis
497 3572 988 3642 perturbationibus
1009 3615 1024 3640 ,
1056 3574 1158 3629 alia
1183 3575 1388 3646 majore
1426 3591 1552 3631 cura
1599 3575 1854 3632 cohibere

263 3663 471 3718 animos
498 3663 878 3735 inquietos,et
923 3667 987 3721 ad
1034 3667 1378 3723 concordiam
1429 3682 1682 3723 revocare
1724 3669 1850 3724 civi-

265 3750 387 3807 lem.
415 3753 524 3809 Sed
572 3769 670 3824 per
704 3755 960 3825 quosdam
1009 3771 1238 3826 paucos,
1270 3759 1358 3827 qui
1406 3773 1504 3829 pro
1553 3773 1651 3814 suo
1695 3759 1855 3815 modo

265 3841 387 3897 boni
433 3853 630 3908 erant,
684 3860 874 3915 magna
927 3846 1471 3914 administrabantur,
1504 3857 1698 3917 atque,
1749 3849 1856 3906 illis

265 3935 508 3991 toleratis
561 3951 624 3992 ac
674 3939 986 4007 temperatis
1027 3939 1536 4011 malis,paucornm
1591 3942 1854 3997 bonorum

269 4027 605 4096 providentia
638 4043 726 4084 res
753 4029 840 4084 illa
885 4032 1194 4095 crescebat,
1230 4033 1366 4086 sicut
1401 4031 1538 4086 idem
1572 4033 1855 4089 historicus

267 4118 431 4185 dicit,
459 4121 628 4175 multa
675 4120 780 4176 sibi
824 4121 1020 4192 legenti
1061 4132 1116 4177 et
1166 4123 1440 4191 audienti,
1465 4141 1584 4195 qua:
1627 4126 1856 4197 populus

267 4207 542 4266 Romanus
579 4211 725 4267 domi
759 4214 1069 4284 militiaaque
1095 4256 1114 4280 ,
1143 4217 1276 4270 mari
1323 4226 1483 4287 atque
1531 4226 1670 4271 terra
1717 4233 1854 4287 pra:-

267 4300 408 4354 elara
461 4301 698 4356 facinora
746 4301 962 4370 fecerit,
1009 4303 1228 4360 libuisse
1275 4318 1333 4360 se
1405 4305 1682 4362 attendere
1736 4322 1857 4376 quas

265 4403 352 4445 res
377 4392 614 4446 maxime
637 4399 781 4446 tanta
807 4394 1014 4464 negotia
1036 4394 1405 4462 sustinuisset;
1436 4397 1685 4465 quoniam
1717 4399 1854 4453 scie-

267 4480 357 4536 bat
383 4497 763 4552 smpenumero
793 4499 947 4554 parva
981 4501 1140 4540 manu
1169 4501 1291 4541 cum
1323 4489 1529 4557 magnis
1555 4488 1855 4558 legionibus

266 4573 502 4630 hostium
559 4576 902 4632 contendisse
963 4578 1271 4643 Romanos,
1311 4588 1632 4650 cognoverat
1681 4581 1856 4650 parvis

265 4667 436 4737 cepiis
489 4667 628 4722 bella
670 4678 820 4738 gesta
861 4685 981 4725 cum
1037 4671 1308 4741 opulentis
1360 4671 1609 4742 regibus;
1651 4674 1857 4744 sibique

265 4757 432 4812 multa
460 4759 681 4830 agitanti
707 4769 956 4816 constare
982 4761 1147 4828 dixit,
1177 4777 1468 4832 paucorum
1491 4765 1684 4818 civium
1706 4781 1858 4836 egre-

265 4849 404 4918 giam
450 4851 702 4907 virtutem
749 4862 942 4910 cuncta
986 4855 1319 4924 patravisse,
1349 4871 1521 4926 eoque
1562 4855 1755 4911 factum
1801 4867 1858 4914 ut

268 4941 481 4997 divitias
523 4955 842 5014 paupertas,
868 4946 1259 5002 multitudinem
1291 4948 1527 5019 paucitas
1557 4958 1853 5019 superaret.

266 5031 375 5087 Sea
400 5043 670 5104 postquam
702 5035 826 5090 luxu
853 5048 1003 5105 atque
1031 5037 1225 5092 desidia
1247 5081 1264 5106 ,
1295 5039 1496 5110 inquit,
1541 5042 1715 5097 civitas
1742 5059 1859 5098 cor-

264 5132 422 5193 rupta
449 5135 522 5178 cst
545 5167 561 5190 ,
591 5143 768 5181 rursus
795 5129 1076 5197 respublica
1119 5131 1466 5200 magnitudine
1509 5132 1590 5186 sui
1633 5133 1854 5202 impera-

265 5222 433 5268 torum
462 5226 613 5287 atque
644 5219 1028 5288 magistratuum
1054 5221 1176 5274 vitia
1201 5221 1529 5277 sustentabat.
1561 5223 1854 5279 Paucorum

264 5306 425 5375 igitur
452 5308 620 5363 virtus
649 5309 713 5364 ad
755 5311 978 5380 gloriam
1005 5353 1020 5376 ,
1051 5311 1307 5368 honorem
1330 5354 1346 5380 ,
1377 5313 1658 5384 imperium
1687 5357 1703 5381 ,
1731 5331 1856 5370 vera

261 5405 350 5454 via
372 5442 388 5464 ,
419 5401 471 5456 id
496 5412 582 5458 est
625 5404 818 5461 virtute
866 5405 977 5475 ipsa
999 5447 1014 5472 ,
1043 5406 1326 5460 nitentium
1348 5448 1363 5471 ,
1396 5407 1555 5462 etiam
1588 5422 1616 5461 a
1656 5405 1857 5464 Catone

265 5493 482 5550 laudata
513 5505 616 5550 est.
651 5496 786 5551 Hinc
810 5508 925 5552 erat
953 5497 1098 5552 domi
1126 5498 1410 5564 industria,
1432 5515 1588 5570 quam
1616 5515 1856 5556 comme-

269 5587 498 5642 moravit
527 5587 661 5644 Cato
686 5627 701 5652 ,
734 5598 791 5642 ut
817 5590 1066 5644 aerarium
1106 5599 1250 5645 esset
1295 5589 1602 5661 opulentum
1628 5631 1644 5661 ,
1673 5600 1858 5648 tenues

265 5741 490 5856 um:
509 5742 623 5856 “ltiti,
647 5743 790 5809 9050,
808 5743 932 5798 2053
955 5751 1005 5798 et
1027 5743 1169 5810 2033,
1193 5743 1336 5811 ﬁnem
1359 5745 1507 5812 fuisse
1528 5743 1652 5800 bello
1686 5747 1860 5814 punico

1593 338 1796 397 LIBER
1835 341 2153 413 QUINTUS.

3427 369 3529 429 153

1938 475 2036 519 ‘res
2063 465 2302 534 privatm.
2333 465 2486 524 Unde
2525 474 2788 544 corruptis
2816 477 3054 534 moribus
3084 479 3273 538 vitium
3327 497 3356 540 e
3401 479 3532 541 conl-

1947 557 2116 698 ltrariio
2175 561 2387 628 posuit,
2441 563 2652 632 publice
2709 578 3038 639 egestatem,
3095 576 3338 644 privatim
3403 594 3532 648 opu-

1967 655 2058 698 ent
2082 657 2186 698 am.

1967 655 2186 701 emtam.

1947 757 2028 813 CA
2040 759 2170 816 PUT
2210 762 2344 817 Xlll.
2369 795 2440 805 --
2467 765 2543 821 De
2567 786 2738 826 amore
2763 773 2932 832 laudis
2951 819 2966 842 ,
2994 780 3081 850 qui
3111 797 3226 836 cum
3247 783 3309 836 sit
3338 785 3533 848 vitium,

2017 853 2078 906 ob
2105 852 2199 907 hoc
2235 857 2389 911 virtus
2434 870 2658 930 putatur,
2689 866 2808 934 quia
2839 884 2932 937 per
2974 871 3141 944 ipsum
3182 874 3301 928 vitia
3340 876 3538 946 majora

2017 943 2332 1000 cohibentur.

2018 1057 2374 1126 Quamobrem
2404 1078 2525 1119 cum
2551 1066 2640 1122 diu
2685 1068 2906 1126 fuissent
2949 1089 3112 1144 regna
3155 1077 3388 1134 Orientis
3417 1079 3538 1134 illu-

1950 1153 2076 1204 stria
2109 1155 2207 1221 (υ),
2239 1155 2403 1210 voluit
2441 1157 2583 1214 Deus
2611 1170 2664 1214 et
2687 1162 3014 1220 occidentale
3047 1168 3192 1234 lieri,
3220 1171 3359 1239 quod
3401 1181 3538 1226 teni-

1952 1257 2079 1308 pore
2101 1254 2242 1297 esset
2275 1249 2558 1312 posterius.
2589 1251 2684 1306 sed
2713 1253 2920 1322 imperii
2954 1257 3229 1313 latitudine
3250 1272 3304 1316 et
3325 1263 3534 1331 magni-

1951 1333 2133 1389 tudine
2161 1336 2435 1394 illustrius.
2471 1341 2632 1411 quue
2663 1343 2858 1399 talibus
2902 1348 3238 1414 potissimum
3275 1355 3539 1412 concessit

1945 1423 2253 1484 hominibus
2286 1429 2353 1483 ad
2393 1431 2656 1488 domanda
2687 1437 2866 1503 gravia
2911 1438 3050 1492 mala
3091 1440 3374 1500 multarum
3403 1457 3538 1511 gen-

1951 1518 2106 1585 tium,
2134 1521 2222 1590 qui
2243 1537 2402 1577 causa
2427 1522 2673 1590 honoris,
2696 1526 2866 1583 laudis
2885 1539 2939 1584 et
2957 1529 3144 1598 gloriae
3159 1533 3543 1590 consuluerunt

1949 1612 2174 1680 patrue,
2225 1613 2276 1668 in
2309 1630 2410 1678 qua
2437 1617 2605 1686 ipsam
2633 1619 2856 1688 gloriam
2890 1622 3255 1690 requirebant,
3282 1624 3541 1681 salutemq-

1949 1719 2054 1774 que
2083 1705 2202 1774 ejus
2229 1708 2385 1763 saluti
2415 1725 2525 1764 sua:
2547 1727 2860 1780 pt‘tnpouere
2882 1730 2984 1768 non
3010 1715 3418 1778 dubitaverunt.
3445 1731 3544 1786 pro

1952 1794 2056 1849 isto
2083 1812 2188 1850 uno
2213 1799 2340 1852 vitio
2363 1839 2384 1865 ,
2413 1801 2463 1854 id
2495 1811 2579 1856 est
2605 1818 2788 1860 amore
2814 1805 2984 1861 laudis
3009 1847 3024 1872 ,
3060 1809 3298 1875 pecunia:
3325 1808 3540 1876 cupidi“-

1953 1892 2116 1939 tatcni
2147 1894 2203 1942 et
2229 1890 2390 1944 multa
2420 1891 2523 1945 alia
2561 1893 2684 1948 vitia
2728 1898 3161 1965 con'tprimentes.
3197 1897 3382 1972 [XllL]
3409 1900 3542 1958 Nam

1953 1977 2137 2031 sanius
2158 1980 2336 2045 videt,
2384 1984 2472 2051 qui
2509 1993 2563 2038 et
2605 2001 2841 2041 artiorem
2872 1988 3042 2044 laudis
3072 1991 3260 2044 vitium
3291 2005 3410 2046 esse
3439 2006 3537 2046 co-

1951 2069 2161 2136 gnoscit
2184 2087 2198 2123 :
2224 2071 2364 2139 quod
2395 2089 2490 2126 nec
2519 2086 2726 2142 poetam
2771 2076 2902 2147 fugit
2938 2079 3245 2146 Horatium,
3289 2081 3380 2151 qui
3421 2082 3539 2138 ait:

2015 2183 2186 2254 pandis
2207 2197 2372 2254 anime
2407 2193 2586 2243 tumes,
2609 2196 2724 2239 sunt
2743 2197 2878 2240 certa
2902 2190 3088 2254 piacula
3110 2203 3226 2254 qua:
3245 2197 3299 2242 te

2017 2253 2111 2294 't‘er
2134 2259 2256 2308 pure
2284 2247 2664 2308 lectorwternnt
2686 2247 2914 2302 recreare
2940 2251 3124 2302 libello.

2205 2307 2222 2370 (
2245 2307 2565 2372 Epistolarum
2588 2309 2670 2360 tib.
2694 2313 2739 2372 l,
2763 2312 2901 2374 epist.
2931 2313 2974 2374 l,
3000 2328 3122 2364 vers.
3141 2312 3224 2376 36,
3245 2314 3325 2364 37.

1955 2409 2208 2480 idemque
2238 2410 2289 2464 in
2333 2413 2568 2467 carmine
2616 2414 2817 2483 lyrico,
2845 2415 2911 2470 ad
2953 2417 3343 2486 reprimendam
3371 2415 3544 2473 demi-

1955 2501 2116 2556 nandi
2147 2502 2418 2557 libidinem
2449 2505 2516 2558 ita
2543 2507 2774 2560 cecinit:

2016 2615 2174 2677 Latius
2194 2627 2379 2677 regnes
2401 2615 2592 2664 avidum
2614 2616 2852 2667 domando
2876 2620 2901 2650 ²

2017 2675 2418 2741 Spiritunt,'quam
2441 2677 2480 2724 si
2503 2678 2692 2741 Libyam
2712 2681 2915 2729 remotis

2015 2737 2224 2787 Gadibus
2231 2737 2428 2810 jungas,
2446 2745 2515 2810 ,ει
2535 2737 2748 2810 uterque
2770 2749 2944 2792 Pontus
2966 2740 3039 2805 (b)

2326 2802 2510 2850 Serviat
2532 2802 2613 2851 uni

2269 2881 2291 2945 (
2313 2881 2524 2934 Carmin.
2551 2881 2636 2933 lib.
2659 2882 2706 2944 2,
2731 2897 2886 2934 carm.
2910 2883 2957 2947 2,
2986 2897 3108 2937 vers.
3133 2885 3290 2950 9-12.)

1959 2984 2338 3042 Verumtamen
2389 2990 2479 3058 qui
2530 2987 2776 3043 libidines
2823 2990 3124 3058 turpiores,
3177 2989 3282 3046 ﬁde
3335 2990 3547 3061 pietatis

1959 3079 2239 3148 impetrato
2265 3079 2464 3150 Spiritu
2490 3089 2678 3136 sancto
2696 3119 2714 3147 ,
2745 3090 2799 3136 et
2833 3096 3015 3136 amore
3045 3081 3390 3152 intelligibilis
3417 3082 3538 3152 pul-

1959 3169 2278 3225 chritudinis
2307 3186 2410 3225 non
2451 3170 2758 3237 refrenant,
2801 3171 2993 3227 melius
3022 3171 3213 3227 saltem
3260 3170 3549 3240 cup'ditate

1959 3260 2204 3316 humana:
2229 3261 2397 3316 laudis
2420 3271 2473 3316 et
2491 3262 2696 3332 κιαι-ἰαὶ,
2721 3277 2827 3318 non
2855 3262 3069 3332 quidem
3094 3263 3204 3332 jam
3235 3264 3425 3328 sancti,
3450 3261 3546 3317 sed

1959 3354 2134 3408 minus
2182 3361 2362 3422 turpes
2399 3361 2542 3407 sunt.
2587 3353 2759 3410 Etiam
2789 3353 2997 3407 Tullius
3045 3350 3170 3407 hinc
3209 3351 3547 3408 dissimulare

1961 3459 2066 3498 non
2096 3443 2267 3513 potuit
2289 3445 2328 3510 ',
2365 3443 2418 3499 in
2441 3443 2642 3500 eisdem
2673 3443 2822 3499 libris
2845 3458 2980 3514 quos
3003 3441 3071 3499 de
3099 3443 3386 3514 Republica
3416 3443 3550 3498 scri-

1961 3538 2098 3607 psit,
2129 3536 2214 3590 nbi
2247 3536 2480 3608 loquitur
2517 3537 2585 3593 de
2626 3536 2948 3592 instituendo
2990 3537 3230 3608 principe
3276 3537 3504 3592 civitatis
3526 3576 3544 3604 ,

1957 3645 2116 3701 quem
2162 3630 2289 3685 dicit
2345 3630 2594 3686 alendum
2644 3645 2764 3686 esse
2798 3631 3004 3702 gloria;
3053 3640 3107 3687 et
3154 3639 3546 3700 consequenter

1957 3735 2345 3779 commemorat
2367 3723 2598 3793 majores
2621 3738 2746 3780 suos
2767 3724 2933 3779 multa
2957 3724 3089 3778 mira
3110 3733 3267 3794 atque
3289 3722 3546 3792 praeclara

1958 3817 2142 3888 gloria:
2168 3815 2456 3885 cupiditate
2495 3814 2704 3870 fecisse.
2736 3813 2872 3870 l-luic
2899 3829 3027 3886 ergo
3053 3813 3184 3868 vitio
3230 3830 3335 3868 non
3373 3813 3547 3868 solum

1960 3924 2067 3963 non
2093 3908 2436 3969 resistebant,
2459 3922 2644 3962 verum
2667 3906 2828 3962 etiam
2851 3905 2902 3962 id
2924 3906 3261 3962 excitandum
3286 3915 3332 3961 et
3357 3921 3550 3960 accen-

1960 4000 2195 4056 dendum
2226 4014 2346 4054 esse
2371 3999 2696 4065 censebant,
2735 4007 2981 4068 putantes
3009 3997 3112 4052 hoc
3143 3997 3268 4052 utile
3293 4012 3414 4052 esse
3438 3997 3548 4051 rei-

1964 4091 2208 4162 publictn.
2252 4089 2567 4160 Quanquam
2616 4103 2713 4143 nec
2754 4089 2808 4143 in
2852 4088 2981 4158 ipsis
3021 4075 3372 4156 philusophite
3400 4086 3551 4140 libris

1962 4183 2168 4238 Tullius
2197 4181 2265 4236 ab
2291 4181 2390 4235 hac
2421 4190 2569 4250 peste
2593 4177 2922 4244 dissimulet,
2951 4177 3042 4233 ubi
3068 4193 3185 4233 eam
3212 4178 3327 4232 luce
3356 4177 3552 4230 clarius

1960 4274 2268 4329 conﬁtetur.
2310 4272 2442 4327 Cum
2472 4272 2612 4326 enim
2644 4271 2713 4326 de
2749 4269 2938 4325 studiis
2983 4269 3176 4324 talibus
3219 4265 3547 4339 loqueretur,

1961 4383 2078 4439 qua:
2105 4369 2284 4438 utique
2315 4366 2564 4422 sectanda
2593 4374 2718 4420 sunt
2744 4365 2850 4421 ﬁne
2881 4365 2994 4420 veri
3025 4365 3181 4432 boni,
3227 4380 3331 4418 non
3363 4373 3548 4419 vento-

1961 4461 2118 4516 sitate
2145 4459 2316 4514 laudis
2338 4459 2604 4523 humanm,
2633 4457 2772 4513 hanc
2802 4457 2978 4512 intulit
3006 4457 3358 4512 univcrsalem
3389 4470 3551 4524 gene-

1963 4552 2236 4622 ralemqne
2271 4556 2590 4606 sententiam
2618 4567 2631 4603 :
2664 4547 2846 4603 Honos
2884 4549 2977 4602 alit
3017 4557 3151 4602 artes
3177 4563 3439 4617 omnesque
3459 4561 3550 4600 ae-

1962 4643 2247 4697 cenduntur
2291 4641 2359 4694 ad
2385 4641 2556 4702 studia
2595 4639 2793 4710 gloria,
2815 4639 3093 4710 jacentque
3133 4655 3192 4692 ea
3220 4655 3412 4709 semper
3439 4651 3552 4706 quat

1962 4733 2101 4802 apud
2145 4748 2370 4803 quosque
2413 4730 2767 4802 improbantur
2811 4728 3048 4802 (Tuscul.
3102 4728 3294 4806 Qutest.
3342 4729 3430 4781 lib.
3484 4728 3547 4793 l,

1961 4843 2078 4898 cap.
2105 4825 2184 4897 ἓ).

1961 4958 2190 5016 CAPUT
2225 4957 2367 5014 XIV.
2395 4987 2463 4998 -
2492 4956 2570 5011 De
2597 4956 2868 5012 resecando
2896 4971 3068 5010 arnore
3093 4953 3262 5010 laudis
3290 4952 3547 5020 humus,

2145 5051 2383 5123 quoniam
2395 5050 2650 5120 justorum
2678 5048 2843 5120 gloria
2868 5048 3030 5102 omnis
3056 5047 3110 5099 in
3140 5043 3247 5098 Deo
3275 5042 3364 5096 sit.

2033 5175 2168 5242 Huic
2198 5185 2356 5255 igitur
2385 5181 2660 5253 cupiditati
2691 5181 2882 5236 melius
2908 5176 3172 5234 resistitur
3191 5174 3309 5230 sine
3336 5171 3548 5229 dubita-

1963 5279 2144 5343 tione,
2188 5292 2346 5348 qnam
2383 5275 2608 5331 ceditur.
2662 5273 2832 5328 Tanto
2879 5269 3020 5326 enim
3065 5267 3287 5338 quisque
3324 5272 3406 5321 est
3436 5265 3549 5320 Deo

1963 5371 2210 5435 similior,
2264 5378 2464 5440 quanto
2501 5374 2583 5422 est
2631 5363 2700 5420 ab
2749 5363 2848 5418 hac
2896 5358 3228 5416 immunditia
3270 5357 3543 5416 mundior.

1969 5539 1974 5544 ς
2028 5502 2046 5534 ι
2081 5498 2320 5564 tis-1766.
2343 5496 2526 5562 ωιίωη
2545 5491 3260 5564 γεφιαέιξίάυῖηψαέαίησπάο-
3327 5497 3396 5564 μο.

2026 5565 2048 5596 ι
2079 5553 2213 5611 Vind.
2239 5571 2340 5611 sm.
2361 5559 2454 5610 tua:
2480 5553 2632 5609 Etiam
2657 5556 2832 5607 tullius
2852 5553 2964 5606 inde
2985 5553 3128 5606 silere
3146 5568 3240 5606 non
3262 5553 3429 5618 potuit.
3446 5558 3548 5604 Non

1961 5623 2107 5749 ﬁt).
2126 5686 2417 5749 Assyriorum
2436 5680 2638 5749 scilicet,
2657 5679 2918 5741 Medorum,
2937 5687 3205 5741 Persarum,
3227 5683 3345 5742 etc.,
3360 5674 3548 5740 dequl-

1961 5744 2058 5800 bos
2072 5744 2237 5806 supra,
2261 5745 2345 5795 lib.
2365 5744 2416 5801 4.
2438 5756 2496 5793 ea
2517 5761 2541 5791 ι.
2559 5745 2607 5792 7.

2029 5809 2102 5856 (bl
2127 5809 2325 5856 Lilwcus
2348 5814 2398 5856 et
2413 5765 2682 5856 Gaditanus.
2707 5805 2862 5856 interi:

2029 5809 2102 5873 (b)
2127 5802 2325 5872 Libj'cus
2348 5814 2398 5857 et
2413 5802 2682 5869 Gaditanus,
2707 5805 2977 5869 interprete
3009 5802 3234 5866 Ροηὼςτ.
