4064 6480
540 443 673 512 Qua:
699 443 753 498 in
771 439 872 496 hac
900 437 1006 494 vita
1029 434 1127 492 etsi
1149 448 1256 490 non
1279 429 1511 488 funditus
1531 429 1829 485 eradicatur
1851 443 1918 485 ex
1937 426 2121 493 corde,

540 532 665 604 quia
719 531 878 587 etiam
931 529 1066 583 bene
1127 523 1463 595 proﬁcientes
1509 519 1716 575 animos
1767 527 1976 575 tentare
2015 531 2126 572 non

538 631 750 688 cessat;
795 620 984 676 saltem
1024 615 1284 686 cupiditas
1311 613 1494 684 gloriae
1534 619 1814 680 superetur
1837 609 2126 672 dilectione

534 713 796 786 justitiie‘
830 729 845 765 :
895 719 953 764 ιιι
994 709 1038 764 si
1068 705 1262 762 alicubi
1300 705 1510 774 jaceat,
1561 718 1678 772 quae
1717 699 1858 772 apud
1885 713 2126 771 quosque

539 804 929 875 improbantur,
961 801 1005 854 si
1035 798 1197 865 bona,
1229 797 1272 851 si
1301 803 1444 851 recta
1470 803 1614 860 sunt,
1643 794 1802 848 etiam
1828 797 1944 862 ipse
1972 804 2125 846 amor

537 895 786 950 humana:
826 892 998 948 laudis
1040 891 1361 957 erubescat,
1399 897 1453 943 et
1489 887 1643 942 cedat
1665 886 1834 940 amori
1861 883 2121 940 veritatis.

537 985 672 1043 'l‘am
696 986 838 1042 enim
866 993 950 1040 est
973 985 1074 1039 hoc
1094 986 1280 1038 vitium
1307 982 1572 1035 inimicum
1596 981 1696 1050 pia:
1717 977 1861 1045 ﬁdei,
1881 977 1927 1032 si
1952 975 2124 1046 major

540 1079 595 1132 in
633 1077 796 1132 corde
842 1076 913 1131 sit
965 1075 1227 1144 cupiditas
1272 1073 1455 1144 gloria:
1492 1085 1651 1141 quam
1700 1069 1792 1123 Dei
1845 1070 2003 1122 timor
2036 1065 2122 1121 vel

535 1184 710 1234 amor,
742 1176 804 1222 ιιι
829 1169 1084 1222 Dominus
1109 1166 1330 1231 diceret,
1367 1161 1630 1231 Quomodo
1652 1161 1856 1230 potestis
1879 1157 2083 1213 credere
2101 1195 2120 1226 ,

531 1259 752 1331 gloriam
773 1259 835 1312 ab
862 1258 1073 1312 invicem
1097 1265 1437 1327 exspectantes
1455 1294 1470 1321 ,
1501 1263 1550 1308 et
1574 1253 1788 1324 gloriam
1817 1265 1930 1323 qua:
1953 1267 1982 1302 ιι
2011 1249 2120 1304 solo

530 1352 643 1407 Deo
665 1362 738 1407 est
769 1368 868 1406 non
890 1361 1166 1422 qttwreutes
1196 1349 1371 1422 (Joan.
1411 1364 1462 1413 v,
1491 1346 1627 1417 44)?
1653 1345 1782 1400 Item
1811 1346 1878 1399 de
1899 1343 2119 1414 quibus-

530 1442 692 1510 dam,
722 1443 889 1513 quiin
917 1457 1038 1497 eum
1078 1440 1455 1506 crediderant,
1505 1448 1560 1494 et
1598 1439 1917 1492 verebantur
1943 1435 2120 1506 palam

528 1533 812 1600 conﬁteri,
855 1533 929 1587 ait
958 1532 1329 1602 Evangelista:
1362 1529 1658 1583 Dilexerunt
1702 1527 1919 1598 gloriam
1957 1526 2121 1579 homi-

529 1642 654 1680 num
682 1627 843 1698 magis
871 1642 1025 1696 quam
1051 1624 1149 1678 Dei
1176 1623 1284 1696 (Id.
1314 1638 1388 1676 xu
1408 1661 1424 1689 ,
1453 1622 1568 1692 45).
1596 1619 1748 1686 Quod
1777 1618 1948 1674 sancti
1973 1619 2119 1687 Apo-

531 1718 656 1772 stoli
689 1733 794 1772 non
817 1716 1095 1772 fecerunt:
1125 1717 1214 1785 qui
1253 1729 1375 1769 cum
1404 1715 1455 1768 in
1495 1711 1580 1767 his
1610 1711 1742 1767 locis
1767 1709 2120 1781 praedicarent

530 1809 732 1866 Christi
754 1825 972 1877 nomen,
999 1809 1085 1863 ubi
1108 1823 1213 1862 non
1241 1808 1413 1864 solum
1439 1803 1836 1874 improhahatur
1853 1801 2118 1876 (sicutille

527 1903 606 1958 ait
622 1944 638 1973 ,
666 1902 943 1974 Jacentque
964 1917 1024 1954 ea
1049 1916 1262 1970 semper,
1292 1914 1407 1969 qua:
1428 1897 1567 1968 apud
1584 1911 1805 1967 quosque
1827 1893 2118 1964 improban-

527 1995 656 2067 tur),
696 2011 883 2052 verum
911 1995 1072 2051 etiam
1111 2008 1334 2048 summa:
1372 1991 1739 2047 detestationis
1784 1989 2111 2052 habebatur;

527 2097 776 2144 tenentes
813 2088 957 2159 quod
999 2087 1281 2143 audierant
1309 2102 1338 2138 a
1361 2085 1502 2140 bono
1531 2084 1780 2154 Magistro
1819 2081 2115 2152 eodemque

529 2182 739 2238 medico
769 2181 1059 2248 mentium,
1094 2178 1156 2234 Si
1183 2179 1296 2250 quis
1323 2194 1401 2231 me
1421 2177 1672 2247 negaverit
1701 2191 1872 2229 coram
1896 2175 2114 2229 homini-

527 2275 640 2342 bus,
669 2273 858 2346 negabo
881 2290 994 2328 eum
1018 2288 1190 2326 coram
1222 2270 1376 2324 Patre
1406 2285 1514 2323 meo
1534 2310 1548 2334 ,
1579 2269 1663 2338 qui
1688 2269 1740 2322 in
1762 2267 1898 2322 caelis
1927 2277 1998 2320 est
2019 2307 2035 2334 ,
2066 2274 2113 2320 et

521 2368 730 2423 corama
761 2365 967 2437 Angelis
996 2365 1090 2419 Dei
1122 2363 1331 2436 (Matth.
1366 2377 1424 2431 x,
1448 2363 1546 2426 5'5;
1575 2360 1700 2414 Luc.
1732 2376 1825 2427 xu,
1855 2360 1942 2432 9);
1975 2361 2113 2414 inter

524 2459 810 2514 maledicta
841 2468 894 2514 et
922 2457 1227 2528 opprobria,
1255 2457 1393 2510 inter
1414 2453 1754 2525 gravissimas
1782 2453 2111 2528 persecutio-

523 2566 624 2607 nes
651 2550 1005 2620 crudelesque
1037 2561 1221 2619 [muas
1249 2562 1354 2601 non
1377 2555 1500 2601 sunt
1529 2532 1766 2599 deterriti
1798 2559 1826 2596 ει
1854 2544 2113 2613 prmdica-

521 2643 668 2698 tione
705 2641 892 2696 salutis
937 2640 1184 2694 humanae
1226 2647 1372 2692 tanto
1415 2636 1632 2691 fremitu
1670 2633 1979 2690 otl'ensiouis
2010 2635 2110 2689 hu-

521 2749 721 2791 manae.
767 2734 837 2789 Et
877 2733 1018 2803 quod
1042 2747 1138 2787 eos
1175 2731 1352 2786 divina
1377 2728 1633 2784 facientes
1673 2737 1834 2799 atque
1872 2729 2111 2784 dicentes
2154 2769 2165 2778 .

520 2824 810 2895 divineque
840 2823 1102 2886 viventes,
1130 2820 1408 2875 debellatis
1437 2819 1832 2889 quodammodo
1857 2818 2108 2874 cordibus

519 2919 692 2984 duris,
718 2927 878 2988 atque
899 2914 1200 2970 introducta
1228 2928 1358 2984 pace
1375 2911 1616 2983 justitize,
1641 2915 1827 2981 ingens
1849 2910 1901 2963 in
1924 2908 2110 2963 Eccle-

519 3013 600 3071 sia
625 3009 823 3066 Christi
864 3009 1032 3079 gloria
1058 3013 1344 3062 censecuta
1373 3011 1489 3073 est;
1534 3019 1642 3058 non
1684 3004 1738 3057 in
1767 3017 1829 3058 ea
1856 3010 2108 3072 tanquam

519 3105 575 3161 in
617 3119 728 3160 sua:
771 3101 980 3158 virtutis
1019 3101 1127 3156 ﬁne
1167 3099 1485 3170 quieverunt
1527 3114 1542 3151 :
1587 3095 1684 3151 sed
1731 3110 1849 3150 eam
1897 3107 2109 3165 quoque

516 3197 688 3269 ipsam
739 3195 809 3252 ad
849 3196 942 3252 Dei
966 3194 1188 3266 gloriam
1229 3191 1557 3258 referentes,
1600 3189 1750 3260 cujus
1778 3188 1946 3260 gratia
1977 3189 2107 3243 tales

516 3297 703 3358 erant,
731 3289 834 3344 isto
863 3302 1072 3358 quoque
1111 3285 1295 3341 fornite
1329 3298 1451 3349 eos,
1497 3285 1686 3354 quibus
1725 3281 2104 3350 consulebant,

513 3380 584 3437 ad
610 3395 852 3437 amorem
881 3379 1023 3434 illius
1042 3417 1059 3446 ,
1099 3393 1128 3432 a
1157 3391 1264 3446 quo
1293 3385 1348 3430 et
1377 3375 1475 3444 ipsi
1506 3373 1636 3428 tales
1663 3373 1882 3439 fierent,
1911 3387 2104 3428 accen-

513 3473 731 3530 debant.
776 3472 1016 3542 Namque
1049 3483 1117 3524 ne
1159 3477 1377 3538 propter
1415 3466 1698 3520 humanam
1727 3466 1950 3534 gloriam
1979 3465 2103 3519 boni

515 3574 718 3632 essent,
741 3565 994 3620 docuerat
1018 3577 1112 3617 eos
1131 3561 1380 3631 Magister
1400 3559 1635 3622 illormn,
1669 3557 1856 3611 dicens
1881 3575 1895 3611 :
1926 3555 2105 3612 Cavete

512 3661 682 3726 facere
702 3657 953 3727 justitiam
971 3664 1188 3709 vestram
1211 3667 1383 3706 coram
1405 3648 1691 3704 hominibus
1713 3691 1728 3715 ,
1754 3659 1807 3702 ut
1835 3649 2104 3703 videamini

513 3752 578 3804 ab
597 3751 704 3818 eis;
747 3749 972 3818 alioquin
1012 3746 1292 3802 mercedem
1330 3759 1432 3798 non
1457 3740 1699 3797 habebitis
1725 3741 1865 3811 apud
1893 3739 2102 3795 Patrem

511 3851 752 3908 vestrum,
782 3841 869 3911 qui
893 3841 948 3894 in
967 3839 1105 3893 caelis
1134 3845 1206 3890 est
1236 3833 1450 3906 (Matth.
1479 3849 1550 3901 vt,
1578 3832 1652 3904 1).
1687 3831 1792 3887 Sed
1825 3847 2010 3885 rursus
2036 3846 2101 3886 ne

515 3935 621 3991 hoc
650 3947 902 4006 perverse
932 3931 1290 3999 intelligentes
1328 3925 1630 3980 hominibus
1662 3925 1875 3994 placere
1897 3931 2101 3978 metue-

513 4036 670 4093 rent,
702 4025 982 4095 miuusque
1010 4021 1325 4092 prodessent
1351 4015 1563 4071 latendo
1591 4013 1733 4085 quod
1769 4015 1892 4068 boni
1937 4024 2096 4080 sunt,

514 4122 889 4176 demonstrans
914 4130 1020 4186 quo
1047 4115 1152 4168 ﬁne
1180 4113 1520 4167 innotescere
1547 4107 1823 4171 deberent,
1850 4104 2095 4172 Laecam,

515 4213 706 4284 inquit,
740 4227 894 4282 opera
919 4218 1081 4262 vestra
1118 4220 1290 4260 coram
1315 4201 1628 4264 hominibus,
1659 4208 1711 4252 ut
1741 4198 1942 4252 videant
1971 4199 2099 4252 bona

511 4308 650 4378 [acta
672 4316 834 4358 vestra
854 4343 868 4367 ,
891 4311 935 4355 et
955 4299 1234 4371 gloriﬁcent
1269 4297 1471 4348 I’ntrem
1503 4304 1738 4360 vestrum,
1771 4295 1854 4358 qui
1884 4293 1935 4346 in
1962 4294 2100 4348 cretis

512 4408 584 4453 est
615 4393 725 4468 (Id.
759 4409 810 4461 v,
845 4392 955 4462 16).
987 4389 1103 4445 Non
1135 4402 1261 4458 ergo
1281 4426 1298 4454 ,
1329 4396 1382 4439 ut
1407 4385 1679 4439 videamini
1705 4385 1767 4437 ab
1807 4386 1904 4451 eis,
1939 4385 1989 4438 id
2015 4394 2099 4440 est

515 4489 616 4543 hac
655 4485 947 4541 intentione
989 4489 1046 4535 ut
1090 4495 1184 4535 eos
1227 4479 1293 4532 ad
1323 4492 1419 4532 vos
1455 4477 1692 4532 converti
1735 4475 1943 4544 velitis,
1975 4478 2097 4546 quia

513 4595 621 4636 non
642 4593 737 4649 per
761 4591 857 4630 vos
899 4571 1098 4644 aliquid
1127 4571 1255 4626 estis
1293 4587 1307 4625 :
1353 4567 1448 4624 sed
1474 4579 1527 4621 ut
1565 4568 1849 4638 gloriﬁcent
1887 4565 2099 4622 Patrem

511 4680 749 4734 vestrum,
782 4667 939 4738 quiin
967 4665 1103 4718 caelis
1124 4671 1214 4730 est,
1245 4661 1311 4716 ad
1338 4675 1495 4731 quem
1523 4659 1770 4716 conversi
1804 4659 1930 4714 ﬁant
1955 4659 2097 4730 quod

513 4765 643 4822 estis
664 4764 706 4817 ³.
731 4763 839 4819 llos
906 4762 1076 4815 secuti
1106 4768 1230 4812 sunt
1260 4763 1550 4825 martyres,
1595 4753 1686 4823 qui
1718 4753 2012 4821 Scaevolas,
2043 4759 2098 4808 et

511 4857 754 4920 Curtios,
793 4862 848 4908 et
884 4851 1106 4916 Decios,
1156 4864 1262 4904 non
1301 4847 1404 4901 sibi
1441 4845 1718 4900 inferendo
1747 4860 1960 4913 poenas,
2000 4843 2096 4900 sed

511 4947 686 5004 illatas
716 4943 956 5010 ferendo,
979 4951 1033 4996 et
1060 4941 1254 4995 virtute
1275 4954 1420 5006 vera,
1449 4937 1697 5006 quoniam
1718 4950 1846 4990 vera
1879 4935 2093 5004 pietate,

512 5045 572 5093 et
607 5035 978 5092 innumerabili
1038 5031 1377 5087 multitudine
1421 5037 1760 5098 superarunt.
1819 5027 1928 5084 Sed
1973 5043 2096 5085 cum

513 5131 593 5185 illi
619 5139 799 5184 essent
825 5129 875 5180 iu
906 5127 1124 5180 civitate
1156 5135 1401 5191 terrena,
1432 5123 1624 5194 quibus
1655 5122 1956 5191 propositus
1981 5129 2098 5175 erat

507 5221 749 5276 omnium
781 5234 876 5288 pro
921 5216 1012 5271 illa
1055 5215 1352 5271 oflieiorum
1383 5213 1536 5281 linis,
1582 5212 1914 5267 incolumitas
1943 5211 2093 5281 ejus,

514 5323 574 5366 et
611 5327 832 5380 regnum
877 5324 984 5364 non
1014 5309 1066 5363 in
1097 5310 1270 5372 caelo,
1314 5306 1408 5362 sed
1440 5306 1493 5360 in
1525 5314 1702 5365 terra;
1746 5317 1851 5357 non
1895 5303 1948 5357 in
1991 5303 2095 5356 vita

521 5413 751 5468 aeterna;
774 5401 868 5456 sed
894 5401 947 5455 in
976 5401 1286 5457 decessione
1310 5397 1652 5455 morientium
1675 5404 1729 5451 et
1755 5394 2096 5450 successione

521 5493 901 5553 moriturorum
946 5512 960 5549 :
1005 5494 1134 5565 quid
1169 5493 1312 5549 aliud
1349 5498 1592 5546 amarent
1635 5502 1795 5559 quam
1836 5486 2094 5558 gloriam,

577 5635 598 5701 ξ
630 5635 847 5701 Nonnulli
881 5637 1208 5701 manuscripti,
1227 5635 1477 5701 superetur
1497 5622 1804 5701 delectatione
1817 5621 2038 5683 justitiaz.
2089 5637 2092 5640 ’

577 5697 599 5762 ξ
630 5697 784 5762 Nostri
806 5697 1138 5762 manuscripti;
1166 5697 1239 5748 vel
1261 5705 1443 5762 coram.
1510 5698 1566 5740 ιι-
1675 5757 1685 5762 _
1723 5747 1736 5762 ,
1848 5745 1897 5762 ,,
1931 5749 2003 5762 η.

578 5759 600 5792 ⁸
633 5745 746 5810 mliti
772 5776 782 5811 :
806 5745 1138 5813 iiaEI‘Xi‘tigg-i
1169 5745 1184 5808 ἕ
1197 5745 1304 5809 nos
1324 5769 1341 5817 ;
1365 5757 1410 5806 id
1438 5763 1530 5813 est,
1558 5747 1814 5809 ιειοειοιπθι
1837 5745 1901 5797 de
1925 5747 2098 5809 quibus

515 5829 679 5876 antea.

1606 269 2049 376 υεὲιγιτιιτε
2092 315 2222 386 om,
2263 317 2322 374 s.
2363 315 2728 376 AUGUSTINI

3713 335 3808 394 ιω

2229 461 2334 519 qua
2354 448 2604 506 volebant
2627 451 2792 508 etiam
2827 458 2951 524 post
2975 461 3206 514 mortem
3248 465 3498 530 tanquam
3537 463 3720 524 vivere
3752 469 3807 526 in

2231 552 2328 596 ore
2355 539 2720 598 laudantium?

2229 671 2457 731 CAPUT
2495 675 2611 732 XV.
2643 707 2715 717 -—
2755 676 2834 732 De
2868 680 3093 736 mercede
3135 685 3435 754 temporali,
3477 705 3631 762 quant
3674 691 3812 750 Deut

2501 769 2722 825 reddidit
2756 770 2898 828 bonis
2920 773 3141 830 moribus
3166 776 3534 836 Romanorum.

2299 879 2501 946 Quibus
2519 896 2648 953 ergo
2675 897 2782 940 non
2807 894 2922 941 erat
2957 886 3101 944 Deus
3129 887 3347 947 daturus
3373 893 3536 948 vitam
3555 903 3810 954 attentam

2227 985 2351 1028 etim
2369 975 2568 1030 sanctis
2595 977 2815 1049 Angelis
2851 978 2962 1035 suis
2989 980 3044 1034 in
3081 981 3298 1039 civitate
3337 999 3432 1040 sua
3461 989 3698 1057 caelesti,
3741 991 3810 1047 ad

2227 1065 2382 1137 cujus
2407 1068 2717 1128 societatem
2742 1072 2913 1142 pietas
2941 1089 3068 1130 vera
3093 1077 3359 1147 perducit,
3381 1096 3500 1151 quae
3529 1098 3636 1138 non
3659 1087 3812 1142 exhi-

2225 1156 2320 1213 bet
2359 1158 2670 1216 servitutem
2714 1162 3021 1234 religionis,
3059 1180 3220 1236 quam
3249 1176 3467 1242 λατρείαν
3510 1171 3682 1229 Graeci
3712 1191 3806 1232 vo-

2225 1257 2382 1316 cant,
2422 1252 2524 1307 nisi
2545 1253 2636 1307 uni
2664 1268 2790 1308 vero
2820 1256 2966 1322 Deo;
2995 1258 3040 1312 si
3072 1273 3246 1329 neque
3273 1262 3412 1316 hanc
3434 1263 3512 1319 eis
3541 1273 3809 1323 terrenam

2223 1340 2448 1410 gloriam
2474 1345 2907 1403 excellentissimi
2931 1349 3139 1420 imperii
3166 1353 3516 1423 concederet,
3543 1373 3650 1412 non
3681 1360 3808 1415 red.-

2225 1432 2444 1490 deretur
2459 1452 2666 1492 merces
2687 1438 2841 1494 bonis
2861 1441 3067 1497 artibus
3087 1458 3298 1511 eorum,
3323 1446 3376 1502 id
3395 1457 3478 1502 est
3497 1450 3807 1518 virtutibus,

2223 1526 2415 1596 quibus
2439 1527 2507 1582 ad
2553 1539 2753 1584 tantam
2788 1531 3012 1602 gloriam
3058 1536 3340 1603 pervenire
3376 1537 3701 1595 nitebantur.
3736 1542 3809 1598 De

2223 1618 2416 1673 talibus
2465 1620 2642 1688 enim,
2680 1622 2771 1692 qui
2816 1634 3036 1694 propter
3080 1628 3182 1682 hoc
3222 1627 3348 1683 boni
3391 1629 3589 1701 aliquid
3632 1631 3809 1690 facere

2222 1708 2490 1777 videntur,
2537 1722 2593 1767 ut
2638 1714 3008 1783 gloriﬁcentur
3048 1716 3118 1772 ab
3146 1717 3480 1789 hominibus,
3511 1724 3669 1778 etiam
3701 1725 3808 1780 Do.-

2220 1799 2398 1855 minus
2447 1802 2550 1869 ait,
2603 1803 2760 1858 Amen
2801 1805 2915 1860 dico
2951 1807 3087 1861 vobis
3110 1848 3125 1874 ,
3153 1821 3482 1880 perceperunt
3528 1815 3809 1869 mercedem

2219 1906 2365 1944 suam
2381 1890 2593 1963 (Matth.
2617 1895 2780 1966 vt,2).
2809 1897 2896 1952 Sic
2919 1909 2972 1952 et
3001 1899 3084 1952 isti
3104 1900 3338 1970 privatas
3365 1917 3452 1957 res
3476 1918 3600 1958 suas
3621 1920 3717 1974 pro
3745 1921 3808 1963 re

2219 1984 2488 2038 communi
2509 2025 2522 2049 ,
2550 1984 2656 2041 hoc
2683 1998 2762 2041 εει
2785 1988 3079 2058 republica,
3112 1998 3167 2044 et
3193 2007 3290 2060 pro
3311 1992 3429 2062 ejus
3453 1995 3645 2050 aerario
3671 1977 3806 2052 con?

2186 2082 2586 2146 _tempserunt,
2637 2081 2874 2135 avaritiae
2914 2083 3256 2148 restiterunt,
3301 2088 3682 2144 consuluerunt
3708 2106 3808 2162 pa-

2219 2167 2334 2220 tria:
2381 2169 2604 2225 consilio
2647 2172 2852 2238 libero;
2898 2190 3073 2245 neque
3116 2177 3315 2232 delicto
3355 2181 3646 2238 secundum
3677 2199 3808 2242 suas

2216 2258 2394 2329 leges,
2435 2277 2610 2332 neque
2647 2263 2850 2320 libidini
2891 2268 3112 2322 obnoxii
3140 2285 3153 2322 :
3186 2269 3272 2325 his
3307 2273 3555 2329 omnibus
3594 2276 3806 2333 artibus

2218 2357 2466 2420 tanquam
2497 2367 2621 2408 vera
2663 2355 2744 2408 via
2777 2357 2876 2410 nisi
2907 2369 3033 2412 sunt
3069 2359 3138 2414 ad
3186 2361 3439 2430 honores,
3481 2365 3761 2436 imperium
3786 2411 3804 2435 ,

2214 2442 2436 2512 gloriam
2471 2462 2484 2498 :
2533 2445 2778 2502 honorati
2819 2458 2946 2504 sunt
2983 2451 3036 2505 in
3075 2453 3320 2508 omnibus
3369 2457 3480 2510 fere
3515 2460 3804 2528 gentibus;

2215 2535 2424 2606 imperii
2465 2538 2547 2591 sui
2590 2538 2736 2610 leges
2777 2542 3144 2611 imposuerunt
3183 2547 3364 2602 multis
3390 2551 3672 2619 gentibus;
3703 2552 3807 2608 ho-

2214 2625 2404 2696 dieque
2434 2627 2624 2684 litteris
2663 2641 2717 2685 et
2745 2631 2965 2688 historia
2987 2634 3201 2705 gloriosi
3229 2649 3356 2693 sunt
3384 2655 3521 2709 pene
3549 2643 3600 2696 in
3627 2646 3806 2702 omni-

2213 2717 2312 2772 bus
2355 2721 2618 2788 gentibus.
2663 2721 2780 2778 Non
2824 2734 2908 2780 est
2953 2727 3094 2796 quod
3133 2729 3201 2783 de
3223 2732 3415 2785 summi
3461 2741 3514 2786 et
3555 2735 3667 2791 veri
3703 2735 3806 2792 Dei

2209 2809 2414 2880 justitia
2439 2827 2837 2884 conquerantur
2860 2835 2875 2871 :
2908 2832 3236 2891 perceperunt
3263 2826 3542 2880 mercedem
3567 2844 3734 2883 suam.

2211 2946 2438 3004 CAPUT
2465 2949 2604 3005 XVI.
2620 2981 2692 2991 —
2715 2952 2789 3006 De
2817 2956 3042 3009 mercede
3067 2967 3356 3013 sanctorum
3378 2961 3562 3017 civium
3581 2964 3805 3021 civitatis

2287 3051 2492 3097 atteram
2517 3084 2532 3111 ,
2553 3042 2730 3112 quibus
2756 3046 2902 3100 utilia
2928 3057 3044 3102 sunt
3073 3049 3420 3107 Romanorum
3447 3056 3673 3126 exempla
3692 3057 3803 3111 air-

2283 3143 2466 3189 tutum.

2280 3243 2482 3302 Merces
2520 3257 2696 3303 autem
2725 3259 3029 3306 sanctorum
3059 3252 3216 3324 longe
3258 3255 3359 3310 alia
3387 3263 3466 3312 est
3495 3259 3657 3314 etiam
3698 3259 3798 3318 hic

2209 3334 2492 3406 opprobria
2523 3342 2896 3398 sustinentium
2921 3360 3017 3414 pro
3037 3346 3249 3403 civitate
3275 3351 3289 3380 ί
3321 3350 3433 3416 Dei,
3461 3368 3579 3422 qua:
3605 3358 3798 3412 mundi

2209 3425 2367 3498 hujus
2391 3429 2735 3488 dilectoribus
2761 3434 2946 3490 odiosa
2972 3447 3075 3492 est.
3121 3438 3212 3493 Illa
3241 3440 3430 3496 civitas
3459 3444 3796 3514 sempiterna

2208 3530 2291 3576 est
2317 3539 2329 3574 :
2360 3523 2431 3576 ibi
2458 3524 2634 3578 nullus
2660 3527 2865 3594 oritur,
2913 3529 3035 3598 quia
3078 3532 3253 3586 nullus
3307 3533 3563 3588 moritur:
3598 3536 3670 3590 ibi
3707 3549 3797 3594 est

2207 3629 2332 3670 vera
2360 3627 2413 3670 et
2439 3617 2595 3686 plena
2623 3618 2870 3688 felicitas,
2899 3639 3004 3678 non
3025 3623 3143 3689 dea,
3175 3625 3269 3680 sed
3294 3626 3493 3681 donum
3516 3628 3607 3683 Dei
3633 3646 3645 3681 :
3668 3630 3799 3686 inde

2205 3705 2326 3762 ﬁdei
2351 3708 2537 3780 pignus
2563 3714 2862 3782 accepimus
2891 3755 2907 3782 ,
2949 3716 3199 3784 quamdiu
3228 3719 3630 3785 peregrinantes
3661 3721 3789 3790 ejus

2206 3803 2586 3872 pulchritudini
2633 3807 2958 3875 SnSpiramus
2996 3825 3009 3860 :
3057 3808 3128 3862 ibi
3158 3823 3266 3861 non
3303 3808 3472 3862 oritur
3506 3811 3584 3864 sol
3624 3826 3794 3882 super

2205 3894 2374 3949 bonos
2400 3906 2451 3949 et
2481 3897 2652 3952 malos
2676 3897 2888 3967 (Matth.
2922 3915 2973 3964 v,
3003 3900 3095 3971 45)
3115 3938 3131 3964 ,
3156 3900 3250 3955 sed
3286 3901 3365 3955 sol
3395 3901 3614 3972 justitia:
3640 3907 3796 3963 solos

2205 3989 2434 4057 protegit
2459 3987 2626 4042 bonos
2652 4006 2665 4041 :
2693 3990 2765 4044 ibi
2813 4007 2918 4044 non
2946 3993 3049 4046 erit
3075 4008 3262 4064 magna
3293 3993 3581 4064 industria,
3617 3997 3798 4055 ditare

2204 4080 2450 4133 a-rarimn
2480 4080 2745 4150 publicum
2765 4083 2985 4151 privatis
3008 4085 3166 4139 rebus
3179 4085 3440 4155 angustis,
3462 4086 3552 4142 ubi
3580 4089 3797 4146 thesau-

2203 4185 2294 4225 rus
2339 4173 2636 4226 communis
2680 4183 2761 4228 est
2802 4175 3060 4231 veritatis.
3105 4176 3340 4234 Proinde
3368 4193 3475 4234 non
3517 4181 3690 4236 solum
3735 4195 3796 4240 ut

2205 4265 2323 4319 talis
2353 4281 2559 4320 merces
2589 4267 2777 4322 talibus
2807 4267 3110 4325 hominibus
3127 4271 3463 4338 redderetur,
3486 4273 3795 4333 Romanum

2204 4358 2485 4428 imperium
2515 4358 2581 4412 ad
2606 4361 3419 4432 humanamgloriamdilatatum
3445 4375 3526 4420 est
3557 4383 3570 4432 ;
3599 4383 3793 4425 verum

2205 4459 2365 4506 etiam
2413 4463 2469 4506 ut
2510 4455 2655 4507 cives
2699 4464 2915 4510 :eternae
2961 4455 3102 4511 illius
3129 4456 3391 4523 civitatis,
3423 4459 3672 4527 quan‘tdiu
3701 4459 3797 4516 hic

2205 4548 2609 4619 peregrinantur
2642 4548 2854 4620 (llCor.
2878 4563 2932 4617 v,
2963 4549 3014 4603 6.
3038 4550 3081 4620 ),
3104 4549 3387 4620 diligenter
3416 4562 3469 4606 et
3495 4552 3673 4607 sobrie
3698 4552 3795 4608 illa

2203 4639 2510 4695 intueantur
2541 4641 2784 4712 exempla
2814 4681 2830 4707 ,
2861 4649 2916 4696 et
2961 4642 3176 4697 videant
3207 4651 3402 4713 quanta
3445 4643 3662 4700 dilectio
3691 4646 3796 4700 de-

2201 4732 2390 4787 beatur
2428 4748 2674 4803 superna:
2713 4734 2899 4802 patriae
2941 4745 3159 4804 propter
3192 4736 3352 4790 vitam
3383 4745 3640 4791 aeternam
3667 4777 3685 4802 ,
3745 4739 3796 4794 si

2204 4833 2407 4880 tantum
2445 4840 2477 4880 a
2523 4826 2635 4879 suis
2689 4825 2896 4882 civibus
2941 4836 3154 4887 terrena
3203 4828 3396 4885 dilecta
3453 4839 3537 4886 est
3563 4838 3797 4900 propter

2202 4921 2478 4978 hominum
2501 4919 2746 4992 gloriam.

2202 5054 2433 5114 CAPUT
2469 5057 2631 5112 XVII.
2663 5085 2738 5097 --
2769 5057 2882 5124 Quo
2912 5059 3081 5127 fructu
3106 5055 3324 5110 Romani
3353 5054 3484 5110 bella
3513 5056 3788 5128 gesserint,

2419 5160 2465 5204 et
2486 5159 2730 5221 quantum
2761 5149 2839 5203 his
2865 5165 2990 5220 quos
3014 5149 3174 5203 uicere
3191 5188 3207 5215 ,
3247 5149 3570 5203 contulerint.

2275 5266 2328 5320 I.
2345 5265 2609 5330 Quantum
2631 5264 2774 5318 enim
2796 5261 3028 5332 pertinet
3044 5259 3110 5316 ad
3129 5260 3265 5316 hanc
3277 5262 3437 5316 vitam
3455 5259 3791 5326 mortalium,

2202 5375 2322 5432 quae
2366 5357 2548 5428 paucis
2587 5354 2776 5410 diebus
2817 5353 3027 5408 ducitur
3068 5363 3123 5409 et
3169 5354 3368 5418 ﬁnitur,
3393 5353 3520 5424 quid
3566 5354 3792 5407 interest

2203 5450 2304 5506 sub
2331 5449 2482 5519 cujus
2510 5447 2734 5517 imperio
2761 5445 2904 5500 vivat
2950 5447 3110 5500 homo
3154 5445 3443 5500 moriturus
3466 5486 3482 5513 ,
3512 5444 3556 5499 si
3583 5443 3656 5498 illi
3688 5447 3784 5514 qui

2205 5545 2467 5613 imperant
2487 5582 2502 5608 ,
2531 5539 2594 5591 ad
2623 5539 2781 5607 impia
2811 5547 2865 5593 et
2900 5537 3076 5608 iniqua
3107 5553 3210 5591 non
3234 5537 3466 5605 cogant?
3511 5537 3615 5590 Aut
3660 5550 3794 5588 vero

2203 5633 2400 5705 aliquid
2427 5641 2723 5688 nocuerunt
2749 5632 2969 5685 lioniaui
2993 5631 3259 5701 gentibus,
3283 5627 3474 5698 quibus
3492 5626 3795 5699 subjugatis

2274 5812 2288 5842 ι
2318 5817 2420 5862 Mss.
2449 5822 2624 5873 magno
2649 5819 2904 5868 consensu,
2931 5819 3017 5870 pro
3041 5803 3250 5855 veritate.
