4064 6540
279 367 390 428 161

285 482 676 550 imposuenmt
698 475 846 546 leges
865 485 990 529 suas
1015 513 1032 538 ,
1074 470 1176 526 nisi
1209 467 1336 541 quia
1365 465 1418 522 id
1449 463 1644 520 factum
1669 469 1752 518 est
1795 462 1878 515 in-

285 573 432 644 genti
475 580 655 639 strage
683 566 990 624 bellorum?
1035 563 1187 632 Quod
1227 561 1272 617 si
1317 557 1652 616 concorditer
1681 553 1872 616 fieret,

287 663 520 732 idipsum
551 661 708 714 ticret
741 649 962 714 meliore
987 669 1268 712 successu:
1297 651 1390 706 sed
1419 649 1558 704 nulla
1585 654 1730 704 esset
1757 645 1874 716 glo-

289 754 372 808 ria
400 751 872 820 triumphantium.
901 747 1082 816 Neque
1098 745 1237 799 enim
1267 751 1320 797 et
1350 739 1576 795 Romani
1594 753 1698 792 non
1729 737 1876 790 vive-

285 845 422 899 bant
447 843 550 897 sub
569 841 778 912 legibus
796 839 928 904 suis,
948 851 1077 908 quas
1097 831 1674 904 ceterisimponebant.
1699 829 1808 882 Hoc
1834 827 1878 882 si

281 939 440 992 ﬁeret
466 937 587 991 sine
609 936 776 988 Marte
801 943 854 988 et
891 932 1105 986 Bellona
1137 931 1152 961 ¹
1183 971 1198 995 ,
1247 936 1306 981 ιιι
1327 941 1424 980 nec
1448 924 1665 980 victoria
1703 921 1876 976 locum

287 1027 534 1092 haberet,
553 1025 772 1080 nemine
785 1024 1038 1078 vincente
1057 1019 1146 1075 ubi
1171 1033 1327 1074 nemo
1342 1021 1682 1086 pugnaverat,
1703 1025 1878 1066 nonne

289 1118 554 1174 Romanis
573 1123 632 1173 ct
653 1115 868 1170 caeteris
883 1113 1130 1184 gentibus
1143 1125 1246 1166 una
1269 1119 1414 1164 esset
1431 1107 1724 1175 eademque
1745 1119 1877 1158 con-

291 1211 426 1266 ditio
441 1209 471 1262 ?
491 1207 792 1278 prmsertim
817 1207 858 1259 si
879 1219 1002 1260 mox
1016 1202 1168 1258 fleret
1183 1243 1196 1266 ,
1229 1199 1368 1272 quod
1384 1207 1564 1268 postea
1579 1195 1878 1267 gratissime

277 1311 448 1370 atque
483 1297 872 1352 humanissime
897 1295 1096 1372 factum
1127 1302 1208 1348 est
1229 1330 1246 1356 ,
1293 1301 1350 1342 ut
1375 1301 1562 1342 omnes
1587 1287 1652 1340 ad
1687 1287 1878 1350 [toma-

287 1405 418 1446 num
489 1389 778 1459 imperium
839 1387 1167 1457 pertinentes
1219 1381 1526 1436 societatem
1577 1377 1879 1446 acciperent

289 1482 522 1537 civitatis
543 1489 602 1534 et
625 1478 856 1533 Romani
879 1478 1022 1532 cives
1043 1484 1222 1532 essent
1242 1491 1256 1538 ;
1275 1489 1336 1528 ac
1363 1473 1439 1526 sic
1461 1477 1604 1526 esset
1617 1471 1876 1534 omnium,

287 1571 430 1640 quod
459 1579 582 1626 erat
599 1579 724 1624 ante
743 1583 1033 1638 paucorum
1059 1583 1072 1620 :
1118 1576 1318 1619 tantum
1353 1605 1366 1630 ,
1395 1565 1534 1632 quod
1565 1563 1712 1632 plebs
1739 1561 1838 1616 illa
1858 1601 1874 1628 ,

295 1677 414 1732 qua:
443 1675 576 1715 suos
597 1674 754 1731 agros
779 1673 883 1712 non
907 1657 1142 1719 haberet,
1174 1655 1242 1710 de
1277 1655 1486 1724 publico
1515 1654 1720 1708 viveret
1745 1672 1760 1706 :
1788 1653 1878 1722 qui

295 1761 486 1823 pastus
541 1749 662 1820 ejus
711 1763 809 1820 per
859 1748 1030 1802 bonos
1071 1745 1528 1800 administratores
1577 1743 1878 1814 reipublicae

289 1843 492 1912 gratius
517 1857 546 1892 a
587 1838 940 1896 concordibus
969 1844 1309 1908 prazstaretur
1335 1873 1352 1902 ,
1404 1848 1560 1904 quam
1591 1833 1746 1889 victis
1781 1849 1878 1888 ex-

287 1943 657 2004 torqueretur.

358 2027 414 2080 9..
443 2025 528 2096 (α)
564 2019 838 2092 Namqnid
867 2019 1070 2074 intersit
1087 2019 1150 2074 ad
1167 2019 1579 2074 incolumitatem
1605 2018 1878 2085 bonosque

293 2131 470 2172 mores
503 2157 520 2178 ,
555 2116 700 2186 ipsas
725 2117 746 2146 ³
773 2123 918 2168 certe
954 2111 1228 2166 hominum
1276 2111 1558 2182 dignitates
1577 2153 1592 2176 ,
1619 2109 1758 2180 quod
1788 2109 1875 2166 alii

297 2211 568 2268 vicerunt,
596 2205 686 2258 alii
715 2205 836 2258 victi
867 2211 992 2258 sunt
1020 2243 1035 2268 ,
1069 2201 1288 2258 omnino
1319 2217 1424 2256 non
1463 2201 1652 2268 video,
1687 2209 1879 2272 printer

287 2297 442 2352 illum
493 2295 684 2366 gloria:
719 2295 966 2348 humana:
1017 2293 1386 2347 inanissimum
1433 2291 1624 2346 fastum
1649 2332 1665 2356 ,
1697 2291 1750 2346 in
1771 2305 1878 2360 quo

295 2394 654 2456 perceperunt
691 2383 998 2439 mercedem
1027 2397 1176 2438 suam
1198 2423 1214 2446 ,
1245 2383 1334 2452 qui
1359 2383 1478 2452 ejus
1505 2382 1702 2452 ingenti
1725 2381 1877 2452 cupi-

295 2479 416 2534 dine
443 2485 742 2541 arserunt,
774 2485 830 2531 et
856 2475 1094 2530 ardentia
1123 2473 1259 2530 bella
1285 2483 1583 2545 gesserunt.
1611 2472 1876 2544 Numquid

293 2569 433 2624 enim
467 2568 686 2622 illorum
717 2568 828 2638 agri
859 2565 1053 2621 tributa
1083 2579 1190 2620 non
1217 2563 1465 2620 solvunt?
1503 2563 1758 2633 numquid
1798 2564 1878 2620 eis

291 2660 414 2716 licet
443 2659 679 2725 discere,
703 2657 844 2727 quod
869 2657 990 2710 aliis
1013 2670 1118 2710 non
1145 2655 1309 2710 licet?
1329 2655 1580 2726 numquid
1609 2669 1712 2708 non
1727 2654 1875 2708 multi

293 2759 574 2806 senatur-es
615 2759 742 2803 sunt
780 2749 833 2802 in
862 2747 980 2802 aliis
1012 2747 1167 2802 terris
1191 2785 1207 2812 ,
1251 2745 1340 2816 qui
1397 2745 1620 2800 Romam
1653 2761 1720 2798 ne
1743 2741 1876 2799 facie

295 2842 507 2912 quidem
543 2850 742 2894 norunt
769 2837 886 2911 (b)?
918 2837 1068 2893 Tolle
1084 2837 1392 2907 jactantiam
1417 2877 1433 2903 ,
1485 2846 1539 2890 ct
1567 2851 1752 2890 omnes
1777 2837 1872 2888 ho-

297 2933 465 2986 mines
491 2930 622 3000 quid
673 2938 798 2984 sunt
837 2927 937 2983 nisi
965 2928 1211 2983 homines
1237 2927 1261 2980 ?
1309 2925 1460 2994 Quod
1483 2927 1526 2980 si
1555 2925 1876 2996 perversitas

271 3023 476 3078 saeculi
497 3021 810 3077 admitteret
833 3062 850 3087 ,
883 3030 939 3074 ut
963 3019 1330 3074 honoratiores
1349 3028 1524 3072 essent
1549 3018 1741 3086 quique
1766 3033 1876 3070 me-

297 3112 454 3168 liores
474 3129 491 3178 ;
515 3127 616 3166 nec
641 3110 718 3166 sic
740 3125 836 3180 pro
861 3123 1054 3179 magno
1071 3109 1252 3164 haberi
1281 3107 1464 3162 debuit
1496 3109 1666 3162 honor
1689 3105 1875 3160 huma-

297 3219 396 3258 nus
428 3245 444 3269 ,
473 3203 600 3273 quia
649 3202 846 3258 nullius
871 3211 952 3256 est
999 3200 1248 3270 ponderis
1277 3199 1474 3253 fumus.
1509 3199 1616 3256 Sed
1659 3209 1872 3252 utamur

295 3295 455 3350 etiam
484 3293 542 3347 in
575 3292 660 3347 his
681 3292 839 3346 rebus
865 3291 1125 3347 beneficio
1157 3291 1367 3344 Domini
1395 3289 1486 3344 Dei
1514 3289 1680 3344 nostri
1705 3305 1717 3341 :
1747 3303 1876 3342 con-

293 3384 598 3439 sideremus
637 3393 834 3452 quanta
877 3377 1322 3451 contempserint,
1367 3396 1484 3450 qua:
1525 3379 1870 3450 pertulerint,

295 3491 430 3545 quas
459 3475 785 3543 cupiditates
815 3474 1116 3542 subcgerint
1157 3487 1254 3542 pro
1291 3471 1516 3526 humana
1545 3471 1709 3540 gloria
1739 3511 1754 3532 ,
1783 3470 1871 3540 qui

297 3579 418 3620 eam
455 3575 710 3633 tanquam
743 3564 1044 3618 mercedem
1101 3563 1284 3618 talium
1330 3563 1582 3616 virtutum
1633 3561 1874 3630 accipere

297 3665 608 3712 meruerunt
633 3675 650 3712 :
693 3665 750 3712 et
771 3657 948 3711 valeat
975 3655 1130 3710 nobis
1167 3654 1329 3708 etiam
1357 3653 1458 3708 hoc
1483 3652 1546 3706 ad
1573 3652 1876 3721 opprimen-

273 3750 418 3806 dam
455 3749 798 3820 superbiam;
841 3757 902 3802 ut
943 3763 1064 3804 eum
1109 3747 1194 3800 illa
1220 3747 1406 3802 civitas
1438 3785 1454 3810 ,
1508 3746 1560 3800 in
1589 3759 1694 3815 qua
1715 3744 1866 3798 nobis

295 3855 525 3911 regnare
553 3840 877 3910 promissum
904 3847 1004 3904 est,
1038 3849 1240 3894 tantum
1264 3837 1330 3890 ab
1355 3836 1453 3892 hac
1479 3836 1678 3902 distet,
1705 3850 1875 3906 quan-

295 3939 406 3986 tum
445 3931 611 3986 distat
647 3931 842 3985 cmium
873 3945 901 3982 a
931 3941 1070 3984 terra
1103 3969 1119 3994 ,
1163 3945 1192 3982 a
1247 3929 1522 3999 temporali
1559 3927 1740 3982 laetitia
1768 3928 1872 3984 vita

294 4030 518 4087 aeterna,
547 4021 616 4076 ab
641 4020 886 4075 inanibus
913 4019 1156 4074 laudibus
1185 4019 1354 4074 solida
1385 4019 1554 4088 gloria
1579 4059 1596 4084 ,
1632 4033 1662 4074 a
1691 4020 1869 4074 socie-

295 4117 402 4166 tate
421 4111 728 4166 mortalium
753 4110 980 4166 societas
1008 4110 1356 4180 Angelorum,
1383 4125 1412 4162 a
1441 4109 1642 4165 lumine
1661 4109 1797 4182 solis
1821 4117 1876 4166 et

293 4200 430 4256 lunai
455 4202 638 4257 lumen
663 4201 780 4271 ejus
803 4201 893 4270 qui
921 4201 1046 4256 fecit
1071 4200 1240 4256 solem
1267 4209 1322 4254 et
1351 4201 1530 4254 lunam
1556 4239 1571 4266 ,
1603 4199 1738 4254 nihil
1769 4201 1872 4256 sibi

293 4306 544 4362 magnum
575 4291 766 4346 fecisse
793 4291 1070 4346 videantur
1097 4297 1258 4346 tanta:
1289 4291 1475 4360 patria:
1511 4291 1674 4356 cives,
1704 4291 1746 4348 si
1775 4306 1874 4361 pro

291 4381 383 4438 illa
407 4383 758 4454 adipiscenda
787 4382 1010 4440 fecerint
1037 4383 1162 4438 boni
1191 4382 1372 4454 operis
1397 4382 1616 4453 aliquid,
1639 4383 1724 4438 vel
1739 4383 1874 4438 mala

290 4474 468 4544 aliqua
518 4475 912 4540 sustinuerint;
965 4491 1086 4530 cum
1125 4475 1200 4530 illi
1249 4490 1346 4546 pro
1385 4474 1488 4530 hac
1527 4484 1738 4530 terrena
1763 4477 1872 4546 jam

289 4564 486 4636 adepta
519 4575 666 4621 tanta
687 4565 946 4633 fecerint,
973 4575 1114 4621 tanta
1145 4566 1384 4638 perpessi
1413 4566 1540 4620 sint.
1569 4567 1870 4621 Praesertim

289 4659 412 4726 quia
433 4658 686 4712 remissio
714 4667 1071 4728 peccatorum,
1098 4673 1216 4728 qua:
1237 4658 1382 4712 cives
1397 4656 1462 4710 ad
1480 4665 1734 4712 :eternam
1761 4656 1874 4712 col-

287 4747 400 4817 ligit
423 4740 854 4817 patriam,'habct
871 4749 1089 4818 aliquid,
1113 4749 1195 4802 cui
1215 4763 1312 4818 per
1325 4747 1570 4803 umbram
1593 4749 1872 4818 quamdam

285 4837 466 4893 simile
505 4837 608 4892 fuit
643 4838 848 4908 asylum
877 4839 1004 4894 illud
1031 4839 1349 4895 Romuleum
1375 4879 1390 4906 ,
1441 4855 1547 4908 quo
1577 4839 1870 4893 multitudi-

286 4945 410 4984 nem
433 4972 450 4996 ,
483 4945 584 5000 qua
615 4930 704 4984 illa
745 4932 930 4984 civitas
955 4931 1272 4987 conderetur
1293 4973 1310 4999 ,
1341 4930 1700 5002 quorumlibet
1738 4931 1872 4985 deli-

285 5031 500 5076 ctorum
518 5023 860 5092 congregavit
878 5023 1181 5092 impunitas.

349 5253 366 5284 ι
391 5251 470 5316 sic
486 5251 654 5316 verius
673 5255 864 5316 t.ov._et
885 5257 988 5316 Mss.
1016 5257 1070 5300 At
1109 5249 1242 5316 \jind.
1281 5257 1382 5316 Ain.
1406 5256 1522 5316 Er.__:
1561 5256 1671 5316 (fac.
1693 5245 1876 5312 stt/ﬁre-

281 5319 356 5363 ret
391 5310 710 5376 reipublicae,
745 5311 840 5360 nisi
867 5311 980 5376 quia
999 5311 1144 5376 Marti
1159 5317 1204 5361 et
1233 5311 1436 5362 Bellona:
1453 5307 1748 5376 displicebat.

347 5377 372 5407 ³
405 5371 543 5434 editi,
579 5381 630 5425 et
667 5371 814 5436 ipsas.
853 5371 1248 5436 t-‘prtmgendutn,
1285 5381 1348 5430 et,
1389 5371 1517 5436 quod
1553 5371 1693 5436 abest
1723 5383 1754 5436 a‘
1773 5381 1874 5418 ma-

281 5432 546 5498 nuscriptis
569 5449 584 5485 :
611 5443 664 5484 ut
687 5432 870 5485 Sensus
889 5432 970 5496 sit,
993 5432 1142 5485 bonos
1165 5449 1327 5484 morus
1347 5432 1460 5483 esse
1482 5434 1608 5495 ipsas
1631 5432 1874 5480 hominum

281 5499 568 5559 dignitates.

374 5560 428 5620 (ι)
454 5561 535 5608 llic
557 5559 729 5620 incipit
751 5564 892 5620 caput
921 5559 975 5620 l7
994 5559 1038 5606 in
1063 5565 1168 5606 Mss.

375 5619 426 5682 ὁ)
451 5621 648 5682 ponatis
661 5619 860 5669 Civitate
883 5619 1045 5668 multis
1065 5619 1470 5682 gentibus.etiam
1494 5619 1542 5666 in
1565 5623 1784 5664 senatum
1810 5627 1872 5682 ea

285 5677 387 5732 illis
407 5677 598 5745 'plurcs
619 5689 734 5732 sunt
758 5682 998 5745 adscripti,
1044 5677 1338 5745 tuleruntque
1348 5687 1639 5745 senatores,
1685 5677 1871 5724 tametsi

287 5741 482 5794 ltomain
503 5756 752 5806 nunquam
775 5741 1040 5802 venisSent,
1067 5751 1118 5792 ut
1146 5741 1278 5802 cives
1299 5741 1394 5802 alii,
1419 5743 1500 5802 qui
1543 5747 1731 5788 Romam
1757 5750 1870 5786 nun-

287 5803 701 5868 quamviderubt.
735 5811 845 5856 Lux).
873 5812 1024 5857 Vitas.

1635 349 1836 409 LIBER
1871 345 2184 418 QUINTUS.

1985 457 2210 515 CAPUT
2239 457 2430 514 XVIII.
2454 487 2524 500 —
2543 458 2706 523 Quam
2721 457 2874 513 alieni
2899 473 2934 511 a
2951 457 3202 528 jactantia
3221 473 3326 512 esse
3345 457 3560 514 debeant

2051 549 2362 617 Christiani,
2410 551 2454 604 si
2471 551 2666 618 aliquid
2700 549 2908 620 fecerint
2945 565 3038 620 pro
3075 549 3340 604 dilectione
3357 559 3560 606 cetch

2051 643 2250 714 patric,
2273 659 2388 696 cum
2405 651 2548 696 tanta
2571 641 2792 696 Romani
2817 641 3060 712 gesserint
3081 655 3174 709 pro
3193 640 3416 695 humana
3435 639 3555 712 glo-

2053 731 2132 785 ria
2157 741 2204 785 et
2227 733 2425 786 civitate
2449 741 2670 785 terrena.
3541 767 3556 794 η

2051 844 2106 898 l.
2137 843 2270 911 Quid
2299 857 2425 913 ergo
2469 857 2717 913 magnum
2757 850 2839 898 est
2863 857 2961 913 pro
2985 842 3072 898 illa
3091 850 3288 898 aeterna
3317 841 3558 900 caelesti-

1980 947 2082 1002 que
2127 934 2315 1002 patria,
2361 941 2548 986 cuncta
2597 931 2774 988 saeculi
2815 931 2972 1002 hujus
3001 933 3289 1004 quamlibet
3320 931 3558 1003 jucunda

1979 1021 2340 1076 blandimenta
2365 1035 2710 1077 contemnere
2731 1064 2746 1090 ,
2771 1023 2814 1076 si
2845 1037 2940 1092 pro
2961 1021 3062 1077 hac
3081 1024 3360 1094 temporali
3380 1033 3546 1095 atque

1979 1123 2188 1168 terrena
2210 1113 2347 1166 filios
2363 1113 2556 1168 Brutus
2576 1114 2809 1183 potnith
2833 1105 3076 1168 occidere
3091 1114 3194 1184 (a),
3211 1115 3352 1186 quod
3373 1115 3458 1170 illa
3477 1114 3556 1172 fa-

1979 1219 2101 1258 cere
2131 1205 2398 1260 neminem
2421 1203 2606 1274 cogit?
2644 1204 2750 1260 Sed
2797 1215 2944 1259 certe
2977 1199 3254 1260 difﬁcilius
3285 1213 3368 1262 est
3410 1206 3552 1262 filios

1979 1294 2304 1362 interimere,
2324 1309 2482 1364 quam
2503 1293 2641 1364 quod
2657 1309 2752 1364 pro
2775 1293 2872 1349 ista
2895 1293 3193 1350 faciendum
3211 1303 3311 1360 est,
3344 1289 3406 1352 ea
3431 1311 3554 1368 quin

1981 1385 2106 1440 filiis
2147 1387 2516 1457 congreganda
2567 1385 2886 1441 videbantur
2929 1395 3087 1456 atque
3133 1388 3390 1442 servanda
3419 1429 3435 1454 ,
3463 1387 3551 1445 vel

1979 1473 2182 1530 donare
2215 1477 2536 1546 pauperibus
2566 1517 2580 1540 ,
2607 1476 2692 1532 vel
2717 1517 2730 1540 ,
2771 1475 2814 1530 si
2857 1477 3050 1532 existat
3077 1478 3300 1530 tentatio
3333 1493 3452 1548 qua:
3498 1477 3555 1534 id

1979 1583 2078 1635 pro
2109 1567 2211 1622 fide
2233 1577 2394 1639 atque
2415 1569 2616 1638 justitia
2645 1569 2760 1622 fieri
2787 1567 3070 1637 compellat
3088 1609 3102 1633 ,
3132 1569 3392 1623 amittere.
3417 1567 3556 1624 Feli-

1979 1657 2106 1713 lices
2129 1659 2268 1712 enim
2311 1659 2390 1713 vel
2427 1673 2524 1713 nos
2561 1659 2642 1712 vel
2677 1657 2811 1712 filios
2839 1666 3052 1712 nostros
3082 1673 3186 1712 non
3214 1657 3416 1712 divitia:
3443 1666 3555 1714 ter-

1979 1764 2126 1804 rena:
2151 1749 2350 1804 faciunt
2375 1789 2390 1814 ,
2417 1759 2508 1804 aut
2535 1749 2690 1804 nobis
2720 1749 3016 1804 viventibus
3046 1748 3351 1804 amittenda:
3376 1790 3391 1814 ,
3422 1757 3552 1814 aut,

1979 1840 2133 1896 nobis
2165 1843 2410 1908 mortuis,
2443 1855 2471 1895 a
2501 1842 2696 1911 quibus
2711 1843 2998 1907 nescimus,
3025 1841 3108 1896 vel
3135 1839 3274 1896 forte
3301 1857 3330 1896 a
3358 1841 3552 1911 quibus

1977 1931 2246 1998 nolumus,
2279 1931 2614 2000 possidenda:
2644 1949 2658 1984 :
2687 1933 2778 1985 sed
2811 1931 2950 1986 Deus
2981 1931 3160 1986 felices
3189 1932 3330 1999 facit,
3361 1933 3449 2002 qui
3469 1939 3578 1990 est.-

1977 2025 2233 2078 mentium
2265 2037 2388 2078 vera
2415 2023 2709 2094 opulentia.
2735 2023 2898 2077 Bruto
2918 2031 3114 2090 autent,
3145 2023 3269 2094 quia
3298 2023 3436 2080 filios
3460 2037 3554 2080 oc-

1979 2115 2108 2169 cidit
2142 2157 2155 2180 ,
2202 2115 2524 2170 infelicitatis
2553 2115 2796 2185 perhibet
2824 2115 3184 2171 testimonium
3206 2117 3364 2174 etiam
3393 2123 3552 2188 poeta

1977 2207 2242 2262 laudator.
2269 2209 2357 2262 Ait
2383 2207 2558 2262 enim:

2129 2325 2365 2382 Natosque
2387 2325 2524 2382 pater
2543 2315 2806 2382 novabclla
2821 2323 3078 2382 moventes

2037 2380 2104 2430 Ad
2129 2378 2318 2440 timeam
2341 2379 2532 2440 luicht'a
2554 2392 2642 2440 pro
2665 2378 2890 2426 libertate
2915 2380 3120 2436 vocabit,

2037 2439 2226 2502 Infelix,
2253 2439 2514 2504 utcumque
2539 2439 2701 2490 ferent.
2730 2451 2790 2488 ea
2807 2439 2926 2488 facta
2949 2441 3160 2490 minores

1977 2546 2082 2602 Sed
2113 2561 2268 2602 versu
2299 2546 2544 2616 sequenti
2581 2545 2884 2600 consolatus
2911 2555 2992 2600 est
3021 2545 3284 2602 infelicem

2038 2677 2189 2729 vincit
2202 2689 2334 2727 amor
2357 2677 2522 2748 patrita
2539 2675 3302 2748 laudumquenimmens‘ancqgigo:

2467 2737 2488 2800 (
2511 2737 2696 2790 Λῐηεὶά.
2721 2737 2803 2788 lib.
2827 2737 2878 2794 6.
2893 2749 3014 2788 vers.
3038 2737 3300 2800 820-823.)

1977 2865 2099 2920 llmc
2125 2873 2248 2921 sunt
2271 2863 2378 2917 duo
2408 2863 2514 2928 illa,
2543 2861 2764 2918 libertas
2796 2870 2852 2918 et
2876 2863 3138 2932 cupiditas
3161 2861 3334 2932 laudis
3361 2861 3548 2918 buma-

1975 2971 2088 3020 nze,
2122 2970 2238 3024 qum
2259 2953 2323 3008 ad
2355 2953 2488 3008 facta
2517 2952 2826 3022 compulere
2849 2951 2866 2983 ¹
2900 2936 3136 3006 miranda
3175 2951 3465 3008 Romanos.
3491 2951 3550 3010 Si

1975 3063 2102 3116 ergo
2131 3061 2227 3115 pro
2247 3045 2490 3100 libertate
2521 3043 2900 3098 moriturorum
2923 3051 2976 3097 et
2995 3043 3282 3111 cupiditate
3311 3043 3548 3112 laudum,

1973 3151 2092 3206 quae
2113 3151 2140 3188 a
2169 3135 2482 3189 mortalibus
2507 3143 2828 3203 expetuntur
2855 3173 2872 3200 ,
2904 3133 3076 3187 occidi
3097 3133 3182 3186 filii
3212 3149 3242 3187 a
3271 3141 3420 3203 patre
3448 3149 3548 3204 po-

1977 3235 2228 3292 tuerunt;
2267 3227 2388 3296 quiti
2422 3239 2667 3296 magnum
2700 3235 2814 3289 est,
2865 3225 2908 3278 si
2962 3241 3058 3294 pro
3099 3241 3222 3282 vt-ra
3253 3226 3502 3282 libertate
3532 3268 3550 3294 ,

1973 3333 2092 3388 quac
2119 3331 2216 3371 nos
2247 3317 2312 3370 ah
2345 3315 2632 3385 iniquitatis
2662 3323 2715 3369 et
2741 3314 2926 3368 mortis
2951 3323 3005 3368 et
3044 3313 3244 3368 diaboli
3275 3315 3552 3370 dominatu

1973 3409 2172 3463 liberos
2203 3408 2345 3472 facit,
2375 3422 2470 3460 nec
2497 3405 2784 3475 cupiditate
2811 3405 3159 3456 humanarum
3191 3405 3426 3468 laudum,
3456 3403 3552 3460 sed

1973 3499 2231 3554 charitate
2265 3495 2659 3552 liberandorum
2695 3493 2966 3548 homimnn
2995 3533 3008 3556 ,
3039 3509 3143 3546 non
3186 3507 3214 3546 a
3261 3493 3552 3563 Tarquinio

1973 3605 2129 3660 rege,
2161 3589 2252 3642 sed
2275 3605 2302 3641 a
2326 3585 2657 3642 daemonibus
2685 3595 2740 3640 et
2783 3583 3084 3637 dmmonum
3119 3583 3390 3652 principe,
3441 3599 3550 3640 non

1975 3683 2066 3736 lilii
2089 3681 2424 3746 occiduntur,
2459 3678 2554 3734 sed
2571 3675 2764 3732 Christi
2791 3689 3052 3746 pauperes
3071 3675 3210 3731 inter
3233 3675 3380 3731 filios
3407 3691 3555 3732 cont-

1973 3779 2226 3842 putanlur
2241 3771 2266 3822 ?

2041 3863 2095 3916 2.
2127 3861 2184 3916 Si
2227 3859 2364 3914 alius
2411 3858 2570 3912 etiam
2613 3857 2883 3910 Romanus
2911 3853 3199 3924 princeps,
3238 3855 3555 3925 cognomine

1975 3955 2312 4023 Torquatus,
2367 3951 2574 4015 lilium,
2625 3963 2730 4002 non
2773 3947 2894 4017 quia
2941 3955 3124 4000 contra
3171 3945 3414 4015 patriam,
3456 3945 3554 4002 sed

1972 4049 2131 4103 etiam
2163 4059 2257 4115 pro
2281 4043 2476 4115 patria,
2505 4049 2680 4094 tamen
2703 4039 2822 4110 quia
2851 4047 3037 4092 contra
3065 4037 3345 4106 imperium
3369 4051 3550 4106 suum,

1975 4139 2026 4193 id
2060 4145 2142 4193 est
2169 4146 2351 4191 contra
2383 4131 2526 4202 quod
2555 4133 2914 4202 imperaverat
2943 4138 3093 4200 pater
3120 4129 3411 4200 imperator
3432 4171 3446 4194 ,
3482 4129 3550 4186 ab

1975 4231 2128 4285 hoste
2167 4235 2482 4298 provocatus
2508 4223 2728 4294 juvenili
2765 4221 2960 4276 ardore
3007 4229 3331 4290 pugnaverat
3361 4261 3378 4286 ,
3429 4220 3556 4276 licet

1973 4323 2208 4387 vicisset,
2241 4317 2436 4373 occidit
2466 4334 2481 4382 ;
2527 4331 2596 4372 ne
2621 4315 2741 4386 plus
2771 4314 2893 4368 mali
2919 4321 3061 4368 esset
3091 4314 3141 4366 in
3175 4313 3422 4382 exemplo
3453 4311 3556 4366 im-

1915 4455 1920 4460 .
1973 4414 2108 4485 perii
2130 4409 2437 4479 contempti,
2471 4421 2626 4478 quam
2651 4404 2775 4461 boni
2802 4403 2854 4459 in
2877 4401 3041 4474 gloria
3071 4401 3238 4457 hostis
3259 4401 3419 4457 occisi
3451 4401 3552 4475 (b):

1975 4503 2156 4576 utquid
2191 4517 2250 4558 se
2286 4502 2486 4573 jactent
2509 4541 2524 4565 ,
2555 4499 2642 4568 qui
2673 4511 2770 4566 pro
2799 4495 3116 4550 immortalis
3135 4495 3318 4562 patria:
3347 4493 3554 4563 legibus

1974 4596 2170 4662 omnia,
2194 4609 2310 4664 qua:
2335 4591 2500 4646 multo
2527 4589 2701 4642 minus
2724 4599 2879 4655 quam
2917 4585 3008 4638 lilii
3035 4583 3329 4654 diliguntur
3353 4623 3367 4648 ,
3397 4583 3541 4638 bona

1975 4699 2181 4746 terrena
2201 4680 2654 4741 contemnunt?Si
2689 4678 2880 4733 Furius
2908 4675 3164 4730 Camillus
3193 4677 3350 4730 etiam
3377 4675 3558 4746 ingra-

1973 4791 2082 4836 tam
2104 4777 2349 4848 patriam,
2373 4789 2401 4828 a
2423 4773 2576 4844 cujus
2603 4769 2900 4825 cervicibus
2926 4768 3303 4820 acerrimorum
3321 4765 3554 4820 hostium

1975 4869 2272 4926 Veientium
2299 4865 2482 4935 jugum
2513 4861 2810 4931 depulerat,
2839 4858 3230 4927 damnatusque
3253 4855 3318 4909 ab
3345 4857 3554 4912 tumulis

1975 4961 2146 5016 fuerat
2173 5000 2188 5024 ,
2221 4975 2250 5013 a
2277 4957 2441 5014 Gallis
2467 4956 2658 5010 iterum
2687 4950 2934 5006 liberavit
2975 4991 2990 5016 ,
3021 4950 3142 5019 quia
3175 4963 3278 5002 non
3309 4945 3540 5002 habebat

1977 5055 2236 5124 potiorem
2283 5051 2372 5106 ubi
2417 5057 2596 5119 posset
2624 5046 2820 5124 vivere
2848 5043 3112 5114 gloriosus
3133 5041 3154 5072 ²
3177 5038 3286 5112 (c):
3320 5053 3416 5092 cur
3457 5054 3558 5094 ex-

1979 5121 2202 5201 tollatur
2227 5146 2372 5198 velut
2398 5140 2596 5214 grande
2621 5121 2820 5208 aliquid
2847 5135 3064 5197 fecerit,
3095 5132 3184 5202 qui
3215 5129 3352 5186 forte
3379 5131 3434 5186 in
3457 5131 3560 5190 Ec-

1974 5240 2133 5296 clesia
2160 5237 2226 5292 ab
2254 5236 2482 5290 inimicis
2519 5231 2821 5288 carnalibus
2846 5225 3210 5298 gravissimam
3253 5223 3556 5282 exhonora-

1977 5329 2136 5386 tionis
2151 5343 2336 5400 passus
2357 5325 2630 5396 injuriam,
2661 5338 2766 5378 non
2782 5333 2838 5376 se
2857 5317 2926 5374 ad
2951 5316 3066 5390 ejus
3079 5315 3260 5374 hostes
3275 5317 3557 5376 haereticos

2040 5550 2056 5580 ί
2089 5543 2310 5608 Gallicani
2322 5553 2507 5608 omnes
2529 5549 2663 5608 tts_s.,'
2677 5533 2918 5608 cqmpulit.

2038 5612 2058 5641 ²
2093 5607 2198 5657 Sola
2221 5605 2368 5655 editio
2391 5609 2519 5658 l.ov.,
2541 5600 2807 5662 gloriosius.

2039 5669 2112 5732 (α)
2141 5675 2300 5732 a‘arrat
2319 5667 2490 5722 Livius,
2517 5659 2800 5732 lil3:_2,-cap.
2825 5659 2872 5732 δε

2041 5719 2114 5792 ἰώ
2139 5727 2308 5792 Confer
2331 5719 2548 5792 supra-ad
2567 5722 2634 5792 lib
2675 5723 2722 5782 1,
2738 5719 2845 5792 cap.

2049 5779 2118 5856 '(r)
2145 5791 2258 5842 vide
2277 5779 2438 5851 supra,
2461 5785 2544 5836 lib.
2569 5783 2619 5847 2,
2637 5779 2740 5848 cap.
2769 5779 2854 5847 l7;
2882 5789 2932 5834 et
2945 5779 3030 5831 lib.
3057 5779 3105 5842 4,
3128 5789 3232 5842 cap.
3253 5779 3298 5829 7.
