4064 6540
495 453 806 521 transuit,
845 449 1212 522 ωηιξη-ι
1247 441 1620 504 anillam
1659 444 1782 516 ipse
1823 443 2071 501 heresim

491 547 768 612 condidit,
796 545 892 602 sed
921 559 1038 600 eam
1075 541 1256 612 potius
1284 546 1546 611 quantum
1571 536 1742 592 valuit
1761 537 1834 593 ab
1855 527 2074 592 inrati-

493 653 680 699 corum
714 633 1164 708 perniciosissima
1192 630 1452 702 pravitate
1472 630 1487 660 ¹
1517 626 1792 693 defendit;
1820 642 1946 683 eum
1972 627 2083 682 alia.

495 750 601 790 non
634 732 724 798 sit,
757 743 864 788 non
892 728 980 783 ubi
1002 728 1212 781 vivatur
1240 725 1292 779 in
1324 722 1600 778 hominum
1626 721 1794 792 gloria
1815 761 1832 788 ,
1862 719 1958 776 sed
1987 718 2077 774 ubi

491 827 601 884 vita
626 823 931 894 acquiratur
943 818 1170 876 aeterna?
1186 818 1242 874 Si
1269 816 1472 873 Mucius
1496 812 1595 887 (α),
1619 823 1678 869 ιιι
1703 828 1822 868 cum
1851 813 2081 868 Porsen-

493 931 564 976 na
610 930 738 985 rege
785 928 886 985 pax
915 911 1106 976 ﬁeret,
1147 910 1237 980 qui
1280 908 1604 979 gravissimo
1635 905 1776 962 bello
1805 906 2078 960 Romanos

497 1005 812 1076 premebat,
846 1001 972 1072 quia
1017 1000 1344 1056 Porsennam
1373 997 1546 1068 ipsum
1577 993 1822 1050 occidere
1848 1009 1956 1049 non
1980 1008 2079 1064 po-

496 1095 618 1160 tuit,
647 1104 702 1149 et
724 1107 820 1163 pro
847 1106 913 1149 eo
940 1091 1165 1146 alterum
1191 1089 1449 1160 deceptus
1477 1086 1692 1152 occidit,
1722 1087 1776 1141 in
1803 1085 2080 1141 ardentem

494 1200 643 1246 oratu
670 1192 798 1240 ante
815 1183 1000 1240 oculos
1024 1182 1141 1252 ejus
1163 1181 1439 1238 dexteram
1455 1177 1714 1246 extendit,
1736 1178 1919 1235 dicens
1940 1177 2082 1232 mul-

495 1283 582 1332 tos
613 1275 767 1341 tales,
795 1273 1008 1344 qualem
1038 1271 1187 1326 illum
1213 1270 1441 1336 videret,
1471 1269 1522 1324 in
1558 1267 1676 1339 ejus
1707 1267 1929 1322 exitium
1959 1281 2081 1322 con-

496 1365 712 1438 jurasse
747 1383 764 1432 ;
812 1366 967 1435 cujus
1015 1365 1106 1421 ille
1144 1361 1509 1419 fortitudinem
1555 1371 1610 1417 et
1654 1360 2080 1430 conjurationem

495 1458 681 1518 tilium
707 1456 1121 1528 perhorrescens
1149 1496 1166 1522 ,
1207 1455 1326 1509 sine
1356 1454 1460 1510 ulla
1485 1453 1741 1508 dilatione
1767 1453 1788 1484 ⁸
1809 1467 1868 1507 se
1895 1451 1968 1506 ab
1990 1451 2081 1506 illo

491 1549 638 1606 bello
660 1547 796 1604 facta
820 1564 951 1620 pace
975 1548 1303 1618 compescuit
1327 1565 1341 1600 :
1367 1545 1486 1616 quis
1514 1559 1678 1615 regno
1706 1545 1966 1600 ctelorum
1991 1545 2086 1599 im-

495 1650 778 1712 putaturus
799 1649 887 1697 est
915 1641 1105 1696 merita
1134 1655 1229 1696 sua
1254 1680 1270 1704 ,
1301 1638 1345 1694 si
1375 1653 1472 1708 pro
1503 1637 1593 1692 illo
1619 1651 1726 1692 non
1762 1652 1924 1691 unam
1958 1651 2075 1696 nia-,-

494 1751 624 1794 num
651 1775 668 1803 ,
698 1749 872 1806 neque
900 1734 1004 1790 hoc
1028 1733 1126 1789 sibi
1155 1733 1294 1788 ultro
1335 1730 1533 1786 faciens
1556 1772 1572 1796 ,
1604 1729 1697 1785 sed
1727 1739 2082 1800 persequente

499 1827 686 1898 aliquo
711 1827 938 1896 patiens,
968 1834 1133 1880 totum
1159 1822 1388 1877 ﬂantmis
1419 1834 1612 1892 corpus
1638 1819 1997 1892 impenderit?
2023 1818 2080 1875 Si

496 1915 714 1973 Curtius
751 1923 988 1972 armatus
1025 1928 1166 1984 equo
1209 1913 1423 1969 concito
1458 1913 1514 1967 in
1553 1911 1839 1980 abruptum
1876 1909 2080 1966 hiatum

497 2014 659 2063 terr-te
685 2020 746 2063 se
769 2005 1097 2077 praecipitem
1122 2004 1309 2070 dedit,
1341 2003 1566 2062 deorum
1598 2017 1818 2056 suorum
1848 2003 2081 2060 oraculis

499 2096 764 2165 lcrviens,
795 2097 1047 2167 quoniam
1072 2097 1346 2166 jusserant
1375 2103 1438 2149 ut
1462 2093 1590 2148 illuc
1618 2091 1693 2157 id,
1715 2092 1858 2162 quod
1888 2091 2081 2147 Roma-

496 2187 552 2242 ni
578 2186 834 2243 haberent
855 2177 1134 2256 optimum,
1162 2185 1484 2251 mitteretur,
1511 2197 1612 2238 nec
1625 2182 1767 2238 aliud
1787 2181 2081 2250 intelligere

497 2287 977 2348 potuerunt,quam
1003 2277 1130 2332 viris
1154 2275 1423 2346 armisque
1446 2290 1508 2331 se
1531 2274 1821 2341 excellere,
1845 2272 1985 2328 unde
1997 2272 2080 2326 vi-

488 2368 975 2438 delicetoportebat
995 2377 1051 2422 ut
1063 2366 1286 2422 deorum
1301 2366 1464 2436 jussis
1480 2366 1534 2420 in
1553 2366 1701 2420 illum
1715 2365 1985 2420 interitum
2000 2364 2080 2419 vir

491 2462 914 2533 prtecipitaretur
947 2470 1182 2514 armatus
1212 2457 1284 2529 (ὁ)
1329 2474 1343 2510 :
1397 2457 1523 2528 quid
1568 2472 1628 2512 se
1678 2471 1927 2527 magnum
1982 2470 2079 2526 pro

491 2561 691 2608 acterna
708 2553 873 2622 patria
892 2550 1083 2606 fecisse
1096 2549 1335 2604 dicturus
1352 2557 1452 2613 est,
1473 2547 1560 2618 qui
1574 2548 1800 2617 aliquem
1828 2546 1947 2601 ﬁdei
1966 2561 2079 2602 sua:

488 2658 679 2714 passus
708 2643 978 2698 inimicum
1005 2683 1020 2706 ,
1048 2655 1153 2696 non
1184 2655 1242 2695 se
1268 2640 1406 2695 ultro
1432 2639 1483 2693 in
1512 2640 1668 2693 talem
1702 2648 1927 2694 mortem
1957 2639 2080 2694 mit-

488 2742 629 2799 tens,
660 2733 753 2788 sed
778 2733 844 2788 ab
871 2733 961 2788 illo
991 2732 1185 2788 missus
1213 2731 1444 2796 obicrit;
1473 2729 1899 2801 quandoquidem
1921 2745 1950 2782 a
1976 2729 2079 2783 Do-

487 2826 636 2882 mino
662 2841 760 2880 suo
803 2825 1098 2896 eodemque
1123 2839 1251 2894 rege
1289 2823 1472 2893 patria:
1516 2837 1626 2876 sua:
1654 2821 1854 2876 certius
1883 2834 2074 2875 oracu-

486 2915 600 2971 lum
643 2914 884 2986 accepit,
920 2913 1095 2968 Nolite
1122 2913 1294 2967 timere
1323 2929 1406 2968 eos
1442 2911 1530 2980 qui
1572 2927 1755 2981 corpus
1797 2909 2032 2964 occidunt
2058 2952 2073 2978 ,

485 3006 708 3080 animam
733 3016 899 3058 autent
930 3021 1030 3060 non
1072 3012 1282 3074 possunt
1325 3003 1551 3057 occidere
1580 3001 1790 3070 (Matth.
1822 3018 1853 3056 x
1879 3043 1894 3066 ,
1941 2999 2078 3072 28)?

488 3096 544 3152 Si
584 3111 646 3152 se
690 3094 1010 3150 occidendos
1039 3094 1200 3150 certis
1244 3091 1422 3149 verbis
1451 3091 1841 3162 quodammodo
1883 3107 2076 3147 consc-

486 3197 699 3244 crantes
729 3188 873 3243 Decii
902 3187 1230 3242 devoverunt
1253 3227 1268 3252 ,
1300 3194 1357 3239 ut
1386 3186 1489 3241 illis
1518 3183 1830 3240 cadentibus
1859 3193 1915 3238 et
1945 3184 2076 3238 iram

489 3281 712 3337 deorum
735 3281 1010 3358 sanguine
1038 3295 1136 3336 suo
1167 3280 1493 3350 placautibus
1522 3279 1794 3333 Romanus
1823 3277 2080 3332 liberare-

491 3383 578 3427 tur
600 3373 865 3428 exercitus
893 3370 961 3444 (c)
981 3389 995 3436 ;
1016 3371 1162 3426 nullo
1188 3371 1347 3425 modo
1375 3369 1682 3438 superbieut
1700 3369 1720 3399 ⁸
1741 3369 1910 3422 sancti
1940 3384 2079 3422 mar-

488 3474 636 3536 tyres
664 3473 912 3534 tanquam
939 3463 1158 3534 dignum
1199 3461 1398 3531 aliquid
1432 3475 1527 3530 pro
1556 3459 1698 3515 illius
1741 3461 1928 3529 patriae
1955 3475 2078 3531 par-
2141 3477 2144 3480 ’

490 3554 795 3624 ticipatione
817 3552 838 3584 δ
869 3551 1112 3618 fecerint,
1145 3551 1233 3607 ubi
1254 3562 1461 3618 trterna
1493 3559 1577 3606 est
1603 3558 1658 3606 et
1682 3565 1807 3604 vera
1833 3549 2077 3616 felicitas,

487 3644 533 3706 si
559 3657 728 3713 usque
751 3642 818 3696 ad
845 3645 926 3697 sui
953 3642 1226 3710 sanguinis
1254 3639 1592 3704 eﬂ‘usionem,
1615 3655 1722 3694 non
1751 3641 1925 3694 solum
1953 3655 2082 3695 suos

487 3735 687 3789 fratres
714 3747 810 3804 pro
837 3733 1030 3803 quibus
1047 3731 1368 3788 fundebatur
1390 3732 1490 3803 (ά),
1520 3746 1705 3787 verum
1735 3740 1790 3786 et
1817 3731 1960 3802 ipsos
1982 3731 2085 3786 ini-

490 3828 678 3893 micos,
707 3842 738 3880 a
769 3826 960 3900 quibus
983 3823 1324 3891 fundebatur,
1352 3823 1491 3878 sicut
1514 3823 1593 3878 eis
1622 3832 1944 3894 praeceptum
1973 3831 2078 3890 est,

492 3917 793 3987 diligentes,
820 3915 1093 3970 charitatis
1119 3915 1221 3969 [ide
1247 3923 1301 3970 et
1329 3913 1453 3968 lid‘ci
1479 3913 1741 3968 charitatc
1763 3912 2081 3968 certarunt?

490 4010 546 4078 Si
578 4010 784 4064 Marcus
811 4007 1064 4063 Pulvillus
1093 4007 1346 4062 dedicans
1371 4006 1542 4061 tndem
1583 4005 1728 4060 Jovis
1751 4042 1770 4072 ,
1813 4004 2038 4060 Junonis
2061 4045 2078 4072 ,

491 4101 763 4168 Minervio,
795 4097 925 4154 falso
949 4097 1051 4153 sibi
1090 4097 1160 4152 ab
1185 4097 1378 4153 invidis
1406 4107 1580 4152 morte
1606 4095 1699 4150 lilii
1731 4095 1992 4163 nuntiata,
2025 4103 2083 4150 ut

492 4194 583 4262 illo
611 4192 798 4248 nuntio
823 4192 1168 4263 perturbatus
1194 4189 1552 4257 abscederet,
1581 4198 1738 4259 atque
1765 4189 1834 4245 ita
1863 4188 2080 4244 dedica-

493 4285 652 4346 tionis
679 4285 906 4356 gloriam
950 4283 1152 4354 collega
1197 4284 1312 4352 ejus
1341 4291 1760 4350 consequeretur
1783 4319 1801 4345 ,
1849 4280 1916 4335 ita
1945 4295 2080 4340 con,-

493 4379 730 4448 tcmpsit,
749 4387 807 4433 ut
834 4392 957 4433 cum
985 4377 1145 4431 etiam
1179 4375 1364 4445 projici
1393 4373 1712 4444 insepultum
1733 4371 1946 4444 juberet
1970 4375 2039 4440 (ε)
2062 4389 2078 4440 ;

493 4479 549 4528 et
572 4471 650 4526 sic
677 4470 729 4524 in
769 4468 889 4538 ejus
931 4465 1093 4522 corde
1121 4464 1367 4521 orbitatis
1393 4463 1632 4521 dolorem
1663 4461 1850 4535 gloria:
1878 4461 2083 4532 cupidi-

493 4572 577 4626 tas
601 4561 799 4616 vicerat
819 4575 833 4612 :
853 4556 981 4629 quid
1000 4571 1246 4628 magnum
1263 4569 1322 4610 sc
1348 4570 1442 4625 pro
1461 4553 1731 4628 Evangelii
1759 4551 1928 4608 sancti
1947 4567 2084 4622 pra:-

495 4652 762 4709 dicatione
782 4691 798 4717 ,
831 4666 933 4722 qua
961 4648 1105 4705 cives
1147 4663 1394 4718 supernae
1426 4647 1608 4718 patria:
1650 4646 1718 4701 de
1760 4644 1985 4700 diversis
2017 4645 2081 4699 li-

492 4747 746 4803 berantur
765 4753 820 4800 et
845 4743 1165 4813 colliguntur
1190 4741 1483 4804 erroribus,
1501 4739 1693 4794 fecisse
1713 4737 1953 4794 dicturus
1979 4747 2082 4806 est,

492 4840 579 4896 cui
608 4837 866 4894 Dominus
892 4835 961 4891 de
989 4834 1255 4904 sepultura
1287 4833 1451 4904 patris
1479 4831 1561 4887 sui
1587 4830 1819 4886 sollicito
1847 4829 1958 4895 ait,
1991 4828 2087 4884 Se-

555 4951 576 5015 ξ
611 4947 800 5012 Aliquot
819 4952 954 5015 Mss,“
972 4945 1370 5015 vanitate—Mss.
1395 4943 1490 4994 766
1522 4949 1576 4994 et
1595 4941 1736 5002 2053,
1757 4939 2009 5005 pravitate.
2025 4949 2082 4991 tt.

557 5013 577 5043 ²
612 5019 663 5060 ιιι
686 5007 812 5071 Stss.,
839 5007 1149 5071 dubitatione.

557 5073 579 5135 ξ
612 5072 754 5132 editi,
777 5063 1070 5135 superbiant.
1097 5076 1152 5118 Αι
1173 5066 1502 5135 ιιιειιιιιδςιιίριί,
1527 5063 1818 5130 superbient.

556 5129 1506 5204 ξβςῖνδξίείιυε.φί¹θιε.νςϊεεν¹ί⁰ἠίο.
1581 5129 1593 5204 .
1667 5196 1677 5204 .
1967 5188 2010 5204 ..

516 5258 526 5268 O
562 5194 638 5305 (ag
657 5197 838 5246 Mucius
855 5195 938 5257 qui
965 5189 1161 5244 Scevola
1177 5189 1335 5242 dictus
1349 5205 1381 5263 ρ
1405 5189 1548 5262 clade.
1565 5189 1942 5240 dextrtemanus.
1967 5189 2084 5249 Liv.,

495 5255 581 5307 lib.
639 5293 654 5307 .
679 5269 782 5307 can.
806 5256 882 5307 12.
909 5256 984 5307 13.
1012 5261 1064 5305 et
1087 5253 1323 5304 Plutarch.
1349 5267 1396 5303 tn
1422 5250 1678 5301 Publicola.

553 5271 581 5305 ι.
606 5264 654 5314 2,
679 5269 782 5318 cap.
806 5264 882 5314 12,
909 5264 984 5314 13,
1012 5264 1064 5305 et
1087 5264 1323 5304 Plutarch.
1349 5267 1396 5303 tu
1422 5264 1678 5301 vinulenta.

553 5317 632 5379 (ὁ)
653 5319 856 5367 Curtius.
869 5319 984 5366 vide
1002 5319 1199 5379 tiviutn,
1222 5316 1252 5364 ι.
1267 5313 1606 5377 7,e.6.Valer.
1631 5313 1820 5364 maxim.
1845 5311 1879 5360 l.
1903 5312 1954 5373 5,
1975 5325 2020 5362 c.
2035 5313 2083 5363 8.

589 5379 637 5430 ci
661 5380 756 5428 Liv.
783 5379 867 5428 lib.
887 5379 918 5428 8
940 5386 993 5429 et
1018 5379 1093 5430 10.

561 5435 643 5503 (cf)
675 5449 763 5511 t‘ro
783 5439 952 5505 quibus
989 5439 1307 5511 fundebatur;
1332 5452 1430 5511 non
1459 5437 1657 5511 quidem
1691 5435 1749 5485 ad
1785 5435 2086 5511 redemptio-

497 5497 714 5571 nem;‘ut
737 5497 871 5571 l'us'us
898 5513 974 5571 est
989 5497 1167 5571 'Qbristi
1187 5497 1404 5571 sanguis,
1441 5497 1534 5571 sed
1561 5498 1620 5571 ad
1645 5497 1930 5571 exemplum
1952 5497 2087 5571 torti-

498 5557 709 5630 tudinisL
725 5572 794 5615 De
831 5565 1109 5630 fortitudine
1132 5557 1369 5630 meum.
1387 5557 1544 5630 inquit
1566 5557 1843 5630 Leo,_epist.
1871 5557 1990 5630 alias
2006 5559 2085 5619 83,

499 5639 630 5677 nunc
650 5627 731 5690 97,
754 5620 976 5692 exempta
993 5636 1107 5679 nata
1129 5620 1236 5680 sunt
1257 5620 1516 5692 patientur,
1539 5636 1634 5672 non
1657 5620 1782 5672 dona
1799 5620 2022 5684 justitire.

1475 5693 1695 5730 woman
1715 5691 1962 5730 Coouaws.
2057 5691 2066 5702 '

1585 5701 1695 5722 ηιιῃ
1715 5699 1727 5722 Ι
1739 5699 1840 5722 :nnn
1851 5699 1916 5722 Illi

1475 5693 1695 5736 [somno
1715 5693 1962 5740 COQUEUS.
2057 5693 2066 5702 '

500 5750 752 5866 scggnSic
793 5752 1111 5806 Plutarchus:
1146 5761 1197 5804 at
1237 5751 1392 5802 Livius
1433 5749 1638 5801 cadaver
1678 5746 1842 5798 eil‘erri
1881 5746 2086 5807 juss'tssc

581 5829 686 5865 ιοιι.

1557 328 1648 388 DE
1684 327 2006 388 CIVITATE
2048 328 2183 398 DEI,
2223 329 2283 390 8.
2321 327 2692 388 AUGUSTINI

3681 335 3785 397 ιιι

2193 461 2345 512 σκετο
2388 462 2469 500 me
2491 487 2505 511 ,
2536 455 2584 500 et
2606 446 2715 500 sine
2741 454 2967 502 mortuos
2992 447 3203 518 sepelire
3239 458 3463 510 mortuos
3504 468 3622 516 suos
3649 455 3780 527 (Id.

2181 551 2298 602 vni,
2324 535 2417 607 2?.)
2442 537 2465 591 ἲ
2493 536 2548 591 Si
2577 536 2646 591 Μ.
2679 535 2936 607 Regulus,
2965 552 3033 594 ne
3059 538 3459 597 crudelissimos
3488 541 3673 601 hostes
3698 547 3786 615 ju-

2181 629 2352 686 rando
2394 629 2643 695 falleret,
2674 630 2742 686 ad
2767 645 2863 688 eos
2903 630 2973 686 ab
3015 631 3128 702 ipsa
3158 631 3329 690 Roma
3376 651 3628 692 reversus
3655 649 3738 694 est
3763 681 3780 706 ,
3849 632 3856 638 ’

2181 720 2436 791 quoniam
2459 763 2482 790 ,
2521 721 2664 778 sicut
2690 720 2946 778 Romanis
2981 737 3105 778 eum
3147 732 3328 779 tenere
3358 725 3661 782 volentibus
3692 745 3782 784 re-

2182 813 2465 883 spondisse
2486 813 2701 880 fertur,
2729 824 3072 885 posteaquam
3102 813 3245 872 Afris
3273 816 3574 882 servierat,
3605 817 3784 889 digni-

2184 915 2347 962 tatem
2377 907 2486 963 illic
2526 909 2733 963 honesti
2763 907 2898 964 civis
2923 907 3124 965 habere
3159 924 3265 964 non
3297 919 3515 979 posset;
3546 926 3782 981 cumque

2183 996 2631 1069 Carthaginenses
2653 1037 2671 1065 ,
2713 999 2964 1068 quoniam
2989 1007 3176 1056 contra
3202 1014 3300 1056 eos
3335 999 3390 1056 in
3415 999 3662 1058 Romano
3690 1018 3784 1059 se-

2185 1098 2314 1145 natu
2341 1098 2557 1160 egerat,
2603 1089 2934 1160 gravissimis
2977 1090 3258 1160 suppliciis
3297 1101 3624 1150 necaverunt
3649 1094 3728 1164 (c)
3767 1111 3782 1148 :

2185 1179 2275 1251 qui
2299 1180 2565 1236 cruciatus
2591 1194 2696 1234 non
2735 1190 2860 1234 sunt
2903 1195 2999 1249 pro
3042 1179 3147 1236 fide
3186 1180 3328 1236 illius
3367 1183 3556 1252 patric
3589 1194 3784 1242 ω.

2187 1273 2423 1338 mnendi,
2439 1272 2505 1327 ad
2525 1272 2675 1342 cujus
2688 1272 3065 1328 beatitudinem
3082 1273 3214 1329 fides
3237 1275 3350 1344 ipsa
3377 1276 3624 1345 perducit
3638 1278 3665 1332 2
3687 1285 3786 1336 aut

2186 1365 2312 1436 quid
2347 1365 2669 1421 retribuetur
2712 1365 2938 1420 Domino
2979 1381 3077 1435 pro
3103 1366 3351 1422 omnibus
3389 1383 3508 1437 quae
3534 1369 3785 1426 retribuit

2187 1455 2357 1529 (Ptol.
2385 1472 2510 1526 cxv,
2543 1456 2654 1528 12),
2683 1457 2726 1511 si
2753 1471 2850 1527 pro
2881 1456 2984 1512 iide
3010 1473 3128 1528 qua:
3155 1458 3230 1512 illi
3257 1457 3482 1513 debetur
3508 1459 3632 1514 talia
3660 1459 3782 1515 fue-

2184 1551 2256 1606 rit
2283 1550 2446 1606 homo
2471 1565 2658 1621 passus
2678 1591 2693 1616 ,
2725 1549 2903 1620 qualia
2932 1564 3030 1620 pro
3061 1549 3164 1604 fide
3204 1565 3363 1619 quam
3391 1551 3781 1620 perniciosissi-

2186 1641 2288 1695 mis
2334 1640 2562 1696 inimicis
2605 1639 2832 1695 debebat
2859 1653 3048 1709 passus
3088 1647 3172 1694 est
3197 1639 3473 1709 Regulus?
3499 1641 3782 1707 Quomodo

2185 1739 2364 1785 autem
2387 1731 2403 1763 ί
2433 1745 2494 1786 se
2518 1729 2736 1786 audebit
2760 1729 3021 1786 extollere
3045 1729 3114 1786 de
3141 1729 3435 1785 voluntaria
3465 1741 3781 1801 paupertate

2184 1823 2507 1878 christianos
2529 1864 2546 1890 ,
2578 1831 2639 1878 ut
2680 1824 2731 1878 in
2760 1822 2920 1893 hujus
2942 1823 3065 1878 vitae
3094 1822 3525 1893 peregrinatione
3551 1824 3778 1894 expedi-

2187 1915 2291 1970 tior
2314 1914 2551 1970 ambulet
2574 1915 2734 1978 viam,
2765 1931 2884 1986 quae
2913 1914 3156 1986 perducit
3178 1914 3244 1970 ad
3285 1916 3532 1985 patriam,
3564 1914 3657 1971 ubi
3683 1931 3781 1973 ve-

2185 2021 2262 2062 rte
2284 2005 2481 2061 divitia:
2506 2007 2621 2076 ipse
2652 2006 2792 2062 Deus
2818 2016 2920 2072 est,
2947 2021 3068 2062 cum
3096 2005 3275 2061 audiat
3303 2007 3384 2062 vel
3413 2006 3554 2078 legat
3576 2007 3640 2063 L.
3671 2007 3784 2062 Va-

2185 2098 2372 2154 lerium
2397 2140 2413 2167 ,
2457 2099 2545 2169 qui
2587 2098 2642 2153 in
2670 2113 2769 2154 suo
2798 2097 3080 2154 defunctus
3124 2107 3207 2154 est
3245 2099 3524 2155 consulatu
3547 2141 3564 2168 ,
3609 2114 3782 2170 usque

2185 2189 2322 2244 adeo
2348 2190 2510 2245 fuisse
2555 2204 2841 2260 pauperem
2865 2230 2881 2257 ,
2912 2198 2969 2244 ut
3009 2191 3241 2245 nummis
3269 2205 3300 2244 a
3329 2191 3529 2260 populo
3568 2191 3781 2246 collatis

2185 2279 2301 2349 ejus
2327 2281 2603 2350 sepultura
2645 2289 2920 2335 curaretur
2951 2280 3070 2351 (b)?
3099 2280 3278 2334 audiat
3317 2281 3403 2336 vel
3441 2282 3578 2352 legat
3599 2282 3780 2349 Quin-

2185 2373 2316 2426 tium
2355 2371 2728 2427 Cincinnatum
2753 2414 2768 2440 ,
2799 2387 2921 2427 cum
2948 2380 3175 2442 quatuor
3211 2371 3396 2442 jugera
3436 2372 3736 2442 possideret
3757 2415 3778 2440 ,

2184 2474 2239 2522 et
2257 2482 2319 2522 ea
2343 2467 2454 2522 suis
2483 2467 2726 2521 manibus
2749 2467 2972 2531 coleret,
2991 2466 3060 2519 ab
3084 2475 3264 2520 aratro
3290 2480 3409 2520 esse
3427 2464 3710 2521 abductum
3729 2468 3778 2534 ’,

2185 2567 2243 2613 ut
2282 2559 2508 2613 dictator
2553 2557 2741 2622 fiet-ct,
2776 2557 2947 2626 major
2987 2557 3170 2626 utique
3213 2558 3414 2610 honore
3441 2571 3598 2626 quam
3639 2571 3780 2610 con-

2183 2651 2264 2706 sul
2289 2667 2304 2716 ;
2337 2651 2593 2721 victisque
2622 2650 2864 2705 hostibus
2887 2649 3154 2720 ingentem
3179 2649 3402 2716 gloriam
3429 2658 3780 2710 consecutum

2185 2743 2238 2798 in
2267 2744 2454 2798 eadem
2501 2753 2814 2814 paupertate
2842 2743 3102 2797 mansisse
3132 2739 3200 2813 (c)
3227 2741 3251 2794 ?
3279 2742 3384 2794 Aut
3406 2741 3531 2811 quid
3567 2756 3627 2796 se
3664 2756 3783 2795 ma-

2182 2849 2343 2904 gnum
2374 2833 2566 2889 fecisse
2608 2834 2918 2904 prtedicabit
2939 2875 2954 2898 ,
2984 2833 3126 2903 quod
3153 2832 3299 2886 nullo
3325 2831 3547 2902 praemio
3587 2832 3780 2888 mundi

2185 2926 2341 2997 hujus
2385 2927 2545 2981 fuerit
2583 2925 2652 2979 ab
2694 2935 2911 2980 mternzn
2942 2925 3080 2978 illius
3118 2924 3301 2994 patritc
3329 2922 3586 2978 societate
3610 2923 3784 2978 sedu-

2183 3029 2300 3074 ctus
2323 3061 2338 3085 ,
2372 3033 2493 3073 cum
2520 3017 2823 3072 Fabricium
2849 3016 3096 3071 didicerit
3123 3014 3284 3068 tantis
3309 3012 3617 3068 muneribus
3644 3013 3785 3084 Pyr-

2183 3109 2267 3164 rhi
2293 3150 2307 3174 ,
2338 3109 2480 3178 regis
2511 3108 2848 3177 Epirotarum
2875 3147 2890 3172 ,
2923 3106 3180 3175 promissa
3211 3105 3374 3158 etiam
3408 3114 3593 3174 quarta
3623 3113 3784 3173 parte

2185 3200 2332 3268 regni
2359 3237 2374 3264 ,
2408 3213 2438 3252 a
2468 3199 2708 3252 ltounana
2751 3197 2965 3252 civitate
3009 3210 3112 3250 non
3160 3195 3396 3264 potuisse
3423 3193 3638 3260 divelli,
3670 3193 3784 3248 ibi-

2185 3307 2288 3361 que
2334 3291 2385 3344 in
2423 3305 2518 3344 sua
2561 3298 2868 3359 paupertate
2916 3288 3176 3356 privatum
3222 3300 3440 3340 manere
3483 3285 3788 3341 maluisse?

2184 3383 2316 3438 Nam
2347 3382 2470 3436 illud
2501 3381 2640 3451 quod
2669 3380 3071 3449 rempublicam,
3103 3379 3151 3434 id
3178 3390 3260 3434 cst
3286 3394 3400 3434 rem
3427 3379 3626 3450 populi,
3657 3393 3781 3435 rem

2187 3475 2370 3545 patriae
2395 3516 2410 3539 ,
2442 3489 2556 3529 rem
2580 3487 2917 3528 communem
2944 3513 2960 3538 ,
2989 3487 3108 3526 cum
3141 3471 3403 3526 haberent
3426 3471 3784 3541 opulentissi-

2186 3583 2327 3622 mam
2355 3576 2514 3637 atque
2542 3565 2880 3632 ditissimam,
2911 3566 2988 3620 sic
3017 3565 3115 3635 ipsi
3144 3565 3196 3619 in
3227 3564 3338 3620 suis
3366 3563 3612 3620 domibus
3640 3578 3786 3633 pau-

2187 3675 2343 3730 peres
2368 3664 2561 3724 erant,
2595 3666 2652 3712 ut
2689 3657 2901 3729 quidam
2931 3671 3115 3712 eorum
3140 3697 3155 3722 ,
3188 3655 3276 3725 qui
3312 3654 3424 3724 jam
3467 3655 3550 3710 bis
3585 3655 3789 3712 consul

2189 3753 2373 3809 fuisset
2397 3793 2412 3820 ,
2443 3768 2509 3807 ex
2537 3751 2630 3806 illo
2654 3760 2842 3806 senatu
2869 3763 3158 3819 pauperum
3185 3747 3459 3802 hominum
3485 3747 3790 3816 pelleretur

2189 3846 2462 3900 notatione
2490 3842 2754 3906 censoria,
2788 3840 2927 3910 quod
2953 3840 3140 3894 decem
3167 3839 3346 3908 pondo
3369 3839 3573 3908 argenti
3601 3839 3654 3893 in
3679 3853 3793 3892 va-

2187 3940 2260 3994 sis
2288 3939 2486 3993 habere
2510 3945 2814 4004 compertus
2841 3941 2922 3990 est
2950 3931 3030 4003 (ά)
3055 3947 3069 3995 ;
3102 3931 3174 3984 ita
3196 3930 3218 3962 ³
3247 3929 3407 3984 iidem
3435 3929 3535 4000 ipsi
3571 3945 3790 4000 [διωρθ-

2187 4045 2275 4085 res
2299 4036 2450 4085 erant
2471 4069 2484 4092 ,
2513 4040 2741 4097 quorum
2759 4024 3041 4093 triumphis
3068 4022 3334 4092 publicum
3352 4021 3620 4077 dilabatur
3635 4036 3788 4078 tera-

2189 4124 2326 4178 rium
2376 4139 2390 4174 :
2439 4134 2614 4174 nonne
2656 4131 2842 4172 omnes
2878 4114 3203 4180 Christiani,
3259 4113 3349 4184 qui
3393 4113 3785 4172 cxcelleutiorc

2189 4213 2462 4285 proposito
2486 4210 2696 4265 divitias
2722 4224 2845 4264 suas
2870 4220 3181 4262 communes
3220 4205 3452 4273 faciunt,
3481 4204 3786 4261 secundum

2199 4307 2251 4362 id
2278 4305 2416 4376 quod
2441 4305 2693 4373 scriptum
2719 4311 2804 4357 est
2829 4302 2882 4355 in
2911 4301 3128 4354 Actibus
3156 4299 3551 4368 Apostolorum,
3583 4306 3643 4352 ιιι
3665 4297 3788 4354 dis~

2193 4389 2817 4464 tribuatur"iinicuique,
2863 4392 3001 4447 sicut
3042 4391 3232 4461 cuique
3259 4403 3394 4460 opus
3420 4396 3539 4453 est;
3584 4399 3640 4444 et
3680 4404 3784 4444 ne-

2189 4507 2278 4546 mo
2303 4490 2445 4545 dicat
2471 4487 2666 4558 aliquid
2697 4487 2967 4557 proprium
2993 4524 3008 4550 ,
3038 4482 3133 4538 sed
3159 4483 3262 4536 sint
3295 4481 3399 4536 illis
3425 4478 3601 4534 omnia
3628 4494 3784 4534 com-

2189 4585 2368 4640 munia
2397 4581 2552 4654 (Act.
2584 4597 2659 4648 tt,
2691 4580 2796 4645 45;
2828 4588 2873 4632 et
2903 4594 2955 4632 tv
2977 4618 2992 4641 ,
3026 4573 3174 4647 52);
3207 4574 3507 4644 intelligunt
3548 4587 3607 4628 se
3633 4574 3782 4628 nulla

2189 4675 2260 4730 ob
2305 4676 2405 4729 hoc
2434 4672 2677 4729 ventilari
2719 4677 2968 4739 oportere
2994 4667 3248 4736 jactantia
3273 4708 3288 4733 ,
3321 4664 3372 4719 id
3406 4662 3650 4719 faciendo
3681 4681 3784 4732 pro

2189 4765 2478 4822 obtinenda
2523 4763 2776 4819 societate
2805 4759 3126 4829 Angelorutn
3150 4798 3166 4823 ,
3197 4771 3317 4810 cum
3350 4769 3486 4825 pene
3527 4754 3632 4809 tale
3675 4753 3782 4808 ali-

2191 4859 2318 4932 quid
2335 4860 2426 4914 ‘illi
2445 4856 2665 4913 fecerint
2682 4868 2780 4926 pro
2807 4849 3173 4908 conservanda
3203 4845 3784 4920 gloriaRomanorum'!

2257 5058 2274 5092 ί
2309 5065 2430 5115 vox,
2453 5059 2630 5113 mitem,
2653 5053 2795 5103 abest
2817 5063 2844 5100 a
2867 5050 3044 5099 nostris
3059 5047 3320 5098 codicibus.
3384 5052 3442 5097 Il.

2254 5122 2276 5153 θ
2309 5125 2360 5168 ιιι
2394 5125 2463 5179 3.,
2497 5116 2775 5184 ᾳᾳάυειμιη.
2844 5121 2898 5184 tt.
3017 5179 3027 5184 _
3094 5171 3105 5182 .

2256 5184 2278 5217 ³
2310 5168 2510 5238 ιον.,’δὶ
2531 5176 2614 5228 ita.
2642 5177 2805 5233 Abest,
2829 5173 2871 5224 si
2893 5188 2920 5222 a
2943 5171 3136 5238 eteteris
3156 5168 3311 5220 libris.

2279 5245 2329 5305 a)
2352 5236 2516 5305 Supra,
2543 5240 2626 5288 lib.
2652 5239 2826 5305 l,_cap.
2854 5237 2930 5295 l5,
2955 5236 3034 5305 24.

2287 5259 2309 5294 rt
2352 5252 2516 5305 Supra,
2543 5245 2626 5288 lib.
2652 5245 2697 5296 l,
2719 5250 2826 5300 cap.
2854 5245 2930 5295 15,
2955 5245 3034 5286 24.

2287 5245 2335 5371 ti;
2359 5312 2572 5371 arratum
2597 5309 2675 5351 est
2705 5303 2763 5371 in_
2777 5301 3074 5371 praenomine
3095 5298 3199 5371 siml
3221 5293 3242 5348 ι
3266 5301 3320 5371 et
3345 5295 3405 5371 _in
3423 5294 3596 5371 obitus
3613 5307 3786 5371 anno;

2192 5357 2445 5418 dicebatur
2467 5365 2616 5423 enim,
2641 5375 2736 5411 non
2752 5357 2920 5411 Lucius
2939 5362 3029 5411 sed
3048 5360 3253 5422 Publius,
3281 5357 3496 5410 Valerius
3518 5357 3778 5420 Publicola;

2195 5439 2247 5481 et
2269 5431 2429 5479 nonin
2451 5439 2541 5476 suo
2563 5433 2752 5489 quarto,
2777 5423 3028 5474 consulatu
3047 5425 3181 5483 obiit,
3199 5425 3288 5474 sed
3305 5434 3430 5470 anno
3454 5426 3578 5489 post,
3605 5423 3779 5483 Vergi-

2194 5495 2276 5543 nio
2299 5500 2351 5543 et
2383 5491 2541 5540 cessio
2557 5481 2856 5549 consulibus,
2889 5493 3033 5549 sexto
3063 5481 3190 5549 anno
3219 5492 3328 5549 post
3351 5481 3582 5544 expulsos
3602 5481 3775 5548 rcges,

2193 5556 2365 5614 Livius,
2385 5553 2466 5601 lib.
2488 5550 2534 5611 2,
2554 5548 2767 5614 _eap._16,
2787 5548 3049 5614 Dionysius
3065 5545 3146 5595 lib.
3171 5549 3220 5597 5.

2262 5616 2331 5681 (c)
2353 5605 2532 5675 Livius,
2554 5605 2640 5662 lib'.
2661 5612 2710 5673 '5,
2730 5605 2836 5674 cap.
2861 5605 2924 5659 96
2942 5624 2956 5671 ;
2974 5609 3132 5658 \‘aler.
3176 5610 3389 5666 alexim,
3411 5605 3495 5656 lib.
3523 5605 3569 5666 ι,
3592 5618 3700 5670 cap.
3726 5607 3778 5675 4.

2191 5680 2218 5744 5
2249 5680 2338 5802 ἶὲι)
2363 5737 2633 5802 Cornelium
2655 5735 2885 5802 utillimum
2932 5708 3557 5802 intelligit__dequoa‘aler.
3580 5734 3772 5802 maxim.

2199 5791 2280 5852 lib‘.
2307 5791 2355 5865 ὲ,
2379 5813 2482 5862 cap.
2507 5801 2540 5849 9
2550 5814 2565 5864 ε
2605 5808 2655 5848 Α.
2688 5797 2808 5864 act,
2835 5796 2919 5849 lib.
2947 5797 2996 5863 .t,
3020 5791 3123 5860 ωεῙ.
3149 5797 3205 5860 8;
3229 5791 3400 5857 Livius,
3423 5791 3510 5842 lib.
3541 5792 3614 5844 tt.
