4064 6468
221 278 334 335 ’165

299 393 352 447 5.
386 391 514 447 ﬂmc
540 401 594 448 et
623 391 726 448 alia
753 435 768 462 ,
787 393 845 448 -si
871 407 970 464 qua
1003 393 1367 464 hujuscemodi
1406 397 1741 465 reperiuntur
1765 398 1818 454 in

233 481 422 536 litteris
447 498 659 547 eorum,
683 483 895 552 quando
919 485 995 537 sic
1027 485 1436 549 iunotescerent,
1469 487 1682 556 quando
1713 497 1820 542 tan-

230 584 276 627 ta
304 572 444 625 [una
479 573 919 642 prmdicarcntur,
950 577 1049 629 nisi
1076 575 1372 629 Romanum
1401 578 1678 646 imperium
1708 579 1820 634 Ione

231 680 290 734 ge
317 665 536 735 lateque
561 678 887 735 porrectum,
921 667 1210 736 magnificis
1238 668 1570 722 successibus
1594 684 1818 738 augere-

231 757 352 808 tur?
396 755 632 810 Proinde
661 769 756 825 per
785 756 912 811 illud
956 758 1232 826 imperium
1266 765 1370 810 tam
1416 758 1576 811 latum
1605 768 1820 829 tamque

229 848 539 900 diuturnum
565 885 582 911 ,
615 848 958 916 virorumque
995 859 1260 902 tantorum
1287 849 1568 901 virtutibus
1594 849 1820 917 praecla-

221 952 335 990 rum
382 947 552 1006 atque
594 937 885 1007 gloriosum
912 979 926 1003 ,
955 949 1008 993 et
1051 938 1261 993 illorum
1306 939 1582 992 intentioni
1614 955 1820 994 merces

229 1043 380 1098 quam
429 1027 752 1097 quaerebant
774 1037 856 1082 est
885 1029 1088 1083 reddita
1113 1069 1127 1094 ,
1157 1037 1211 1082 ct
1253 1029 1407 1083 nobis
1434 1031 1698 1098 proposita
1729 1046 1823 1084 ne-

228 1119 478 1174 cessarim
505 1121 940 1176 commonitionis
965 1122 1206 1191 exempla
1241 1136 1254 1174 :
1287 1131 1344 1174 ut
1369 1124 1410 1175 si
1438 1123 1681 1188 virtutes,
1698 1138 1823 1192 qua-

230 1226 334 1263 rum
365 1210 490 1264 istm
517 1223 808 1281 utcumque
830 1221 951 1266 sunt
980 1211 1182 1267 similes
1207 1253 1220 1276 ,
1249 1228 1381 1281 quas
1407 1213 1490 1266 isti
1523 1228 1616 1281 pro
1642 1214 1822 1267 civita-

229 1303 290 1355 tis
328 1310 573 1356 terrena:
604 1303 771 1372 gloria
817 1311 1134 1368 tenuerunt,
1183 1317 1280 1373 pro
1319 1303 1408 1357 Dei
1441 1303 1820 1373 gloriosissima

230 1392 440 1446 civitate
485 1408 596 1446 non
645 1395 1004 1459 tenuerimus,
1038 1393 1244 1464 pudore
1287 1410 1620 1465 puugamur;
1652 1395 1696 1448 si
1740 1404 1820 1450 te-

231 1485 520 1549 nuerimus,
555 1487 804 1555 superbia
846 1502 951 1540 non
987 1488 1305 1542 extollamur
1338 1505 1351 1540 :
1381 1487 1651 1556 queniam,
1682 1487 1822 1540 sicut

229 1574 345 1629 dicit
376 1577 674 1644 Apostolus
698 1617 714 1642 ,
748 1577 970 1646 indigna:
993 1585 1108 1631 sunt
1154 1577 1412 1646 passiones
1440 1577 1592 1648 hujus
1631 1587 1828 1647 tempe--~

229 1667 292 1719 ria
314 1668 388 1718 ad
414 1669 650 1734 futuram
677 1669 1042 1738 gloriamque
1069 1669 1366 1722 revelabitur
1393 1670 1444 1722 in
1472 1669 1613 1722 nobis
1641 1668 1816 1738 (Rom.

230 1771 310 1811 rut
335 1799 351 1822 ,
387 1760 460 1812 18
483 1760 524 1826 ).
569 1759 654 1812 Ad
686 1759 968 1813 humanam
1002 1774 1127 1814 vero
1165 1760 1389 1829 gloriam
1437 1761 1819 1830 prmscntisque

232 1849 648 1919 temporis‘satis
677 1849 832 1920 digna
865 1852 966 1910 vita
1009 1850 1375 1906 aestimabatur
1401 1848 1632 1906 illorum.
1665 1849 1819 1907 Unde

231 1942 380 1995 etiam
410 1939 612 2006 Judzei,
645 1942 737 2011 qui
767 1939 1035 1996 Christum
1065 1942 1392 2008 occiderunt,
1424 1943 1690 1996 revelante
1719 1941 1821 1996 Te-

229 2041 490 2087 stamento
519 2032 693 2099 Novo,
725 2034 866 2103 quod
900 2035 949 2088 in
979 2033 1169 2088 Vetere
1201 2034 1431 2088 velatum
1474 2033 1588 2099 fuit,
1617 2043 1673 2086 ut
1711 2049 1822 2088 non

225 2135 320 2192 pro
360 2123 597 2178 terrenis
625 2132 678 2178 et
719 2125 1096 2193 temporalibus
1139 2124 1448 2189 beneﬁciis,
1480 2139 1598 2194 qua:
1639 2122 1819 2178 divina

233 2212 562 2281 providentia
587 2215 850 2283 permixte
877 2213 1030 2268 bonis
1056 2214 1312 2284 malisque
1327 2213 1592 2278 concedit,
1612 2212 1706 2266 sed
1725 2227 1821 2281 pro

233 2310 426 2356 eterna
439 2303 552 2356 vita
579 2303 998 2373 muneribusque
1027 2304 1292 2373 perpetuis
1317 2314 1370 2357 et
1387 2303 1551 2372 ipsius
1575 2317 1822 2372 superna:

228 2392 455 2448 civitatis
482 2395 744 2448 societate
773 2395 981 2448 colatur
1001 2395 1142 2449 Deus
1172 2409 1307 2448 unus
1331 2403 1386 2447 ct
1415 2407 1569 2447 verus
1592 2433 1606 2456 ,
1635 2393 1824 2447 rectis-

230 2483 360 2540 sime
387 2485 622 2540 istorum
648 2485 834 2555 gloria
863 2485 1043 2540 donati
1069 2495 1230 2550 sum;
1263 2493 1320 2539 ut
1348 2484 1401 2538 hi
1430 2483 1518 2554 qui
1545 2483 1823 2552 qualibus-

227 2591 455 2648 cumque
501 2577 790 2632 virtutibus
829 2586 1092 2632 terrenam
1135 2577 1354 2646 gloriam
1397 2574 1724 2644 quaesierunt
1767 2580 1824 2628 et

234 2669 633 2739 acquisiverunt
658 2709 674 2732 ,
705 2668 981 2724 vincerent
1022 2683 1116 2724 eos
1140 2669 1228 2738 qui
1269 2668 1472 2738 magnis
1499 2667 1640 2721 vitiis
1665 2665 1820 2720 dato-

235 2773 339 2813 rem
365 2775 512 2813 vera:
544 2759 734 2830 gloria:
761 2770 816 2814 et
842 2759 1070 2814 civitatis
1093 2769 1308 2813 aen-mm
1332 2758 1639 2813 occiderunt
1663 2767 1825 2828 atque

234 2861 569 2919 respuerant.

229 2942 453 2998 CAPUT
476 2942 625 2997 XlX.
647 2973 720 2984 —
737 2942 848 3008 Quo
868 2943 998 2996 inter
1020 2959 1072 2996 se
1095 2940 1331 3008 differant
1351 2939 1603 3011 cupiditas
1625 2940 1821 3011 glorier,

671 3023 719 3068 et
740 3015 988 3082 cupiditas
1007 3014 1385 3066 dominationis.

299 3105 532 3159 Interest
557 3118 690 3158 sane
719 3105 857 3158 inter
877 3102 1216 3173 cupiditatem
1245 3102 1488 3154 humanas
1517 3100 1702 3170 gloria:
1725 3093 1826 3166 ,‘et

239 3195 580 3264 cupiditatem
619 3193 1016 3250 dominationis.
1042 3192 1175 3247 Nam
1217 3193 1339 3247 licet
1369 3192 1600 3260 proclive
1627 3192 1734 3256 sit,
1769 3199 1826 3245 nt

239 3285 318 3354 qui
363 3285 601 3338 humana
630 3283 800 3354 gloria
846 3283 1065 3338 nimium
1090 3283 1384 3338 delectatur
1407 3322 1422 3346 ,
1455 3283 1614 3336 etiam
1653 3282 1826 3336 domi-

241 3375 346 3432 ωε
375 3376 636 3432 ardenter
661 3375 912 3440 aﬂ'ectet;
946 3385 1122 3430 tamen
1161 3375 1249 3444 qui
1279 3390 1456 3428 veram
1487 3374 1606 3428 licet
1637 3374 1825 3426 huma-

241 3481 422 3520 narum
469 3467 686 3521 laudum
733 3467 953 3536 gloriam
982 3466 1358 3534 concupiscunt
1389 3507 1403 3530 ,
1436 3466 1562 3518 dant
1607 3480 1824 3534 cperant

241 3557 375 3614 bene
396 3559 762 3628 judicantibus
789 3573 892 3612 non
921 3559 1218 3627 displicere.
1247 3557 1381 3612 Sunt
1409 3558 1548 3610 enim
1577 3556 1738 3609 multa
1773 3557 1824 3610 in

243 3652 476 3705 moribus
505 3652 665 3718 bona,
691 3649 760 3705 de
789 3651 982 3720 quibus
1011 3651 1160 3704 multi
1191 3650 1325 3704 bene
1351 3649 1612 3718 judicant,
1640 3665 1826 3718 quam-

242 3741 314 3796 vis
338 3757 403 3795 ea
449 3742 603 3797 multi
643 3757 750 3796 non
779 3743 1005 3796 nabeant
1034 3757 1050 3794 :
1083 3755 1176 3811 per
1207 3755 1272 3794 ea
1297 3741 1310 3771 ⁸
1343 3739 1479 3793 bona
1510 3754 1717 3794 morum
1747 3738 1828 3792 ni-

243 3840 423 3886 tuntur
449 3831 516 3886 ad
545 3833 769 3903 gloriam
797 3840 852 3887 et
877 3832 1153 3902 imperium
1179 3832 1259 3885 vel
1291 3830 1728 3894 dominationem,
1760 3829 1827 3884 de

243 3923 432 3991 quibus
472 3925 551 3977 ait
575 3923 862 3979 Sallustius
885 3965 900 3988 ,
930 3923 1036 3978 Sed
1073 3923 1157 3977 ille
1184 3939 1300 3977 vera
1338 3923 1419 3976 via
1444 3924 1634 3976 nititur.
1665 3922 1826 3988 Quis-

243 4015 355 4085 quis
379 4025 565 4070 antent
590 4017 708 4071 sine
733 4016 1022 4085 cupiditate
1050 4015 1232 4086 gloria:
1255 4057 1271 4080 ,
1299 4030 1400 4086 qua
1427 4025 1640 4070 veretur
1670 4015 1828 4069 homo

249 4105 380 4161 bene
395 4105 762 4175 judicantibus
788 4106 1090 4176 displicere,
1113 4105 1374 4160 dominari
1394 4115 1550 4176 atque
1569 4107 1828 4176 imperare

245 4199 534 4263 desiderat,
549 4200 707 4254 etiam
728 4198 1165 4268 perapertissima
1186 4199 1385 4253 seelera
1401 4198 1586 4267 quaerit
1602 4198 1831 4266 plerum-

245 4306 344 4358 que
355 4291 606 4345 obtinere
626 4290 766 4360 quod
785 4289 972 4360 diligit.
998 4289 1225 4344 Proinde
1242 4289 1327 4360 qui
1349 4291 1571 4359 gloriam
1588 4291 1830 4360 concupi-

246 4383 362 4445 scit,
385 4390 481 4434 aut
503 4396 633 4436 vera
658 4383 741 4436 via
761 4382 962 4446 nititur,
990 4387 1080 4433 aut
1105 4389 1248 4434 certe
1269 4381 1408 4434 dolis
1425 4393 1582 4451 atque
1609 4381 1830 4436 fallaciis

247 4474 558 4536 contendit,
607 4473 794 4528 volens
822 4473 990 4526 bonus
1018 4469 1183 4526 videri
1225 4485 1345 4525 esse
1364 4473 1406 4538 ',
1449 4471 1587 4541 quod
1617 4488 1720 4526 non
1743 4482 1824 4526 est

246 4563 492 4633 (Sallust.
507 4566 559 4618 in
575 4563 754 4636 Catil.)
785 4565 847 4619 Et
859 4565 976 4620 ideo
991 4567 1216 4622 virtutes
1233 4563 1447 4619 habenti
1466 4580 1650 4634 magna
1666 4567 1830 4622 virtus

246 4664 326 4709 est
339 4666 690 4712 contemnere
715 4656 966 4726 gloriam;
991 4658 1112 4728 quia
1137 4665 1474 4727 contemptus
1501 4655 1616 4726 ejus
1643 4657 1694 4710 in
1711 4671 1832 4711 con-

250 4758 429 4818 spectu
461 4749 553 4802 Dei
582 4757 667 4804 est
689 4791 703 4813 ,
730 4749 930 4817 judicio
954 4760 1131 4804 autem
1171 4765 1275 4804 non
1303 4749 1537 4819 aperitur
1575 4748 1826 4804 humano.

253 4839 508 4909 Quidquid
539 4839 680 4894 enim
727 4841 910 4896 fecerit
933 4839 998 4895 ad
1026 4839 1209 4895 oculos
1235 4840 1507 4894 hominum
1533 4881 1550 4907 ,
1577 4855 1681 4910 quo
1709 4841 1828 4908 glo-

253 4929 338 4984 ri:e
372 4938 709 4998 contemptor
738 4939 1026 4999 appareat,
1057 4930 1124 4985 ad
1155 4929 1410 4998 majorem
1450 4929 1656 4984 laudem
1682 4972 1696 4995 ,
1728 4931 1830 4986 hoc

253 5031 331 5075 est
352 5024 417 5075 ad
447 5022 705 5091 majorem
731 5021 954 5091 gloriam
979 5063 994 5088 ,
1022 5021 1201 5078 facere
1225 5022 1268 5077 si
1295 5020 1546 5076 credatur
1565 5059 1582 5086 ,
1615 5036 1719 5074 non
1746 5028 1830 5076 est

251 5113 389 5168 unde
412 5129 471 5169 se
493 5114 878 5183 suspicantium
913 5112 1163 5169 sensibus
1184 5114 1342 5168 aliter
1367 5128 1487 5168 esse
1510 5153 1525 5179 ,
1553 5127 1710 5182 quam
1737 5126 1828 5166 su-

253 5207 517 5272 spicantur
539 5248 553 5268 ,
600 5204 866 5260 ostendat.
897 5203 1001 5259 Sed
1030 5206 1118 5274 qui
1162 5206 1456 5259 contemnit
1483 5204 1678 5272 judicia
1710 5203 1825 5256 lau-

253 5293 500 5359 dantium,
519 5294 817 5349 contemnit
843 5294 1002 5348 etiam
1024 5293 1404 5363 suspicantium
1434 5293 1784 5347 temeritatem
1809 5308 1822 5346 :

251 5399 463 5453 quorum
492 5385 696 5449 tamen,
725 5384 775 5438 si
801 5400 925 5439 vere
955 5385 1124 5440 bonus
1161 5393 1262 5448 est,
1293 5400 1397 5438 non
1424 5383 1716 5438 contemnit
1750 5397 1830 5436 sa-

249 5473 400 5533 lutem
424 5495 440 5546 ;
467 5479 725 5550 quoniam
758 5486 916 5531 tanta:
936 5477 1153 5547 justitiae
1188 5487 1266 5532 est
1293 5477 1383 5547 qui
1411 5475 1477 5530 de
1505 5475 1702 5546 Spiritu
1730 5473 1826 5529 Dei

303 5613 320 5644 ¹
353 5613 482 5674 Editt,
504 5620 550 5664 et
573 5623 768 5676 per_ea.
795 5608 957 5676 abest,
980 5613 1041 5665 et,
1066 5620 1093 5657 a
1118 5608 1468 5676 manuscriptis.

301 5676 319 5705 ⁸
350 5666 481 5750 Γληιῇ
499 5666 677 5787 ἓὶἀενὶ
699 5673 828 5736 quod
852 5666 948 5722 non
975 5678 1080 5733 est;
1103 5673 1296 5734 ouusso,
1323 5666 1444 5730 esse,
1477 5666 1605 5732 quod
1641 5667 1826 5719 habent

301 5751 492 5787 ιιιιωυηι,
538 5772 554 5786 .

238 5748 554 5800 Musonio.

1583 279 1787 342 LIBER
1809 283 2138 356 QUINTUS.

3398 305 3504 366 166

1928 401 2156 456 virtutes
2181 400 2339 458 habet
2362 411 2467 470 ,‘ut
2491 403 2649 462 etiam
2677 405 2820 478 ipsos
2845 407 3024 482 diligat
3047 412 3328 483 inimicos;
3359 431 3412 475 et
3437 424 3508 476 ita

1927 493 2148 564 diligat,
2181 504 2241 550 ut
2281 511 2406 550 suos
2446 512 2631 554 osores
2653 500 2669 531 ί
2704 500 2785 555 vel
2815 501 3144 560 detractores
3183 509 3314 564 velit
3337 525 3514 569 corrui

1926 593 2042 638 ctus
2072 584 2268 640 habere
2294 597 2569 642 consortes
2594 606 2607 653 ;
2637 606 2741 644 non
2769 592 2820 645 iu
2855 601 3062 648 terrena
3089 597 3279 666 patria,
3307 600 3401 654 sed
3430 617 3516 656 suo

1927 690 2091 744 perna
2125 693 2137 728 :
2172 676 2223 730 in
2245 677 2613 734 laudatoribus
2637 690 2816 738 autem
2840 684 2951 739 suis
2974 687 3213 756 quamvis
3237 689 3516 760 parvipen-

1926 766 2017 822 dat
2041 767 2178 837 quod
2209 784 2328 822 eum
2371 769 2623 836 laudant,
2651 788 2755 828 non
2799 782 2973 831 tamen
3001 779 3340 850 parvipendit
3363 783 3512 852 quod

1926 867 2142 922 amant;
2177 873 2276 912 nec
2318 873 2411 912 eos
2441 859 2548 912 vult
2595 859 2780 916 fallere
2825 864 3137 934 laudantes,
3167 884 3235 924 ne
3276 870 3510 942 decipiat

1926 947 2241 1018 diligentes:
2269 949 2494 1022 ideoque
2520 953 2680 1006 instat
2707 955 2975 1026 ardenter,
3006 969 3064 1012 ut
3086 962 3260 1030 potius
3289 962 3377 1018 ille
3403 965 3514 1020 lau-

1927 1037 2086 1092 detur
2107 1079 2121 1102 ,
2153 1055 2182 1094 a
2214 1055 2317 1110 quo
2345 1040 2504 1097 habet
2545 1043 2702 1098 homo
2730 1046 2984 1117 quidquid
3023 1049 3074 1104 in
3105 1053 3308 1121 eojure
3335 1055 3513 1112 lauda-

1929 1139 2030 1184 tur.
2073 1130 2170 1198 Qui
2202 1143 2378 1187 autem
2404 1143 2740 1206 contemptor
2762 1138 2941 1208 gloria:
2964 1180 2980 1206 ,
3008 1140 3383 1201 dominationis
3421 1155 3508 1204 est

1927 1224 2110 1278 avidus
2133 1268 2149 1292 ,
2180 1225 2376 1299 bestias
2420 1239 2634 1298 superat
2679 1229 2792 1284 sive
2834 1232 3159 1289 crudelitatis
3186 1237 3323 1296 vitiis
3345 1279 3361 1305 ,
3393 1241 3509 1298 sive

1926 1313 2168 1368 luxuriae.
2200 1314 2354 1372 Tales
2382 1317 2594 1387 quidam
2635 1317 2857 1374 Romani
2896 1319 3111 1377 fuerunt
3143 1338 3155 1376 :
3189 1341 3292 1381 non
3319 1329 3460 1383 enim
3484 1370 3503 1402 ,

1927 1417 2051 1456 cura
2095 1403 2499 1460 existimationis
2528 1407 2722 1468 amissa
2747 1448 2762 1474 ,
2811 1409 3186 1467 dominationis
3215 1417 3506 1484 cuptditate

1925 1503 2230 1548 caruerunt.
2279 1493 2471 1549 Multos
2501 1497 2630 1550 tales
2676 1497 2837 1552 fuisse
2862 1541 2877 1565 ,
2911 1500 3087 1570 prodit
3116 1501 3336 1559 historia
3370 1524 3383 1559 :
3415 1507 3511 1563 sed

1928 1581 2083 1651 hujus
2112 1585 2220 1637 vitii
2247 1585 2603 1642 summitatem
2634 1596 2685 1642 et
2715 1590 2865 1660 quasi
2892 1607 3069 1647 arcem
3097 1596 3377 1663 quamdam
3417 1599 3495 1655 Ne

1927 1687 1987 1726 ro
2012 1672 2188 1729 CmSar
2216 1676 2416 1745 primus
2441 1678 2666 1732 obtinuit
2692 1695 2705 1746 ;
2748 1679 2899 1750 cujus
2927 1681 3025 1735 fuit
3052 1692 3192 1739 tanta
3233 1686 3469 1744 luxuries
3491 1729 3510 1756 ,

1928 1773 1985 1818 ut
2012 1764 2138 1819 nihil
2167 1765 2235 1820 ab
2260 1782 2323 1822 eo
2355 1776 2627 1837 putaretur
2655 1769 2805 1824 virile
2830 1772 3204 1841 metuendum;
3226 1783 3367 1838 tanta
3394 1793 3511 1833 cru-

1925 1855 2115 1909 delitas
2139 1897 2153 1921 ,
2185 1866 2240 1911 ttt
2266 1858 2394 1912 nihil
2422 1859 2582 1913 molle
2611 1858 2805 1920 habere
2840 1861 3146 1917 crederetur
3168 1906 3183 1932 ,
3213 1866 3257 1919 si
3286 1868 3512 1923 nescire-

1927 1954 2030 1999 tur.
2063 1947 2229 2001 Etiam
2261 1948 2450 2003 talibus
2478 1959 2652 2004 tamen
2681 1949 2984 2006 dominandi
3017 1963 3252 2023 potestas
3291 1973 3394 2012 non
3421 1959 3511 2014 da-

1929 2045 2012 2091 tur
2037 2038 2134 2091 nisi
2161 2039 2354 2093 summi
2386 2039 2481 2094 Dei
2510 2039 2836 2109 providentia
2863 2084 2876 2106 ,
2905 2043 3114 2114 quando
3139 2061 3227 2100 res
3249 2046 3510 2105 humanas

1921 2129 2124 2198 judicat
2153 2132 2341 2188 talibus
2381 2132 2612 2187 dominis
2641 2134 2846 2204 dignas.
2875 2136 3072 2206 Aperta
3099 2137 3165 2196 de
3194 2139 3292 2195 hac
3324 2157 3382 2197 re
3407 2157 3513 2201 vox

1926 2221 2099 2276 divina
2129 2233 2212 2279 est
2235 2266 2250 2290 ,
2281 2224 2528 2294 loquente
2553 2226 2646 2280 Dei
2685 2227 2941 2297 sapientia
2975 2245 2988 2281 :
3023 2228 3127 2285 Per
3153 2248 3230 2286 me
3255 2249 3396 2302 rcges
3424 2251 3512 2288 re-

1927 2323 2100 2383 gnant,
2119 2324 2165 2368 et
2194 2317 2396 2385 tyranni
2422 2333 2510 2386 per
2533 2333 2612 2370 me
2639 2327 2806 2371 tenent
2835 2327 3016 2372 terram
3049 2319 3228 2392 (Prov.
3262 2339 3374 2392 vttt,
3397 2324 3508 2394 15).

1927 2405 2031 2460 Sed
2065 2422 2131 2482 ne
2163 2409 2506 2486 tyrannLnon
2531 2411 2746 2480 pessimi
2775 2420 2933 2480 atque
2965 2413 3188 2482 improbi
3220 2431 3392 2486 rcges,
3416 2416 3513 2482 sed

1929 2508 2108 2553 vetere
2152 2502 2367 2556 nomine
2409 2501 2576 2558 fortes
2619 2501 2746 2558 dicti
2797 2503 3167 2562 existimentur
3194 2547 3210 2572 ,
3252 2507 3392 2564 unde
3437 2508 3514 2572 ait

1930 2588 2182 2658 Virgilius
2206 2631 2221 2652 ,

1989 2686 2099 2729 Pars
2121 2679 2234 2728 mihi
2257 2681 2388 2744 pacis
2411 2682 2521 2741 erit,
2549 2681 2770 2748 dextram
2796 2684 3019 2748 tetigisse
3041 2686 3228 2748 tyranni
3249 2699 3268 2748 ς

2547 2741 2766 2805 (sueta.
2796 2741 2949 2804 no.7,
2977 2741 3098 2796 vers.
3124 2744 3268 2810 sse.)

1927 2821 2261 2890 apertissime
2287 2822 2389 2875 alio
2417 2823 2536 2878 loco
2569 2824 2636 2878 de
2669 2824 2775 2879 Deo
2801 2825 2999 2880 dictum
3029 2836 3129 2893 est,
3161 2828 3260 2893 Qui
3293 2844 3508 2899 regnare

1930 2914 2052 2982 facit
2097 2913 2350 2966 hominem
2397 2915 2711 2984 hypocritam
2757 2926 2959 2987 propter
3000 2921 3368 2988 perversitatem
3414 2941 3511 2993 po-

1930 3001 2034 3070 puli
2057 3001 2177 3072 (Job
2203 3019 2379 3067 xxxw,
2407 3004 2518 3074 50).
2539 3005 2894 3073 Quamobrem
2913 3050 2926 3072 ,
2952 3011 3194 3079 quamvis
3213 3052 3228 3076 ,
3252 3020 3308 3066 ut
3335 3014 3508 3084 potui,-

1929 3091 2058 3145 satis
2095 3095 2430 3160 exposuerim
2472 3111 2572 3164 qtta
2615 3111 2774 3151 causa
2806 3097 2945 3152 Deus
2972 3116 3108 3154 unus
3147 3118 3303 3156 verus
3347 3115 3401 3160 et
3422 3106 3514 3175 ju-

1930 3190 2042 3235 stus
2087 3182 2354 3236 Romanos
2393 3185 2685 3239 secundum
2714 3189 2996 3256 quamdam
3031 3190 3250 3245 formam
3281 3203 3507 3249 terrena:

1929 3266 2154 3342 civ.is
2178 3271 2343 3325 honos
2364 3272 2626 3340 adjuvcrit
2653 3276 2718 3328 ad
2742 3278 2868 3328 tanti
2897 3277 3102 3346 imperii
3131 3280 3354 3348 gloriam
3375 3298 3510 3337 cott-

1930 3362 2251 3432 sequendam
2284 3381 2297 3416 :
2329 3373 2502 3433 potest
2533 3374 2706 3419 tamen
2755 3377 2809 3420 et
2850 3367 2949 3420 alia
2991 3383 3148 3423 causa
3189 3384 3309 3424 esse
3338 3372 3511 3427 laten-

1929 3455 2050 3518 tior,
2081 3463 2298 3524 propter
2321 3449 2533 3510 diversa
2557 3458 2742 3512 merita
2771 3459 2982 3526 generis
3008 3459 3242 3526 humani,
3269 3463 3377 3518 Deo
3401 3479 3514 3518 ma-

1931 3545 2014 3616 gis
2038 3556 2160 3600 nota
2192 3561 2351 3615 quam
2386 3547 2577 3612 nobis;
2610 3548 2732 3602 dum
2773 3549 2897 3603 illud
2927 3558 3137 3605 constet
3166 3552 3302 3606 inter
3327 3568 3516 3610 omnes

1932 3639 2197 3692 veraciter
2225 3639 2360 3707 pios,
2385 3640 2650 3692 neminem
2683 3639 2798 3694 sine
2819 3655 2942 3695 vera
2972 3642 3189 3710 pietate,
3213 3644 3262 3697 id
3289 3654 3372 3698 est
3398 3646 3509 3700 veri

1933 3728 2022 3782 Dei
2053 3743 2176 3782 vero
2204 3728 2366 3791 cultu,
2394 3743 2574 3784 veram
2605 3745 2758 3798 posse
2781 3729 2976 3785 habere
3003 3731 3247 3786 virtutem
3267 3733 3344 3804 (α)
3368 3749 3384 3800 ;
3413 3750 3512 3790 nec

1929 3834 2047 3874 eam
2075 3836 2252 3874 veram
2281 3835 2420 3883 esse,
2448 3821 2662 3889 quando
2687 3821 2872 3892 gloria:
2910 3823 3072 3878 servit
3107 3823 3373 3880 humanm.
3407 3828 3516 3883 Eos

1929 3920 2108 3963 tamen
2135 3911 2224 3980 qui
2249 3911 2392 3965 cives
2420 3927 2526 3965 non
2556 3913 2664 3966 sint
2687 3913 2916 3968 civitatis
2935 3924 3168 3980 :eteroae,
3195 3933 3315 3986 qua:
3341 3918 3393 3972 in
3424 3934 3514 3974 sa-

1930 4002 2035 4056 cris
2063 4001 2276 4056 Litteris
2311 4003 2508 4057 nostris
2537 4003 2732 4058 dicitur
2753 4004 2938 4059 civitas
2969 4005 3059 4059 Dei
3091 4005 3264 4078 (Psat.
3291 4023 3410 4071 xu,
3443 4011 3512 4073 5;

1932 4103 1979 4147 et
2010 4109 2168 4156 χιι-η,
2201 4095 2235 4149 5
2259 4103 2306 4147 et
2335 4094 2390 4158 9,
2419 4094 2561 4166 etc.),
2597 4095 2835 4151 utiliores
2862 4111 2982 4150 esse
3025 4106 3250 4153 terrena:
3287 4100 3512 4164 civitati,

1931 4185 2142 4253 quando
2187 4185 2383 4240 habent
2436 4186 2683 4240 virtutem
2728 4187 2812 4242 vel
2862 4187 3060 4256 ipsam,
3111 4204 3267 4258 quam
3313 4192 3357 4244 si
3417 4207 3516 4248 nec

1933 4275 2122 4343 ipsam.
2175 4275 2246 4330 llli
2293 4286 2469 4330 autem
2500 4277 2590 4346 qui
2633 4292 2755 4331 vera
2799 4277 2994 4346 pietate
3039 4278 3244 4347 praediti
3275 4279 3411 4336 bene
3437 4283 3517 4335 vi-

1932 4377 2054 4419 vont
2086 4408 2098 4429 ,
2152 4367 2196 4420 si
2244 4366 2440 4422 habent
2491 4368 2764 4422 scientiam
2811 4368 3026 4438 regendi
3079 4373 3338 4439 populos,
3383 4371 3516 4430 nihil

1933 4468 2014 4510 est
2049 4457 2252 4512 felicius
2299 4459 2456 4512 rebus
2490 4457 2756 4522 humanis,
2800 4475 2956 4528 quam
2997 4460 3039 4512 si
3081 4459 3189 4514 Deo
3229 4461 3515 4516 miserante

1934 4548 2162 4603 habeant
2209 4557 2541 4618 potestatem.
2587 4549 2744 4603 Tales
2784 4557 2960 4602 autem
3008 4549 3250 4606 homines
3291 4552 3515 4608 virtutes

1932 4655 2077 4706 suas,
2107 4649 2556 4710 quautascumque
2585 4640 2634 4694 in
2663 4640 2761 4694 bac
2779 4641 2882 4692 vita
2911 4650 3134 4710 possunt
3151 4641 3380 4714 habere,
3405 4659 3513 4701 non

1935 4731 2172 4786 tribuunt
2219 4730 2316 4785 nisi
2361 4731 2544 4800 gratiae
2585 4729 2697 4791 Dei,
2740 4730 2878 4799 quod
2919 4745 3010 4785 eas
3041 4732 3357 4799 volentibus,
3389 4749 3513 4789 cre-

1933 4823 2202 4888 dentibus,
2253 4821 2552 4892 petentibus
2595 4821 2834 4886 dederit;
2879 4821 3142 4892 simulque
3183 4822 3503 4893 intelligunt,

1933 4926 2186 4987 quantum
2231 4916 2328 4971 sibi
2360 4896 2496 4970 dasit
2541 4915 2605 4970 ad
2653 4915 3031 4985 perfectionem
3065 4915 3304 4985 justitize,
3335 4919 3507 4986 quali!

1933 5017 2014 5062 est
2043 5009 2091 5061 in
2123 5008 2330 5062 illorum
2354 5017 2657 5062 sanctorum
2688 5007 3008 5077 Angelorum
3036 5008 3305 5069 societate,
3334 5009 3416 5062 cui
3447 5024 3509 5065 se

1933 5101 2172 5154 nituntur
2195 5107 2399 5169 aptare.
2440 5098 2834 5168 Quantutnlibet
2863 5109 3038 5152 autem
3085 5097 3326 5152 laudetur
3351 5109 3512 5168 atque

1933 5192 2250 5262 praedicetur
2277 5192 2464 5256 virtus,
2487 5205 2604 5262 quae
2630 5190 2743 5244 sine
2773 5203 2897 5243 vera
2926 5187 3122 5258 pietate
3147 5187 3312 5242 servit
3338 5188 3514 5244 homi-

1932 5299 2058 5337 num
2103 5282 2306 5352 glorite,
2365 5295 2697 5352 nequaquam
2742 5288 3046 5336 sanctorum
3099 5278 3303 5347 exiguis
3346 5279 3512 5335 initiis

1929 5375 2285 5446 comparanda
2314 5382 2416 5438 est,
2443 5387 2669 5444 quorum
2700 5384 2823 5440 spes
2849 5367 3018 5442 posita
3058 5379 3141 5426 est
3176 5370 3227 5425 io
3257 5371 3420 5442 gratia
3452 5380 3507 5452 et

1929 5467 2290 5525 misericordia
2317 5466 2429 5522 veri
2456 5465 2569 5522 Dei.

1990 5601 2008 5633 ⁸
2041 5603 2114 5651 Sic
2135 5598 2267 5650 \‘ind.
2291 5607 2391 5648 Am.
2415 5603 2488 5645 Er.
2515 5603 2567 5645 et
2589 5593 2813 5658 plerique
2834 5601 2940 5648 Mss.
2963 5600 3017 5644 At
3037 5598 3168 5657 Dom,
3193 5600 3246 5646 ut
3282 5609 3496 5649 susurro-

1926 5675 2061 5788 miiz)
2087 5723 2199 5774 Vide
2225 5721 2360 5781 infra,
2381 5720 2466 5769 lib.
2497 5718 2573 5778 to,
2595 5731 2700 5781 cap.
2726 5716 2805 5767 2:5.
