4064 6484
513 275 631 333 ΜΤ

509 381 733 444 CAPUT
773 380 893 436 XX.
913 409 986 422 --
1009 379 1136 434 Tam
1163 377 1374 447 turpiter
1402 377 1586 430 seruire
1617 377 1821 431 virtutes
1852 375 2104 430 humanae.

841 451 1037 522 σιω-ἕω,
1061 465 1210 520 quam
1238 447 1464 516 corporis
1492 447 1759 516 voluptati.

579 543 766 600 Solent
793 540 1110 612 philosophi,
1159 542 1246 608 qui
1286 536 1445 592 ﬁnem
1474 536 1596 590 boni
1625 535 1841 589 humani
1882 534 1935 590 in
1976 534 2090 605 ipsa

509 633 708 687 virtute
735 631 1081 696 constituunt,
1104 628 1171 682 ad
1203 626 1547 698 ingerendum
1581 625 1835 695 pudorem
1869 625 2090 694 quibus-

511 721 634 777 dam
675 719 1022 791 philosophis,
1060 718 1150 789 qui
1193 718 1416 772 virtutes
1445 715 1659 788 quidem
1701 716 1951 786 probant,
1997 714 2091 770 sed

512 828 604 868 eas
631 811 912 882 voluptatis
947 808 1238 879 corporalis
1264 807 1369 863 line
1395 807 1703 871 metiuntur,
1734 813 1786 860 et
1830 805 1971 859 illam
1997 820 2093 875 per

511 904 752 973 seipsam
781 908 967 972 putant
991 899 1366 970 appetendam,
1390 898 1520 952 istas
1550 905 1766 968 propter
1790 896 1978 966 ipsam,
2009 906 2092 949 ta-

513 994 690 1048 bulam
719 993 1002 1063 quamdam
1029 991 1208 1047 verbis
1237 989 1473 1062 pingere,
1505 989 1591 1043 ubi
1620 988 1863 1057 voluptas
1889 987 1939 1040 in
1961 986 2092 1042 sella

513 1083 678 1154 regali
705 1083 854 1153 quasi
885 1081 1109 1136 delicata
1141 1079 1382 1150 quaedam
1419 1080 1599 1152 regina
1625 1077 1892 1143 considat;
1937 1077 2093 1146 eique

512 1175 737 1230 virtutes
760 1174 969 1230 famula:
994 1172 1362 1244 subjiciantur,
1385 1171 1727 1226 observantes
1749 1169 1863 1239 ejus
1882 1179 2090 1236 nutum,

517 1273 577 1320 ut
605 1265 803 1320 faciant
830 1263 970 1335 quod
1001 1263 1089 1318 illa
1128 1261 1505 1332 imperaverit:
1536 1275 1654 1328 qua:
1697 1259 1986 1329 prudentia:
2011 1260 2094 1328 ju-

513 1354 658 1422 beat,
683 1363 739 1410 ut
757 1355 1033 1424 vigilanter
1062 1353 1312 1422 inquirat,
1332 1351 1596 1421 quomodo
1621 1350 1862 1418 voluptas
1886 1360 2091 1420 regnet,

514 1454 570 1500 et
595 1445 738 1500 salva
767 1445 864 1510 sit;
887 1443 1107 1513 justitim
1126 1441 1331 1511 jubeat,
1365 1449 1424 1496 ut
1452 1448 1668 1511 praestet
1693 1438 1944 1493 beneﬁcia
1976 1455 2094 1508 qua:

514 1543 690 1605 potest
718 1534 784 1588 ad
827 1531 1208 1601 comparandas
1237 1528 1495 1584 amicitias
1543 1528 1907 1599 corporalibus
1950 1543 2094 1582 com-

515 1627 689 1681 modis
725 1624 1088 1688 necessarias;
1131 1621 1260 1676 nulli
1289 1620 1447 1676 faciat
1487 1620 1756 1690 injuriam,
1785 1635 1852 1675 ne
1879 1618 2095 1674 olfensis

515 1717 724 1787 legibus
753 1716 995 1784 voluptas
1015 1715 1194 1768 vivere
1218 1727 1407 1768 secura
1437 1727 1543 1767 non
1577 1712 1777 1782 possit;
1802 1709 2094 1765 fortitudini

511 1807 715 1878 jubeat,
740 1815 818 1875 ut,
842 1807 884 1860 si
907 1805 1068 1859 dolor.
1082 1803 1293 1873 corpori
1319 1803 1590 1868 acciderit,
1613 1802 1702 1872 qui
1731 1817 1838 1856 non
1864 1801 2098 1870 compel-

519 1898 594 1953 lat
642 1898 694 1952 in
737 1905 984 1961 mortem,
1018 1903 1194 1950 teneat
1222 1893 1493 1948 dominam
1539 1907 1712 1958 suam,
1758 1890 1812 1947 id
1841 1899 1923 1946 est
1947 1890 2098 1944 volu-

515 1997 735 2060 ptatem,
769 1988 977 2042 fortiter
1000 1987 1052 2041 in
1077 1985 1239 2041 animi
1276 1985 1614 2057 cogitatione,
1641 1991 1698 2037 ut
1726 1998 1824 2055 per
1849 1982 2098 2054 pristina-

514 2095 632 2134 rum
663 2077 975 2134 deliciarum
1003 2092 1215 2132 snarum
1248 2075 1673 2131 recordationem
1721 2074 1927 2143 mitiget
1955 2089 2096 2144 prte-

516 2170 683 2224 scnlis
703 2169 901 2223 doloris
927 2167 1175 2233 aculeos;
1201 2165 1567 2234 temperantia:
1586 2164 1790 2233 jubeat,
1813 2172 1870 2217 ut
1893 2171 2097 2217 tantum

517 2263 692 2332 capiat
721 2262 1114 2326 alimentorum,
1148 2265 1221 2324 et,
1251 2257 1295 2311 si
1321 2271 1423 2328 qua
1461 2254 1752 2320 delectant,
1783 2269 1850 2308 ne
1875 2269 1971 2324 per
2001 2254 2098 2306 im-

517 2351 938 2408 moderationem
968 2350 1184 2405 noxium
1213 2347 1410 2418 aliquid
1430 2345 1787 2402 valetudinem
1818 2345 2018 2410 turbet,
2047 2351 2101 2399 et

515 2441 781 2512 voluptas,
810 2456 968 2512 quam
1013 2439 1174 2494 etiam
1221 2438 1275 2493 in
1319 2437 1558 2506 corporis
1597 2435 1824 2490 sanitate
1855 2432 2098 2503 Epicurei

519 2533 808 2588 maximam
855 2539 1079 2600 ponunt,
1119 2529 1349 2599 graviter
1391 2526 1708 2582 olfendatur.
1753 2523 1830 2580 Ita
1878 2525 2100 2579 virtutes

518 2637 640 2678 cum
685 2628 792 2675 tota
836 2635 948 2676 suae
984 2619 1168 2690 gloriae
1191 2617 1480 2688 dignitate‘
1523 2627 1769 2686 tanquam
1801 2614 2100 2685 imperiosze

519 2714 729 2770 cuidam
771 2723 826 2767 et
871 2712 1168 2767 inhonestae
1194 2709 1521 2764 muliercula:
1551 2708 1785 2762 servient
1821 2705 2098 2774 voluptati.

520 2804 662 2860 Nihil
701 2804 802 2859 hac
836 2803 1038 2872 pictura
1081 2800 1268 2855 dicunt
1308 2813 1428 2854 esse
1472 2797 1875 2868 ignominiosius
1913 2806 1966 2849 et
2010 2795 2104 2849 de-

522 2897 766 2960 formius,
807 2903 863 2950 et
889 2893 1031 2963 quod
1069 2892 1248 2946 minus
1284 2888 1430 2946 ferre
1458 2889 1716 2944 bonorum
1749 2887 1915 2956 possit
1944 2901 2102 2956 aspce

523 2998 639 3044 ctus
680 3005 696 3043 :
729 2995 784 3042 et
809 3000 992 3042 verum
1022 2983 1222 3040 dicunt.
1259 2981 1366 3037 Sed
1411 2995 1515 3035 non
1564 2979 1809 3034 existimo
1852 2977 1980 3031 satis
2006 2975 2102 3029 de-

524 3079 618 3135 biti
659 3079 868 3136 decoris
914 3091 1036 3132 esse
1073 3077 1354 3146 picturam,
1402 3073 1449 3128 si
1491 3073 1652 3127 etiam
1695 3071 1816 3125 talis
1859 3070 2101 3137 tingatur.

526 3170 617 3226 ubi
643 3171 869 3226 virtutes
896 3169 1140 3224 humanm
1166 3166 1350 3238 gloriae
1380 3164 1633 3220 serviant.
1664 3161 1811 3217 Licet
1835 3161 1975 3216 enim
2006 3160 2103 3213 ista

527 3262 694 3335 gloria
733 3261 956 3317 delicata
986 3259 1176 3314 mulier
1221 3272 1325 3311 non
1363 3256 1453 3322 sit,
1495 3255 1674 3308 inllata
1704 3262 1879 3308 tamen
1921 3256 2022 3333 t.
2055 3258 2108 3305 et

526 3354 749 3410 multum
775 3351 1044 3407 inanitatis
1076 3348 1251 3404 habet.
1279 3345 1431 3404 Unde
1452 3360 1559 3402 non
1579 3345 1626 3399 ei
1652 3343 1808 3412 digne
1832 3343 1996 3416 servit
2020 3358 2107 3392 so-

528 3445 706 3500 liditas
728 3441 971 3512 quaedam
1015 3439 1342 3508 ﬁrmitasque
1367 3437 1642 3502 virtutum,
1686 3441 1745 3487 ut
1771 3431 1899 3486 nihil
1933 3431 2110 3500 provi-

527 3535 652 3591 deat
682 3533 981 3604 prudentia,
1020 3531 1151 3586 nihil
1191 3529 1478 3584 distribuat
1506 3526 1733 3596 justitia,
1760 3524 1891 3578 nihil
1919 3524 2109 3577 toleret

531 3625 807 3691 fortitudo,
831 3624 962 3679 nihil
985 3621 1330 3690 temperantia
1357 3617 1681 3682 moderetur,
1715 3615 1814 3669 nisi
1839 3614 1978 3669 unde
2000 3613 2109 3682 pla-

530 3726 715 3772 ceatur
758 3713 1060 3770 hominibus
1105 3722 1160 3766 et
1186 3721 1420 3764 ventosae
1449 3708 1633 3779 gloriae
1676 3705 1959 3761 serviatur.
2002 3704 2112 3759 Nec

532 3807 610 3861 illi
653 3821 712 3860 se
750 3806 817 3860 ab
845 3806 944 3859 ista
986 3802 1224 3859 fmditate
1251 3799 1608 3863 defenderint,
1637 3798 1747 3867 qui,
1786 3812 1910 3852 cum
1939 3796 2108 3850 aliena

533 3905 791 3969 Spernant
826 3895 1023 3964 judicia
1055 3894 1202 3949 velut
1226 3891 1408 3962 gloria:
1444 3897 1861 3958 contemptores,
1892 3888 1990 3942 sibi
2026 3903 2112 3940 sa-

534 3990 742 4059 pientes
769 3985 1015 4041 videntur
1041 3993 1095 4039 et
1122 3984 1220 4039 sibi
1262 3982 1493 4050 placent.
1534 3979 1668 4034 Nam
1708 3993 1892 4034 eorum
1920 3979 2109 4054 virtus,

451 4139 456 4143 ,
535 4078 582 4134 si
613 4086 788 4132 tamen
813 4075 920 4132 ulla
945 4083 1049 4140 est,
1087 4073 1192 4128 alio
1219 4069 1376 4126 modo
1401 4069 1631 4139 quodam
1659 4069 1903 4122 humana:
1928 4068 2111 4122 subdi-

537 4177 624 4224 tur
643 4166 785 4222 laudi
809 4183 823 4219 :
855 4179 1026 4234 neque
1055 4165 1195 4219 enim
1219 4161 1332 4232 ipse
1359 4161 1449 4232 qui
1471 4160 1570 4215 sibi
1601 4159 1793 4229 placet,
1820 4158 1978 4213 homo
2009 4175 2113 4212 non

536 4267 638 4316 est.
669 4258 769 4324 Qui
809 4263 985 4310 autem
1019 4269 1144 4309 vera
1171 4254 1366 4323 pietate
1406 4251 1460 4306 in
1506 4251 1694 4316 Deum,
1725 4263 1882 4317 quem
1921 4249 2111 4318 diligit,

535 4346 707 4403 credit
734 4353 790 4402 et
831 4353 1033 4415 sperat,
1071 4343 1189 4413 plus
1224 4340 1452 4397 intendit
1481 4340 1530 4394 in
1576 4355 1658 4404 ea,
1706 4339 1759 4392 in
1785 4338 1975 4408 quibus
2014 4338 2115 4392 sibi

537 4435 803 4506 displicet,
830 4449 990 4505 quam
1025 4434 1078 4488 in
1115 4447 1199 4495 ea,
1250 4433 1294 4485 si
1325 4445 1428 4501 qua
1475 4430 1526 4484 in
1558 4430 1648 4483 illo
1675 4436 1821 4495 sunt,
1850 4444 1967 4497 quae
2010 4444 2115 4481 non

541 4539 647 4584 tam
675 4527 774 4596 ipsi
795 4539 952 4596 quam
973 4523 1182 4578 veritati
1210 4521 1419 4591 placent
1447 4539 1460 4574 :
1485 4535 1654 4589 neque
1677 4519 1728 4574 id
1752 4519 1952 4586 tribuit,
1979 4519 2117 4574 unde

537 4619 650 4690 jam
680 4623 852 4686 potest
869 4615 1101 4685 placere,
1127 4611 1226 4666 nisi
1252 4611 1368 4680 ejus
1395 4608 1797 4676 misericordiae,
1822 4608 1906 4664 cui
1933 4610 2119 4664 nutuit

525 4708 858 4778 displicere;
891 4703 1067 4760 dehis
1094 4703 1293 4757 sanatis
1329 4702 1532 4771 gratias
1571 4714 1752 4771 agens,
1786 4699 1855 4756 de
1893 4699 2001 4754 illis
2027 4715 2118 4754 sa-

544 4798 736 4858 nandis
767 4808 954 4866 preces
982 4791 1230 4848 fundens.

541 4889 768 4953 CAPUT
808 4887 950 4946 XXI.
970 4915 1042 4928 —-
1066 4885 1351 4939 Romanum
1385 4900 1594 4955 regnum
1607 4885 1669 4935 'a
1714 4883 1820 4938 Deo
1857 4899 1972 4938 vero
2017 4898 2122 4955 esse

617 4962 936 5031 dispositum,
969 4973 1001 5010 α
1022 4972 1119 5026 quo
1151 4963 1228 5031 est
1254 4955 1414 5008 omnis
1435 4954 1673 5025 potestas,
1705 4964 1751 5008 et
1777 4955 1921 5026 cujus
1951 4954 2120 5025 provi-

619 5026 789 5088 deutia
814 5037 1055 5102 reguntur
1075 5026 1324 5079 universa.

619 5124 747 5189 Quae
772 5135 891 5176 cum
915 5121 987 5175 ita
1016 5117 1144 5182 sint,
1167 5131 1275 5170 non
1295 5115 1589 5172 tribuamus
1615 5115 1771 5170 dandi
1793 5114 1939 5185 regni
1965 5125 2126 5182 atque

554 5212 762 5282 imperii
792 5218 1130 5281 potestatem,
1163 5206 1262 5261 nisi
1295 5207 1403 5262 Deo
1424 5224 1569 5273 vero,
1592 5207 1679 5277 qui
1707 5206 1799 5262 dat
1824 5205 2126 5260 felicitatem

555 5303 608 5358 in
639 5317 801 5370 regno
829 5301 1083 5356 caelorum
1113 5299 1243 5355 solis
1279 5297 1416 5368 piis;
1454 5314 1676 5367 regnum
1705 5311 1832 5352 vero
1858 5307 2124 5350 terrenum

557 5393 723 5465 etpiis
750 5401 804 5445 et
827 5392 1022 5462 impiis,
1049 5391 1187 5446 sicut
1210 5391 1260 5446 ci
1289 5390 1483 5460 placet,
1517 5391 1599 5445 cui
1635 5389 1768 5444 nihil
1797 5387 1990 5456 injuste
2019 5386 2129 5453 pla-

557 5492 662 5540 cet.
694 5481 944 5550 Quamvis
970 5482 1112 5536 enim
1146 5481 1343 5552 aliquid
1373 5480 1684 5546 dixerimus,
1718 5477 1859 5549 quod
1885 5485 2128 5546 apertum

587 5656 597 5664 .
625 5597 642 5626 ι
679 5592 865 5664 Mouet.
884 5593 1048 5664 mese
1069 5600 1197 5664 noue
1220 5601 1479 5664 υἱέ-,ιεαηι
1500 5596 1596 5664 me
1616 5601 1719 5664 sua!
1741 5585 2129 5664 ηιοξξαμίφρίιτξ·

563 5656 723 5770 931⁵-
735 5645 809 5768 sic
831 5645 910 5705 κέ.
932 5655 1041 5706 766.
1069 5664 1121 5709 At
1139 5663 1222 5709 us.
1259 5645 1403 5720 ωέἰὸ,
1440 5666 1548 5705 cum
1571 5659 1664 5703 tota
1687 5645 1772 5703 sua
1795 5647 1948 5714 gloria
1973 5645 2130 5711 iligni-

1558 263 1646 319 DE
1683 261 2006 318 ClVlTATE
2046 261 2177 330 DEI,
2220 261 2278 318 S.
2323 261 2686 322 AUGUSTINI

2194 377 2344 432 nobis
2373 391 2494 434 esse
2519 377 2720 443 voluit;
2747 386 2922 432 tamen
2945 375 3168 434 multum
3193 387 3275 436 est
3299 379 3365 435 ad
3394 393 3514 448 nos,
3536 388 3591 438 et
3613 382 3772 439 valde

2193 477 2414 539 superat
2441 469 2581 524 vires
2606 479 2835 534 nostras,
2863 468 3136 525 hominum
3161 470 3366 526 occulta
3396 471 3679 537 discutere,
3717 482 3776 529 et

2193 559 2392 629 liquido
2415 558 2665 614 examine
2691 558 2878 614 merita
2907 559 3197 628 dijudicare
3223 575 3530 631 regnorum.
3559 562 3651 618 Ille
3673 564 3775 633 igio

2195 658 2281 705 tur
2306 666 2441 706 unus
2464 666 2622 706 verus
2663 651 2824 718 Deus,
2870 651 2958 721 qui
2999 667 3098 707 nec
3121 652 3343 722 judicio,
3377 669 3477 708 nec
3503 655 3777 724 adjutorio

2194 739 2393 795 deserit
2428 755 2597 810 genus
2633 739 2945 806 humanum,
2969 741 3181 812 quando
3209 742 3396 809 voluit,
3429 751 3481 798 et
3515 755 3776 814 quantum

2197 831 2384 897 voluit,
2428 831 2686 886 Romanis
2723 848 2944 903 regnum
2988 832 3283 903 deditzqui
3326 834 3472 890 dedit
3513 838 3776 906 Assyriis,

2194 927 2276 980 vel
2299 925 2455 979 etiam
2484 925 2677 991 Persis,
2711 941 2740 979 a
2768 926 2958 996 quibus
2979 926 3121 981 solos
3151 925 3284 981 duos
3307 926 3437 982 deos
3457 927 3580 996 coli,
3609 945 3778 985 unum

2196 1017 2424 1083 bonum,
2466 1018 2692 1073 alterum
2731 1018 2922 1072 malum
2968 1019 3242 1072 continent
3279 1020 3472 1075 litterae
3512 1021 3778 1078 istorum:

2199 1116 2254 1163 ut
2281 1117 2481 1162 taceam
2509 1107 2577 1163 de
2604 1109 2798 1179 populo
2825 1108 3069 1175 Hebraeo,
3099 1109 3165 1164 de
3191 1124 3296 1180 quo
3313 1109 3422 1178 jam
3449 1109 3579 1176 dixi,
3609 1129 3780 1180 quan-

2197 1207 2307 1253 tum
2339 1199 2465 1253 satis
2495 1199 2663 1252 visum
2691 1208 2792 1266 est,
2825 1199 2916 1269 qui
2945 1209 3140 1269 praeter
3165 1215 3326 1254 unum
3359 1200 3523 1256 Deum
3550 1217 3657 1257 non
3687 1217 3782 1258 co-

2197 1291 2293 1346 luit
2319 1299 2374 1347 et
2401 1291 2612 1362 quando
2631 1292 2886 1361 regnavit.
2919 1291 3019 1359 Qui
3042 1306 3170 1361 ergo
3189 1291 3368 1346 Persis
3392 1292 3536 1347 dedit
3565 1304 3780 1362 segetes

2201 1381 2318 1436 sine
2343 1381 2486 1436 cultu
2526 1381 2640 1437 deae
2667 1381 2912 1451 Segetire,
2945 1381 3034 1451 qui
3063 1381 3163 1434 alia
3189 1381 3327 1434 dona
3356 1389 3616 1437 terrarum
3659 1384 3781 1438 sine

2198 1471 2342 1524 cultu
2381 1477 2457 1524 tot
2494 1469 2734 1536 deormn,
2765 1487 2898 1541 quos
2938 1471 3023 1526 isti
3065 1471 3224 1526 rebus
3265 1471 3485 1540 singulis
3513 1473 3778 1543 singulos,

2196 1561 2281 1615 vel
2319 1560 2478 1616 etiam
2517 1560 2678 1615 rebus
2719 1561 2940 1632 singulis
2969 1561 3150 1630 plures
3192 1571 3633 1631 praeposuerunt;
3663 1564 3783 1633 ipse

2199 1651 2355 1705 etiam
2387 1665 2608 1721 regnum
2647 1650 2792 1706 dedit
2826 1652 2942 1707 sine
2979 1652 3124 1706 cultu
3159 1667 3365 1716 eorum,
3417 1669 3512 1722 per
3549 1670 3781 1724 quorum

2198 1742 2397 1796 cultum
2424 1757 2483 1797 se
2515 1743 2602 1798 isti
2634 1758 2884 1814 regnasse
2908 1743 3270 1798 crediderunt.
3304 1743 3394 1800 Sic
3416 1746 3579 1803 etiam
3600 1747 3782 1802 homi-

2199 1835 2382 1899 nibus;
2427 1835 2515 1906 qui
2565 1835 2747 1902 Mario,
2795 1837 2909 1907 ipse
2950 1835 3080 1892 Caio
3111 1836 3342 1903 Cmsari;
3389 1839 3481 1910 qui
3513 1841 3778 1912 Augusto,

2209 1925 2323 1995 ipse
2345 1935 2398 1980 et
2425 1926 2621 1982 Neroni
2643 1925 2716 2000 (a)
2742 1942 2757 1992 ;
2785 1928 2874 1997 qui
2903 1927 3264 1997 Vespasianis,
3287 1927 3371 1984 vel
3389 1931 3522 1999 patri
3543 1933 3624 1987 vel
3643 1933 3780 2001 lilio,

2200 2021 2535 2076 suavissimis
2561 2021 2989 2092 imperatoribus,
3018 2022 3133 2092 ipse
3169 2031 3224 2078 et
3259 2023 3557 2078 Domitiano
3583 2026 3784 2081 crude-

2200 2112 2403 2168 lissimo
2438 2132 2452 2168 :
2496 2123 2552 2169 et
2597 2130 2662 2169 ne
2704 2130 2801 2184 per
2841 2115 3076 2185 singulos
3126 2115 3205 2169 ire
3249 2129 3471 2170 necesse
3531 2115 3633 2181 sit,
3687 2118 3780 2186 qui

2200 2200 2554 2258 Constantino
2577 2204 2892 2272 christiano,
2925 2205 3036 2274 ipse
3055 2213 3319 2274 apostataa
3348 2205 3560 2260 Juliano
3585 2225 3598 2259 :
3627 2208 3783 2276 cujus

2205 2295 2469 2366 egregiam
2498 2295 2728 2350 indolem
2749 2295 2960 2366 decepit
2980 2311 3162 2351 amore
3192 2296 3498 2352 dominandi
3523 2299 3785 2368 sacrilega

2201 2397 2255 2440 et
2279 2387 2590 2442 detestanda
2619 2387 2920 2454 curiositas,
2963 2388 3112 2457 cujus
3141 2388 3288 2442 vanis
3317 2388 3528 2443 deditus
3552 2391 3796 2445 oraculis:

2203 2485 2338 2544 erat,
2361 2477 2573 2547 quando
2606 2477 2772 2533 fretus
2794 2479 3077 2534 securitate
3101 2479 3357 2545 victoriae,
3381 2494 3562 2545 naves,
3589 2480 3787 2550 quibus

2203 2570 2377 2624 victus
2414 2571 2746 2625 necessarius
2785 2570 3116 2639 portabatur,
3150 2570 3418 2636 incendit;
3448 2569 3638 2625 deinde
3677 2573 3790 2624 fer-

2203 2661 2324 2715 vide
2345 2661 2547 2715 instans
2567 2661 2864 2715 immodicis
2880 2661 3114 2722 ausibus.
3139 2671 3329 2716 etmox
3351 2662 3540 2716 merito
3563 2662 3788 2717 temeri-

2206 2753 2330 2808 tatis
2346 2753 2552 2807 occisus
2571 2792 2587 2817 ,
2606 2752 2660 2806 in
2677 2751 2808 2807 locis
2829 2752 3109 2808 hostilibus
3134 2767 3357 2822 egenum
3387 2751 3603 2821 reliquit
3625 2766 3789 2806 exer-

2206 2845 2391 2908 citum,
2417 2853 2472 2897 ut
2493 2843 2645 2898 aliter
2665 2841 2786 2897 inde
2807 2857 2912 2896 non
2935 2850 3116 2912 posset
3136 2843 3308 2906 evadi,
3330 2841 3430 2896 nisi
3450 2851 3630 2896 contra
3652 2841 3789 2896 illud

2206 2933 2500 3002 auspicium
2518 2931 2601 2986 dei
2625 2931 2884 2998 Termini,
2905 2932 2971 2986 dc
2991 2949 3096 3001 quo
3116 2933 3389 3001 superiore
3403 2931 3792 2987 librodiximns

2209 3022 2358 3093 (Cap.
2393 3023 2508 3092 29),
2534 3022 2758 3077 Romani
2796 3023 3000 3092 imperii
3031 3023 3237 3076 termini
3263 3030 3623 3076 moverentur.
3657 3021 3789 3076 Ceso

2208 3113 2276 3166 sit
2299 3114 2438 3166 enim
2463 3112 2740 3166 Terminus
2782 3112 2914 3165 deus
2945 3111 3266 3174 necessitati,
3301 3112 3388 3180 qui
3414 3126 3518 3164 non
3547 3117 3793 3166 cesserat

2206 3205 2344 3261 Jovi.
2377 3203 2500 3257 llaec
2523 3203 2681 3272 plane
2711 3202 2848 3256 Deus
2876 3218 3009 3255 unus
3036 3209 3090 3255 ct
3112 3215 3269 3255 verus
3296 3202 3430 3270 regit
3443 3209 3497 3254 et
3523 3201 3786 3270 gubernat

2209 3306 2265 3351 ut
2296 3295 2468 3363 placet
2499 3312 2512 3348 :
2541 3305 2594 3348 et
2616 3294 2663 3361 psi
2683 3293 2903 3348 occultis
2927 3294 3120 3358 causis,
3151 3291 3404 3362 numquid
3435 3292 3679 3360 injustis?

2209 3388 2433 3446 CAPUT
2472 3385 2637 3443 XXII.
2658 3417 2730 3429 -—
2751 3386 2998 3457 Tempora
3042 3386 3298 3457 exitusque
3330 3385 3570 3438 bellorum
3598 3399 3661 3436 ex
3685 3381 3788 3436 Dei

2775 3456 2989 3528 pendere
3005 3456 3222 3528 judicio.

2281 3529 2370 3586 Sic
2390 3529 2551 3585 etiam
2578 3521 2811 3599 tempora
2839 3530 2953 3598 ipsa
2981 3521 3261 3590 bellorum,
3295 3526 3432 3580 sicut
3456 3523 3507 3578 in
3533 3521 3651 3594 ejus
3692 3536 3787 3576 ar-

2213 3623 2371 3678 bitrio
2403 3631 2487 3677 est
2507 3622 2760 3692 justeque
2795 3621 2995 3690 judicio
3042 3631 3095 3675 et
3123 3616 3504 3683 misericordia,
3536 3617 3622 3671 vel
3648 3625 3795 3670 atte-

2213 3729 2354 3780 rere,
2382 3713 2466 3768 vel
2502 3712 2765 3768 consolari
2799 3727 2967 3782 genus
3020 3705 3330 3774 humanum,
3380 3716 3439 3762 ut
3473 3711 3576 3763 alia
3607 3708 3791 3774 citius,

2216 3807 2318 3860 alia
2339 3805 2538 3860 tardius
2556 3804 2823 3858 liniantur.
2843 3801 3046 3858 Bellum
3065 3801 3355 3855 Piratarum
3373 3814 3403 3852 a
3421 3799 3674 3869 Pompeio
3692 3797 3798 3868 (ὁ),

2215 3895 2410 3950 bellum
2441 3895 2694 3949 Punicum
2725 3893 2939 3948 tertium
2975 3907 3004 3946 a
3035 3890 3284 3958 Scipione
3318 3889 3613 3945 incredibili
3644 3889 3793 3944 cele-

2216 3989 2373 4043 ritate
2396 3995 2449 4042 et
2477 3986 2732 4056 temporis
2755 3984 3015 4039 brevitate
3034 3982 3110 4052 (c)
3137 3983 3374 4036 confecta
3413 3989 3556 4036 sunt.
3586 3979 3798 4035 Bellum

2217 4095 2426 4150 quoque
2483 4078 2828 4148 fugitivorum
2872 4075 3223 4146 gladiatorum
3252 4115 3265 4135 ,
3321 4073 3563 4143 quamvis
3613 4070 3804 4126 multis

2218 4169 2474 4226 Romanis
2501 4169 2724 4224 ducibus
2763 4176 2817 4223 et
2847 4165 3052 4220 duobus
3076 4163 3382 4219 consulibus
3410 4163 3582 4228 victis,
3621 4161 3808 4214 Italia-

2220 4279 2324 4334 que
2353 4261 2682 4317 horribiliter
2707 4259 2935 4315 contrita
2978 4266 3137 4327 atque
3175 4265 3397 4321 vastata,
3435 4254 3591 4309 tertio
3618 4261 3804 4306 tamen

2221 4371 2365 4411 anno
2425 4363 2546 4424 post
2607 4353 2771 4407 multa
2828 4359 3140 4420 consumpta
3205 4356 3574 4416 consumptum
3631 4351 3716 4398 est
3754 4343 3803 4396 ί.

2227 4449 2491 4512 Picentes,
2533 4444 2691 4499 Marsi
2741 4451 2797 4499 et
2836 4441 3058 4510 Peligni,
3089 4447 3272 4509 gentes
3303 4453 3408 4492 non
3438 4443 3658 4500 exterm,
3705 4433 3806 4488 sed

2225 4539 2439 4605 Italicae,
2463 4546 2584 4608 post
2612 4535 2914 4590 diuturnam
2939 4542 2992 4586 et
3017 4529 3410 4586 devotissimam
3441 4525 3538 4580 sub
3560 4525 3813 4578 Romano

2221 4633 2347 4705 jugo
2375 4633 2708 4694 servitutem,
2734 4629 2785 4681 in
2813 4627 3112 4681 libertatem
3138 4631 3297 4691 caput
3334 4620 3538 4688 erigere
3566 4626 3818 4671 lentam--

2226 4703 2372 4787 runt,
2402 4721 2508 4791 jam
2546 4719 2726 4774 multis
2766 4714 3072 4770 nationibus
3101 4712 3340 4766 Romano
3370 4705 3593 4776 imperio
3623 4703 3818 4774 subju-

2225 4815 2361 4884 gatis
2382 4853 2397 4877 ,
2435 4811 2713 4880 deletaque
2738 4805 3057 4874 Carthagine
3081 4802 3158 4875 (d)
3191 4818 3204 4854 :
3237 4802 3290 4854 in
3320 4815 3424 4870 quo
3453 4797 3594 4852 bello
3623 4795 3816 4849 Italico

2227 4905 2491 4962 Romanis
2517 4901 2809 4971 saepissime
2835 4898 3008 4962 victis,
3039 4895 3126 4950 ubi
3151 4902 3203 4948 et
3227 4893 3332 4947 duo
3358 4888 3609 4944 consules
3633 4887 3821 4958 perie-

2238 5006 2382 5059 runt,
2424 5004 2477 5048 et
2501 4993 2593 5048 alii
2630 4989 2942 5048 nobilissimi
2967 4994 3240 5061 senatores
3269 5000 3284 5037 :
3315 4997 3418 5036 non
3445 4979 3696 5035 diuturno
3725 4986 3820 5031 ta.

2293 5131 2310 5161 ι
2345 5128 2419 5177 sic
2442 5124 2577 5175 Vind.
2597 5132 2698 5173 Arn.
2723 5127 2775 5172 et
2795 5127 2901 5170 Mss.
2928 5125 2984 5168 At
3004 5123 3077 5166 Er.
3099 5123 3151 5164 et
3177 5121 3306 5173 Lov.,
3331 5110 3820 5160 commutaturum.

2295 5211 2367 5273 (α)
2381 5210 2540 5273 mnos
2557 5205 2840 5273 ,οοιιξιιηςίιν
2867 5196 3338 5273 ,ἔδ¹ίβ¹’“ω,¹)ἓὲ¹ἓ¹]1’,
3356 5191 3569 5273 etiam
3590 5189 3822 5273 PH???

2229 5254 3075 5325 audens-stariusfcleinentissimus
3091 5265 3138 5307 C.
3155 5265 3306 5306 caesar
3326 5269 3340 5316 ;
3364 5254 3571 5316 optimos
3587 5254 3822 5314 μωρίη-ε

2232 5339 2492 5396 Augustus,
2513 5329 2764 5396 pessimus
2792 5333 2934 5396 Nero.
3015 5389 3026 5396 Α
3106 5393 3118 5396 Α
3142 5393 3167 5396 μ
3210 5375 3470 5396 ,ΜΔ-Δηὼ
3504 5373 3622 5396 Mm

2297 5373 2771 5457 aversissima
2798 5373 2896 5457 ως.
2925 5373 3825 5457 postquam-eedepseveee

2297 5397 2369 5457 (b)
2400 5397 2771 5451 Quadragesimo
2805 5397 2885 5435 tlte
2925 5397 3176 5490 p05tq.uam
3213 5397 3472 5451 urunuusm
3503 5397 3647 5424 δυηιι
3680 5397 3822 5445 rei...

2233 5459 2392 5520 ρεῑας·
2415 5453 2724 5520 terminatum
2741 5455 2834 5498 εει·
2854 5445 3038 5520 “oms,
3052 5519 3055 5520 ,
3069 5478 3090 5520 ς
3111 5434 3822 5520 δ;,99υ.ιῖ9]19.¹οὲηἳέἕέξξξςῖὲτ

2297 5507 2391 5580 (ε)’
2407 5518 2537 5564 Intra
2558 5511 2775 5580 quintum
2796 5520 2974 5580 {tumuit
2995 5518 3138 5580 quam
3155 5509 3258 5580 erat
3275 5507 3498 5580 emptum,
3517 5509 3826 5580 conﬁngitur}:

2235 5554 2544 5630 tmhv’orit'r't'i'no
2941 5566 2975 5616 ι.
2999 5554 3077 5615 «l9.
3103 5573 3159 5615 At
3178 5554 3388 5612 Florus].
3417 5554 3828 5622 :Z;'Quadrirm.$‘,

2235 5646 2477 5705 patratum
2497 5637 2683 5705 scribit.

2305 5682 2765 5766 marinam,
2788 5691 2906 5742 libb.
2928 5687 3093 5751 72-76,
3122 5693 3172 5738 ct
3192 5684 3270 5744 os,
3293 5682 3376 5734 se.
