4064 6472
237 345 332 401 169

234 478 350 516 men
391 462 642 527 tempere
684 463 905 510 tractum
933 458 1015 507 est
1042 449 1143 503 hoc
1173 448 1406 509 malum;
1438 461 1557 500 nam
1597 447 1810 515 quintus

233 557 466 611 eianuus
515 553 682 605 tinem
729 535 894 603 dedit.
941 535 1045 600 Sed
1095 535 1293 598 bellum
1337 536 1590 596 Punicam
1621 554 1812 595 secun-

233 646 358 702 dum
396 658 522 698 cum
553 640 807 696 maximis
841 629 1177 693 detrimentis
1219 644 1275 689 et
1301 633 1603 688 calamitate
1641 631 1815 700 reipu-

235 739 382 794 blicae
400 751 498 807 per
521 749 694 789 annos
713 733 899 788 decem
920 736 974 784 et
991 738 1111 784 octo
1142 726 1214 798 (a)
1237 725 1502 780 Romanas
1522 724 1660 778 vires
1670 729 1818 778 este-

233 830 434 894 nuavit,
462 835 521 882 et
553 842 690 897 pene
707 822 1033 892 consumpsit
1055 838 1067 874 :
1090 818 1296 875 duobus
1321 817 1518 888 prmliis
1547 814 1619 890 (ὁ)
1652 815 1819 870 ferme

235 910 574 991 septuaginta
621 903 985 970 Romanorum
1038 910 1199 965 millia
1238 907 1567 964 cecid‘cr'unt.
1614 905 1816 960 Bellum

237 1006 493 1068 Punicum
507 1008 740 1080 primum
761 1021 853 1074 per
865 1002 1043 1073 viginti
1069 1002 1122 1057 et
1143 1009 1249 1056 tres
1263 1003 1430 1054 annos
1451 1001 1722 1067 peraetum
1745 992 1816 1066 (ε)

238 1114 352 1160 est:
384 1102 592 1156 bellum
620 1095 1028 1152 Mithridaticum
1060 1089 1401 1161 quadraginta
1431 1089 1584 1143 annis
1611 1083 1711 1156 (ἀ).
1746 1088 1821 1140 Ac

240 1211 304 1250 ne
322 1195 610 1264 quisquam
639 1189 927 1243 arbitretur
948 1184 1246 1239 rudimenta
1271 1181 1629 1235 Remanorum
1659 1177 1822 1231 fuisse

242 1287 459 1342 fortiora
484 1283 554 1337 ad
587 1281 725 1334 bella
754 1279 910 1334 citius
942 1273 1262 1346 peragenda,
1294 1270 1658 1342 superioribus
1687 1277 1822 1322 tem-

249 1374 493 1446 poribus,
546 1371 773 1427 multum
815 1369 866 1424 in
908 1367 1053 1421 omni
1097 1366 1292 1420 virtute
1337 1362 1582 1428 laudatis,
1628 1359 1820 1414 bellum

243 1462 595 1525 Samniticum
622 1463 774 1517 annis
797 1469 1018 1515 tractum
1049 1465 1128 1512 est
1157 1456 1320 1510 ferme
1333 1452 1706 1526 quinquaginta
1724 1450 1820 1520 (c):

245 1563 292 1616 in
315 1561 420 1631 quo
447 1557 594 1613 bello
613 1556 681 1610 ita
705 1539 928 1608 Romani
948 1550 1067 1604 victi
1090 1545 1231 1614 sunt,
1255 1556 1311 1602 ut
1334 1547 1432 1601 sub
1448 1546 1633 1615 jugum
1662 1542 1820 1597 etiam

247 1649 604 1708 mitterentur.
638 1643 742 1702 Sed
764 1643 883 1713 quia
915 1647 1017 1697 hon
1046 1633 1330 1710 diligebant
1355 1637 1574 1708 gloriam
1611 1641 1825 1705 propter

243 1741 523 1814 justitiam,
543 1737 636 1793 sed
659 1735 915 1807 justitiam
944 1737 1157 1802 propter
1175 1721 1395 1800 gloriam
1428 1723 1644 1814 diligere
1675 1723 1823 1778 vidc-

246 1809 458 1895 bantur,
489 1842 676 1899 pacem
695 1822 882 1880 factam
905 1821 1177 1890 ftedusque
1197 1816 1550 1889 ruperunt([).
1567 1809 1691 1872 Ibcc
1709 1817 1826 1874 idco

247 1933 634 1981 commemoro,
653 1914 898 1986 quoniam
920 1911 1066 1966 multi
1087 1910 1466 1980 praeteritarum
1486 1917 1660 1964 rerum
1682 1909 1828 1978 igua-

249 2015 309 2078 ri,
336 2011 562 2083 quidam
579 2009 739 2064 etiam
763 2003 1181 2061 dissimulaturos
1201 2018 1308 2058 sua:
1333 2002 1588 2066 scientiae,
1617 2003 1660 2057 si
1689 2011 1824 2056 tem-

250 2105 462 2176 poribus
493 2097 798 2155 christianis
831 2093 1040 2165 aliquOd
1067 2093 1259 2148 bellum
1282 2092 1439 2163 paulo
1462 2091 1658 2147 diutius
1680 2091 1815 2146 trahi

251 2195 452 2260 vident,
473 2193 619 2248 illico
639 2191 692 2244 in
711 2195 942 2243 nostram
961 2186 1266 2257 religionem
1285 2185 1682 2256 protervi‘ssime
1700 2185 1829 2239 insi-

251 2281 395 2349 liunt,
425 2283 813 2341 exclamantes,
837 2276 999 2348 quod,
1027 2277 1068 2330 si
1105 2277 1214 2345 i'psa
1243 2287 1348 2330 non
1370 2283 1530 2341 esset,
1573 2283 1627 2330 et
1650 2285 1830 2332 vetere

250 2376 349 2431 ritu
373 2375 596 2428 numina
623 2371 945 2433 colerentur,
977 2366 1080 2438 jam
1105 2367 1338 2421 Romana
1362 2366 1448 2420 illa
1473 2365 1687 2433 virtute,
1711 2383 1828 2436 qua:

253 2466 531 2534 adjuvante
550 2460 716 2516 Marte
737 2469 791 2512 et
809 2458 1018 2511 Bellona
1050 2466 1188 2510 tanta
1211 2456 1458 2510 celeriter
1485 2457 1620 2512 bella
1645 2456 1830 2513 confe-

251 2557 337 2619 cit,
365 2555 416 2608 id
437 2567 653 2624 quoque
681 2550 957 2606 celerrime
990 2549 1248 2604 finiretur.
1272 2547 1528 2604 cholant
1562 2549 1720 2620 igitur
1739 2551 1830 2621 qui

253 2647 489 2719 legerunt
528 2659 686 2714 quam
709 2642 955 2696 diuturna
989 2640 1156 2702 bella,
1190 2655 1344 2710 quam
1373 2639 1532 2695 variis
1569 2642 1828 2708 eventis‘,

251 2741 404 2811 quam
428 2734 687 2790 luctuosis
698 2730 932 2787 cladibus
950 2747 979 2785 a
997 2731 1263 2786 veteribus
1279 2732 1384 2785 sint
1398 2740 1541 2800 gesta
1557 2731 1828 2796 Romanis,

251 2817 382 2885 sicut
407 2829 549 2882 solet
573 2825 718 2880 orbis
743 2830 1001 2879 terrarum
1029 2822 1174 2878 'vclut
1204 2822 1706 2892 procellosissimum
1735 2829 1830 2893 pe.

253 2920 395 2990 lagus
439 2915 587 2970 varia
618 2915 799 2967 talium
844 2912 1101 2966 malorum
1150 2919 1461 2982 tempestate
1482 2911 1707 2982 jactari:
1755 2917 1828 2979 et,

251 3007 387 3080 quod
405 3008 618 3069 nolunt,
638 3002 918 3074 aliquando
939 3001 1221 3069 fateantur,
1242 3018 1338 3058 nec
1365 3003 1561 3058 insanis
1577 3003 1832 3061 adversus

253 3094 411 3154 Deum
441 3097 639 3167 linguis
667 3109 724 3149 se
749 3093 1074 3158 interimant,
1105 3101 1157 3146 et
1183 3093 1448 3163 decipiant
1474 3093 1766 3164 imperitos.

248 3179 470 3246 CAPUT
511 3185 701 3256 XXIII.
741 3214 812 3225 -—
848 3183 931 3238 De
957 3179 1083 3256 bello
1130 3185 1183 3237 in
1224 3200 1322 3250 quo
1362 3184 1717 3256 Rhadagaisus
1741 3194 1832 3242 rea:

317 3259 600 3314 Gothorth
623 3298 636 3318 ,
668 3255 952 3327 dwntonum
976 3255 1157 3318 cultor,
1176 3269 1274 3308 uno
1304 3256 1383 3308 die
1401 3271 1514 3308 cum
1551 3255 1832 3327 ingentibus

313 3331 472 3400 copiis
499 3329 605 3382 suis
629 3326 784 3380 victus
805 3334 897 3381 est.

316 3420 468 3488 Quod
495 3427 674 3472 tamen
713 3423 892 3470 nostra
918 3413 1170 3469 memoria
1199 3413 1566 3470 recentissimo
1596 3425 1833 3486 tempore

253 3511 389 3566 Deus
419 3509 731 3564 mirabiliter
753 3515 808 3561 et
829 3505 1241 3560 misericorditer
1271 3505 1409 3572 fecit,
1442 3522 1545 3561 non
1567 3521 1686 3561 cum
1709 3523 1831 3578 gra-

251 3603 441 3656 tiarum
481 3600 696 3653 actione
717 3606 1168 3662 commemorant;
1199 3597 1291 3652 sed
1332 3608 1584 3667 quantum
1615 3600 1665 3652 in
1704 3601 1832 3668 ipsis

251 3704 348 3758 est,
388 3694 654 3757 omnium,
691 3691 737 3745 si
763 3689 877 3744 fieri
904 3697 1102 3759 potest,
1152 3690 1419 3744 hominum
1450 3691 1716 3746 oblivione
1741 3708 1832 3747 se-

252 3785 414 3854 pelire
438 3791 700 3837 conantur
725 3798 739 3834 :
768 3779 906 3850 quod
934 3795 964 3834 a
1000 3780 1150 3835 nobis
1179 3781 1222 3834 si
1256 3780 1543 3848 tacebitur,
1585 3783 1830 3840 similiter

250 3876 448 3930 er’mus
503 3874 715 3943 ingrati.
791 3871 922 3928 Cum
976 3872 1336 3944 Rhadagaisus
1391 3890 1482 3929 rex
1533 3874 1828 3933 Gothorum

249 3967 458 4038 agmine
487 3965 688 4035 ingenti
720 3974 775 4019 et
808 3964 1020 4018 immani
1063 3963 1170 4034 jam
1211 3965 1264 4019 in
1291 3965 1448 4021 Urbis
1475 3967 1664 4022 vicinia
1695 3985 1825 4024 con-

247 4059 483 4123 stitutus,
516 4055 770 4110 Romanis
786 4040 1079 4109 cervicibus
1109 4055 1428 4118 imminerel,
1451 4072 1554 4111 uno
1573 4058 1659 4112 die
1687 4069 1828 4116 tanta

246 4141 518 4204 celeritate
548 4140 624 4200 sic
650 4145 816 4199 victus
840 4145 920 4199 est
939 4185 954 4210 ,
999 4153 1058 4198 ut
1097 4162 1160 4200 ne
1189 4147 1294 4200 uno
1323 4146 1532 4216 quidem
1560 4191 1574 4213 ,
1609 4164 1711 4202 non
1742 4148 1825 4204 di-

245 4246 357 4295 cam
385 4239 653 4294 exstincto
676 4279 692 4305 ,
738 4233 828 4290 sed
850 4231 870 4268 ‘
900 4237 1170 4291 vulnerato
1213 4231 1569 4294 Romanorum
1595 4281 1610 4306 ,
1659 4239 1826 4298 multo

244 4332 475 4400 amplius
519 4345 678 4399 quam
725 4337 936 4383 centum
981 4323 1203 4383 millium
1249 4339 1673 4397 prosterneretur
1711 4331 1824 4405 ejus

243 4422 513 4476 exercitus
539 4461 555 4486 ,
596 4429 754 4488 atque
786 4419 895 4488 ipsc
933 4435 1052 4473 cum
1097 4409 1218 4474 ﬁliis
1248 4415 1270 4452 ³
1294 4435 1414 4476 mox
1454 4423 1638 4494 Capitis
1667 4440 1822 4494 paena

303 4533 323 4594 ξ
356 4532 435 4582 sic
455 4537 565 4594 uss.
585 4543 602 4590 δ
625 4535 675 4594 at
697 4528 832 4594 editi,
855 4527 1108 4594 eventibus.

299 4589 324 4625 *
356 4600 432 4640 Β.
463 4589 516 4641 et
555 4589 691 4654 mm,
723 4591 808 4640 sed
831 4601 934 4639 nec.
963 4592 1108 4654 Abest
1131 4590 1377 4652 particula,
1409 4602 1514 4654 nec,
1551 4593 1614 4642 ab
1635 4593 1740 4645 aliis
1765 4593 1822 4646 li-

236 4654 355 4705 Iris.
375 4679 442 4690 —-
460 4655 608 4702 Abest
631 4653 775 4700 etiam
798 4665 824 4700 a
850 4653 1024 4700 nostris
1048 4660 1152 4701 Mss.
1219 4659 1274 4699 at.

302 4718 324 4747 ³
357 4723 425 4763 Ex
447 4713 741 4777 Romaniset
757 4711 1003 4761 Gallicanis
1027 4721 1150 4777 Mss,
1184 4712 1351 4774 plures
1379 4715 1542 4777 probae
1565 4724 1693 4767 notae
1727 4732 1822 4768 non

235 4776 441 4832 habent,
469 4787 578 4836 cum
593 4771 727 4836 ﬁliis.
752 4797 813 4810 α·-
836 4781 928 4836 Nec
951 4776 1118 4836 nostri.
1140 4771 1208 4822 Μ’.

297 4840 372 4902 go)
404 4833 704 4902 Suﬁ'ragautr
727 4836 880 4902 Livius
898 4833 995 4902 lib.
1019 4835 1097 4892 30,
1124 4843 1176 4884 et
1198 4833 1362 4902 tflorus
1387 4834 1422 4902 _l.
1446 4835 1501 4902 ξς
1534 4845 1583 4886 at
1602 4837 1824 4902 Polybius

233 4898 268 4947 1.
292 4893 325 4948 3
341 4893 363 4958 ,⁷
382 4909 438 4948 et
461 4893 662 4960 Orosius
687 4893 722 4944 l.
747 4895 796 4956 4,
820 4908 864 4946 c.
896 4895 956 4946 20
975 4929 990 4956 ,
1015 4903 1181 4945 notant
1211 4897 1351 4960 hujus
1383 4893 1502 4946 belli
1532 4893 1821 4950 annos'tau-

232 4964 334 5009 tum
358 4957 733 5022 septemdeCim2

300 5015 880 5091 (ωβὶιειςρᾼριιωμοηξιό
893 5017 1289 5091 -Ῐϋωεξωεηυω
1327 5017 1512 5080 lacum,
1548 5019 1608 5068 ad
1640 5027 1822 5073 Cannas

228 5077 512 5131 commisso.
536 5077 693 5127 Livius
717 5077 748 5126 Ι.
775 5078 869 5138 22;
893 5077 1108 5127 Florus].
1132 5078 1179 5127 2.

293 5145 365 5204 (ε)
384 5142 649 5202 augustino
659 5141 901 5188 Consentit
917 5143 1126 5206 Orosius.
1142 5147 1194 5188 At
1210 5139 1480 5206 rolybiustl.
1491 5142 1507 5190 i
1519 5178 1532 5201 ,
1547 5154 1634 5204 per
1654 5144 1820 5206 viginti

227 5199 498 5268 etquatuor
521 5213 672 5249 annos
689 5208 935 5268 peractum
949 5201 1139 5249 scribit:
1167 5199 1527 5268 quia'videlicet
1548 5199 1820 5268 annosipse

223 5267 288 5315 ab
303 5260 565 5314 occasune
582 5260 808 5311 movendi
820 5260 935 5310 belli
947 5260 1196 5320 numerat;
1207 5261 1284 5311 alii
1310 5276 1426 5313 vero
1441 5266 1502 5313 ab
1527 5267 1634 5328 ejus
1656 5260 1821 5317 susce-

223 5329 413 5389 ptione.

315 5389 372 5448 d)
396 5393 582 5437 Ftorus.
603 5381 688 5430 lib.
706 5383 756 5441 '5,
775 5394 879 5448 cap.
904 5383 952 5432 5.

310 5443 363 5509 ei
383 5447 642 5507 Eutropius
674 5451 726 5509 et
746 5445 939 5509 Orosius
959 5456 1112 5509 annos
1129 5443 1439 5509 quadraginta
1464 5459 1637 5496 novem
1659 5449 1704 5497 in
1731 5449 1820 5499 hoc

222 5504 360 5559 bello
377 5504 656 5557 numerant.
673 5504 838 5553 Florus
856 5504 1197 5569 quinquaginta
1215 5518 1228 5553 :
1251 5504 1341 5555 nec
1357 5507 1521 5569 plures
1541 5518 1679 5566 sunt,
1697 5513 1735 5558 si
1761 5512 1818 5560 ad

220 5569 421 5619 Fabium
443 5575 710 5629 Gurgetem
728 5566 974 5637 consulem
998 5566 1173 5638 finitur.
1189 5566 1403 5640 attamen
1429 5572 1661 5677 Appianus
1686 5580 1818 5621 octo-

220 5635 360 5677 ginta
377 5635 643 5677 wm:.utat.
655 5629 844 5677 insnaue
861 5635 1094 5676 Samnites
1110 5641 1159 5675 tn
1177 5631 1288 5677 Ltin
1309 5629 1388 5677 hb.
1403 5629 1464 5677 ‘35
1515 5639 1643 5677 neunt
1661 5646 1714 5677 se
1733 5647 1818 5677 uer

218 5635 360 5695 ginta
377 5628 643 5692 computat.
655 5629 844 5688 ipsique
861 5628 1094 5695 Samnites
1110 5628 1159 5675 in
1177 5630 1288 5678 Livii
1309 5629 1388 5695 lib.
1403 5629 1465 5695 εξ
1479 5628 1643 5680 dicunt
1661 5646 1714 5680 se
1733 5647 1818 5694 per

216 5688 424 5754 Eentum
448 5688 602 5754 prope
627 5700 782 5754 annos
803 5701 911 5754 cum
943 5688 1118 5752 populo
1148 5697 1350 5741 Romano
1369 5690 1552 5740 bellum
1584 5688 1830 5754 gessisse-

281 5753 352 5818 ω
375 5748 490 5803 Vide
509 5748 711 5806 Livium,
735 5748 814 5796 lib.
839 5749 886 5797 9.
944 5748 958 5752 ⁷
1006 5748 1019 5750 “
1585 5748 1611 5754 ν
1823 5765 1828 5773 .

591 5827 624 5848 μς

587 5833 818 5894 ἓητητ.
869 5835 1142 5894 AUGUST.
1186 5833 1322 5894 VII.

1579 331 1776 388 LIBER
1815 330 2126 399 QUINTUS.

3391 337 3492 393 170

1920 444 2093 500 debita
2119 455 2395 500 necaretur
2417 445 2512 519 (a).
2536 446 2665 502 Nam
2695 446 2738 501 si
2762 445 2850 503 ille
2879 453 2984 500 tam
3015 446 3206 516 impius
3231 463 3348 502 cum
3371 458 3486 502 tau-

1919 535 1988 590 tis
2018 543 2072 590 et
2100 542 2203 588 tam
2233 535 2407 606 impiis
2435 538 2598 607 copiis
2623 534 2846 592 Romam
2879 537 3063 593 fuisset
3089 538 3378 607 ingressus,
3408 542 3490 594 cui

1920 626 2281 695 pepercisset?
2333 627 2523 698 quibus
2568 629 2824 684 honorem
2865 629 2995 684 locis
3026 637 3315 700 martyrum
3340 629 3495 683 detu~

1921 710 2105 770 lisset?
2155 717 2206 771 in
2250 720 2352 787 qua
2400 722 2643 788 persona
2676 715 2837 774 Deum
2884 720 3130 775 timeret?
3185 719 3335 789 cujus
3391 729 3496 773 non

1921 808 2229 878 sanguinem
2260 808 2430 863 fusum
2455 850 2472 876 ,
2517 810 2665 878 cujus
2693 812 2995 880 pudicitiam
3027 802 3185 869 Vellet
3211 810 3500 866 intactam?

1922 897 2062 965 Quas
2088 908 2263 954 autem
2293 900 2375 954 isti
2405 915 2500 970 pro
2526 891 2629 956 diis
2653 901 2764 956 suis
2789 917 2946 958 voces
2975 899 3230 959 haberent
3254 945 3270 971 ,
3302 913 3498 974 quanta

1924 988 2260 1045 insultatione
2302 991 2602 1061 jactarent,
2651 993 2791 1063 quod
2822 994 2909 1050 ille
2935 995 3055 1052 ideo
3080 997 3327 1061 vicisset,
3379 995 3500 1051 ideo

1926 1088 2066 1134 tanta
2094 1081 2383 1148 potuisset,
2429 1083 2548 1152 quia
2591 1070 2911 1153 quotidianis
2953 1086 3222 1141 sacrificiis
3260 1086 3501 1156 placabat

1925 1179 2079 1240 atque
2109 1171 2360 1226 invitabat
2383 1173 2531 1240 deos,
2561 1174 2698 1244 quod
2727 1175 2992 1231 Romanos
3018 1175 3190 1232 facere
3215 1177 3499 1232 christiana

1924 1259 2107 1330 religio
2136 1269 2239 1316 non
2285 1255 2533 1317 sinebat?
2577 1263 2708 1318 Nam
2751 1266 3136 1335 propinquante
3170 1267 3275 1336 jam
3303 1268 3394 1323 illo
3420 1259 3502 1322 Itis

1926 1341 2075 1407 locis,
2109 1343 2194 1397 ubi
2229 1350 2355 1399 nut'tt
2382 1361 2602 1400 summa:
2621 1348 2908 1417 majestatis
2939 1357 3222 1419 Oppressus
3249 1361 3349 1418 est,
3380 1366 3500 1407 cum

1926 1431 2042 1498 ejus
2059 1431 2191 1486 fama
2211 1433 2400 1503 ubique
2419 1436 2798 1501 crebresceret,
2818 1439 2971 1494 nobis
2985 1439 3122 1509 apud
3136 1441 3504 1511 Carthaginem

1927 1520 2219 1585 dicebatur.
2268 1525 2367 1580 hoc
2404 1527 2655 1593 credere,
2698 1537 2978 1598 Spargere,
3014 1530 3215 1600 jactare
3246 1531 3503 1601 Paganos,

1928 1611 2066 1680 quod
2094 1612 2179 1666 ille
2216 1612 2316 1668 diis
2343 1616 2525 1669 amicis
2573 1620 2970 1688 protegentibus
3009 1629 3064 1675 et
3106 1620 3505 1690 Opitulantihus,

1928 1702 2120 1772 quibus
2161 1703 2437 1762 immolare
2483 1708 2717 1778 quotidie
2765 1703 3069 1777 ferebatur,
3119 1711 3254 1766 vinci
3293 1714 3510 1768 omnino

1929 1806 2034 1848 nou
2063 1797 2241 1864 pcaset
2265 1796 2333 1851 ab
2367 1798 2480 1864 eis,
2521 1799 2609 1870 qui
2643 1800 2763 1855 talia
2789 1801 2890 1856 diis
2921 1801 3174 1858 Romanis
3215 1815 3362 1858 saera
3405 1821 3509 1859 non

1930 1883 2195 1953 facerent,
2228 1894 2326 1956 nec
2368 1888 2481 1943 fieri
2523 1904 2552 1943 a
2583 1901 2843 1960 quoipiam
2876 1894 3260 1962 permitterent.
3308 1884 3374 1948 Et
3404 1902 3510 1950 non

1929 1981 2092 2045 agunt
2117 1975 2292 2032 miseri
2312 1979 2507 2048 gratias
2525 1988 2682 2034 tanta:
2708 1982 3084 2036 misericordia:
3115 1983 3226 2050 Dei,
3251 1983 3359 2052 qui,
3389 1998 3508 2037 cum

1930 2067 2199 2123 statuisset
2237 2063 2526 2140 irruptioue
2553 2071 2820 2127 barbarica
2849 2075 3097 2143 graviora
3138 2076 3242 2145 pati
3282 2075 3472 2146 dignos
3492 2077 3507 2108 ¹

1932 2174 2108 2216 mores
2135 2161 2405 2219 hominum
2435 2165 2714 2235 caStigare,
2749 2165 3159 2236 indignationem
3190 2183 3338 2221 suam
3368 2177 3510 2222 tanta

1933 2252 2335 2309 mansuetudine
2364 2257 2697 2325 temperavit,
2731 2261 2788 2311 ut
2817 2259 2960 2312 illmu
2989 2259 3160 2328 primo
3188 2258 3384 2312 faceret
3412 2259 3512 2328 mi-

1935 2342 2171 2397 rabiliter
2199 2345 2332 2398 vinci
2355 2386 2369 2409 ,
2409 2362 2475 2400 ne
2503 2345 2567 2399 ad
2600 2347 2926 2402 infirmorum
2957 2349 3162 2404 animos
3192 2350 3511 2404 cvertcndos

1931 2432 2094 2502 gloria
2147 2434 2360 2489 daretur
2407 2437 2767 2500 dmmonibns,
2815 2439 3004 2508 quibus
3044 2455 3165 2495 eum
3216 2441 3512 2509 supplicare

1933 2525 2205 2578 constabat
2229 2542 2243 2589 ;
2276 2525 2466 2580 deinde
2494 2517 2514 2558 ί
2545 2528 2612 2580 ah
2639 2527 2720 2580 his
2748 2519 2992 2584 Barbaris
3017 2529 3185 2584 Roma
3210 2541 3511 2600 caperetur,

1933 2615 2021 2685 qui
2047 2625 2228 2670 contra
2264 2632 2475 2672 omnem
2506 2609 2942 2674 consuetudinem
2973 2610 3233 2675 bellorum
3261 2624 3381 2675 ante
3405 2637 3501 2691 ge-

1931 2716 2134 2760 Storum
2157 2706 2220 2760 ad
2249 2693 2360 2760 ioca
2387 2718 2566 2763 sancta
2596 2696 2957 2779 confugientes
2976 2707 3276 2764 christiana:
3305 2711 3514 2780 religio-

1933 2786 2016 2852 nis
2046 2789 2338 2853 reverentia
2377 2807 2649 2854 tuerentdr
2671 2843 2686 2868 ,
2734 2795 2966 2870 ipsisque
2996 2800 3322 2856 daemonibus
3349 2805 3511 2872 atque

1935 2879 2216 2959 impiorum
2248 2890 2623 2944 sacrilicibrum
2664 2890 2852 2946 ritibus
2877 2933 2892 2954 .
2941 2891 3008 2946 de
3037 2887 3226 2962 quibus
3253 2886 3340 2946 ille
3375 2907 3514 2961 prac-

1932 2977 2247 3050 sum'pserat,
2276 2982 2351 3037 sic
2378 2981 2785 3037 adversarentur
2806 2974 2939 3052 pro3
2967 2983 3179 3037 nomine
3201 2982 3514 3046 Christiano,

1933 3068 1992 3129 ut
2018 3074 2170 3144 longe
2201 3073 2431 3128 atrocius
2474 3073 2666 3128 bellum
2706 3077 2824 3129 cum
2850 3075 2928 3130 eis
2951 3091 3106 3144 quam
3137 3091 3255 3130 cum
3287 3073 3516 3130 homini-

1933 3165 2032 3220 bus
2076 3180 2259 3234 gerere
2305 3164 2642 3219 viderentur:
2679 3165 2749 3220 ita
2775 3181 2931 3220 verus
2961 3155 3214 3220 Dominus
3254 3167 3515 3237 gubernas

1935 3263 2121 3335 ῑοτψθ
2147 3270 2322 3310 rerum
2362 3262 2416 3310 et
2451 3238 2720 3310 Romanos
2744 3271 2861 3309 cum
2889 3247 3248 3310 misericordia
3278 3255 3513 3326 ﬂagellas

1933 3347 2007 3403 vit
2031 3388 2046 3414 ,
2077 3356 2130 3402 et
2169 3356 2274 3402 tam
2324 3346 2706 3402 incredibiliter
2731 3343 2882 3402 victis
2923 3335 3365 3417 supplicatoribus
3405 3339 3513 3403 da:-

1933 3452 2172 3504 monum,
2202 3452 2301 3491 nec
2327 3436 2480 3492 saluti
2513 3453 2688 3491 rerum
2721 3437 3055 3506 praesentium
3079 3439 3374 3494 necessaria
3392 3444 3514 3496 esse

1933 3530 2189 3586 sacrificia
2220 3518 2305 3585 illa
2339 3532 2682 3595 monstravit;
2711 3534 2766 3585 tit
2803 3531 2871 3585 ab
2901 3527 3001 3597 his,
3025 3531 3112 3602 qtti
3135 3548 3238 3588 non
3273 3536 3512 3603 pervica-

1931 3620 2065 3680 citer
2117 3623 2479 3689 contendunt,
2543 3613 2636 3680 sed
2697 3620 2984 3696 prudenter
3038 3618 3354 3694 attendunt,
3412 3643 3511 3686 nec

1931 3726 2150 3789 prapter
2193 3715 2479 3787 praesentes
2528 3707 2870 3774 necexsitatcs
2914 3719 3099 3790 religio
3137 3736 3260 3774 vera
3290 3711 3507 3777 deseras

1933 3816 2052 3874 tur,
2102 3817 2155 3862 et
2183 3797 2348 3878 magis
2378 3807 2594 3862 :rlcrnre
2623 3809 2741 3863 vita:
2784 3798 3085 3864 fidelissima
3115 3815 3510 3882 expectatione

1931 3903 2192 3958 teneatur.

1929 3979 2153 4050 CAPUT
2185 3979 2371 4048 XXIV.
2400 4023 2468 4081 -—:—
2488 3993 2614 4081 Qua:
2640 3995 2703 4081 sit
2728 3995 3505 4081 rlrr‘is't‘ia‘norumimperatorum,

2402 4073 2446 4119 et
2475 4070 2626 4137 quam
2663 4072 2777 4120 vera
2803 4067 3036 4138 felicitas.

1997 4141 2177 4223 Neque
2201 4152 2340 4208 etiim
2378 4169 2474 4208 nos
2511 4145 2828 4212 christianos
2861 4151 3114 4228 quosdam
3159 4157 3506 4232 imperatores

1928 4241 2046 4297 ideo
2073 4243 2249 4298 felices
2277 4241 2530 4312 dicimus,
2568 4246 2688 4316 quia
2716 4247 2797 4301 vel
2827 4249 3022 4304 diutius
3043 4251 3393 4320 imperarunt,
3424 4257 3506 4310 vel

1928 4330 2252 4402 imperantes
2269 4333 2402 4388 filios
2423 4346 2594 4390 morte
2615 4337 2817 4406 placida
2843 4339 3190 4410 reliquerunt,
3213 4345 3296 4398 vel
3324 4344 3505 4401 hostes

1927 4422 2231 4490 reipubliccc
2260 4422 2598 4489 domuerunt,
2631 4425 2711 4480 vel
2734 4427 2976 4483 inimicos
2998 4431 3139 4485 cives
3159 4432 3412 4490 adversus
3443 4451 3502 4490 se

1927 4512 2258 4583 insurgentes
2299 4523 2352 4569 et
2392 4521 2579 4571 cavere
2619 4525 2673 4571 et
2699 4519 2999 4588 opprimere
3029 4531 3328 4590 potiterunt.
3378 4526 3504 4584 Ilwc

1926 4611 1976 4658 et
2004 4603 2102 4656 aha
2134 4605 2252 4657 vitze
2283 4603 2438 4673 hujus
2465 4616 2777 4661 :eruMnoscc
2805 4608 2886 4663 vel
2915 4617 3155 4677 munera,
3187 4617 3270 4671 vel
3290 4613 3499 4684 solatia,

1925 4693 2133 4762 quidam
2161 4693 2317 4747 etiam
2339 4694 2568 4750 cultores
2584 4696 2882 4753 darmonum
2911 4703 3151 4772 accipere
3177 4723 3500 4770 meruerunt.

1927 4785 2013 4854 qui
2045 4797 2146 4839 non
2179 4786 2442 4854 pertinent
2464 4786 2528 4840 ad
2561 4797 2779 4858 regnum
2807 4790 2923 4859 Dei,
2948 4809 3052 4863 quo
3076 4799 3338 4865 pertinent
3367 4800 3456 4856 Isti
3482 4821 3498 4856 :

1926 4888 1979 4933 et
2011 4879 2110 4933 hoc
2135 4878 2300 4946 ipsius
2325 4877 2686 4936 misericordia
2718 4883 2910 4938 factum
2940 4895 3048 4954 est,
3081 4904 3149 4944 ne
3169 4891 3235 4943 ab
3262 4891 3348 4945 illo
3375 4893 3496 4961 ista,

1925 4971 2010 5038 qui
2043 4971 2093 5024 in
2115 4985 2238 5025 eum
2259 4970 2558 5036 crederent,
2582 4972 2727 5030 velut
2738 4989 2944 5031 summa
2965 4978 3098 5032 bona
3115 4979 3496 5041 desiderarent.

1923 5061 2026 5117 Sed
2057 5061 2236 5118 felices
2275 5077 2370 5117 eos
2411 5063 2658 5132 dicimus,
2713 5067 2756 5121 si
2797 5066 2940 5138 juste
2966 5070 3257 5139 imperant,
3288 5073 3333 5126 si
3361 5075 3500 5132 inter

1901 5152 2130 5222 linguas
2175 5153 2469 5209 sublimiter
2517 5155 2886 5213 honorantium
2930 5169 2984 5213 et
3033 5161 3286 5231 obsequia
3333 5167 3493 5226 nimis

1925 5241 2194 5297 humiliter
2232 5243 2570 5298 salutantium
2596 5261 2700 5300 non
2738 5247 3084 5314 extolluntur,
3117 5252 3208 5306 sed
3233 5268 3292 5310 se
3321 5254 3497 5312 homi-

1987 5334 2023 5412 ἲ,
2038 5333 2109 5412 εἰς
2133 5330 2779 5412 81.2??5}1¥:.A‘_“.991¢?m’
2816 5337 3040 5401 «ravim
3066 5340 3266 5407 diem:
3299 5349 3497 5412 omisso.

1923 5394 2040 5457 pati.
2063 5400 2116 5443 Αι
2140 5394 2276 5452 editi,
2300 5394 2520 5455 graviore
2539 5394 2724 5459 dignos.
2765 5394 2774 5397 ’
2828 5394 2840 5401 ’
3118 5394 3142 5404 ”

1986 5456 2006 5527 ξ
2031 5455 2174 5527 _r_:diti,
2197 5453 2372 5527 deinde
2389 5469 2512 5505 cum.
2526 5459 2671 5527 Abest
2693 5470 2818 5527 cum,
2836 5467 2865 5509 a‘
2881 5464 3231 5527 manuscriptis.

1985 5515 2007 5583 ξ
2031 5522 2133 5583 stss:
2156 5517 2398 5583 omittunt_
2418 5530 2523 5574 pro.
2540 5543 2602 5554 -—
2621 5515 2856 5583 Omittunt
2875 5522 3021 5570 etiam
3045 5515 3193 5576 nostri
3215 5531 3403 5581 omnes.
3439 5539 3494 5583 Μ.

1987 5575 2058 5638 (a)
2083 5574 2190 5642 Plus
2205 5590 2347 5642 quam
2369 5577 2576 5642 ducenta
2591 5577 2737 5628 millia
2761 5582 3016 5632 Gothorum
3039 5574 3192 5637 fuisse
3213 5574 3494 5642 {simini

1924 5635 2005 5685 lus
2021 5635 2397 5710 @miliushlibro
2422 5637 2693 5710 i_l‘_tist_ori:e_
2722 5647 3045 5710 _Fr_an_corum;
3087 5635 3477 5710 Orosiusfliiifi

1922 5698 2742 5779 9.189113%".i-uli'5?Ebrietas?
2753 5702 2920 5779 Ρὶτιάυε
2942 5694 3494 5779 θυινίῑᾷῥξξὲὶὸ⁷ἐόεὶῦείὶὶ

1924 5769 2049 5807 anno
2069 5759 2233 5807 Christi
2256 5759 2360 5808 408.
2379 5760 2495 5808 vide
2523 5759 2764 5824 Augustini
2791 5771 3068 5818 Sermonem
3097 5770 3196 5832 103,
3215 5759 3323 5835 cap.
3351 5759 3423 5823 1όῖ

2959 5851 3174 5926 {Sun}
