4064 6490
536 393 632 448 l7l

534 520 633 561 nes
670 517 789 559 esse
833 500 1218 560 meminerunt;
1272 493 1316 548 si
1355 506 1505 547 suam
1549 497 1859 560 potestatem
1904 483 1968 539 ad
2015 482 2108 538 Dei

534 576 733 651 cultum
781 590 1009 647 maxime
1055 583 1377 642 dilatandum
1419 579 1678 651 majestati
1706 577 1823 648 ejus
1860 570 2108 630 famulam

534 685 762 748 faciunt;
812 683 855 735 si
900 683 1061 734 Deum
1101 678 1321 739 timent,
1366 673 1620 742 diligunt,
1672 670 1886 732 colunt;
1923 667 1971 723 si
1994 665 2109 735 plus

534 782 709 828 autaut
735 771 860 825 illud
886 783 1127 839 regnum,
1155 766 1242 821 ubi
1261 779 1365 819 non
1395 760 1786 818 timcnthabere
1801 766 2107 823 constirtes;

536 863 582 917 si
629 861 827 917 tardius
868 858 1170 921 vindicant,
1222 853 1374 910 facile
1423 850 1728 923 ignoscunt;
1778 849 1825 904 si
1866 847 2107 903 eamdem

539 951 824 1006 vindictam
871 964 966 1020 pro
1012 946 1327 1002 necessitate
1368 942 1612 1013 regendae
1653 939 1968 1008 tuettdzeque
2005 938 2107 994 rei-

539 1041 806 1111 publicae,
859 1055 966 1094 non
1027 1033 1125 1110 pro
1179 1034 1478 1092 saturandis
1529 1032 1920 1087 inimicitiarum
1973 1028 2110 1086 odiis

534 1142 789 1188 cxserunt
816 1130 867 1197 ¹;
916 1131 959 1184 si
988 1127 1228 1183 eamdem
1273 1127 1477 1181 veniam
1513 1136 1616 1178 non
1650 1122 1715 1176 ad
1746 1120 2108 1191 impunitatem

534 1222 859 1294 iniquitatis,
891 1220 984 1275 sed
1015 1219 1080 1272 ad
1125 1232 1273 1287 spem
1308 1213 1653 1271 correctionis
1691 1212 1997 1283 indulgent;
2038 1208 2106 1275 si,

532 1313 675 1386 quod
702 1327 890 1382 aspere
915 1319 1172 1380 coguntur
1198 1306 1509 1378 plerumque
1547 1303 1832 1358 decernere
1852 1341 1866 1366 ,
1900 1299 2112 1355 miseri-

532 1406 728 1460 cordia:
746 1403 961 1459 lenitate
984 1411 1038 1457 et
1063 1399 1437 1454 beneﬁciorum
1467 1396 1706 1465 largitate
1730 1399 2106 1461 compensant;

533 1499 579 1553 si
627 1496 831 1551 luxuria
879 1501 1027 1549 tanto
1064 1493 1142 1547 eis
1181 1502 1262 1546 est
1305 1488 1643 1556 castigatior,
1693 1494 1890 1555 quanto
1934 1490 2113 1552 posset

530 1604 652 1644 esse
696 1588 946 1653 liberior;
993 1585 1037 1639 si
1074 1584 1275 1638 malunt
1300 1579 1673 1650 cupiditatibus
1698 1577 1909 1647 pravis,
1950 1590 2111 1644 quam

534 1662 856 1750 quibuslibet
893 1675 1134 1747 gentibus
1176 1674 1438 1742 imperare
1469 1687 1484 1724 :
1511 1678 1561 1724 et
1591 1668 1637 1723 si
1676 1668 1790 1721 haec
1826 1665 2004 1721 omnia
2036 1664 2111 1717 fa-

532 1773 699 1835 ciunt,
724 1783 826 1823 non
857 1777 1073 1838 propter
1097 1764 1341 1818 ardorem
1370 1760 1540 1817 inanis
1562 1758 1765 1830 gloria),
1788 1756 1880 1812 sed
1897 1764 2112 1827 propter

531 1859 842 1915 charitatcm
889 1856 1154 1912 fclicitatis
1199 1867 1456 1911 aeterna}:
1485 1853 1529 1906 si
1575 1866 1670 1921 pro
1716 1849 1828 1904 suis
1854 1849 2108 1918 peccatis,

531 1950 845 2009 humilitatis
869 1956 925 2003 et
945 1945 1297 2001 miserationis
1316 1952 1370 2000 et
1388 1940 1642 1998 orationis
1666 1938 1981 1996 sacriﬁcium
2005 1936 2112 1990 Deo

532 2055 631 2095 suo
669 2053 798 2093 vero
837 2036 1113 2092 immolare
1142 2050 1247 2090 non
1271 2033 1559 2103 negligant.
1607 2029 1765 2085 Tales
1793 2026 2113 2082 christianos

529 2131 882 2201 imperatores
907 2127 1132 2182 dicimus
1161 2140 1280 2180 esse
1309 2123 1490 2179 felices
1517 2121 1726 2175 interim
1756 2133 1880 2188 spe,
1929 2125 2112 2187 postea

529 2236 591 2276 re
641 2206 755 2290 ipsa
804 2220 1041 2286 futuros,
1086 2232 1205 2272 cum
1249 2215 1339 2282 id,
1382 2213 1521 2285 quod
1564 2220 1972 2284 exSpectamus,
2015 2208 2111 2263 ad-

528 2312 750 2367 venerit.

498 2410 499 2413 “
528 2402 751 2463 CAPUT
788 2401 954 2457 XXV.
982 2431 1053 2443 —
1083 2399 1159 2453 De
1186 2396 1614 2469 prosperitatibus.
1635 2390 2113 2469 quas_Constantino

812 2473 1105 2543 imperatori
1133 2463 1404 2524 christiano
1430 2465 1567 2520 Deus
1586 2463 1817 2518 contulit.

552 2568 553 2573 “
597 2564 728 2620 Nam
755 2564 928 2620 bonus
960 2560 1136 2628 Deus,
1165 2576 1233 2615 ne
1259 2556 1504 2614 homines
1523 2595 1539 2623 ,
1570 2555 1656 2627 qui
1678 2570 1799 2609 eum
1830 2551 2113 2609 crederent

527 2645 745 2729 propter
771 2665 1023 2710 mternam
1070 2654 1230 2706 vitam
1265 2649 1544 2705 Colendum
1564 2688 1580 2715 ,
1626 2648 1723 2701 has
1752 2645 2108 2701 sublimitates

526 2758 583 2804 et
613 2763 770 2820 regna
799 2758 1010 2802 terrena
1046 2744 1414 2800 existimarent
1441 2754 1596 2811 posse
1623 2738 1891 2794 neminem
1920 2750 2114 2791 conse-

525 2840 617 2909 qui
641 2881 654 2906 ,
686 2838 787 2894 uisi
831 2836 1162 2893 dannonibus
1199 2835 1497 2905 supplicet,
1544 2830 1682 2901 quod
1715 2830 1768 2883 hi
1805 2829 2023 2899 Spiritus
2055 2828 2109 2883 in

526 2915 721 2986 talibus
746 2930 968 2985 multum
992 2927 1232 2982 valerent
1254 2966 1270 2990 ,
1308 2924 1709 2980 Constantinum
1734 2922 2109 2991 imperatorem

525 3038 632 3076 non
660 3020 1042 3092 supplicantem
1057 3013 1406 3081 dil‘mOIllbllS,
1436 3014 1527 3069 sed
1550 3014 1722 3084 ipsum
1742 3027 1923 3066 verum
1944 3011 2109 3065 Deum

526 3115 812 3179 colentem,
847 3113 1003 3167 tantis
1032 3109 1254 3165 terrenis
1285 3106 1523 3177 implevit
1548 3104 1886 3172 muneribus,
1915 3111 2108 3174 quanta

525 3214 711 3272 Optare
737 3203 912 3258 nullus
940 3200 1188 3255 auderet:
1207 3196 1291 3252 cui
1316 3198 1473 3251 etiam
1496 3194 1724 3249 condere
1743 3193 2005 3248 civitatem
2030 3189 2108 3263 (η)

525 3294 768 3349 Romano
807 3290 1032 3362 imperio
1068 3289 1265 3346 sociam
1290 3327 1305 3355 ,
1346 3285 1487 3340 velut
1516 3284 1681 3355 ipsius
1710 3283 1890 3337 Roma:
1921 3280 2105 3347 ﬁlﬁni,

526 3383 621 3439 sed
658 3383 773 3438 sine
800 3382 978 3452 aliquo
1002 3381 1302 3437 daemonum
1339 3376 1535 3446 templo
1564 3374 1952 3444 simulacroque
1981 3387 2111 3427 con-

526 3475 707 3530 cessit.
743 3474 840 3528 Diu
898 3472 1175 3542 imperavit
1220 3469 1372 3545 (b),
1419 3469 1723 3524 universum
1766 3466 1950 3521 orbem
2000 3462 2111 3521 Ro-

526 3581 744 3622 manum
779 3581 914 3620 unus
939 3566 1205 3634 Augustus
1235 3562 1403 3617 tenuit
1422 3570 1475 3617 et
1502 3559 1733 3615 defendit
1757 3574 1771 3624 ;
1809 3559 1859 3613 in
1886 3556 2113 3612 admini-

525 3660 759 3716 strandis
787 3667 840 3712 et
880 3658 1127 3727 gerendis
1169 3656 1323 3710 bellis
1366 3653 1832 3710 victoriosissimus
1873 3650 2007 3717 fuit;
2053 3650 2107 3705 in

528 3751 765 3822 tyrannis
794 3747 1153 3820 opprimendis
1179 3745 1252 3818 (ε)
1276 3761 1369 3816 per
1410 3747 1585 3799 omnia
1612 3751 1951 3813 prosperatus
1987 3750 2107 3808 est;

527 3842 843 3914 grandaevus
859 3840 1167 3911 mgritudine
1184 3848 1238 3893 et
1254 3846 1526 3892 senectute
1546 3838 1821 3889 defunctus
1840 3841 1952 3901 est;
1976 3834 2111 3889 ﬁlios

527 3934 850 4002 imperantes
878 3931 1087 4000 reliquit
1105 3931 1206 4001 (ιι).
1236 3928 1340 3984 Sed
1367 3942 1636 3982 rursusne
1666 3927 1954 3995 imperator
1973 3927 2112 3996 quis-

529 4037 688 4094 quam
717 4021 834 4076 ideo
862 4021 1187 4076 christianos
1215 4028 1356 4074 esset
1380 4059 1396 4086 ,
1426 4026 1483 4072 ut
1520 4016 1823 4073 felicitatem
1848 4017 2112 4072 Constan-

531 4117 626 4172 tini
653 4124 945 4172 mereretur
967 4153 983 4181 ,
1024 4130 1143 4168 cum
1172 4121 1390 4183 propter
1414 4111 1574 4165 vitam
1602 4119 1854 4165 aeternam
1883 4110 2107 4181 quisque

529 4207 720 4263 debeat
743 4221 861 4260 esse
879 4205 1194 4260 Christianus
1216 4219 1231 4270 ;
1258 4202 1533 4257 .Iovianum
1552 4202 1573 4232 ³
1594 4201 1759 4255 multo
1778 4201 1933 4256 citius
1953 4217 2110 4271 quam

529 4298 794 4355 Julianum
820 4297 1071 4362 abstulit;
1098 4294 1406 4351 Gratianum
1434 4292 1578 4349 ferro
1607 4293 1881 4365 tyrannica
1910 4295 2109 4363 permi-

530 4392 601 4446 sit
626 4389 853 4445 interimi
891 4387 959 4461 (e)
983 4404 1000 4454 ;
1044 4389 1197 4459 longe
1221 4387 1434 4458 quidem
1466 4387 1665 4452 mitius,
1686 4401 1845 4455 quam
1868 4385 2111 4455 Magnum

533 4481 868 4552 Pompeium,
895 4481 1157 4536 colentem
1194 4479 1339 4534 velut
1361 4478 1383 4509 ³
1412 4477 1680 4551 Romanos
1707 4475 1837 4530 deos
1862 4474 1951 4544 (ι’).
1977 4475 2109 4530 Nam

530 4576 622 4632 ille
649 4573 904 4628 vindicari
933 4588 963 4626 a
991 4570 1193 4627 Catone
1218 4585 1322 4627 non
1353 4567 1557 4641 potuit,
1584 4582 1740 4637 quem
1781 4566 1957 4625 civilia
1988 4567 2113 4623 belli

532 4663 923 4737 quodammodo
944 4662 1205 4719 haeredem
1232 4662 1516 4732 reliquerat
1544 4676 1559 4714 :
1590 4661 1689 4714 iste
1713 4670 1910 4721 autem,
1933 4674 2115 4731 quam-

531 4760 615 4813 vis
639 4758 739 4828 pia:
758 4757 949 4811 animm
969 4755 1158 4810 solatia
1189 4755 1311 4808 talia
1341 4768 1446 4806 non
1477 4753 1782 4822 requirant,
1810 4768 1839 4805 a
1860 4751 2113 4807 Theodo-

596 4868 614 4899 ι
652 4864 842 4930 Aliquot
872 4870 1002 4925 uss,
1025 4867 1438 4913 exercent-«uss.
1456 4860 1567 4922 766,
1594 4859 1710 4910 2051
1734 4868 1786 4912 et
1806 4860 1947 4923 2035,
1971 4875 2115 4913 exse-

532 4934 662 4977 ritut.
730 4937 783 4975 at.

597 4993 618 5021 ι
651 4990 903 5038 rauciores
934 4983 1247 5046 manuscripti
1284 4995 1394 5033 eum
1419 4982 1592 5044 editis,
1624 4981 1939 5034 Jovinianum.
1964 4985 2114 5035 --sic

536 5052 682 5100 etiam
703 5052 855 5101 nostri
871 5061 1058 5098 omnes.
1123 5052 1183 5094 lt.

598 5113 621 5144 ³
652 5111 787 5171 mliti,
812 5109 1043 5161 videlicet.
1064 5115 1124 5171 _M.
1145 5118 1313 5157 omnes
1332 5113 1457 5169 Mss,
1481 5104 1621 5157 velut.

566 5198 571 5205 ·
600 5173 674 5236 (ᾳ)
693 5168 1161 5236 Constantinopolim.

535 5292 584 5343 7.
863 5227 1060 5295 triginta
1075 5238 1129 5282 et
1149 5242 1297 5280 unum
1313 5230 1580 5293 imperasse
1601 5228 1760 5294 prodit
1774 5230 1985 5294 Orosius,
2024 5227 2111 5280 ιίι),

570 5330 584 5354 ,
610 5306 714 5355 can
739 5306 818 5342 ‘20-

625 5352 680 5404 εἶ
698 5353 936 5403 Maxentio
957 5354 1179 5402 nimirum
1207 5360 1258 5402 et
1274 5352 1471 5403 Licinio.

661 5416 680 5479 )
697 5416 1040 5479 Constantium,
1062 5417 1420 5479 constantinum
1440 5418 1842 5479 etconstantem.

535 5474 672 5588 τεέἷὲ
693 5484 877 5526 Casum
900 5474 1127 5526 videlicet
1149 5477 1209 5525 ab
1229 5476 1548 5539 Andragathlo
1566 5477 1756 5525 Maximi
1777 5476 1964 5539 tyranni
1987 5488 2113 5538 pra:-

557 5546 683 5589 'ecto.
1990 5574 2000 5583 .

602 5600 678 5671 to
701 5598 805 5669 oui.
836 5596 1290 5671 memineris.
1335 5597 1499 5671 ιίδοέι
1537 5596 1765 5671 σπυρίδα
1800 5592 2116 5671 infaustam

546 5678 569 5709 ι
590 5659 773 5731 littore,
793 5660 997 5731 imperio
1037 5659 1245 5731 vilissimi
1271 5663 1405 5731 regis
1434 5659 1609 5731 (idest
1635 5660 2112 5731 lftolcnigeipupilli),

545 5739 575 5769 α
590 5720 803 5771 consiliis
817 5720 1097 5784 spadonum,
1116 5728 1251 5784 etne
1272 5720 1387 5784 quid
1411 5720 1519 5772 mali
1543 5723 1686 5781 desit,
1706 5720 1917 5784 Septimii
1939 5720 2116 5784 deser-

546 5801 571 5830 ι
594 5784 713 5833 toris
730 5784 806 5831 sui
828 5781 989 5846 gladio
1007 5781 1304 5846 trucidatus,'
1323 5786 1415 5846 sub
1437 5784 1589 5846 oculis
1610 5781 1778 5835 uxoris
1796 5795 1898 5834 sua:
1938 5782 2116 5834 ﬁbero-

546 5862 571 5893 ι
590 5857 797 5908 rumque
818 5843 1033 5895 moritur.
1060 5859 1083 5890 ι
1111 5843 1224 5893 ride
1243 5846 1338 5895 Liv.
1363 5845 1444 5907 lib.
1474 5845 1576 5896 112.

1626 376 1713 431 DE
1750 365 2064 428 CIVITATE
2094 364 2227 429 DEI,
2269 364 2325 419 S.
2369 362 2731 421 AUCUS’I‘INI

3692 368 3793 423 ΙἨ

2212 501 2294 557 sio
2317 500 2606 555 vindicatus
2634 510 2716 555 est
2740 501 2838 572 (α),
2871 516 3027 573 quem
3057 502 3203 573 regni
3231 501 3535 574 participem
3572 500 3790 574 fecerat,

2211 605 2332 649 cum
2366 592 2639 661 parvulum
2668 592 2889 648 haberet
2930 591 3145 648 fratrem
3177 591 3285 665 (b);
3329 593 3533 650 avidior
3562 594 3680 651 ﬁdae
3705 612 3794 651 so-

2211 682 2416 753 cietatis
2443 683 2483 748 ¹,
2515 698 2672 751 quam
2700 682 2874 737 nimia:
2901 685 3191 753 potestatis.

2212 774 2435 831 CAPUT
2474 776 2734 830 XXVl.—
2754 774 2835 831 De
2860 777 2962 846 ﬁde
2986 791 3033 831 et
3058 780 3238 847 pietate
3261 776 3529 834 Theodosii
3553 779 3787 852 Augusti.

2286 870 2337 924 l.
2382 868 2529 924 Unde
2553 880 2607 927 et
2632 869 2723 925 ille
2752 885 2855 923 non
2896 869 3065 924 solum
3097 869 3215 925 vivo
3244 873 3473 927 servavit
3500 889 3657 944 quam
3691 874 3790 929 de-

2212 960 2369 1017 bebat
2400 961 2579 1025 ﬁdem,
2619 977 2800 1017 verum
2831 963 2986 1017 etiam
3019 973 3136 1033 post
3160 964 3275 1032 ejus
3306 976 3528 1021 mortem
3579 968 3790 1037 pulsum

2211 1049 2280 1106 ab
2298 1050 2418 1122 ejus
2437 1051 2772 1106 interfectore
2798 1051 3025 1105 Maximo
3051 1051 3471 1110 Valentinianum
3491 1097 3505 1122 ,
3533 1055 3648 1126 ejus
3672 1073 3793 1127 par-

2209 1143 2392 1198 vulum
2423 1141 2660 1210 fratrem,
2693 1143 2745 1198 in
2772 1143 2852 1197 sui
2891 1152 3068 1213 partes
3105 1144 3313 1214 imperii
3361 1155 3610 1216 tanquam
3641 1146 3787 1203 chri-

2212 1235 2414 1291 stianus
2438 1236 2648 1305 excepit
2677 1236 2955 1306 pupillum,
3000 1247 3221 1307 paterno
3261 1238 3544 1295 custodivit
3571 1239 3786 1306 affectu,

2210 1340 2366 1396 quem
2391 1325 2696 1381 destitutum
2723 1327 2967 1381 omnibus
2991 1327 3178 1396 opibus
3204 1329 3348 1383 nullo
3374 1330 3583 1401 negotio
3611 1341 3791 1401 posset

2210 1416 2442 1482 auferre,
2466 1418 2509 1473 si
2536 1418 2690 1473 latius
2715 1419 2967 1488 regnandi
2995 1421 3280 1489 cupiditate
3310 1423 3475 1494 magis
3503 1439 3660 1494 quam
3688 1424 3791 1479 bc-

2212 1522 2282 1562 ne
2312 1506 2535 1563 faciendi
2565 1507 2821 1564 charitate
2847 1507 3092 1579 ﬂagraret
3113 1528 3126 1565 :
3151 1511 3289 1567 unde
3320 1514 3650 1581 pctiusi’um,
3672 1530 3792 1570 ser-

2213 1608 2329 1652 vata
2347 1598 2462 1668 ejus
2482 1598 2818 1668 imperatoria
2842 1600 3096 1669 dignitate
3119 1611 3442 1670 susceptum,
3467 1602 3578 1672 ipsa
3602 1604 3790 1659 huma-

2211 1688 2375 1742 nitate
2401 1696 2453 1742 et
2475 1687 2645 1758 gratia
2674 1689 2975 1744 consolatus
3004 1698 3104 1743 est.
3136 1688 3335 1745 Deinde
3360 1707 3479 1745 cum
3501 1691 3787 1747 Maximum

2212 1778 2503 1835 terribilem
2531 1780 2725 1835 faceret
2755 1781 2840 1835 ille
2860 1796 3157 1847 successus,
3191 1781 3277 1836 hic
3313 1782 3363 1836 in
3398 1785 3652 1853 angustiis
3690 1801 3791 1840 cu-

2212 1884 2391 1925 rarunt
2418 1886 2632 1926 suarum
2662 1887 2766 1927 non
2797 1879 2879 1928 est
2904 1872 3080 1942 lapsus
3110 1873 3175 1928 ad
3202 1875 3535 1931 curiositates
3568 1877 3788 1933 sacrile-

2210 1975 2304 2030 gas
2332 1971 2488 2031 atque
2514 1961 2740 2024 illicitas,
2771 1963 2865 2017 sed
2886 1963 2951 2017 ad
2978 1963 3234 2020 Joannem
3267 1966 3317 2020 in
3356 1964 3569 2038 Egypti
3604 1984 3791 2025 eremo

2211 2054 2580 2120 constitutum,
2624 2069 2781 2124 quem
2825 2054 2916 2111 Dei
2958 2070 3168 2110 servum
3213 2057 3559 2127 prephetandi
3601 2061 3790 2131 spiritu

2212 2142 2490 2211 prmditum
2513 2142 2649 2197 fama
2666 2142 3034 2200 crebrescente
3053 2145 3326 2211 didicerat,
3354 2147 3522 2212 misit;
3543 2160 3699 2218 atque
3719 2150 3791 2204 ab

2211 2247 2277 2288 eo
2303 2233 2543 2288 nuntium
2569 2233 2804 2289 victoria:
2828 2236 3178 2291 certissimum
3202 2237 3423 2307 accepit.
3445 2237 3557 2292 Mox
3579 2240 3791 2311 tyranni

2212 2322 2423 2377 Maximi
2451 2324 2741 2379 exstinctor
2772 2324 3193 2381 Valentinianum
3218 2342 3434 2396 puerum
3463 2328 3665 2397 imperii
3696 2329 3781 2383 sui

2213 2414 2474 2483 partibus,
2503 2414 2643 2469 unde
2672 2414 2877 2483 fugatus
2908 2415 3098 2483 fuerat,
3143 2432 3261 2472 cum
3294 2419 3788 2474 misericordissima

2209 2505 2553 2560 veneratione
2578 2507 2840 2561 restituit:
2863 2521 3031 2577 eoque
3055 2507 3167 2562 sive
3189 2522 3282 2577 per
3299 2507 3533 2575 insidias,
3556 2509 3667 2564 sive
3682 2525 3792 2580 quo

2211 2594 2317 2649 alio
2338 2603 2493 2664 pacto
2512 2596 2597 2651 vel
2618 2610 2743 2649 casu
2767 2597 3003 2667 proxime
3018 2597 3297 2662 exstincto,
3322 2597 3481 2652 alium
3505 2607 3791 2669 tyrannum

2214 2682 2532 2755 Eugenium,
2561 2687 2647 2756 qni
2681 2688 2731 2741 in
2765 2688 2902 2742 illius
2929 2688 3263 2759 imperatoris
3306 2689 3477 2743 locum
3522 2705 3623 2743 non
3654 2689 3790 2761 legi-

2212 2778 2340 2833 time
2369 2776 2540 2832 fuerat
2559 2778 2893 2848 subrogatus,
2915 2789 3135 2850 accepto
3161 2794 3344 2833 rursus
3373 2777 3680 2849 prophetico
3702 2795 3791 2834 rea

2210 2885 2430 2940 sponso,
2457 2869 2558 2924 ﬁde
2578 2879 2756 2925 certus
2783 2872 3066 2940 Oppressit,
3096 2879 3281 2926 contra
3309 2871 3458 2941 cujus
3480 2870 3791 2926 robustissi-

2210 2977 2357 3018 mum
2380 2963 2669 3021 exercitum
2701 2964 2868 3032 magis
2889 2966 3110 3031 orando,
3136 2979 3293 3034 quam
3326 2963 3561 3018 feriendo
3582 2979 3789 3034 pugnae

2208 3053 2305 3109 vit.
2333 3053 2523 3109 Milites
2541 3053 2713 3121 nobis,
2736 3054 2824 3124 qui
2852 3054 3089 3121 aderant,
3117 3055 3433 3121 retulerunt,
3460 3065 3666 3111 extorta
3686 3050 3792 3112 sibi

2209 3134 2331 3200 esse
2372 3145 2441 3201 de
2484 3146 2727 3201 manibus
2772 3162 3122 3217 quiccutnque
3164 3148 3559 3225 jaculabantur,
3606 3163 3792 3204 cuma

2213 3236 2497 3298 Theodosii
2528 3238 2766 3307 partibus
2805 3238 2855 3292 in
2900 3238 3233 3293 adversarios
3269 3240 3558 3296 vehemens
3599 3251 3793 3296 ventus

2210 3327 2333 3393 iret,
2366 3335 2418 3381 et
2462 3343 2567 3383 non
2608 3328 2801 3395 solum,
2835 3319 3182 3400 qua-cumque
3225 3330 3276 3383 in
3318 3344 3412 3385 eos
3434 3330 3786 3398 jaeiebantur,

2209 3418 2624 3475 concitatissime
2660 3419 2893 3490 raperet,
2935 3434 3117 3474 verum
3157 3422 3314 3475 etiam
3345 3421 3575 3491 ipsorum
3605 3421 3707 3474 tela
3736 3421 3793 3475 in

2210 3524 2394 3566 eorum
2422 3524 2643 3581 corpora
2673 3520 3025 3582 retorquerct.
3058 3511 3209 3567 Unde
3254 3521 3308 3566 et
3342 3521 3498 3583 poeta
3544 3510 3796 3566 Claudia-

2211 3603 2348 3666 nus,
2365 3606 2604 3674 quamvis
2630 3618 2661 3659 a
2688 3603 2882 3661 Christi
2914 3606 3128 3661 nomine
3149 3605 3373 3674 alienus,
3404 3606 3455 3660 in
3472 3606 3589 3676 ejus
3610 3615 3793 3661 tamen

2211 3694 2457 3751 laudibus
2482 3694 2648 3750 dixit:

2270 3815 2308 3858 ο
2332 3810 2529 3858 nimium
2549 3806 2727 3859 dilecte
2752 3815 2867 3867 Deo,
2892 3809 2967 3857 cui
2990 3806 3144 3857 fundit
3167 3807 3227 3855 ab
3249 3807 3400 3855 antris

2272 3871 2437 3919 Euius
2452 3877 2660 3919 armatas
2683 3871 2872 3918 hiemes
2885 3872 2906 3900 ’
2921 3883 2935 3927 ;
2952 3871 3029 3918 cui
3054 3869 3228 3918 militat
3247 3868 3421 3927 aether,

2276 3938 2331 3993 Et
2351 3932 2581 3993 oonjurati
2608 3930 2807 3993 veniunt
2827 3931 2895 3993 ad
2909 3929 3262 3993 classical-cuti
3284 3930 3297 3978 ε

2273 3992 2293 4056 (
2316 4000 2369 4043 In
2391 3986 2688 4057 Panegyrico
2709 3993 2769 4041 dc
2787 3991 2925 4041 tertio
2946 3988 3143 4040 Honorii
3166 3988 3427 4051 consulatu,
3454 4001 3571 4041 vers.
3599 3986 3797 4054 9698.)

2215 4095 2396 4151 Victor
2415 4105 2614 4160 autem,
2638 4094 2774 4149 sicut
2795 4093 3092 4148 crediderat
3116 4102 3168 4148 et
3192 4092 3530 4162 praedixerat,
3558 4092 3644 4149 Jt)\
3658 4094 3702 4148 is
3720 4094 3798 4149 si-

2214 4187 2472 4248 mulacra,
2503 4201 2619 4256 quae
2639 4185 2890 4239 adversus
2920 4200 3040 4240 eum
3062 4183 3273 4240 fuerant
3302 4185 3481 4240 nescio
3505 4185 3694 4255 quibus
3713 4184 3797 4239 ri-

2217 4277 2356 4331 tibus
2379 4276 2525 4332 vclut
2548 4284 2877 4339 consecrata,
2900 4276 3023 4330 etin
3054 4275 3272 4346 Alpibus
3296 4277 3598 4339 constituta,
3622 4274 3799 4345 depo-

2217 4371 2355 4425 suit:
2382 4384 2673 4441 eorumque
2702 4364 2943 4434 fulmina,
2971 4366 3113 4437 quod
3142 4381 3303 4421 aurea
3333 4365 3575 4432 fuissent,
3603 4366 3796 4435 jocan-

2217 4458 2358 4517 tibus
2379 4460 2539 4534 (quod
2570 4460 2658 4515 illa
2686 4460 2865 4514 laztitia
2890 4456 3245 4530 permittebat)
3273 4456 3611 4523 Cursoribus,
3652 4466 3704 4512 et
3735 4472 3801 4513 se

2208 4553 2285 4608 ab
2310 4554 2389 4609 eis
2407 4553 2679 4609 fulminari
2704 4553 2841 4608 velle
2860 4551 3176 4616 dicentibus,
3200 4550 3435 4604 hilariter
3458 4544 3798 4619 benigneque

2215 4644 2450 4701 donavit.
2483 4643 2818 4699 inimicorum
2862 4656 3078 4697 suorum
3129 4640 3285 4708 ﬁlios,
3332 4654 3464 4709 quos
3494 4653 3598 4694 non
3631 4639 3801 4709 ipsius

2213 4735 2416 4805 jussus,
2448 4733 2545 4789 sed
2584 4734 2707 4788 belli
2739 4731 3028 4786 abstulerat
3055 4729 3341 4801 impetus‘,
3373 4731 3532 4784 etiam
3558 4729 3794 4784 nondum

2218 4826 2532 4881 christianos
2548 4824 2613 4878 ad
2636 4823 2912 4879 ecclesiam
2933 4820 3323 4892 confugientes,
3347 4820 3669 4876 christianos
3694 4820 3799 4875 hac

2217 4916 2497 4971 occasione
2516 4915 2632 4969 ﬁeri
2660 4912 2849 4981 voluit,
2876 4922 2930 4968 et
2966 4912 3252 4968 christiana
3294 4912 3550 4968 charitate
3574 4911 3792 4979 dilexit;

2281 5050 2311 5109 ιν
2333 5054 2384 5097 ιη
2410 5048 2605 5097 excusis
2633 5044 2909 5109 legebatur,
2933 5043 3124 5095 haberet
3162 5050 3206 5109 et
3241 5045 3461 5109 fratrem,
3483 5042 3670 5095 aridior
3696 5043 3800 5106 ﬁde
3870 5062 3893 5084 ι

2213 5108 2468 5160 societatis.
2493 5109 2584 5159 sed
2608 5106 2853 5171 particula,
2879 5113 2941 5164 et,
2968 5120 3062 5171 non
3086 5114 3162 5155 est
3183 5106 3470 5171 in’mt-liorts
3491 5114 3616 5171 nota:
3635 5118 3803 5156 manu-

2212 5173 2423 5233 scriptis,
2445 5164 2647 5232 quorum
2672 5170 2816 5218 etiam
2837 5164 3118 5216 auctoritate
3142 5167 3472 5226 emendamus,
3495 5164 3611 5229 ﬁde.

2278 5234 2298 5264 ²
2318 5239 2424 5280 Mss.
2450 5233 2602 5281 nostri
2622 5231 2864 5291 omittunt,
2890 5228 2971 5279 cui
2979 5229 3139 5291 fundit
3159 5228 3220 5278 ab
3240 5228 3394 5280 annis
3414 5228 3573 5280 ariolus
3588 5233 3804 5278 armatas

2215 5292 2556 5422 ’Ἐυξῗὲνίὧέ
2578 5358 2705 5422 ψεῇ
2729 5363 2845 5422 quos
2858 5348 3316 5422 ponipsiusjussu;
3338 5356 3391 5421 et
3411 5348 3604 5422 quidam
3626 5361 3802 5422 prose-

2215 5424 2446 5480 quuntur,
2471 5411 2557 5465 Sed
2584 5414 2693 5464 belli
2715 5411 2974 5480 abstulerat
2995 5411 3235 5480 impetus;
3254 5411 3471 5480 omisso,
3505 5412 3610 5480 sed.
3635 5418 3804 5480 _l"0l‘le

2220 5470 2640 5587 legendumkgilos
2662 5487 2753 5523 non
2777 5471 2947 5548 ipsius,
2972 5470 3474 5543 scd'bglliabstulerat
3498 5470 3807 5542 impetus.—

2220 5544 2323 5587 Mss.
2346 5536 2456 5587 766.
2556 5537 2616 5585 “2
2630 5544 2683 5586 et
2703 5535 2839 5587 θοὸς).
2866 5547 2982 5587 auos
3002 5546 3094 5585 non
3117 5547 3266 5587 tostus
3279 5546 3441 5587 iussu.
3464 5530 3575 5583 belli
3596 5532 3805 5584 abstule-

2214 5530 2332 5607 ηεξ..
2346 5536 2456 5607 766,
2487 5530 2616 5587 ’2032
2630 5530 2839 5607 et
2866 5530 2982 5599 quos
3002 5546 3094 5585 non
3117 5533 3266 5597 ipsius
3279 5533 3441 5596 jussu,
3464 5530 3578 5583 belli
3596 5532 3805 5584 abstule-

2216 5603 2782 5729 ratutllllggiﬁhwdosiﬂg
2804 5658 3055 5706 mximum
3093 5654 3323 5719 Aquileize
3346 5658 3579 5716 agentem
3591 5655 3726 5717 cepit
3752 5663 3805 5706 et

2216 5722 2760 5842 imzlgcigrllentinianum
2782 5778 2965 5831 scilicet
2974 5776 3237 5840 junioretn,
3254 5774 3570 5828 Valentiniani
3593 5778 3804 5829 senioris

2226 5840 2490 5893 cx'Justiua
2510 5840 2674 5889 ﬁlium.
3322 5854 3325 5857 -
