4064 6480
273 369 370 426 ιη

271 499 365 539 nec
389 475 614 554 privavit
651 477 836 546 rebus,
866 479 956 534 ct‘
987 475 1134 534 anxit
1173 474 1481 530 honoribus.
1510 473 1564 528 lu
1595 475 1858 530 remitti-tn

273 583 388 643 post
426 570 708 626 victoriam
753 571 984 640 privatas
1027 567 1324 622 inimicitias
1380 566 1554 620 Valere
1599 564 1858 634 permisit.

271 665 412 720 Bella
435 663 636 726 civilia,
665 677 774 718 non
802 661 940 716 sicut
967 659 1134 716 Cinna
1160 669 1210 714 et
1229 657 1424 714 Marius
1442 665 1496 712 et
1520 656 1664 727 Sylla
1691 665 1748 712 et
1770 655 1858 710 alii

272 757 404 813 tales
440 745 720 810 nec'linita
749 753 904 810 linire
931 751 1234 815 voluerunt,
1265 748 1358 804 sed
1391 748 1558 818 magis
1581 746 1752 802 doluit
1775 761 1862 800 ex-

273 861 384 908 (τω
405 861 570 908 ouant
591 847 840 917 cuiquam
863 861 1058 902 nocere
1081 844 1244 900 voluit
1271 841 1572 896 terminata.
1591 840 1732 896 later
1748 840 1864 896 haec

272 941 450 995 omnia
477 953 546 994 ex
577 940 694 1008 ipso
723 937 878 992 initio
909 935 1118 1006 imperii
1151 935 1234 990 sui
1265 948 1370 988 non
1397 932 1598 1002 quievit
1631 930 1864 1000 justissi-

273 1033 370 1088 mis
399 1040 458 1086 et
485 1029 1000 1086 misericordissimis
1037 1027 1242 1098 legibus
1279 1026 1530 1080 adversus
1567 1023 1758 1094 impios
1781 1023 1862 1078 la~

275 1125 482 1182 curanti
515 1123 772 1178 Ecclesiae
804 1120 1106 1186 subvenire,
1147 1133 1306 1188 quam
1350 1117 1544 1172 Valens
1581 1115 1863 1170 lucreticus

275 1218 458 1271 {avens
499 1213 714 1269 Arionis
743 1211 1087 1268 vehementer
1115 1211 1374 1264 amiserat
1395 1209 1584 1277 :‘cujus
1611 1206 1863 1262 Ecclesia:

274 1321 330 1363 se
350 1307 654 1362 membrum
679 1319 802 1360 esse
829 1302 995 1373 magis
1029 1316 1188 1372 quam
1215 1301 1266 1354 in
1299 1299 1454 1354 terris
1481 1311 1703 1366 regnare
1729 1311 1859 1366 gau-

273 1399 450 1453 debat.
479 1397 778 1453 Simulacra
805 1394 1090 1450 Gentilium
1121 1391 1314 1462 ubique
1343 1390 1628 1452 evertenda
1657 1399 1862 1459 praee-

276 1491 367 1560 pit,
399 1489 538 1544 satis
561 1487 858 1556 intelligens
889 1499 988 1539 nec
1015 1493 1225 1538 terrena
1255 1495 1472 1536 tnuncra
1501 1481 1552 1534 in
1575 1477 1864 1533 ammonia-

275 1598 411 1648 rum,
439 1580 542 1636 sed
564 1581 618 1634 in
649 1578 742 1634 Dei
765 1577 873 1633 veri
899 1591 1020 1632 esse
1049 1576 1213 1645 posita
1233 1581 1517 1645 potestate.
1536 1569 1669 1640 Quid
1687 1579 1862 1624 autem

253 1675 372 1730 'l’uit
399 1673 523 1742 ejus
567 1669 814 1741 religiosa
857 1667 1157 1723 humilitate
1197 1663 1512 1729 mirabilius,
1561 1659 1774 1732 quando
1809 1659 1864 1716 in

274 1759 834 1820 Thcssitlonicensium
859 1757 1232 1828 gravissimum
1255 1754 1452 1818 scelus,
1480 1753 1564 1806 cui
1583 1751 1714 1822 jam,
1745 1751 1863 1819 epi-

273 1853 448 1922 scopis
477 1849 954 1911 intercedentibus,
986 1846 1299 1918 promiserat
1341 1841 1744 1913 indulgentiam,
1779 1849 1862 1894 tu-

273 1945 442 2001 multu
475 1941 846 2014 quarumdam,
872 1939 960 2009 qui
975 1939 1025 1992 ei
1051 1935 1416 2001 cohaerebant,
1433 1933 1702 1988 vindicare
1717 1947 1863 1986 com-

277 2037 458 2108 pulsus
495 2043 602 2099 est,
643 2041 700 2088 et
737 2029 1096 2087 ecclesiastica
1137 2027 1402 2082 coercitus
1443 2024 1746 2092 disciplina,
1783 2022 1864 2078 sic

273 2127 380 2196 egit
417 2123 812 2194 ruenitentiam,
849 2129 907 2175 ut
943 2117 1338 2189 imperatoriam
1363 2115 1734 2172 celsitudinem
1763 2127 1863 2183 pro

275 2219 366 2274 illo
389 2217 624 2288 populus
651 2228 814 2269 orans
853 2211 1024 2282 magis
1062 2209 1214 2266 lleret
1257 2207 1492 2264 videndo
1519 2211 1858 2277 prostratam,

273 2323 430 2380 quam
461 2305 736 2378 peccando
765 2305 970 2360 timeret
1003 2301 1223 2358 iratam?
1245 2297 1372 2356 Haec
1391 2301 1482 2355 ille
1507 2315 1708 2364 secum,
1739 2307 1793 2354 et
1813 2299 1862 2354 si

273 2413 372 2469 qua
415 2397 636 2462 similia,
683 2410 802 2465 qua:
845 2407 1268 2450 commemorare
1317 2392 1528 2460 longum
1575 2398 1678 2456 est,
1722 2389 1860 2444 bona

273 2503 432 2560 opera
463 2487 608 2552 tulit,
653 2501 720 2540 ex
765 2487 870 2540 isto
915 2483 1190 2553 temporali
1221 2497 1416 2552 vapore
1440 2481 1720 2551 cujuslibet
1747 2481 1863 2536 cul-

271 2579 428 2634 ltinis
455 2587 510 2632 et
541 2575 884 2631 sublimitatis
913 2573 1188 2640 humanae;
1218 2587 1444 2643 quorum
1469 2585 1692 2642 operum
1719 2587 1860 2626 mer-

272 2684 357 2725 ces
381 2678 468 2723 est
495 2677 696 2722 aeterna
727 2665 972 2728 felicitas,
1003 2665 1156 2734 cujus
1196 2664 1350 2718 dator
1387 2673 1470 2718 est
1509 2663 1650 2718 Deus
1687 2663 1816 2718 solis
1837 2663 1856 2696 '

271 2759 532 2816 veraciter
557 2759 679 2828 piis.
711 2756 914 2812 Caetera
943 2771 1072 2811 vero
1099 2755 1220 2810 vita:
1245 2754 1406 2824 hujus
1430 2755 1512 2810 vel
1539 2754 1746 2826 fastigia
1775 2756 1858 2812 vel

271 2849 530 2915 subsidia,
555 2849 693 2904 sicut
711 2848 886 2918 ipsum
919 2847 1196 2913 mundum,
1225 2847 1426 2914 lucem,
1449 2861 1630 2915 auras,
1663 2857 1856 2913 terras,

271 2955 450 3013 aquas,
497 2940 724 3004 fructus,
759 2941 1032 3010 ipsiusque
1072 2940 1308 2994 hominis
1347 2941 1602 3006 animum,
1641 2955 1854 3009 corpus,

269 3049 474 3102 sensus,
526 3043 787 3099 mentem,
817 3033 1000 3096 viuum,
1035 3033 1190 3088 bonis
1217 3032 1480 3102 malisque
1507 3031 1725 3102 largitur
1755 3050 1768 3086 :
1799 3033 1856 3088 in

271 3125 459 3194 quibus
487 3133 574 3180 est
595 3124 756 3179 etiam
787 3123 1038 3193 qumlibet
1069 3123 1276 3192 imperii
1327 3122 1652 3192 magnitudo,
1695 3137 1858 3193 quam

269 3231 358 3288 pro
383 3226 688 3286 temporum
719 3216 1102 3286 gubernatione
1127 3215 1402 3284 dispensat
1417 3214 1460 3268 ³.

331 3309 386 3363 2.
417 3338 486 3350 ——
514 3306 808 3381 [XXVIL]
871 3307 1100 3364 Proinde
1137 3308 1248 3378 jam
1283 3307 1445 3362 etiam
1491 3307 1592 3362 illis
1628 3321 1854 3378 respon-

321 3422 342 3453 ί
375 3421 450 3470 sic
471 3427 581 3468 nss.
609 3425 663 3468 At
687 3419 820 3478 editi,
848 3415 950 3469 sed.

322 3483 344 3514 ³
375 3479 598 3530 Nonnulli
615 3490 742 3540 5153.,
763 3481 908 3530 solus.

327 3545 348 3576 ⁸
375 3545 460 3610 μία
481 3543 608 3606 apud
635 3553 744 3610 A_ttl._
761 3549 832 3590 Er.
848 3550 915 3610 et
935 3549 1040 3610 Iov:
1056 3541 1254 3610 “factum
1289 3547 1366 3590 est
1389 3547 1534 3610 caput
1559 3541 1854 3610 sigcsimum

269 3601 529 3668 ncptimtlltf
548 3613 600 3654 et
622 3603 810 3668 titulus
847 3605 942 3654 iste
978 3603 1168 3653 additus
1187 3613 1408 3668 {contra
1437 3601 1854 3668 unadesunt-alio

268 3664 528 3727 Augustini,
549 3665 632 3728 qui
653 3665 952 3727 scripserunt
973 3673 1140 3715 contra
1159 3665 1312 3716 editos
1333 3664 1444 3727 jam
1473 3664 1649 3728 libros._
1676 3666 1766 3714 Sed
1803 3665 1852 3714 id

267 3725 644 3786 tentatuni'sino
679 3725 966 3790 auctoritate
997 3725 1444 3790 manuscriptoruni,
1483 3734 1534 3777 et
1569 3725 1850 3790 refragante

267 3791 534 3852 antiquiore
559 3791 776 3838 editione
799 3787 1141 3838 V’indcliniana.

1655 357 1852 414 LIBER
1883 349 2172 414 SEXTUS.

3443 365 3546 424 ΓΗ

1967 473 2200 530 dendmn
2269 487 2390 528 esse
2455 471 2608 528 video
2635 513 2654 538 ,
2703 471 2792 544 qui
2869 471 3312 530 manifestissimis
3382 474 3548 532 docn-

1968 563 2182 629 mentis,
2213 562 2403 632 quibus
2444 563 2740 618 ostenditur
2768 564 2908 634 quod
2955 565 3022 621 ad
3069 566 3166 620 ista
3213 567 3544 636 temporalia,

1967 669 2086 724 quae
2125 655 2236 710 sola
2279 654 2424 708 stulti
2467 653 2661 709 habere
2704 658 3119 728 concupiscunt,
3153 657 3278 712 nihil
3319 657 3540 714 deorum

1968 747 2218 800 falsorum
2242 745 2592 802 numerositas
2623 747 2809 816 prosit,
2843 748 3093 803 eonfntati
3125 757 3284 822 atque
3311 749 3541 804 cenvicti

1967 845 2226 890 conantur
2253 851 2514 903 asserere,
2549 852 2652 892 non
2687 849 2900 908 propter
2933 839 3052 894 vitae
3099 840 3376 909 praesentis
3413 839 3547 894 utili-

1969 935 2151 993 tatem,
2183 925 2277 980 sed
2309 935 2524 996 prepter
2550 942 2665 982 eam
2693 943 2809 997 qua:
2839 937 2955 998 post
2982 939 3210 986 mortem
3239 930 3410 985 futura
3441 941 3546 998 est,

1966 1017 2221 1071 colendos
2244 1017 2394 1072 deos.
2415 1017 2548 1072 Nam
2579 1017 2692 1073 istis
2717 1019 2803 1090 qui
2833 1031 3049 1090 propter
3080 1021 3338 1076 amicitias
3363 1021 3548 1077 mundi

1967 1107 2119 1179 hujus
2142 1111 2321 1164 volunt
2343 1125 2472 1164 vana
2495 1095 2692 1175 colere,
2717 1121 2770 1166 et
2795 1129 2896 1166 non
2922 1129 2980 1167 se
3003 1115 3234 1183 permitti
3260 1115 3549 1186 puerilibus

1971 1202 2210 1256 sensibus
2236 1214 2660 1272 conqueruntur,
2687 1203 2769 1258 bis
2807 1205 3039 1275 quinque
3071 1205 3215 1260 libris
3246 1203 3374 1261 satis
3401 1207 3544 1261 arbi—

1969 1299 2080 1344 tror
2108 1305 2228 1346 esse
2255 1305 2590 1362 responsum.
2633 1293 2868 1362 Quorum
2907 1303 3013 1349 tres
3043 1297 3247 1365 priores
3273 1312 3393 1352 cum
3434 1297 3550 1352 edi-

1967 1382 2187 1450 dissem,
2218 1393 2271 1438 ct
2299 1385 2348 1438 in
2380 1385 2667 1439 multorum
2701 1384 2945 1440 manibus
2972 1401 3092 1440 esse
3122 1387 3428 1456 ccepisscnt,
3453 1403 3550 1441 au-

1967 1474 2073 1528 divi
2095 1475 2354 1544 quosdam
2385 1477 2563 1532 nescio
2579 1491 2735 1547 quam
2758 1475 3014 1531 adversus
3032 1491 3123 1532 eos
3144 1477 3545 1546 responsionem

1967 1567 2249 1622 scribendo
2293 1581 2612 1638 praeparare.
2665 1565 2863 1624 Deinde
2905 1567 2970 1622 ad
3015 1583 3102 1624 me
3141 1569 3400 1638 perlatum
3444 1577 3544 1634 est,

1967 1657 2108 1728 quod
2139 1659 2248 1730 jam
2280 1659 2608 1730 scripserint,
2641 1657 2738 1714 sed
2767 1669 2974 1730 tempus
3001 1668 3259 1729 quierant,
3288 1675 3392 1730 quo
3429 1659 3548 1715 sine

1969 1749 2206 1820 periculo
2253 1750 2460 1822 possint
2498 1749 2678 1806 edere.
2720 1749 2864 1818 Quos
2909 1751 3192 1818 admoneo,
3229 1767 3332 1807 non
3365 1763 3550 1822 optent

1967 1841 2107 1912 quod
2139 1843 2217 1897 eis
2243 1858 2348 1898 non
2374 1842 2606 1914 expedit.
2629 1841 2806 1898 Facile
2835 1853 2916 1897 est
2943 1843 3084 1898 enim
3112 1845 3356 1914 cuiquam
3379 1829 3549 1900 videri

1967 1935 2332 2004 respondisse,
2361 1935 2450 2004 qui
2481 1942 2656 1990 tacere
2681 1935 2928 1992 noluerit.
2961 1937 3065 1990 Aut
3091 1935 3216 2007 quid
3243 1945 3327 1992 est
3359 1937 3550 2008 loqua-

1965 2025 2080 2079 cius
2101 2025 2365 2080 vanitate?
2387 2041 2504 2096 quze
2529 2041 2634 2079 non
2666 2024 2785 2080 ideo
2815 2034 2987 2094 potest
3003 2026 3144 2098 quod
3165 2028 3379 2094 veritas,
3400 2029 3546 2099 quia,

1965 2115 2010 2172 si
2043 2115 2291 2182 voluerit,
2323 2117 2483 2174 etiam
2513 2117 2630 2188 plus
2659 2125 2832 2187 potest
2859 2118 3091 2174 clamare
3131 2135 3289 2190 quam
3329 2121 3547 2176 veritas.

1965 2207 2069 2266 Sed
2101 2211 2440 2266 considerent
2461 2211 2636 2265 omnia
2660 2209 2970 2282 diligenter:
2996 2221 3050 2268 et
3069 2212 3111 2268 si
3135 2211 3292 2281 forte,
3316 2213 3430 2269 sine
3447 2223 3548 2268 stu-

1964 2302 2054 2358 dio
2097 2303 2320 2372 partium
2349 2303 2672 2374 jndicantes,
2703 2305 2828 2360 talia
2859 2321 2978 2362 esse
3007 2311 3398 2378 pcrspexerint,
3430 2325 3548 2380 qua:

1965 2398 2140 2468 potius
2170 2397 2424 2468 exagitari
2455 2415 2612 2470 quam
2639 2399 2868 2455 convelli
2899 2401 3104 2470 possint
3125 2401 3434 2472 garrulitate
3457 2403 3541 2458 im-

1963 2481 2435 2562 pudentissima'et
2463 2491 2614 2564 quasi
2661 2493 2876 2548 satirica
2920 2491 3006 2548 vel
3053 2493 3265 2548 mimica
3306 2494 3544 2564 levitate,

1963 2585 2249 2642 eoltibeant
2277 2599 2400 2640 suas
2424 2600 2626 2656 nugas;
2655 2593 2709 2640 et
2737 2585 2910 2656 potius
2935 2602 2963 2640 a
2985 2585 3334 2656 prudentibus
3357 2603 3546 2642 cmen-

1961 2675 2100 2742 dari,
2123 2691 2282 2744 quam
2309 2675 2510 2730 laudari
2533 2675 2600 2730 ab
2635 2677 3060 2746 imprudentibus
3093 2677 3310 2748 eligant.
3341 2677 3472 2732 Nam
3502 2677 3546 2732 si

1963 2783 2070 2822 non
2099 2767 2166 2822 ad
2189 2768 2484 2822 libet-tinem
2513 2784 2638 2823 vera
2668 2768 2898 2834 dicendi,
2933 2769 3026 2824 sed
3051 2769 3115 2823 ad
3148 2769 3413 2824 licentiam
3443 2785 3546 2824 ma-

1963 2859 2219 2915 Imliccndi
2251 2869 2461 2930 tempus
2484 2865 2814 2932 exSpectant,
2839 2862 2978 2918 absit
3001 2871 3056 2916 ut
3079 2863 3157 2916 eis
3177 2863 3382 2918 eveniat
3401 2863 3546 2936 quod

1961 2951 2035 3008 ait
2053 2951 2256 3008 Tullius
2274 2952 2600 3023 dequodam,
2619 2955 2704 3024 qui
2725 2955 2974 3023 peccandi
2989 2955 3197 3010 licentia
3215 2955 3338 3012 felix
3356 2959 3527 3028 appel-

1963 3041 2192 3096 labatur:
2213 3045 2256 3098 0
2279 3045 2642 3109 miserum,cni
2665 3061 2882 3115 peccare
2901 3047 3090 3102 licebat
3103 3047 3180 3122 (α)
3201 3051 3216 3104 ι
3235 3047 3387 3106 Unde
3404 3051 3544 3122 quis.

1959 3135 2076 3206 quis
2089 3146 2186 3200 ρει,
2201 3136 2290 3204 qui
2310 3136 2656 3192 maledicendi
2673 3137 2880 3192 licentia
2895 3138 3100 3196 felicem
3115 3155 3172 3196 se
3187 3149 3356 3212 putat,
3371 3143 3540 3198 multo

1959 3227 2060 3282 erit
2075 3225 2297 3290 felicior,
2314 3226 2357 3280 si
2371 3227 2554 3282 bocilli
2569 3228 2786 3283 omnino
2801 3245 2902 3284 non
2919 3229 3072 3286 liceat
3093 3249 3108 3286 :
3131 3247 3250 3286 cum
3269 3234 3432 3302 possit
3455 3233 3544 3290 de»

1959 3303 2128 3385 posita
2157 3315 2408 3372 inanitate
2430 3317 2694 3384 jactantize
2711 3319 2868 3372 etiam
2889 3319 2988 3374 isto
3010 3329 3266 3390 tempore,
3288 3333 3538 3392 tanquam

1959 3407 2135 3464 studio
2173 3407 2515 3474 consulendi,
2541 3408 2796 3478 quidquid
2825 3410 3082 3474 voluerit,
3127 3412 3496 3468 contradicere
3523 3431 3538 3478 ;

1957 3509 2278 3570 etquantum
2292 3511 2512 3572 possunt
2527 3501 2568 3568 ι,
2585 3500 2652 3556 ab
2663 3502 2762 3564 eis,
2777 3516 2910 3572 quos
2925 3503 3154 3558 consulit
3173 3503 3340 3558 amica
3360 3504 3540 3574 dispu-

1959 3593 2174 3656 tatione.
2199 3598 2444 3663 honeste,
2458 3595 2706 3664 graviter,
2731 3595 2894 3650 libere
2908 3595 3046 3666 quod
3064 3609 3270 3666 Oportet
3289 3598 3496 3656 audire.

2019 3685 2038 3716 ι
2071 3685 2208 3752 aditi,
2241 3684 2402 3752 possit.
2445 3687 2616 3752 verius
2646 3692 2772 3752 Mss,
2815 3693 3008 3750 possum
3037 3699 3056 3737 .'
3081 3699 3167 3738 eos
3198 3686 3420 3750 intelligo
3453 3691 3540 3752 qui

1952 3747 2268 3810 consuluntur
2289 3749 2438 3810 amica
2460 3747 2800 3810 disputatione.

2017 3809 2090 3870 (η)
2103 3810 2262 3858 simile
2273 3809 2589 3871 quidpiamde
2605 3811 2750 3858 cinna
2761 3811 2808 3858 in
2821 3817 2959 3858 Tusc.
2975 3818 3151 3868 Quaest.
3167 3811 3251 3860 lib.
3271 3811 3322 3870 ii,
3343 3812 3476 3874 cap.l
3487 3811 3536 3862 9.

271 3911 3539 3936 ww

1257 3979 1740 4096 LIBER
1809 3983 2459 4095 SEXTUS.

265 4149 500 4218 Hactenus
519 4159 690 4204 contra
717 4165 804 4204 eos
824 4156 906 4218 qui
929 4159 1130 4217 prepter
1150 4151 1274 4201 hanc
1297 4159 1398 4202 tem

1517 4149 1618 4222 lem
1653 4151 1798 4201 vitam
1831 4149 2458 4222 ooleudos_deos___putant_:
2481 4165 2610 4204 nunc
2642 4162 2806 4205 autem
2823 4167 3078 4222 inmersus
3119 4171 3206 4208 eos
3241 4172 3322 4222 qui
3353 4162 3540 4212 cultum
3590 4173 3600 4193 ι

327 4217 438 4281 ipsis
455 4219 667 4281 credunt
688 4213 886 4281 propter
909 4213 1056 4281 vitam
1079 4223 1310 4281 aeternam
1335 4213 1668 4281 exhibendum
1692 4227 1708 4281 :_
1728 4227 1852 4281 quos
1887 4215 2180 4281 augustinus
2215 4213 2350 4281 libris
2371 4217 2588 4281 quinque
2607 4219 2929 4281 sequentibus
2960 4213 3302 4281 conl'ntaluru's,
3327 4225 3540 4274 ostendit

325 4275 400 4340 hic
421 4280 468 4328 in
492 4279 662 4340 prunis
682 4275 959 4340 coinionent
981 4277 1046 4326 de
1081 4277 1172 4326 diis
1193 4289 1338 4340 quam
1371 4277 1608 4340 abjectam
1633 4275 1874 4340 habuerit
1893 4275 2104 4340 ipsemet
2127 4283 2270 4325 Varro
2293 4275 2776 4340 theologiiegentilis
2797 4282 3000 4340 scriptor
3025 4275 3537 4336 cornmendatissimus.

327 4335 470 4404 λέπει-ι
491 4335 918 4404 theologigeistins
939 4351 1124 4402 genera
1147 4335 1412 4404 secundum
1430 4335 1662 4404 eumdem
1681 4338 1794 4404 tria,
1819 4335 2108 4404 fabulosum,
2133 4337 2356 4390 naturale
2393 4347 2446 4390 et
2459 4335 2606 4390 enim
2629 4355 2642 4391 :
2663 4355 2720 4392 ac
2741 4355 2853 4392 mox
2875 4335 2942 4392 de
2983 4343 3199 4396 fabuloso
3221 4352 3276 4396 et
3304 4346 3370 4396 de
3407 4335 3538 4398 civili

323 4397 642 4461 demonstrat,
661 4397 787 4450 nihil
811 4401 916 4450 htec
933 4397 1124 4463 genera
1150 4399 1210 4449 ad
1235 4401 1409 4450 futurae
1432 4400 1546 4450 vitae
1567 4399 1848 4448 telicitatem
1867 4401 2110 4448 conterre.

861 4593 1248 4652 PREFATIO.

329 4685 572 4758 Quinque
595 4687 960 4757 superioribus
985 4689 1136 4744 libris
1165 4689 1294 4744 satis
1315 4689 1442 4743 mihi
1471 4689 1725 4746 adrersus
1747 4705 1842 4748 eos

257 4777 444 4832 videor
489 4777 943 4849 dispulasse,qui
991 4780 1188 4834 multos
1214 4781 1346 4835 deos
1387 4791 1440 4836 et
1489 4781 1842 4854 falsus,qnos

257 4883 375 4924 esse
401 4870 608 4926 inutilia
635 4871 938 4940 simulacra,
967 4873 1050 4926 vel
1079 4873 1381 4928 immundos
1403 4874 1621 4944 spiritus
1641 4885 1694 4930 et
1721 4891 1842 4944 per-

255 4960 455 5015 niciosa
475 4961 764 5028 daemonia,
791 4964 875 5018 vel
895 4971 1040 5018 certe
1063 4975 1358 5032 creaturas,
1381 4981 1485 5020 non
1507 4964 1836 5034 Creatorem,

253 5052 454 5107 veritas
479 5052 772 5110 christiana
800 5055 1088 5124 convincit,
1119 5059 1336 5126 propter
1359 5057 1476 5112 vita:
1505 5059 1662 5128 hujus
1691 5075 1840 5114 mor.

251 5141 374 5197 talis
403 5157 695 5214 rerumque
725 5153 1056 5201 terrenarum
1085 5149 1385 5214 utilitatem,
1409 5163 1478 5204 eo
1501 5151 1608 5206 ritu
1637 5167 1699 5206 ac
1728 5165 1840 5206 ser-

250 5234 440 5302 vitute,
471 5247 590 5306 quia
613 5251 790 5308 graece
818 5247 1009 5312 λατρεία
1033 5240 1246 5308 dicitur,
1269 5250 1324 5296 et
1345 5243 1432 5296 uni
1457 5257 1584 5298 vero
1617 5245 1722 5299 Deo
1747 5245 1842 5300 de-

249 5326 430 5394 betur,
461 5331 800 5386 venerandos
826 5341 880 5386 ct
908 5333 1160 5388 colendos
1186 5341 1394 5404 putant.
1425 5335 1492 5390 Et
1517 5337 1694 5392 nimim
1715 5337 1837 5408 qni-

247 5417 372 5475 dem
401 5420 644 5476 stultitia:
673 5422 758 5476 vel
790 5423 1114 5492 pertinaciae,
1145 5441 1244 5480 nec
1279 5427 1412 5482 istos
1437 5429 1707 5498 quinque,
1739 5445 1840 5486 nec

249 5510 388 5565 ullos
434 5511 569 5569 alios
615 5514 1032 5585 quanticumque
1073 5518 1282 5572 numeri
1331 5517 1496 5572 libros
1541 5521 1670 5574 satis
1719 5509 1840 5577 ease

249 5615 430 5670 posse,
459 5603 580 5673 quis
608 5603 849 5659 nesciat?
875 5606 1086 5674 quando
1115 5622 1175 5661 ea
1207 5617 1419 5677 putatur
1437 5609 1606 5679 gloria
1633 5611 1840 5666 vanita-

248 5697 336 5759 tis,
371 5697 529 5751 nnllis
553 5698 756 5754 cedere
781 5699 980 5755 viribus
1005 5702 1279 5768 veritatis;
1325 5703 1376 5757 in
1409 5703 1699 5773 perniciem
1733 5705 1837 5760 uti-

247 5802 354 5850 que
381 5789 517 5858 ejus,
545 5791 632 5846 cui
671 5790 856 5844 vitium
889 5801 992 5848 tam
1023 5793 1254 5850 immane
1275 5795 1598 5852 dominatur.
1631 5795 1760 5852 Nam
1785 5807 1840 5854 et

1953 4610 2137 4658 contra
2159 4613 2369 4657 omnem
2397 4601 2634 4657 curantis
2659 4603 2994 4670 industriam,
3019 4619 3126 4662 non
3151 4609 3290 4664 malo
3312 4611 3528 4682 medici,

1952 4695 2044 4750 sed
2073 4695 2261 4763 aegroti
2289 4695 2632 4764 insanabilis,
2665 4699 2886 4753 morbus
2914 4699 3140 4756 invictus
3163 4712 3266 4758 est.
3305 4704 3366 4758 lli
3401 4721 3532 4760 vero

1952 4787 2040 4858 qui
2059 4801 2122 4844 ea
2148 4803 2267 4858 quae
2293 4789 2490 4857 legunt,
2525 4790 2604 4844 vel
2635 4790 2754 4846 sine
2783 4791 2886 4846 ulla
2909 4833 2924 4858 ,
2947 4794 3028 4848 vel
3059 4812 3163 4850 non
3195 4811 3314 4852 cum
3343 4813 3532 4868 magna

1950 4893 2014 4936 ac
2061 4881 2224 4936 nimia
2261 4881 2460 4938 veteris
2501 4883 2702 4938 erroris
2745 4884 3135 4954 obstinatione,
3168 4888 3428 4946 intellecta
3474 4899 3532 4946 et

1951 4971 2283 5028 considerata
2331 4976 2705 5045 perpendam,
2755 4975 2966 5034 facilius
3011 4993 3112 5036 nos
3157 4982 3262 5036 isto
3309 4998 3532 5038 numero

1951 5067 2355 5122 terminatorum
2395 5069 2626 5140 quinque
2651 5069 2978 5126 voluminum
3009 5073 3128 5140 plus
3147 5111 3160 5136 ,
3187 5088 3344 5142 quam
3375 5089 3528 5144 qua:-

1949 5157 2140 5212 stionis
2187 5157 2353 5227 ipsius
2407 5153 2698 5216 necessitas
2759 5163 3098 5230 postulabat,
3161 5163 3526 5234 satisfecisse,

1948 5263 2108 5318 quam
2147 5250 2324 5304 minus
2349 5249 2667 5307 disseruisse
2703 5252 3044 5321 judicabant;
3079 5261 3349 5325 totamque
3389 5258 3529 5313 invi-

1950 5339 2114 5408 diam,
2143 5355 2298 5410 quam
2330 5341 2634 5398 christiana:
2659 5343 2902 5412 religioni
2934 5343 2998 5398 de
3027 5343 3185 5414 hujus
3208 5348 3328 5402 vita:
3357 5350 3526 5404 cladi-

1949 5430 2051 5487 bus
2078 5439 2515 5502 tcrrenarumque
2543 5433 2862 5488 contritione
2907 5449 2972 5490 ac
3015 5437 3308 5496 mutatione
3346 5457 3526 5498 rerum

1949 5523 2181 5592 imperiti
2209 5523 2382 5578 facere
2405 5531 2681 5590 conantur,
2707 5539 2813 5579 non
2841 5527 3012 5582 solum
3048 5529 3524 5602 dissimulantibus,

1949 5613 2041 5667 sed
2069 5623 2252 5668 contra
2281 5629 2431 5667 suam
2460 5613 2842 5672 conscientiam
2879 5615 3176 5678 faventibus
3217 5623 3375 5676 etiam
3419 5624 3519 5678 do-

1949 5704 2067 5766 ctis,
2096 5719 2228 5774 quos
2257 5704 2498 5774 impietas
2523 5717 2716 5761 vesana
2749 5709 3005 5778 possedit,
3031 5713 3246 5768 omnino
3265 5727 3384 5770 esse
3405 5716 3522 5770 ina:

1949 5810 2070 5852 nem
2101 5806 2258 5858 recta:
2283 5797 2622 5868 cogitationis
2647 5809 2804 5873 atque
2828 5803 3068 5868 rationis.
3099 5805 3416 5878 plenamque
3449 5807 3520 5864 les
