4064 6478
553 337 652 393 I75

547 452 776 508 vissimae
809 457 1122 512 temeritatis
1152 465 1204 512 et
1233 458 1696 530 perniciesissimre
1724 467 2078 523 animositatis
2099 511 2114 537 ,

543 543 787 602 dubitare
815 562 919 603 non
946 559 1214 620 poterunt.

542 658 768 714 CAPUT
806 661 1088 718 PRIMUM.
1110 693 1182 703 —
1207 662 1288 718 De
1313 665 1390 718 his
1414 667 1499 736 qui
1517 667 1691 722 dicunt
1727 671 1845 724 deos
1871 689 1902 724 a
1935 689 1988 727 se
2013 686 2112 727 non

592 761 798 818 proiitcr
822 753 1114 822 prasentem
1140 755 1292 808 vitam
1319 756 1436 822 coli,
1464 757 1552 811 sed
1581 770 1789 830 propter
1814 773 2073 817 mter-nam.

609 861 660 914 l.
692 859 840 916 Nunc
862 876 988 933 ergo
1011 866 1261 934 quoniam
1287 865 1558 937 deinceps,
1579 880 1635 922 ut
1661 871 1952 948 promissus
1978 873 2111 930 ordo

535 952 754 1020 expetit,
788 952 948 1008 etiam
977 954 1033 1009 hi
1060 956 1332 1012 refellendi
1358 968 1414 1012 et
1438 959 1667 1015 docendi
1691 972 1851 1030 sunt,
1881 965 1968 1034 qui
2001 982 2106 1022 non

535 1054 751 1113 propter
769 1045 925 1100 istam
953 1049 1134 1115 vitam,
1158 1049 1250 1103 sed
1278 1061 1492 1121 propter
1516 1053 1660 1108 illam
1687 1071 1805 1124 qua:
1833 1067 1951 1126 post
1973 1075 2110 1113 mor-

526 1140 634 1188 tem
665 1135 836 1190 futura
862 1147 977 1204 est,
1009 1139 1138 1194 deos
1176 1139 1424 1196 Gentium
1447 1183 1462 1208 ,
1493 1159 1629 1214 quos
1656 1144 1940 1202 christiana
1979 1150 2106 1204 reli-

523 1227 616 1294 gio
640 1225 886 1294 destruit,
911 1231 1165 1286 colendos
1188 1247 1307 1288 esse
1329 1235 1685 1303 contendunt;
1713 1238 1882 1306 placet
1907 1255 1936 1293 a
1965 1242 2104 1296 veri-

525 1314 646 1368 dico
671 1318 886 1372 oraculo
927 1321 1097 1374 sancti
1139 1322 1335 1377 Psalmi
1375 1339 1588 1381 sumere
1613 1328 1886 1383 exordium
1913 1329 2100 1402 dispu-

525 1407 740 1461 tationis
771 1424 902 1464 mea:
931 1427 943 1463 :
975 1410 1161 1465 Beatus
1205 1414 1350 1480 cuius
1394 1425 1466 1470 est
1510 1415 1758 1472 Dominus
1800 1418 1938 1474 Deus
1984 1439 2098 1491 spes

521 1496 711 1567 ipsius,
741 1507 788 1552 et
829 1515 930 1554 non
961 1503 1176 1571 respexit
1201 1503 1253 1556 in
1281 1505 1520 1559 vanitates
1547 1516 1593 1560 et
1631 1509 1858 1564 insanias
1883 1513 2097 1566 menda-

521 1602 603 1642 ces
633 1585 801 1660 (Psat.
830 1605 1012 1657 χχιιι,
1044 1592 1120 1662 5).
1152 1591 1526 1650 Verumtamen
1552 1597 1602 1650 in
1628 1599 1872 1653 omnibus
1893 1602 2097 1656 vanita-

520 1677 664 1732 tibus
692 1678 1018 1749 insaniisque
1045 1681 1386 1738 mendacibus
1422 1684 1578 1754 longe
1606 1683 1934 1743 tolerabilius
1974 1690 2094 1758 phi-

515 1766 726 1838 .'osophi
753 1769 1000 1825 audiendi
1026 1779 1184 1837 sunt,
1214 1772 1408 1841 quibus
1431 1774 1818 1845 displicuerunt
1844 1779 1956 1834 ista:
1979 1783 2094 1853 opi-

516 1857 706 1914 niones
729 1875 1044 1930 erroresque
1071 1863 1388 1931 populorum
1417 1883 1429 1918 :
1453 1866 1542 1934 qui
1589 1864 1764 1936 populi
1795 1869 2088 1925 constitue-

513 1958 639 2004 runt
681 1950 960 2004 simulacra
1010 1951 1348 2015 numinibus,
1380 1955 1648 2023 multaque
1697 1955 1761 2011 de
1803 1958 1917 2024 eis,
1955 1974 2090 2029 quos

512 2039 642 2094 deos
672 2039 998 2094 immortales
1023 2051 1234 2108 vocant,
1264 2039 1394 2096 falsa
1422 2052 1581 2114 atque
1611 2044 1822 2114 indigna
1851 2047 1963 2103 sive
1990 2048 2086 2102 lino

508 2116 724 2197 xerunt,
751 2132 862 2188 sive
885 2133 1003 2188 ficta
1026 2131 1385 2200 crediderunt,
1413 2145 1464 2190 ct
1487 2136 1686 2191 credita
1714 2151 1898 2192 eorum
1920 2138 2085 2194 cultui

506 2236 886 2293 sacrorumque
910 2222 1098 2278 ritibus
1125 2223 1472 2280 miscuerunt.
1497 2227 1630 2281 Cum
1655 2228 1734 2283 his
1756 2229 2080 2298 hominibus,

505 2313 616 2380 qui,
649 2313 748 2367 etsi
779 2328 882 2366 non
917 2313 1081 2369 libere
1111 2315 1466 2385 prmdicando,
1500 2317 1688 2371 saltem
1717 2330 2000 2390 utcumque
2029 2321 2080 2376 in

501 2401 944 2471 disputationibus
974 2405 1325 2471 mussitanda,
1347 2407 1468 2460 talia
1492 2421 1549 2462 se
1577 2407 1875 2478 improbare
1902 2412 2079 2466 testati

500 2501 657 2560 sunt,
688 2509 792 2548 non
839 2511 1004 2564 usque
1051 2495 1188 2552 adeo
1233 2497 1668 2554 inconvenienter
1711 2504 1934 2571 qumstio
1979 2504 2077 2559 ista

499 2593 793 2638 tractatur:
823 2595 998 2638 utrum
1031 2600 1135 2639 non
1168 2603 1328 2640 unum
1360 2587 1522 2642 Deum
1543 2629 1558 2652 ,
1589 2588 1677 2658 qui
1711 2589 1832 2644 fecit
1860 2605 2072 2648 omnem

497 2674 828 2744 Spiritualem
857 2677 1294 2746 corporalcmque
1324 2688 1640 2743 creaturam,
1673 2687 1892 2749 propter
1912 2681 2072 2738 vitam

495 2782 615 2835 qua:
645 2776 762 2836 post
789 2779 1014 2822 mortem
1045 2769 1215 2822 futura
1245 2777 1346 2836 est,
1374 2770 1476 2824 eoli
1505 2779 1780 2840 oporteat;
1810 2771 1903 2826 sed
1930 2774 2069 2828 mul-

496 2868 577 2912 tos
601 2857 731 2912 deos
751 2900 766 2925 ,
795 2873 928 2928 quos
955 2857 1024 2913 ab
1047 2859 1136 2914 illa
1167 2875 1272 2913 uno
1300 2858 1468 2914 factos
1493 2870 1546 2915 et
1577 2860 1876 2917 sublirritcr
1899 2863 2068 2917 collo-

491 2956 642 3003 catos
676 2948 890 3018 quidam
930 2950 1236 3004 eorumdem
1267 2950 1705 3021 phi|050phorum
1734 2954 1943 3009 cmtcris
1967 2969 2064 3010 ex-

490 3038 828 3094 cellentiorcs
857 3039 1250 3110 nobilioresque
1275 3054 1558 3096 senserunt
1588 3042 1685 3114 (a).

557 3129 612 3183 2.
653 3127 914 3186 Craterum
954 3132 1074 3201 quis
1115 3129 1251 3186 ferat
1291 3131 1394 3187 diei
1435 3144 1594 3204 atque
1622 3135 1905 3203 contendi,
1934 3135 2063 3192 deos

488 3220 630 3286 illos,
659 3236 882 3291 quorum
927 3214 980 3276 in
1024 3231 1211 3293 quarto
1255 3223 1391 3278 libro
1429 3225 1686 3295 quosdam
1733 3241 2062 3304 commemo-

485 3313 598 3366 ravi
641 3311 826 3383 (Capp.
857 3313 917 3367 ll
953 3322 998 3367 et
1023 3313 1114 3386 2|)
1139 3356 1154 3381 ,
1183 3315 1373 3385 quibus
1404 3332 1579 3370 rerum
1609 3317 1920 3388 exiguarum
1951 3319 2063 3373 sin-

483 3403 620 3472 gulis
666 3404 870 3474 singula
920 3403 1307 3460 distribuuntur
1348 3403 1560 3472 officia,
1597 3408 1757 3461 vitam
1805 3418 2060 3465 aeternam

483 3495 730 3564 cuiquam
763 3495 1048 3565 prtestare?
1077 3497 1157 3550 An
1186 3512 1312 3551 vero
1341 3497 1411 3552 illi
1440 3498 1748 3568 peritissimi
1779 3507 1832 3554 et
1858 3502 2057 3556 acutis-

482 3586 602 3641 simi
631 3585 750 3652 viri,
781 3585 867 3656 qui
896 3600 955 3641 se
983 3601 1080 3657 pro
1109 3602 1300 3658 magno
1329 3588 1587 3645 beneficio
1617 3593 1918 3662 conscripta
1957 3593 2056 3648 do-

481 3678 658 3733 cuisse
714 3679 1041 3749 gloriantur,
1093 3689 1151 3735 ttt
1202 3681 1429 3736 sciretur
1479 3697 1643 3752 quare
1702 3685 1891 3756 cuique
1954 3685 2057 3742 deo

481 3769 882 3838 supplicandum
913 3780 1076 3834 esset,
1105 3771 1230 3840 quid
1260 3787 1289 3824 a
1317 3787 1531 3842 quoque
1559 3782 1703 3828 esset
1733 3775 2052 3844 petendum,

481 3874 550 3914 ne
579 3859 905 3916 absurditate
934 3863 1256 3930 turpissima,
1281 3865 1452 3933 qualis
1475 3865 1786 3934 joculariter
1811 3867 1861 3921 in
1893 3869 2056 3924 mimo

482 3951 597 4006 fieri
627 3951 782 4017 solet,
817 3963 1128 4022 peteretura
1159 3954 1349 4010 Libero
1375 3970 1530 4026 aqua,
1552 3973 1581 4010 a
1601 3957 1856 4028 Lymphis
1879 3959 1953 4031 (ὁ)
1972 3960 2053 4014 vi-

483 4058 608 4096 num
637 4041 740 4115 (c);
772 4053 1016 4099 auctores
1042 4055 1198 4100 erunt
1226 4046 1454 4116 cuipiam
1498 4047 1770 4103 hominum
1813 4049 1916 4105 diis
1955 4052 2054 4104 iut-

479 4135 793 4189 mortalibns
822 4135 1172 4206 supplicanti,
1205 4146 1265 4192 ut
1304 4153 1423 4192 cum
1469 4153 1498 4191 a
1544 4139 1797 4211 Lymphis
1841 4143 2054 4210 petierit

480 4227 682 4290 viuum,
705 4223 860 4295 eique
885 4227 1277 4296 responderint,
1302 4227 1407 4283 Nos
1427 4245 1617 4299 aquam
1647 4231 1922 4297 habemus,
1952 4233 2050 4290 hoc

479 4331 510 4369 a
543 4316 731 4371 Libero
759 4324 911 4386 pete;
942 4318 1109 4386 possit
1135 4327 1277 4374 recte
1304 4319 1503 4386 dicere,
1533 4321 1587 4376 Si
1618 4322 1794 4376 vinum
1825 4340 1927 4378 non
1960 4325 2053 4380 ha-

477 4408 652 4472 betis,
680 4408 866 4462 saltem
895 4408 1018 4462 date
1062 4409 1192 4462 mihi
1239 4411 1400 4465 vitam
1438 4413 1730 4465 aeternam?
1777 4413 1911 4478 Quid
1953 4416 2051 4471 hac

477 4497 806 4554 absurditate
851 4502 1209 4555 monstrosius
1231 4501 1285 4556 ‘i
1323 4501 1508 4557 Nonne
1541 4503 1645 4558 illa:
1673 4505 2048 4563 cachinnantes

478 4591 676 4661 (solent
700 4592 842 4646 enim
867 4606 987 4646 esse
1003 4591 1067 4645 ad
1095 4592 1256 4648 risum
1281 4592 1461 4648 faciles
1479 4593 1579 4667 [d])
1607 4595 1649 4648 si
1674 4611 1776 4650 non
1801 4597 2051 4656 affectent

479 4681 667 4736 fallere
696 4689 751 4735 ut
777 4680 1066 4748 dcemones,
1097 4683 1317 4752 supplici
1350 4685 1766 4754 respondebunt,
1795 4688 1838 4742 0
1865 4689 2045 4756 homo,

479 4783 704 4844 putasne
733 4774 783 4827 in
814 4780 1077 4844 potestate
1108 4789 1204 4828 nos
1245 4774 1439 4830 habere
1477 4777 1636 4831 vitam
1659 4820 1673 4843 ,
1718 4795 1849 4848 quas
1896 4783 2048 4837 audis

480 4883 584 4920 non
616 4865 812 4919 habere
847 4864 927 4918 vel
956 4865 1152 4918 vitem?
1182 4864 1659 4934 lmpudentissimzc
1690 4871 1844 4940 igitur
1873 4873 2046 4926 stulti.

476 4957 562 5009 tia:
587 4963 688 5018 est,
716 4956 877 5009 vitam
908 4963 1162 5009 artemam
1195 4970 1222 5008 a
1255 4956 1449 5010 talibus
1474 4958 1576 5012 diis
1604 4971 1782 5029 petere
1810 4963 1891 5017 vel
1922 4979 2045 5032 spec

475 5058 596 5103 rare
616 5091 629 5113 ,
656 5049 744 5118 qui
772 5049 892 5102 vit-.e
923 5047 1080 5118 hujus
1106 5050 1575 5106 :erumnosissima:
1601 5062 1759 5123 atque
1798 5055 2046 5110 brevissi-

481 5153 603 5204 mus,
635 5148 689 5192 et
717 5139 761 5192 si
789 5153 891 5209 qua
917 5138 983 5194 ad
1010 5153 1127 5193 eam
1155 5138 1423 5209 pertinent
1451 5142 1930 5200 adminiculandam
1961 5159 2044 5200 at-

537 5274 551 5304 ¹
589 5272 723 5321 Vind.
748 5280 849 5323 Am.
869 5280 941 5323 Er.
962 5283 1012 5326 et
1030 5273 1252 5340 plerique
1273 5278 1765 5339 Mss.,monstruosius.

557 5354 607 5416 α)
635 5352 761 5416 Plato
778 5356 827 5404 in
848 5358 1040 5405 Timaeo.

561 5415 611 5478 b)
637 5415 772 5484 Editi,
794 5417 1054 5484 Nympfn's;
1079 5425 1129 5466 at
1145 5424 1254 5467 Mss.
1274 5426 1570 5479 constanter,
1605 5423 1836 5484 Lymphis.
1869 5431 2042 5474 Mutata

473 5468 686 5527 oliin'est
707 5489 734 5525 a
754 5468 926 5548 latinis
949 5468 1109 5527 littéra
1127 5487 1335 5548 a_Gr:eco
1357 5468 1570 5548 nomine;
1587 5468 2042 5548 mutuaria'qiié'ié:

471 5547 608 5588 teres
627 5550 777 5610 aquas
797 5537 878 5588 vel
898 5553 1125 5610 aquarum
1147 5541 1265 5589 deas
1276 5541 1596 5651 gpcllabant.

535 5599 607 5651 (cl
632 5599 748 5648 Vide
770 5612 930 5651 supra.
966 5599 1049 5648 hb.
1076 5599 1123 5651 4.
1147 5615 1252 5651 can.
1341 5639 1352 5651 .

535 5599 607 5664 (ε)
632 5599 1049 5664 νὶᾀθὲυῐπῖθρξιίιέο
1076 5599 1123 5664 4ν
1147 5615 1252 5664 030-
1276 5599 1352 5652 2Ξῖ

535 5659 809 5727 (ammon
831 5659 894 5727 ad
914 5659 1028 5710 illud
1049 5659 1242 5724 Virgilii.
1271 5664 1430 5727 Pelag.
1451 5665 1499 5722 5,
1524 5678 1652 5727 vers.
1673 5667 1705 5715 9
1729 5681 1741 5714 :
1775 5685 1796 5713 ε
1819 5669 1908 5718 sed
1933 5669 2041 5718 faci-

477 5739 500 5784 ᾳ
524 5721 599 5770 les
621 5722 842 5784 Nympha:
858 5723 1030 5771 risere.
1052 5740 1072 5764 υ
1103 5721 1308 5772 Ταηιριδῑ
1335 5721 1403 5774 θό
1422 5721 1508 5774 loci
1532 5725 1696 5775 faciles
1717 5729 1857 5778 dieue
1893 5731 2036 5779 intel-

470 5781 696 5845 ligantur,
721 5781 815 5833 non
839 5783 896 5832 ad
921 5784 1188 5845 ridendum,
1211 5786 1300 5835 sed
1336 5788 1393 5834 ad
1432 5789 1802 5840 exaudiendum.

1640 351 1726 407 DE
1755 353 2074 412 CIVITATE
2104 359 2231 424 DEI,
2277 359 2334 417 S.
2378 364 2738 425 AUCIISTINI

3701 391 3802 447 176

2221 489 2324 544 quc
2351 474 2688 548 fnleiendam,
2721 483 2790 538 ita
2821 485 3056 557 singulas
3084 492 3368 561 particulas
3389 497 3520 552 tueri
3543 513 3799 560 asserun-

2221 574 2325 631 tur,
2356 577 2411 621 ut
2440 570 2484 622 si
2516 571 2566 624 id
2593 574 2734 641 quod
2762 577 2860 630 sub
2888 579 3104 635 alterius
3131 584 3289 638 tutela
3317 601 3381 640 ac
3407 597 3666 655 potestate
3688 603 3792 659 est,

2219 666 2425 723 petatur
2447 659 2515 713 ab
2541 662 2728 728 altero,
2763 675 2866 720 tam
2895 670 2964 723 sit
2991 671 3370 730 inconveniens
3397 686 3455 731 et
3479 680 3792 749 absurdum,

2219 753 2275 799 ut
2298 749 2524 804 mimicae
2545 756 2849 812 scurrilitati
2875 761 3113 818 videatur
3132 781 3252 822 esse
3271 767 3619 827 simillimum.
3638 775 3791 842 Quod

2213 852 2331 893 cmn
2356 843 2411 896 lit
2436 858 2464 897 a
2490 848 2778 903 scientibus
2801 853 2993 918 mimis,
3022 855 3179 928 digne
3205 859 3444 915 ridentur
3468 863 3520 917 in
3551 866 3788 931 theatro;

2213 943 2330 983 cum
2355 947 2482 987 vero
2510 951 2536 987 a
2567 938 3145 1014 nescientibus‘slultis,
3174 947 3384 1019 dignius
3415 953 3705 1010 irridentur
3734 959 3789 1013 in

2213 1022 2430 1076 mundo.
2460 1023 2556 1079 Cui
2587 1043 2716 1098 ergo
2739 1030 2841 1085 deo
2867 1035 2950 1088 vel
2973 1035 3106 1102 dcte,
3126 1030 3345 1110 propter
3368 1045 3492 1113 quid
3520 1049 3789 1116 supplica-

2210 1122 2374 1175 retur,
2399 1127 2652 1184 quantum
2680 1121 2744 1174 ad
2771 1123 2888 1177 illos
2909 1125 3038 1181 deos
3059 1129 3267 1197 attinet,
3286 1147 3420 1202 quos
3443 1137 3787 1196 instituerunt

2207 1201 2480 1270 civitates,
2515 1222 2544 1260 a
2590 1209 2764 1265 doctis
2808 1215 3038 1272 solerter
3082 1201 3353 1278 Inventum
3403 1232 3784 1302 memoriaeque

2206 1295 2512 1390 mandatum
2543 1308 2653 1390 est;
2689 1303 2814 1372 quid
2842 1319 2872 1358 a
2913 1305 3104 1363 Libero
3125 1352 3140 1377 ,
3169 1313 3313 1368 verbi
3340 1318 3507 1384 gratia
3528 1357 3542 1384 ,
3576 1295 3708 1390 quid
3747 1337 3780 1378 a

2203 1381 2476 1454 Lymphis,
2507 1389 2631 1457 quid
2661 1406 2690 1444 a
2715 1392 2971 1464 Vulcano,
2995 1413 3058 1453 ac
3079 1400 3156 1454 sic
3183 1416 3212 1455 a
3239 1381 3467 1471 czeteris,
3492 1381 3625 1476 quos
3654 1423 3782 1479 par-

2201 1475 2293 1527 tim
2318 1483 2730 1536 commemoravi
2758 1484 2808 1538 in
2836 1498 3025 1554 quarto
3045 1489 3202 1555 libro,
3229 1495 3417 1562 partim
3450 1475 3779 1565 praetereun-

2199 1562 2296 1617 dos
2323 1568 2516 1634 putavi.
2546 1570 2712 1626 Porro
2732 1574 2776 1628 si
2801 1589 2831 1628 a
2855 1574 3050 1633 Cerere
3071 1580 3272 1649 viuum,
3295 1599 3325 1637 a
3348 1562 3539 1642 Libero
3559 1604 3774 1658 panem,

2197 1668 2227 1708 a
2263 1655 2496 1712 Vulcano
2523 1676 2712 1732 aquam
2734 1705 2749 1730 ,
2784 1680 2814 1718 a
2840 1667 3095 1738 Lymphis
3136 1673 3306 1741 ignem
3350 1685 3531 1745 petere
3559 1655 3774 1738 erroris

2196 1754 2304 1810 est;
2337 1759 2536 1816 quanto
2564 1755 2779 1823 majoris
2807 1756 3144 1816 deliramenti
3175 1779 3294 1820 esse
3323 1765 3545 1839 intelligi
3574 1771 3768 1841 debet,

2195 1836 2237 1890 si
2268 1838 2511 1908 cuiquam
2540 1843 2760 1899 istorum
2793 1863 2888 1916 pro
2915 1849 3018 1904 vita
3049 1853 3378 1923 supplicetur
3403 1836 3635 1923 arte—rita?

2262 1927 2316 1980 5.
2343 1928 2722 2000 Quamobrem,
2745 1937 2814 2003 si,
2837 1953 2956 1992 cum
2983 1940 3050 1995 de
3076 1959 3240 2013 regno
3265 1954 3478 2003 terreno
3500 1966 3770 2021 quzerere-

2191 2030 2328 2084 mus,
2357 2035 2614 2089 quosnam
2642 2026 2769 2080 illud
2797 2029 2927 2084 deos
2954 2033 3035 2087 vel
3062 2033 3191 2090 deas
3215 2035 3516 2096 hominibus
3541 2045 3768 2102 creden-

2188 2105 2314 2161 dum
2353 2120 2495 2166 esset
2536 2128 2690 2183 posse
2727 2119 3002 2188 conferre,
3033 2123 3288 2182 discussis
3318 2131 3566 2186 omnibus
3606 2133 3765 2204 longe

2186 2201 2418 2256 alienum
2443 2220 2474 2258 a
2497 2206 2720 2262 veritate
2749 2221 3100 2270 monstratum
3125 2227 3240 2285 est,
3267 2235 3296 2272 a
3324 2237 3587 2292 quoquam
3626 2201 3762 2282 isto-

2185 2305 2300 2344 rum
2326 2295 2610 2350 multorum
2634 2301 2906 2356 numinum
2930 2313 3089 2374 atque
3110 2307 3360 2364 falsorum
3384 2314 3570 2368 saltem
3594 2331 3760 2387 regna

2185 2392 2392 2440 terrena
2421 2390 2728 2446 existimare
2753 2395 3001 2450 constitui
3033 2415 3046 2452 :
3076 2414 3252 2456 nonne
3282 2401 3634 2462 insanissima:
3666 2409 3760 2465 im-

2182 2474 2392 2543 pietatis
2421 2488 2522 2544 est,
2546 2481 2590 2534 si
2618 2491 2815 2536 teterna
2843 2485 2971 2551 vita,
3001 2504 3121 2556 qua:
3147 2494 3374 2547 terrenis
3398 2498 3645 2552 omnibus
3672 2515 3757 2555 rea

2179 2568 2295 2635 guis
2313 2569 2431 2625 sine
2447 2572 2548 2625 ulla
2567 2572 2895 2632 dubitatione
2912 2579 2993 2632 vel
3011 2585 3407 2652 comparatione
3427 2587 3756 2656 prtefereuda

2177 2666 2260 2712 est
2278 2699 2292 2722 ,
2320 2660 2388 2712 ab
2419 2662 2640 2717 istorum
2667 2681 2931 2735 quoquam
2961 2669 3074 2724 dari
3105 2673 3350 2743 cuiquam
3378 2691 3533 2746 posse
3558 2681 3751 2735 creda-

2177 2752 2296 2804 tur?
2321 2753 2504 2824 Neque
2547 2757 2693 2812 enim
2733 2770 3013 2829 propterea
3057 2763 3130 2817 dii
3171 2767 3302 2821 tales
3349 2769 3433 2823 vel
3481 2779 3753 2827 terrenum

2173 2855 2392 2912 regnum
2420 2845 2548 2900 dare
2576 2861 2679 2901 non
2713 2864 2872 2917 posse
2894 2851 2990 2905 visi
3018 2863 3176 2920 sunt,
3207 2857 3328 2926 quia
3369 2857 3442 2911 illi
3489 2863 3660 2930 magni
3690 2872 3750 2918 et

2170 2935 2365 2990 excelsi
2395 2945 2541 3003 sunt,
2567 2938 2670 2994 hoc
2695 2941 2943 3010 quiddam
2971 2959 3190 3014 parvum
3217 2958 3270 3003 et
3294 2948 3580 3020 abjectum,
3604 2955 3747 3023 quod

2169 3038 2274 3077 non
2323 3025 2670 3095 dignarentur
2713 3030 2766 3084 in
2816 3041 2958 3088 tanta
3007 3035 3330 3093 sublimitate
3381 3053 3590 3096 curare.
3637 3044 3744 3098 Sed

2167 3117 2554 3184 quantumlibet
2577 3121 2593 3150 ί
2618 3121 3047 3179 consideratione
3071 3125 3370 3196 fragilitatis
3395 3129 3640 3185 humana:
3662 3147 3745 3188 ca-

2166 3206 2333 3262 ducos
2352 3209 2529 3279 apices
2555 3214 2749 3267 terreni
2778 3216 2923 3285 regni
2946 3217 3137 3272 merito
3160 3220 3384 3291 quisque
3399 3233 3739 3292 contemnat;

2166 3303 2240 3358 illi
2267 3303 2339 3358 dii
2373 3305 2504 3360 tales
2527 3318 2906 3377 apparuerunt,
2934 3319 2994 3365 ut
3022 3312 3372 3383 indignissimi
3407 3315 3736 3385 viderentur,

2163 3398 2360 3468 quibus
2389 3397 2561 3453 danda
2591 3409 2749 3470 atque
2777 3403 3036 3458 servanda
3069 3405 3328 3461 deberent
3352 3407 3430 3462 vel
3460 3409 3557 3461 ista
3585 3424 3738 3463 com-

2163 3491 2319 3544 mitti.
2351 3492 2427 3546 Ac
2453 3507 2548 3562 per
2579 3494 2712 3557 hoc,
2741 3495 2784 3549 si
2817 3493 2910 3567 (ut
2937 3499 3209 3566 superiora
3245 3500 3506 3568 proximis
3530 3499 3737 3557 duobus

2164 3581 2310 3637 libris
2330 3594 2650 3653 pertractata
2670 3586 2988 3659 docuerunt)
3011 3587 3186 3642 nullus
3209 3589 3340 3644 deus
3359 3606 3423 3644 ex
3449 3590 3532 3644 illa
3562 3592 3735 3657 turba,

2162 3675 2242 3730 vel
2287 3677 2435 3745 quasi
2482 3676 2805 3746 plebeiorum
2828 3721 2843 3746 ,
2866 3679 2952 3733 vel
2978 3681 3126 3750 quasi
3161 3695 3443 3749 procerum
3475 3682 3694 3736 deormn
3717 3723 3732 3746 ,

2161 3765 2380 3820 idoneus
2411 3776 2492 3821 est
2520 3783 2678 3838 regna
2716 3769 2957 3823 mortalia
2995 3769 3307 3822 mortalibus
3343 3769 3504 3834 dare,
3535 3785 3736 3841 quanto

2161 3859 2336 3913 minus
2367 3870 2540 3929 potest
2570 3862 2894 3916 immortales
2919 3877 2984 3916 ex
3016 3861 3328 3916 mortalibus
3355 3862 3566 3917 facere?

2229 3950 2284 4004 4.
2325 3949 2438 4004 Huc
2460 3951 2668 4005 accedit
2692 3951 2812 4021 quia
2836 3993 2851 4014 ,
2883 3951 2925 4004 si
2953 3951 3061 4020 jam
3090 3966 3208 4005 cum
3242 3951 3344 4006 illis
3371 3953 3576 4023 agimus
3596 3996 3612 4020 ,
3643 3957 3732 4024 qui

2159 4056 2265 4096 non
2294 4053 2509 4112 pr0pter
2535 4043 2714 4108 istam,
2741 4044 2835 4098 sed
2866 4054 3084 4114 propter
3110 4045 3270 4101 vitam
3298 4061 3418 4116 qua:
3446 4056 3563 4116 post
3587 4065 3732 4104 tuor-

2159 4142 2264 4187 tem
2311 4132 2483 4187 futura
2526 4143 2626 4199 est,
2654 4135 2960 4189 existimant
2996 4135 3252 4190 colendos
3292 4136 3455 4202 deos;
3481 4137 3591 4206 jam
3633 4155 3732 4196 uec

2157 4231 2374 4293 pr0pter
2399 4224 2485 4277 illa
2515 4224 2724 4291 saltem,
2752 4240 2870 4296 quae
2890 4225 3110 4280 deorum
3135 4227 3315 4280 talium
3345 4229 3592 4296 potestati
3616 4239 3730 4284 tau-

2155 4329 2312 4382 quam
2342 4313 2618 4384 dispartita
2639 4317 2659 4346 ²
2686 4323 2740 4370 et
2783 4316 2995 4386 propria
3017 4357 3032 4378 ,
3063 4330 3165 4370 non
3208 4317 3412 4372 ratione
3453 4321 3692 4374 veritatis
3713 4365 3728 4388 ,

2155 4407 2247 4460 sed
2291 4407 2538 4460 vanitatis
2580 4407 2832 4476 opinione
2880 4409 3214 4474 tribuuntur,
3259 4411 3480 4465 omnino
3519 4413 3728 4468 colendi

2155 4506 2305 4562 sunt;
2336 4497 2472 4552 sicut
2505 4497 2727 4551 credunt
2768 4497 2819 4551 hi
2861 4499 2949 4567 qui
2979 4499 3178 4553 cultum
3209 4514 3390 4553 eorum
3419 4501 3540 4554 vita:
3571 4501 3728 4569 hujus

2156 4589 2394 4643 mortalis
2437 4588 2749 4643 utilitatibus
2787 4590 3149 4644 necessarium
3192 4604 3312 4645 esse
3353 4591 3724 4652 contendunt:

2153 4687 2336 4733 contra
2367 4693 2501 4748 quos
2524 4677 2632 4748 jam
2664 4679 2894 4748 quinque
2922 4679 3344 4748 prurcedenlibus
3368 4680 3728 4738 voluminibus

2153 4771 2302 4830 satis,
2325 4777 2578 4837 quantum
2609 4769 2774 4838 potui,
2797 4770 3079 4844 disputavi.
3111 4771 3239 4838 Quae
3261 4787 3382 4826 cum
3412 4773 3483 4827 ita
3510 4773 3617 4828 sint
3635 4816 3650 4838 ,
3682 4775 3728 4830 si

2152 4876 2337 4915 eorum
2365 4861 2452 4929 qui
2479 4861 2716 4916 colerent
2738 4861 2890 4916 deam
2915 4862 3247 4918 Juventatem
3269 4906 3283 4928 ,
3316 4875 3444 4920 tetas
3482 4866 3594 4935 ipsa
3630 4867 3728 4921 llo-

2153 4961 2297 5006 reret
2335 4953 2620 5021 insignius;
2651 4961 3042 5022 contemptores
3072 4964 3247 5010 autem
3278 4955 3392 5026 ejus
3414 4997 3429 5022 ,
3457 4958 3542 5013 vel
3588 4960 3726 5016 intra

2151 5059 2321 5098 annos
2347 5044 2723 5099 occumberent
2744 5045 3055 5115 juventutis,
3088 5047 3170 5102 vel
3194 5047 3246 5101 in
3273 5061 3333 5101 ea
3364 5056 3612 5118 tanquam
3638 5065 3726 5105 se-

2150 5137 2241 5190 nili
2271 5147 2484 5205 torpore
2505 5136 2525 5167 ³
2553 5136 2895 5206 frigescerent
2924 5155 2936 5191 :
2959 5137 3003 5192 si
3030 5139 3194 5193 malas
3219 5138 3481 5194 cultorum
3504 5155 3724 5206 suorum

2148 5229 2440 5298 speciosius
2483 5238 2536 5284 et
2582 5228 2821 5284 festivius
2862 5229 3095 5284 Fortuna
3138 5229 3356 5285 barbata
3394 5231 3654 5297 vestiret;
3693 5249 3723 5289 a

2095 5312 2103 5320 ’
2149 5321 2340 5390 quibus
2365 5331 2538 5374 autem
2566 5329 2932 5388 sperneretur,
2961 5321 3174 5391 glabros
3194 5332 3285 5377 aut
3309 5323 3447 5378 male
3473 5323 3724 5380 barbatos

2149 5411 2450 5465 videremus
2473 5427 2486 5462 :
2511 5411 2670 5465 etiam
2699 5410 2776 5465 sic
2800 5413 3094 5467 rectissime
3119 5413 3419 5468 diceremus
3441 5455 3457 5480 ,
3493 5413 3597 5468 huc
3631 5430 3723 5476 us.

2148 5517 2252 5573 que
2289 5501 2418 5556 istas
2455 5499 2582 5556 deas
2620 5499 2855 5571 singulas
2886 5517 3069 5572 posse,
3103 5503 3210 5560 suis
3239 5502 3428 5560 officiis
3454 5504 3721 5574 quodam-

2213 5674 2230 5736 ξ
2265 5673 2337 5722 sic
2361 5679 2465 5736 Mss.
2489 5671 2605 5736 Editi
2629 5684 2763 5736 vero,
2789 5673 3090 5736 quantalibet.

2205 5735 2226 5764 ⁸
2261 5741 2339 5782 Ms.
2363 5733 2472 5793 766,
2503 5732 2766 5794 dispertita.
2802 5732 2892 5781 'M.

2211 5795 2232 5826 ³
2262 5796 2334 5843 sic
2358 5803 2459 5843 Mss.
2487 5804 2538 5844 Αι
2563 5795 2698 5854 editi,
2727 5807 2940 5858 carpare.
