4064 6470
226 350 320 407 177

221 468 378 525 niodo
399 468 662 525 limitatas
685 469 733 536 ¹;
756 485 818 525 ac
846 486 942 541 per
963 470 1062 527 hoc
1087 486 1186 527 nec
1210 487 1239 526 a
1261 472 1542 529 Juventate
1561 485 1812 544 Oportere

222 559 331 630 peti
374 559 540 613 vitam
585 569 845 616 :etcrnam
867 602 882 625 ,
901 557 1028 631 qua:
1059 578 1164 616 non
1189 562 1346 618 daret
1369 563 1620 628 barbam;
1651 579 1748 618 nec
1785 579 1815 617 a

224 651 460 708 Fortuna
501 650 726 706 barbata
766 652 894 706 boui
940 652 1137 723 aliquid
1180 662 1302 723 post
1343 654 1478 708 hanc
1507 654 1669 708 vitam
1698 668 1819 709 esse

223 743 577 812 sperandum,
607 743 762 810 cujus
788 743 841 797 in
868 743 964 797 hac
989 746 1094 796 vita
1124 753 1358 812 potestas
1385 745 1525 798 nulla
1554 754 1730 810 esset,
1766 753 1824 799 ut

225 833 474 889 eamdem
521 833 718 891 saltem
759 842 1013 900 aetatem,
1039 849 1160 904 qua:
1202 835 1367 890 barba
1415 835 1670 899 induitur,
1708 837 1822 906 ipsa

228 935 535 996 prmstaret.
562 925 716 981 Nunc
745 941 896 993 vero,
920 941 1040 984 cum
1063 942 1247 982 earum
1275 928 1451 982 cultus
1479 943 1576 982 uec
1606 935 1825 997 promer

229 1019 331 1072 ista
382 1019 536 1088 ipsa,
565 1033 686 1088 qua:
729 1018 1035 1088 putant_eis
1070 1017 1282 1073 subdita
1304 1060 1318 1083 ,
1347 1019 1417 1072 sit
1455 1019 1824 1082 necessarius;

230 1108 353 1175 quia
396 1117 452 1162 et
501 1107 656 1162 multi
681 1108 922 1163 colentes
949 1107 1287 1163 Juveutatem
1324 1107 1479 1163 deam
1516 1107 1735 1162 minime
1774 1108 1828 1161 in

235 1199 324 1255 illa
353 1207 517 1254 mtate
545 1199 858 1268 viguerunt,
887 1208 941 1254 et
968 1199 1118 1253 multi
1149 1214 1254 1253 non
1281 1214 1398 1255 eam
1427 1199 1673 1254 colentes
1697 1214 1828 1269 gau-

235 1289 363 1344 dent
393 1289 596 1344 robore
631 1289 960 1358 juventntis;
993 1291 1226 1360 itemque
1254 1290 1404 1346 multi
1431 1290 1682 1345 Fortunae
1710 1290 1833 1345 baro

236 1379 376 1434 bats:
407 1379 679 1448 supplices
703 1379 770 1434 ad
795 1381 996 1434 nullam
1027 1381 1108 1436 vel
1139 1380 1434 1436 deformem
1463 1381 1678 1436 barbam
1711 1396 1833 1452 per-

240 1473 424 1526 venire
443 1480 760 1542 potuerunt,
786 1481 843 1527 et
866 1473 910 1526 si
939 1473 1028 1542 qui
1054 1487 1172 1528 eam
1200 1488 1294 1542 pro
1315 1472 1476 1528 barba
1501 1471 1836 1541 impetranda

243 1571 591 1628 venerantur,
609 1577 639 1616 a
661 1561 896 1617 barbatis
911 1563 1030 1632 ejus
1043 1573 1254 1619 contem
1261 1564 1500 1634 ptoribus
1517 1563 1833 1618 irridentur:

246 1657 392 1711 itane
418 1656 620 1726 desipit
649 1671 745 1712 cor
770 1656 1083 1724 humanum,
1113 1665 1192 1723 ut,
1221 1672 1448 1727 quorum
1475 1656 1697 1711 deorum
1727 1656 1839 1711 cul-

249 1758 360 1802 tum
386 1757 610 1817 propter
637 1747 737 1802 ista
766 1747 878 1816 ipsa
908 1748 1217 1817 temporalia
1244 1756 1297 1802 et
1322 1747 1430 1802 cito
1457 1747 1838 1817 prseterenntia

248 1854 494 1906 munera,
519 1839 714 1910 quibus
737 1839 964 1909 singulis
990 1841 1186 1911 singuli
1214 1854 1445 1910 praeesse
1473 1839 1838 1909 perhibentur,

251 1932 463 1985 inanem
487 1931 946 2001 ludibriosumqne
961 1932 1256 2002 cognoscit,
1275 1939 1493 2002 propter
1510 1931 1672 1985 vitam
1694 1941 1841 1985 acter-

252 2037 374 2078 nam
401 2021 590 2077 credat
615 2037 736 2078 esse
779 2021 1146 2078 fructuosum?
1189 2021 1339 2077 llauc
1375 2021 1504 2078 dare
1543 2022 1660 2076 illos
1685 2036 1844 2092 posse

255 2130 350 2169 nec
380 2114 434 2168 hi
458 2114 644 2170 dicere
669 2115 787 2170 ausi
813 2125 971 2181 sunt,
997 2115 1088 2185 qui
1131 2116 1230 2181 eis,
1261 2123 1319 2169 ut
1361 2115 1429 2170 ab
1471 2113 1845 2184 insipientibus

255 2205 464 2276 populis
505 2190 837 2273 colerentur,
870 2206 968 2260 ista
1008 2221 1168 2275 opera
1214 2207 1529 2277 temporalia
1551 2248 1566 2270 ,
1593 2207 1844 2276 quoniam

257 2297 416 2352 nimis
438 2297 640 2354 multos
662 2306 1002 2366 putaverunt,
1028 2314 1094 2352 ne
1115 2297 1397 2368 quisquam
1419 2313 1602 2354 eorum
1633 2296 1847 2352 sederet

258 2387 482 2451 otiosus,
509 2387 811 2441 minutatim
831 2387 999 2442 divisa
1023 2388 1342 2443 tribuerunt.

258 2477 484 2533 CAPUT
517 2476 580 2532 ll.
602 2507 674 2518 -—
691 2478 826 2543 Quid
861 2477 1140 2533 Varronem
1167 2479 1230 2534 de
1254 2481 1351 2534 diis
1380 2479 1614 2534 Gentium
1639 2481 1851 2536 sensisse

326 2569 640 2622 credendum
689 2571 776 2634 sit,
808 2587 1024 2642 quarunt
1059 2569 1184 2624 talia
1215 2581 1262 2626 et
1291 2589 1471 2643 genera
1509 2583 1554 2626 et
1592 2588 1739 2626 sacra
1763 2573 1851 2626 de-

328 2661 471 2724 texit,
502 2670 558 2713 ut
578 2661 883 2716 reverentius
911 2678 1022 2716 cum
1053 2662 1122 2717 eis
1149 2673 1338 2734 ageret,
1367 2663 1494 2720 side
1520 2664 1620 2719 illis
1647 2665 1849 2718 omnino

327 2752 578 2805 reticeret.

329 2843 464 2912 Quis
502 2842 679 2899 Marco
706 2843 950 2901 Varrone
988 2845 1250 2903 curiosius
1294 2845 1392 2901 ista
1419 2846 1698 2917 (ιυωείνὶιῖ
1734 2845 1853 2915 quis

269 2935 466 2989 invenit
494 2934 744 2990 doctius?
769 2937 888 3006 quis
908 2937 1264 2994 consideravit
1287 2937 1582 2993 attentius?
1605 2938 1724 3008 quis
1743 2937 1854 2992 dis-

271 3028 425 3083 tinxit
461 3028 710 3083 acutius?
733 3029 853 3099 quis
889 3029 1192 3099 diligentius
1232 3030 1541 3101 pleniusque
1568 3031 1588 3062 ’
1621 3030 1856 3085 conscri-

269 3119 401 3188 psit?
441 3119 545 3186 Qui
571 3119 778 3181 tametsi
815 3119 992 3175 minus
1019 3130 1102 3176 est
1139 3122 1316 3177 suavis
1351 3122 1585 3192 eloquio,
1612 3121 1855 3177 doctrina

270 3219 444 3265 tamen
484 3221 648 3280 atque
684 3211 968 3267 sententiis
1011 3212 1082 3266 ita
1121 3212 1350 3273 refertus
1389 3223 1492 3279 est,
1524 3222 1579 3270 ut
1617 3213 1670 3269 in
1709 3214 1854 3270 omni

271 3302 598 3370 eruditione,
617 3319 776 3374 quam
803 3319 900 3360 nos
922 3307 1252 3371 surcularem,
1274 3306 1348 3361 illi
1375 3315 1554 3363 autem
1582 3307 1856 3363 liberalem

274 3402 487 3460 vocant,
508 3393 805 3448 studiosum
823 3410 1000 3450 rerum
1025 3404 1226 3451 tantum
1249 3398 1349 3452 iste
1369 3397 1577 3466 doceat,
1603 3406 1855 3468 quantum

276 3485 569 3539 studiosum
601 3485 886 3541 verborum
906 3487 1096 3543 Cicero
1119 3487 1367 3544 delectat.
1401 3489 1637 3560 Denique
1663 3500 1718 3546 et
1745 3491 1859 3560 ipse

277 3575 478 3631 Tullius
516 3575 642 3631 huic
677 3576 780 3632 tale
825 3577 1185 3634 testimonium
1221 3579 1484 3649 perhibet,
1525 3589 1584 3634 ut
1627 3580 1860 3636 inlibris

279 3667 610 3722 Academicis
636 3667 710 3738 (a)
739 3667 882 3726 dicat
910 3684 1051 3737 eam,
1081 3685 1200 3740 quae
1237 3671 1309 3726 ibi
1333 3681 1595 3741 versatur,
1625 3673 1861 3744 disputa-

282 3759 515 3827 tionem,
571 3774 633 3815 se
671 3758 921 3815 habuisse
957 3774 1078 3816 cum
1127 3761 1305 3817 Marco
1349 3761 1618 3829 Varrone,
1664 3765 1864 3819 homine

281 3849 469 3920 inquit,
511 3851 737 3903 onmium
778 3851 929 3920 facile
962 3852 1276 3919 acutissimo,
1309 3863 1356 3907 et
1389 3854 1497 3908 sine
1533 3855 1640 3909 ulla
1667 3855 1864 3909 dubita-

282 3942 414 3995 tione
441 3941 751 3996 doctissimo.
780 3941 894 3996 Non
923 3942 1017 4009 ait,
1047 3943 1517 4014 Eloquentissimo,
1548 3948 1653 4016 vel,
1683 3948 1867 4004 facun-

283 4031 530 4097 dissimo;
559 4031 809 4103 quoniam
835 4047 1020 4088 revera
1047 4033 1100 4088 in
1128 4033 1228 4088 hac
1249 4033 1502 4092 facultate
1524 4037 1746 4093 multum
1769 4039 1866 4093 ἰω-

285 4135 376 4192 par
405 4131 493 4177 est
515 4140 528 4176 :
553 4122 671 4189 sed,
705 4124 948 4191 omnium,
980 4123 1165 4194 inquit,
1197 4125 1348 4194 facile
1375 4127 1686 4184 acutissimo.
1718 4127 1787 4182 Et
1811 4128 1866 4184 in

285 4212 360 4273 eis
407 4213 583 4278 libris,
628 4212 806 4270 idest
837 4213 1192 4281 Academicis,
1233 4215 1321 4270 ubi
1350 4226 1540 4272 cuncta
1579 4217 1867 4275 dubitanda

285 4317 402 4358 esse
438 4303 736 4370 contendit,
782 4303 1008 4372 addidit,
1048 4305 1156 4360 sine
1191 4306 1300 4364 ulla
1331 4307 1639 4364 dubitatione
1681 4309 1869 4365 doctis-

286 4396 429 4450 sima.
463 4395 714 4451 Profecto
739 4394 808 4452 de
837 4396 936 4451 hac
973 4412 1031 4451 re
1057 4397 1135 4452 sic
1169 4406 1284 4454 erat
1309 4408 1509 4468 certus,
1552 4410 1609 4454 ut
1641 4401 1872 4457 auferret

288 4487 692 4554 dubitationem,
731 4501 889 4558 quam
919 4487 1056 4542 solet
1092 4488 1144 4542 iu
1177 4489 1426 4545 omnibus
1449 4489 1726 4558 adhibere,
1759 4501 1873 4547 tan-

287 4592 444 4647 quam
489 4576 560 4632 de
587 4577 688 4632 hoc
718 4592 825 4632 uno
864 4577 1023 4632 etiam
1064 4593 1158 4648 pro
1188 4579 1626 4635 Academicorum
1663 4581 1872 4637 dubita-

291 4669 432 4722 tione
457 4666 848 4736 disputaturus,
879 4681 939 4722 se
961 4667 1332 4724 Academicum
1362 4669 1549 4725 fuisset
1566 4669 1780 4726 oblitus.
1813 4672 1872 4728 In

290 4760 462 4827 primo
490 4768 670 4814 autem
713 4759 850 4814 libro
889 4774 1008 4815 cum
1049 4761 1290 4830 ejusdem
1333 4761 1585 4818 Varronis
1615 4764 1873 4820 litteraria

288 4865 449 4919 Opera
482 4850 818 4920 praedicaret,
850 4849 980 4917 Nos,
1009 4851 1196 4921 inquit,
1225 4852 1277 4904 in
1307 4862 1478 4906 nostra
1506 4855 1627 4908 urbe
1655 4856 1874 4926 peregri-

288 4951 466 4996 nantes
494 4951 834 5009 errantesque,
864 4950 1099 5009 tanquam
1125 4942 1363 5012 hospites,
1389 4945 1462 4996 tui
1486 4944 1598 4998 libri
1621 4946 1764 5016 quasi
1783 4946 1873 4999 duo

289 5052 425 5087 mum
454 5034 786 5098 reduxerunt,
824 5043 879 5087 ut
906 5051 1161 5104 possemus
1184 5037 1456 5106 aliquando
1490 5038 1575 5108 qni
1614 5047 1659 5091 et
1686 5039 1766 5092 ubi
1793 5056 1872 5092 es-

285 5143 454 5180 semus
495 5143 786 5197 agnoscere.
829 5125 906 5180 Tu
943 5136 1140 5180 wtatem
1183 5129 1380 5197 patriw,
1427 5139 1481 5182 tu
1517 5129 1875 5198 descriptiones

287 5229 594 5286 temporum,
626 5229 681 5273 tu
717 5235 975 5274 sacrorum
992 5221 1134 5291 jura,
1168 5233 1220 5273 tu
1247 5223 1582 5287 sacerdotum,
1621 5233 1674 5276 tu
1700 5223 1875 5276 dome-

287 5312 489 5377 s'icam,
514 5321 569 5364 tu
593 5310 886 5381 publicam’
913 5311 1252 5381 disciplinam,
1281 5323 1335 5365 tu
1375 5312 1572 5367 sedem‘
1595 5315 1872 5384 regionum,

358 5427 375 5455 ³
409 5426 542 5487 aditi,
572 5437 710 5490 posse
853 5424 1021 5490 officiis
1045 5425 1253 5488 quodam
1280 5425 1420 5476 modo
1443 5425 1656 5477 (imitari.
1690 5433 1876 5489 Legen-

287 5487 406 5553 dum
428 5500 536 5536 cum
560 5487 687 5547 Stss.,
713 5487 948 5553 Διίιηὶιαξὶιςς
968 5501 994 5553 _:
1021 5487 1073 5553 et
1097 5490 1318 5548 verbum,
1358 5503 1511 5553 posse,
1550 5487 1880 5551 acinpicndum

288 5549 380 5622 ίυίι
400 5561 490 5622 eo
513 5549 830 5622 θριςιξιάέηεεξι
852 5551 1168 5622 vineaticu-
1202 5610 1213 5621 .

359 5610 666 5676 {Dissilit},
695 5610 813 5660 2031
846 5620 896 5676 et
918 5613 1055 5676 2052,
1077 5610 1378 5676 planiusque.
1416 5621 1451 5661 st
1473 5645 1487 5661 .

362 5674 382 5703 ³
399 5673 524 5735 Apud
546 5677 850 5735 ciceronem,
876 5673 1108 5725 bellicam.

360 5735 380 5762 ⁸
393 5733 521 5794 Editi,
535 5734 745 5785 aedium.
761 5743 814 5784 At
829 5733 934 5783 Mss.
948 5735 1070 5796 pleri
1107 5746 1172 5785 ue
1188 5735 1371 5798 etapud
1389 5738 1682 5795 Ciceronem,
1698 5733 1871 5784 sedem.

360 5795 430 5848 (η)
450 5797 763 5848 Desideratur
787 5797 836 5848 in
863 5797 998 5848 libris
1020 5750 1104 5848 m3
1125 5807 1387 5848 supersunt
1409 5801 1472 5848 dc
1494 5805 1665 5848 cmest.
1687 5797 1821 5848 Acad.

360 5795 430 5860 (η)
450 5797 763 5849 Desideratur
787 5797 836 5848 in
863 5795 998 5850 libris
1020 5795 1104 5862 qui
1125 5795 1387 5861 superSuut
1409 5801 1472 5857 de
1494 5805 1665 5860 chest.
1687 5797 1821 5851 acad.

1599 359 1801 414 LIBER
1841 358 2127 415 SEXTUS.

3401 359 3502 413 178

1927 475 2172 540 locormn,
2210 485 2261 528 tu
2301 477 2522 530 omnium
2559 478 2839 531 divinarum
2868 477 3298 547 humanarumque
3335 493 3505 530 rerum

1927 569 2149 631 nomina,
2188 585 2390 640 genera,
2417 571 2600 639 officia,
2637 588 2814 625 causas
2839 571 3079 641 aperuisti
3107 569 3304 641 (Cicero
3332 569 3420 624 lib.
3455 571 3508 634 1,
3587 619 3593 625 .

1927 677 1974 714 c.
1999 662 2052 728 3,
2083 662 2147 716 de
2176 663 2366 729 Quwst.
2393 665 2596 735 Acad).
2624 666 2723 720 Iste
2750 667 2908 735 igitur
2934 666 3013 720 vir
3037 675 3142 720 tam
3171 665 3390 734 insignis
3419 680 3515 720 ex-

1929 751 2276 822 cellentisquc
2305 754 2528 824 peritiae,
2571 766 2622 810 et
2651 757 2792 825 quod
2821 757 2886 811 de
2923 759 3013 812 illo
3047 759 3207 812 etiam
3235 756 3513 813 Terentia-

1931 859 2032 898 nus
2055 845 2454 915 elegantissimo
2479 849 2739 902 versiculo
2762 848 2992 904 breviter
3013 851 3106 915 ait,

1996 960 2073 1008 Vir
2095 945 2400 1012 doctissimus
2417 961 2754 1024 undecumque
2778 971 2955 1024 varro;

2029 1040 2049 1103 (
2075 1049 2143 1094 De
2157 1040 2338 1104 metris,
2363 1041 2413 1093 in
2434 1041 2639 1094 sectione
2656 1044 2716 1095 de
2741 1044 2951 1097 versibus
2973 1045 3236 1110 phaleratis.
3257 1046 3282 1110 )

1934 1145 2023 1214 qui
2053 1154 2157 1200 tam
2204 1147 2368 1202 multa
2415 1147 2558 1218 legit,
2602 1157 2659 1203 ut
2697 1147 2896 1219 aliquid
2938 1148 2988 1205 ei
3022 1149 3257 1204 scribere
3301 1161 3520 1203 vacasse

1938 1236 2222 1302 miremur;
2249 1248 2353 1294 tam
2385 1240 2549 1296 multa
2583 1239 2813 1309 scripsit,
2840 1255 2998 1308 quam
3027 1240 3192 1294 multa
3218 1240 3304 1294 vix
3333 1255 3520 1310 quom-

1938 1343 2095 1396 quam
2137 1328 2312 1398 legere
2357 1330 2596 1400 potuisse
2639 1329 2961 1384 credamus:
2998 1331 3117 1397 iste,
3165 1330 3400 1398 inquam,
3442 1329 3523 1382 vir

1941 1425 2117 1472 tantus
2140 1418 2372 1489 ingenio,
2396 1429 2678 1492 tantusque
2699 1421 2965 1484 doctrina,
2993 1419 3038 1475 si
3064 1436 3243 1475 rerum
3273 1419 3417 1475 velut
3442 1419 3524 1474 di-

1943 1507 2205 1576 vinarum,
2236 1509 2304 1566 de
2331 1512 2522 1581 quibus
2559 1513 2763 1580 scribit,
2810 1521 3144 1583 oppugnatur
3181 1518 3325 1567 esset
3365 1518 3525 1579 atque

1943 1602 2265 1669 destructor,
2297 1620 2492 1676 easque
2515 1620 2621 1662 non
2651 1606 2718 1661 ad
2747 1605 3080 1676 religionem,
3110 1603 3205 1660 sed
3236 1603 3304 1658 ad
3341 1617 3528 1671 supcr—

1944 1697 2212 1752 stitionem
2239 1697 2444 1754 diceret
2469 1698 2758 1768 pertinere,
2801 1698 2984 1754 nescio
3009 1706 3186 1752 utrum
3223 1706 3329 1752 tam
3360 1694 3528 1750 multa

1946 1788 1998 1843 iu
2029 1789 2107 1844 eis
2137 1789 2375 1857 ridenda,
2426 1792 2836 1858 contemnenda,
2865 1789 3178 1847 detestanda
3219 1787 3529 1846 conscribe-

1945 1890 2047 1936 ret.
2077 1879 2206 1935 Cum
2235 1897 2363 1937 vero
2394 1883 2533 1938 Deos
2559 1883 2775 1939 eosdem
2803 1883 2872 1937 ita
2901 1883 3146 1949 coluerit,
3170 1879 3531 1949 colendusque

1945 1975 2229 2040 censuerit,
2265 1985 2322 2030 ut
2353 1977 2406 2030 in
2427 1991 2492 2031 eo
2523 1975 2638 2046 ipso
2666 1991 2830 2047 opere
2869 1976 3164 2031 litterarum
3197 1988 3414 2028 suarum
3443 1970 3532 2026 di-

1947 2075 2033 2120 cat
2077 2081 2136 2120 sc
2177 2068 2365 2122 timere
2412 2082 2480 2124 ne
2513 2077 2752 2139 pereant,
2790 2082 2896 2122 non
2940 2067 3154 2122 incursu
3185 2064 3386 2130 hostili,
3433 2060 3530 2117 sed

1947 2155 2141 2211 civium
2169 2157 2504 2228 negligentia,
2533 2157 2601 2214 de
2626 2173 2726 2228 qua
2753 2158 2870 2213 illos
2896 2158 3042 2212 velut
3069 2156 3220 2211 ruina
3251 2153 3466 2210 liberari
3500 2167 3531 2206 a

1949 2265 2008 2304 se
2033 2249 2180 2316 dicit,
2207 2250 2334 2305 etin
2362 2251 2617 2306 memoria
2638 2251 2900 2306 bonorum
2923 2265 3019 2320 per
3044 2245 3346 2317 liujusmodi
3371 2245 3535 2299 libros

1950 2341 2165 2396 recondi
2196 2351 2355 2412 atque
2375 2344 2578 2397 servari
2596 2341 2808 2396 utiliore
2835 2357 2982 2407 cura,
3009 2355 3169 2410 quam
3201 2336 3441 2394 Metellus
3466 2334 3537 2388 de

1951 2432 2196 2489 incendio
2221 2449 2372 2489 sacra
2397 2435 2653 2500 Vestalis,
2679 2443 2734 2488 et
2758 2433 2957 2488 Encas
2983 2433 3052 2488 de
3071 2431 3302 2502 Trojano
3326 2427 3536 2485 excidio

1953 2535 2172 2595 penates
2202 2525 2457 2582 liberasse
2500 2525 2892 2596 prmdicantur;
2936 2533 2990 2580 et
3015 2534 3193 2578 tamen
3223 2536 3284 2578 ea
3313 2519 3536 2592 legenda

1951 2617 2159 2671 saeculis
2183 2617 2376 2686 prodit,
2405 2634 2524 2689 quae
2544 2633 2573 2672 a
2596 2617 2932 2688 sapientibus.
2953 2625 3007 2670 et
3031 2613 3404 2685 insipientibus
3424 2625 3539 2665 me-

1954 2707 2056 2762 rito
2081 2707 2396 2777 abjicienda,
2429 2708 2730 2765 etveritati,
2763 2707 3036 2777 religionis
3065 2703 3428 2761 inimicissima
3453 2702 3539 2771 ju-

1953 2799 2243 2854 dicentur:
2274 2799 2401 2871 quid
2447 2800 2754 2855 existimare
2795 2799 3076 2864 debemus,
3121 2796 3222 2853 nisi
3269 2793 3538 2850 hominem

1956 2892 2357 2948 acerrimumac
2379 2892 2783 2962 peritissimum,
2807 2906 2911 2945 non
2934 2898 3110 2944 tamen
3140 2896 3324 2943 sancto
3341 2883 3541 2955 Spiritu

1957 2982 2207 3050 liberum,
2235 2998 2550 3054 oppressum
2581 2983 2746 3039 fuisse
2775 2996 2886 3037 suae
2908 2980 3139 3036 civitatis
3157 2975 3544 3033 consuetudine

1957 3088 2021 3129 ac
2048 3073 2288 3144 legibus;
2317 3082 2371 3129 et
2395 3083 2573 3129 tamen
2599 3089 2682 3137 ea,
2721 3073 2914 3142 quibus
2940 3069 3271 3135 movebatur,
3299 3067 3398 3122 sub
3421 3080 3544 3136 spe—

1957 3163 2040 3219 cie
2059 3163 2492 3219 commendandte
2517 3163 2785 3233 religionis
2814 3172 2992 3216 tacere
3018 3158 3292 3214 noluisse?

1957 3261 2186 3332 CAPUT
2225 3273 2313 3329 ΙΙΙ.
2339 3303 2410 3314 -
2434 3274 2562 3339 Qua:
2579 3274 2642 3327 sit
2667 3272 2869 3341 partitio
2905 3269 3150 3323 Varronis
3169 3266 3410 3322 librorum
3427 3281 3544 3320 suo-

2028 3383 2161 3432 rum,
2189 3381 2312 3436 quos
2341 3364 2404 3419 de
2430 3361 2824 3434 Antiquitatibus
2860 3375 3026 3415 rerum
3049 3359 3386 3412 humanarum
3415 3355 3544 3409 divi-

2031 3473 2306 3528 narumque
2327 3456 2627 3526 composuit.

2032 3571 2389 3642 Quadraginta
2411 3579 2464 3626 et
2491 3584 2654 3625 unum
2684 3567 2850 3622 libros
2875 3565 3086 3636 scripsit
3113 3562 3500 3634 Autiquitatum
3525 3579 3536 3612 :

1964 3663 2062 3720 hos
2105 3665 2158 3718 in
2190 3677 2276 3718 res
2303 3662 2560 3716 humanas
2591 3658 2900 3727 divitiasque
2925 3656 3124 3721 divisit,
3161 3653 3322 3709 rebus
3357 3651 3546 3705 huma-

1965 3758 2049 3813 nis
2089 3756 2270 3828 viginti
2315 3754 2550 3826 quinque
2573 3794 2588 3820 ,
2633 3751 2826 3807 divinis
2873 3749 3106 3804 sedecim
3131 3745 3315 3802 tribuit
3347 3761 3359 3798 :
3389 3743 3546 3798 istam

1966 3861 2179 3906 secutus
2209 3849 2260 3903 in
2281 3864 2342 3904 ca
2372 3847 2656 3920 partitione
2684 3845 2966 3909 rationem,
2995 3851 3053 3897 ut
3081 3855 3260 3897 rerum
3289 3839 3550 3895 humana-

1967 3959 2084 3999 rum
2137 3942 2302 3999 libros
2347 3955 2506 3996 senos
2550 3947 2776 4010 quatuor
2818 3937 3054 4008 partibus
3101 3936 3271 3991 daret.
3317 3932 3550 3987 lutendit

1967 4033 2109 4090 enim
2131 4032 2222 4103 qui
2244 4038 2424 4102 agant,
2451 4029 2542 4085 ubi
2567 4037 2747 4100 agant,
2778 4025 2990 4098 quando
3010 4036 3189 4096 agant,
3219 4023 3347 4096 quid
3370 4031 3546 4093 agant.

1972 4124 2027 4179 ln
2053 4138 2145 4178 sex
2167 4123 2344 4192 itaque
2372 4119 2561 4190 primis
2586 4117 2654 4174 de
2679 4117 2983 4172 hominibus
3011 4115 3245 4186 scripsit,
3275 4115 3326 4168 in
3358 4129 3552 4169 secun-

1970 4217 2054 4271 dis
2077 4229 2176 4270 sex
2205 4214 2273 4270 de
2291 4213 2441 4278 locis,
2464 4227 2559 4266 scx
2581 4209 2768 4265 tertios
2797 4209 2864 4264 dc
2894 4207 3243 4279 temporibus.
3267 4220 3362 4262 sex
3393 4220 3554 4276 quar-

1973 4318 2057 4366 tos
2094 4307 2418 4376 eosdemque
2452 4312 2752 4374 postremos
2780 4301 2848 4357 de
2889 4301 3050 4356 rebus
3075 4297 3321 4354 absolvit.
3354 4297 3553 4366 Quatcr

1972 4409 2150 4455 autem
2195 4397 2332 4463 seni,
2363 4395 2546 4466 viginti
2576 4402 2630 4449 et
2655 4402 2880 4464 quatuor
2909 4392 3059 4446 ﬁunt.
3101 4389 3206 4446 Sed
3245 4405 3408 4444 unum
3439 4389 3553 4443 sin-

1974 4493 2232 4563 gularem,
2266 4489 2355 4560 qui
2381 4487 2734 4544 communiter
2758 4485 2907 4556 prius
2932 4484 2998 4540 de
3034 4482 3282 4538 omnibus
3309 4481 3556 4551 loquere-

1977 4595 2080 4650 tur,
2111 4585 2162 4639 in
2193 4583 2365 4654 capite
2392 4579 2587 4652 posuit.
2621 4579 2677 4633 In
2721 4577 2916 4632 divinis
2946 4574 3234 4630 identidem
3272 4573 3430 4628 rebus
3461 4586 3554 4626 ea-

1975 4679 2095 4734 dem
2136 4676 2204 4732 ab
2247 4675 2338 4729 illo
2371 4670 2646 4728 divisionis
2688 4669 2856 4724 forma
2903 4675 3113 4724 servata
3153 4674 3255 4730 est,
3299 4671 3556 4734 quantum

1976 4769 2166 4825 attinet
2212 4767 2277 4824 ad
2322 4783 2384 4824 ea
2418 4781 2536 4838 quae
2567 4765 2670 4822 diis
2706 4762 3004 4819 exhibenda
3046 4768 3205 4815 sunt:
3239 4757 3558 4814 exhibentur

1977 4867 2118 4924 enim
2145 4864 2212 4919 ab
2235 4859 2540 4922 hominibus
2569 4857 2621 4912 in
2646 4856 2777 4911 locis
2797 4864 2851 4910 et
2877 4852 3206 4924 temporibus
3231 4864 3400 4905 sacra.
3431 4847 3558 4902 llaec

1978 4967 2222 5030 quatuor,
2246 4968 2364 5026 qua:
2389 4950 2522 5017 dixi,
2553 4948 2702 5005 libris
2735 4946 3047 5017 complexus
3077 4951 3159 4998 est
3189 4941 3356 4996 ternis
3389 4956 3401 4992 :
3432 4953 3557 4993 nam

1982 5063 2087 5106 tres
2106 5049 2310 5120 priores
2335 5046 2400 5101 de
2424 5043 2728 5099 hominibus
2752 5039 2985 5110 scripsit,
3009 5042 3294 5106 sequentes
3317 5031 3384 5087 de
3399 5032 3556 5099 locis,

1984 5144 2170 5198 tertios
2195 5139 2264 5195 de
2302 5135 2652 5207 temporibus,
2693 5141 2911 5204 quartos
2937 5128 3006 5183 de
3045 5127 3246 5190 sacris;
3285 5125 3445 5178 etiam
3473 5122 3563 5178 hic

1981 5234 2069 5306 qui
2095 5232 2398 5295 exhibeant,
2425 5227 2513 5282 ubi
2539 5225 2844 5290 exhibeant,
2863 5217 3074 5290 quando
3095 5217 3402 5283 exhibeant,
3435 5215 3560 5286 quid

1983 5325 2286 5388 exhibeant,
2313 5319 2654 5376 subtilissima
2675 5313 3010 5372 distinctione
3029 5308 3430 5366 commendans.
3455 5306 3563 5362 Sed

1983 5418 2104 5489 quia
2134 5412 2412 5485 oportebat
2448 5410 2648 5474 dicere,
2680 5415 2734 5461 et
2782 5403 3011 5458 maxime
3049 5401 3102 5457 id
3129 5398 3560 5489 exspectabatur,

1985 5488 2177 5580 quibus
2211 5502 2513 5564 exhibeant,
2544 5498 2610 5554 de
2653 5496 2780 5566 ipsis
2808 5506 3022 5564 quoque
3049 5491 3151 5546 diis
3185 5500 3293 5545 tres
3318 5488 3560 5544 conscri-

1988 5599 2091 5670 psit
2120 5605 2410 5659 extremos,
2453 5600 2508 5645 ut
2537 5588 2821 5659 quinquies
2855 5585 2992 5640 terni
3020 5582 3318 5655 quindecim
3348 5581 3558 5636 flerent.

1987 5691 2121 5748 Sunt
2167 5697 2343 5742 autem
2387 5695 2594 5743 omnes,
2640 5688 2696 5733 ut
2740 5677 2990 5742 diximus,
3038 5673 3271 5730 sedecim
3300 5689 3313 5724 :
3342 5670 3464 5740 quia
3511 5679 3558 5723 cl

1989 5783 2214 5840 istorum
2238 5773 2454 5834 exordio
2473 5787 2638 5828 unum
2663 5769 3005 5842 singularem,
3035 5765 3121 5839 qui
3141 5766 3286 5837 prius
3310 5762 3374 5818 dc
3399 5776 3559 5817 onmt-
