4064 6476
269 361 359 418 181

263 485 380 536 est;
404 469 663 540 quoniam
700 469 844 538 μῦθος
884 484 1057 538 amco
1097 468 1275 524 fabula
1307 465 1516 521 dicitur.
1547 463 1849 520 Secundum

261 573 442 624 autem
467 572 525 618 ut
553 562 802 622 naturale
826 560 1035 622 dicatur
1056 603 1070 625 ,
1104 559 1216 632 jam
1252 568 1307 614 et
1341 554 1668 614 consuetudo
1707 555 1854 610 locu-

261 655 424 712 tionis
447 653 706 712 admittit.
739 652 978 712 Tertium
1005 651 1164 707 etiam
1193 650 1305 719 ipse
1338 649 1497 704 latine
1523 646 1851 713 enuntiavit,

259 743 402 815 quod
423 743 582 802 civile
601 743 924 812 appellatur.
947 739 1147 798 Deinde
1167 739 1240 796 ait
1261 757 1273 796 :
1295 737 1552 809 Mythicon
1571 735 1848 804 appellant,

259 850 358 902 quo
391 831 613 889 maxime
639 841 855 886 utuntur
878 840 1068 901 poeta;
1100 829 1339 898 physicon
1359 869 1374 894 ,
1404 842 1502 897 quo
1531 824 1816 894 philosOphi
1833 839 1854 889 ;

258 922 434 988 ciuile,
461 937 563 992 quo
604 921 804 991 populi.
844 919 1076 974 Primum
1096 959 1112 986 ,
1149 917 1352 987 inquit,
1381 915 1516 985 quod
1545 915 1684 980 dixi,
1716 914 1766 966 in
1795 929 1853 972 eo

260 1024 373 1068 sunt
413 1013 578 1065 multa
605 1022 790 1068 contra
827 1013 1120 1082 dignitatem
1155 1019 1201 1064 et
1234 1018 1464 1063 naturam
1497 1007 1853 1060 immortalium

262 1106 399 1173 ﬁcta.
431 1102 498 1156 In
527 1104 624 1158 hoc
648 1105 782 1157 enim
804 1113 904 1169 est,
937 1113 990 1156 ut
1020 1103 1140 1156 deus
1165 1103 1296 1156 alius
1319 1118 1382 1156 ex
1410 1101 1571 1171 capite
1589 1143 1604 1167 ,
1631 1101 1764 1155 alius
1793 1117 1855 1160 ea:

262 1196 451 1264 femore
475 1197 570 1258 sit,
602 1196 735 1249 alius
771 1211 835 1250 ea:
870 1195 1023 1267 guttis
1057 1194 1316 1266 sanguinis
1345 1203 1490 1247 natus
1521 1210 1538 1246 :
1563 1193 1614 1246 in
1641 1193 1734 1245 hoc
1754 1234 1767 1256 ,
1800 1202 1854 1246 ut

261 1288 330 1339 dii
351 1288 513 1358 furati
541 1289 677 1353 sint,
721 1297 774 1339 ut
798 1286 1186 1339 adulteraverint
1205 1327 1219 1351 ,
1249 1295 1304 1338 ut
1337 1285 1592 1340 servierint
1614 1285 1804 1339 homini
1833 1300 1852 1339 :

261 1377 476 1446 denique
503 1377 558 1430 in
585 1377 679 1430 hoc
704 1379 872 1430 omnia
897 1375 993 1429 diis
1015 1377 1031 1408 ¹
1061 1376 1419 1439 attribuuntur,
1442 1392 1556 1447 qua:
1579 1393 1677 1430 non
1703 1377 1852 1430 modo

262 1467 312 1520 in
333 1468 613 1533 hominem,
636 1467 725 1521 sed
745 1468 892 1520 etiam
911 1484 1021 1536 qua
1039 1469 1091 1521 in
1111 1468 1582 1538 contemptissimum
1605 1468 1852 1521 hominem

264 1559 444 1613 cadere
482 1568 714 1629 possunt.
754 1559 850 1615 Hic
883 1569 1027 1614 certe
1061 1559 1149 1614 ubi
1182 1561 1388 1630 potuit,
1421 1559 1507 1613 ubi
1547 1575 1706 1613 ausus
1735 1567 1848 1626 est,

264 1649 350 1702 ubi
377 1649 701 1718 impunitum
734 1650 966 1719 putavit,
995 1659 1188 1719 quanta
1218 1649 1635 1703 mendacissiinis
1664 1649 1852 1705 fabulis

264 1749 472 1796 natura:
497 1741 724 1796 deorum
757 1741 907 1796 lieret
935 1741 1145 1809 injuria,
1170 1741 1284 1794 sine
1311 1740 1532 1810 caligine
1559 1741 1714 1794 ullius
1739 1756 1851 1793 am-

263 1832 540 1902 biguitatis
561 1834 845 1902 expressit.
870 1832 1208 1902 Loquebatur
1226 1831 1388 1894 enim,
1416 1847 1516 1884 non
1539 1830 1604 1884 de
1627 1829 1852 1886 naturali

266 1923 556 1993 theologia,
585 1938 692 1976 non
719 1923 786 1977 de
812 1923 974 1989 civili,
1001 1921 1096 1977 sed
1123 1921 1190 1976 de
1215 1920 1472 1987 fabulosa,
1505 1936 1660 1991 quam
1689 1920 1854 1977 libere

267 2030 294 2068 a
325 2031 383 2071 se
415 2015 621 2084 putavit
645 2030 765 2070 esse
790 2015 1126 2084 culpandum.

333 2105 388 2159 2.
419 2105 711 2160 Videamus
739 2105 867 2175 quid
899 2105 965 2160 de
994 2106 1158 2160 altera
1183 2103 1340 2158 dicat.
1383 2103 1671 2159 Secundum
1697 2120 1853 2175 genus

267 2205 362 2262 est,
393 2195 588 2266 inquit,
618 2195 754 2264 quod
776 2195 1128 2260 demonstravi,
1157 2196 1218 2247 de
1243 2211 1340 2263 quo
1361 2194 1544 2249 multos
1570 2195 1721 2250 libros
1741 2197 1855 2264 phi-

268 2287 465 2358 losOphi
488 2287 840 2358 reliquerunt:
862 2288 913 2340 in
933 2286 1110 2356 quibus
1131 2294 1222 2348 est,
1248 2285 1318 2339 dii
1337 2285 1424 2354 qui
1447 2286 1566 2351 sint,
1591 2286 1694 2351 ubi,
1720 2285 1854 2355 quod

267 2397 438 2452 genus,
456 2379 647 2449 quate;
669 2396 698 2432 a
719 2380 936 2449 quodam
953 2387 1193 2448 tempore,
1214 2394 1278 2430 an
1299 2395 1329 2430 a
1349 2379 1646 2448 sempiterno
1668 2378 1854 2449 fuerint

268 2474 370 2536 dii;
397 2488 460 2526 ea:
486 2472 606 2542 igne
629 2473 729 2526 sint
747 2473 790 2536 ',
821 2479 880 2524 ut
899 2470 1053 2524 credit
1087 2469 1409 2532 Heraclitus;
1435 2485 1500 2522 an
1515 2486 1579 2523 ea:
1608 2470 1850 2537 numeris,

268 2571 316 2617 ut
342 2562 709 2634 Pythagoras;
733 2578 800 2615 an
829 2577 892 2617 ex
918 2562 1116 2626 atomis,
1144 2571 1196 2614 ut
1221 2561 1291 2613 ait
1319 2559 1590 2630 Epicurus.
1615 2560 1702 2616 Sic
1725 2563 1850 2630 alia,

267 2669 375 2723 quea
397 2653 604 2724 facilius
627 2653 758 2705 intra
788 2652 1000 2722 parietes
1030 2653 1079 2704 in
1104 2652 1297 2716 schola,
1323 2668 1471 2720 quam
1501 2662 1642 2706 extra
1668 2653 1717 2705 in
1742 2655 1853 2725 [oro

267 2743 394 2812 ferre
422 2753 636 2813 possunt
661 2759 826 2798 aures.
854 2743 996 2797 Nihil
1023 2744 1071 2796 in
1099 2743 1198 2798 hoc
1221 2758 1413 2812 genere
1436 2745 1686 2814 culpavit,
1709 2744 1849 2815 quod

268 2831 526 2904 physicon
556 2842 765 2896 vocant,
799 2840 854 2886 et
877 2832 944 2886 ad
978 2833 1319 2903 philosophos
1349 2835 1576 2904 pertinet
1607 2852 1620 2888 :
1652 2846 1852 2890 tantum

268 2925 404 2994 quod
447 2940 640 2979 eorum
683 2925 822 2978 inter
859 2939 916 2979 se
957 2925 1348 2979 controversias
1379 2929 1848 2995 commemoravit,

268 3031 358 3086 per
389 3031 529 3087 quos
564 3016 702 3070 facta
731 3027 814 3072 est
839 3016 1205 3072 dissidentium
1249 3016 1528 3071 multitudo
1565 3027 1849 3073 sectarum.

269 3105 514 3162 Removit
554 3117 732 3163 tamen
776 3108 876 3162 hoc
908 3123 1075 3178 genus
1101 3123 1128 3161 a
1158 3106 1304 3172 foro,
1338 3107 1386 3162 id
1421 3116 1502 3163 est
1536 3123 1566 3163 a
1606 3111 1848 3180 populis;

269 3196 461 3252 scholis
483 3214 614 3253 vero
635 3208 688 3253 et
715 3198 1002 3269 parietibus
1023 3199 1211 3252 clausit
1235 3216 1248 3252 :
1274 3197 1400 3253 illud
1422 3207 1598 3254 autem
1625 3201 1849 3268 primum

271 3291 737 3345 mendacissimum
778 3300 936 3361 atque
976 3291 1334 3361 turpissimum
1365 3308 1392 3345 a
1422 3293 1719 3347 civitatibus
1746 3309 1851 3349 non

268 3384 514 3437 removit.
551 3382 596 3438 Ο
637 3383 910 3453 religiosas
952 3399 1107 3438 aures
1146 3383 1454 3453 pOpulares,
1491 3393 1646 3455 atque
1683 3387 1735 3442 in
1769 3385 1853 3444 his

269 3475 425 3528 etiam
468 3475 766 3530 Romanas!
797 3473 948 3541 Quod
973 3475 1040 3529 de
1065 3474 1166 3528 diis
1196 3475 1580 3530 immortalibus
1614 3477 1850 3548 philoso-

269 3565 356 3634 phi
395 3566 700 3636 disputant,
730 3566 871 3621 ferre
903 3582 1009 3620 non
1049 3575 1272 3636 possunt
1302 3583 1314 3620 :
1349 3567 1488 3637 quod
1519 3584 1646 3622 vero
1683 3582 1851 3640 poene

268 3668 499 3724 canunt,
531 3665 586 3710 et
621 3656 904 3711 histriones
941 3665 1137 3728 agunt,
1169 3657 1291 3728 quia
1326 3665 1509 3712 contra
1540 3658 1849 3732 dignitatem

267 3761 327 3802 ac
350 3757 596 3806 naturam
621 3749 995 3805 immortalium
1019 3748 1137 3803 ﬁcta
1163 3756 1304 3815 sunt,
1332 3748 1454 3821 quia
1481 3766 1584 3806 non
1615 3751 1771 3807 modo
1799 3753 1850 3809 in

269 3837 574 3905 hominem,
606 3842 699 3894 sed
735 3840 894 3896 etiam
937 3839 987 3896 in
1026 3841 1537 3912 Contemptissimum
1581 3842 1850 3898 hominem

267 3931 455 3988 cadere
487 3940 732 4002 possunt,
764 3949 868 3987 non
895 3932 1064 3987 solum
1093 3931 1287 3996 lerunt,
1319 3930 1413 3986 sed
1439 3932 1594 3987 etiam
1625 3932 1852 3988 libenter

266 4023 507 4076 audiunt.
537 4022 715 4094 Neque
743 4023 794 4078 id
827 4033 1062 4092 tantum,
1096 4023 1188 4078 sed
1218 4023 1320 4079 diis
1344 4039 1554 4095 quoque
1580 4026 1705 4093 ipsis
1737 4028 1849 4081 ha-c

269 4111 500 4180 placere,
533 4122 587 4167 et
615 4129 709 4182 per
739 4113 854 4168 luce
884 4128 975 4168 eos
1004 4112 1288 4183 placandos
1316 4128 1435 4168 esse
1460 4113 1773 4170 decernunt.

331 4206 386 4260 ‘5.
433 4204 638 4258 Dixerit
676 4205 899 4275 aliquis,
929 4205 1055 4261 llaec
1088 4204 1193 4258 duo
1229 4206 1454 4276 genera,
1496 4205 1763 4278 mythicon
1795 4215 1850 4264 ct

263 4292 524 4365 physicon
545 4336 559 4359 ,
588 4294 641 4349 id
665 4305 745 4350 est
770 4296 1068 4354 fabulosum
1096 4307 1254 4367 atque
1284 4297 1520 4352 naturale
1539 4340 1552 4362 ,
1578 4298 1848 4354 discerna-

263 4400 380 4441 mus
420 4386 490 4440 ab
531 4385 634 4440 hoc
661 4386 839 4453 civili,
872 4386 938 4442 de
973 4402 1078 4457 quo
1106 4402 1244 4442 nunc
1273 4390 1474 4458 agitur;
1509 4388 1650 4443 unde
1677 4390 1763 4444 illa
1794 4398 1848 4446 et

263 4475 374 4546 ipse
403 4477 656 4532 discrevit
683 4497 696 4532 :
714 4478 930 4549 jamque
955 4479 1127 4551 ipsum
1151 4479 1306 4533 civile
1329 4479 1597 4567 videamus
1622 4481 1848 4551 qualiter

261 4570 508 4639 explicet.
537 4569 708 4626 Video
734 4571 944 4641 quidem
967 4613 982 4637 ,
1016 4587 1109 4626 cur
1145 4570 1335 4626 debeat
1371 4571 1597 4626 discerni
1638 4573 1844 4627 fabulo-

260 4673 377 4713 sum
404 4677 418 4713 :
442 4659 566 4730 quia
597 4660 806 4726 falsum,
831 4662 950 4731 quia
981 4671 1152 4732 turpe,
1179 4663 1298 4732 quia
1327 4661 1593 4733 indignum
1617 4672 1720 4718 est.
1740 4664 1846 4718 Na-

262 4754 433 4808 turale
460 4761 640 4808 autem
670 4768 698 4806 a
730 4753 872 4810 civili
901 4755 1036 4809 velle
1061 4755 1384 4822 discernere,
1415 4754 1540 4824 quid
1569 4764 1650 4809 est
1677 4757 1839 4825 aliud,

185 4867 192 4870 -
257 4857 418 4912 quam
458 4844 620 4898 etiam
663 4843 836 4913 ipsum
878 4843 1033 4899 civile
1072 4843 1223 4898 lateri
1253 4859 1372 4899 esse
1389 4844 1760 4899 mendosum?
1786 4845 1840 4903 Si

256 4935 400 4988 enim
433 4933 562 4988 illud
591 4933 830 4988 naturale
851 4943 953 5001 est,
975 4933 1102 5004 quid
1130 4935 1286 4989 habet
1314 4919 1760 5004 reprehensionis,
1786 4945 1844 4990 ut

254 5025 606 5081 excludatur?
631 5027 675 5081 si
698 5037 875 5081 autem
903 5027 1004 5080 hoc
1032 5026 1171 5099 quod
1197 5026 1351 5082 civile
1371 5027 1581 5089 dicitur,
1606 5028 1841 5084 naturale

253 5132 361 5171 non
387 5126 492 5180 est,
521 5115 648 5187 quid
681 5117 840 5171 habet
868 5117 1063 5182 meriti,
1092 5125 1148 5171 ut
1172 5115 1516 5170 admittatur?
1543 5117 1665 5172 Haec
1691 5134 1841 5172 nem-

250 5223 320 5277 pe
348 5209 435 5262 illa
465 5224 625 5263 causa
654 5219 756 5273 est,
785 5223 948 5278 quare
979 5209 1124 5277 prius
1151 5207 1423 5279 scripserit
1447 5207 1512 5261 de
1541 5207 1702 5262 rebus
1735 5208 1837 5262 hu-

253 5300 445 5364 manis,
481 5301 748 5368 posterius
769 5301 835 5356 de
861 5301 1084 5365 divinis;
1112 5301 1359 5370 quoniam
1387 5300 1436 5354 in
1464 5299 1656 5355 divinis
1680 5301 1838 5356 rebus

252 5407 359 5445 non
400 5391 703 5456 naturam’,
749 5392 844 5450 sed
889 5391 1163 5450 hominum
1203 5393 1436 5450 instituta
1482 5401 1696 5450 secutus
1733 5403 1836 5450 est.

316 5509 331 5538 ι
368 5514 448 5555 his.
472 5507 568 5560 766
586 5509 767 5558 omittit
788 5508 955 5567 verba,
972 5506 1021 5557 in
1043 5505 1149 5568 hoc,
1173 5515 1242 5568 et,
1267 5506 1377 5560 diis.
1443 5514 1501 5558 tt.

314 5570 336 5599 ¹
367 5571 438 5633 sic
457 5571 610 5620 nostri
633 5570 968 5633 manuscripti._
1001 5575 1048 5617 tn
1073 5576 1143 5633 8.,
1186 5583 1216 5619 a
1238 5583 1443 5633 quonam
1464 5575 1691 5633 tempore,
1712 5583 1773 5618 an
1805 5581 1837 5619 (ι

246 5629 537 5691 sempiterno
558 5630 758 5694 fuerint,
783 5643 846 5680 an
867 5629 931 5680 ex
949 5629 1060 5694 igne
1085 5631 1199 5683 sint.
1251 5629 1332 5680 ’δι

316 5694 336 5722 ⁸
370 5699 522 5756 Er._et
545 5692 678 5754 LCL,
702 5705 796 5743 non
824 5692 1046 5756 naturam
1078 5694 1292 5744 deorum.
1323 5694 1483 5756 Abest,
1509 5692 1729 5754 deorton,
1773 5692 1833 5744 ab

250 5753 392 5803 editis
416 5754 524 5804 aliis
547 5763 598 5805 et
622 5767 649 5806 a
674 5754 1022 5812 manuscriptis.

1620 347 1820 404 Lilll‘lll
1860 346 2146 403 SEX'I'US.

3441 342 3544 396 {-83

1967 461 2268 516 lntueamur
2290 475 2418 516 sane
2445 469 2498 514 et
2522 459 2730 515 civilem
2763 457 3102 527 theologiam.
3135 455 3355 510 Tertium
3383 473 3544 527 genu

1958 565 2030 612 est
2047 596 2060 620 ,
2095 554 2292 623 inquit,
2317 553 2450 622 quod
2476 554 2528 608 in
2557 553 2758 607 urbibus
2786 553 2916 607 cives
2935 593 2950 618 ,
2982 552 3202 605 maxime
3225 551 3538 617 sacerdotes,

1958 661 2102 706 nosse
2125 655 2270 714 atque
2301 644 2653 700 administrare
2689 644 2880 697 debent.
2918 642 2980 698 In
3007 660 3108 713 quo
3135 652 3239 706 est,
3268 659 3393 714 quos
3419 643 3540 696 deos

1958 733 2154 804 publice
2203 735 2392 798 celere,
2421 731 2596 804 [qua]
2625 751 2770 788 sacra
2798 751 2856 788 ac
2884 736 3138 803 sacri/icio
3163 734 3330 804 facere
3366 749 3542 802 queun-

1955 843 2050 896 que
2068 843 2164 896 par-
2181 827 2243 880 sit
2265 829 2302 880 ι.
2327 826 2511 880 Adhuc
2530 827 2670 895 quod
2694 827 2933 896 sequitur
2951 827 3310 884 attendamus.
3339 825 3536 893 Prima,

1959 918 2144 987 inquit,
2170 918 2419 989 theologia
2443 919 2660 972 ntaxime
2679 920 3053 974 accommodata
3075 930 3148 973 est
3170 920 3238 972 ad
3265 921 3532 984 theatrum,

1955 1008 2174 1064 secunda
2193 1009 2262 1066 ad
2291 1009 2556 1072 mundum,
2584 1010 2726 1063 tertia
2750 1009 2817 1063 ad
2841 1009 3028 1062 urbem.
3054 1011 3183 1078 Quis
3211 1025 3316 1065 non
3337 1010 3534 1075 videat,

1955 1099 2041 1156 cui
2082 1101 2307 1168 palmam
2351 1099 2594 1156 dederit?
2634 1099 2826 1168 Utique
2861 1099 3145 1166 secundm,
3181 1116 3338 1169 quam
3376 1115 3536 1170 supra

1957 1189 2085 1246 dixit
2111 1205 2229 1247 esse
2258 1189 2714 1261 philosophorum.
2745 1189 2891 1244 Hanc
2911 1190 3054 1244 enim
3086 1191 3350 1258 pertinere
3377 1199 3538 1246 testa-

1957 1289 2044 1334 tur
2069 1279 2137 1334 ad
2174 1279 2457 1344 mundum,
2485 1295 2590 1349 quo
2617 1280 2702 1334 isti
2731 1279 2860 1338 nihil
2891 1294 3010 1334 esse
3047 1280 3391 1336 excellentius
3415 1281 3535 1350 opi-

1957 1381 2148 1428 nantur
2175 1371 2224 1430 in
2255 1372 2432 1428 rebus.
2474 1372 2611 1427 Duas
2648 1385 2775 1426 vero
2814 1371 2930 1426 illas
2959 1371 3278 1442 theologias,
3311 1374 3532 1442 primam

1955 1470 2009 1516 et
2043 1463 2285 1525 tertiam,
2318 1461 2506 1516 theatri
2539 1462 2742 1516 scilicet
2768 1470 2928 1532 atque
2955 1461 3133 1528 urbis,
3164 1461 3434 1526 distinxit,
3466 1476 3534 1514 an

1949 1554 2125 1625 iunxit
2147 1555 2202 1608 ’Ἰ
2238 1553 2488 1610 Videmus
2513 1555 2654 1610 enim
2684 1570 2788 1608 nou
2815 1554 3066 1608 continuo
3090 1553 3230 1622 quod
3257 1561 3340 1608 est
3366 1552 3533 1614 urbis,

1956 1646 2224 1716 pertinere
2253 1660 2408 1715 posse
2444 1655 2498 1701 et
2529 1645 2594 1700 ad
2639 1644 2928 1709 mundum;
2965 1644 3206 1714 quamvis
3235 1644 3392 1698 urbes
3417 1657 3537 1698 esse

1955 1737 2224 1792 videamus
2251 1735 2304 1791 in
2333 1735 2528 1794 inundo
2557 1754 2571 1791 :
2601 1736 2713 1792 lieri
2741 1735 2884 1792 enim
2910 1743 3084 1804 potest
3111 1743 3168 1789 ut
3192 1734 3242 1788 in
3271 1735 3421 1799 urbe,
3450 1748 3538 1788 se-

1953 1829 2184 1890 eundum
2208 1828 2366 1886 falsas
2391 1827 2686 1896 opiniones,
2709 1841 2770 1884 ea
2796 1827 3040 1882 colantur
3060 1834 3115 1881 et
3139 1840 3200 1881 ea
3228 1824 3533 1890 credantur,

1955 1935 2178 1990 quorum
2207 1919 2258 1974 in
2288 1919 2484 1976 mundo
2515 1919 2597 1978 vel
2622 1927 2769 1974 extra
2809 1915 3062 1972 mundum
3086 1924 3271 1971 natura
3305 1916 3375 1970 sit
3401 1931 3532 1968 nus.

1955 2024 2112 2081 quam
2139 2027 2155 2075 ;
2177 2008 2438 2064 theatrum
2465 2023 2593 2062 vero
2621 2008 2707 2062 ubi
2732 2017 2834 2074 est,
2865 2006 2964 2064 nisi
2990 2007 3042 2060 in
3065 2006 3226 2060 urbe?
3247 2005 3366 2076 quis
3387 2005 3534 2059 thea-

1959 2107 2096 2153 trum
2126 2099 2368 2163 instituit,
2398 2097 2496 2151 nisi
2523 2097 2742 2152 civitas?
2768 2107 2983 2166 propter
3007 2095 3131 2166 quid
3161 2097 3404 2160 instituit,
3432 2095 3532 2150 nisi

1956 2199 2172 2262 propter
2203 2189 2352 2244 ludos
2380 2189 2657 2244 scenicos?
2686 2188 2774 2241 ubi
2804 2197 2923 2244 sunt
2956 2187 3062 2244 ludi
3090 2187 3316 2254 scenici,
3349 2188 3448 2241 nisi
3481 2187 3532 2241 in

1957 2281 2116 2336 rebus
2139 2280 2349 2346 divin-is,
2374 2279 2440 2334 de
2460 2279 2651 2350 quibus
2677 2278 2729 2332 bi
2756 2278 2873 2334 libri
2899 2285 3041 2334 tanta
3065 2277 3279 2333 solertia
3299 2277 3533 2332 conseri.

1955 2372 2184 2432 buntur?

1957 2519 2181 2576 CAPUT
2213 2518 2299 2579 Vl.
2325 2547 2396 2559 —-
2424 2515 2503 2572 De
2530 2517 2776 2590 theologia
2814 2517 3064 2589 mythica,
3091 2517 3146 2569 id
3174 2526 3244 2572 est
3274 2516 3530 2588 fabulosa,

2326 2620 2370 2664 et
2396 2611 2458 2664 de
2481 2610 2633 2677 civili,
2661 2621 2837 2666 contra
2871 2609 3165 2663 Varronem.

2028 2746 2080 2801 1.
2109 2745 2154 2800 0
2180 2745 2356 2802 Marce
2385 2745 2587 2807 Varro,
2617 2759 2737 2800 cum
2768 2745 2841 2799 sis
2872 2743 3032 2798 homo
3060 2743 3297 2798 omnium
3335 2743 3531 2796 aeutis-

1955 2837 2122 2893 simus
2148 2846 2201 2892 et
2225 2837 2340 2893 sine
2367 2836 2471 2892 ulla
2498 2834 2826 2890 dubitatione
2848 2833 3206 2896 doctissimus,
3233 2831 3328 2886 sed
3357 2840 3532 2886 tamen

1957 2927 2147 2994 homo,
2187 2943 2292 2982 non
2326 2928 2492 2991 Deus,
2528 2940 2625 2982 nec
2653 2925 2854 2995 Spiritu
2893 2925 2983 2979 Dei
3013 2923 3080 2979 ad
3110 2921 3331 2977 videnda
3359 2930 3414 2976 et
3443 2937 3533 2975 an-

1957 3018 2244 3074 nuntianda
2283 3015 2459 3071 divina
2497 3017 2548 3071 in
2584 3017 2862 3072 veritatem
2905 3015 3307 3084 libertatemque
3344 3013 3532 3068 subve-

1956 3117 2094 3173 ctus,
2123 3109 2298 3166 cernis
2325 3107 2536 3178 quidem
2561 3124 2718 3177 quam
2747 3107 2853 3162 sint
2877 3121 2966 3165 res
2988 3107 3178 3165 divina:
3203 3110 3270 3164 ab
3293 3109 3533 3164 humanis

1955 3199 2110 3270 nugis
2147 3208 2305 3270 atque
2339 3199 2629 3255 mendaciis
2657 3199 2966 3260 dirimenda:
2998 3219 3011 3253 :
3043 3200 3136 3255 sed
3165 3200 3532 3256 vitiosissimas

1956 3291 2269 3360 pepulorum
2301 3289 2577 3362 opiniones
2605 3300 2659 3345 et
2685 3291 3096 3344 consuetudines
3122 3290 3174 3344 in
3200 3290 3532 3358 superstitio.

1957 3389 2112 3445 nibus
2154 3387 2373 3457 publicis
2403 3385 2602 3440 vereris
2633 3383 2906 3440 oﬂ‘endcre
2924 3424 2938 3448 ,
2967 3395 3099 3452 quas
3127 3397 3157 3435 a
3183 3381 3404 3437 deorum
3434 3396 3530 3435 na-

1957 3490 2074 3538 tura
2112 3479 2432 3544 abhorrere,
2457 3476 2540 3532 vel
2583 3476 2798 3535 talium,
2828 3474 3011 3544 quales
3052 3474 3103 3528 in
3150 3472 3304 3542 hujus
3347 3471 3529 3526 mundi

1956 3571 2236 3630 elementis
2257 3569 2468 3626 humani
2493 3567 2655 3624 animi
2677 3563 2976 3635 suspicatur
3001 3566 3296 3628 inﬁrmitas,
3324 3574 3376 3620 et
3401 3579 3529 3619 seno

1956 3667 2022 3722 tis
2053 3667 2201 3735 ipse,
2231 3677 2352 3718 eum
2391 3675 2484 3717 eas
2512 3671 2881 3730 usquequaque
2907 3656 3245 3721 consideras,
3277 3665 3330 3712 et
3357 3657 3529 3709 omnis

1954 3765 2127 3812 vestra
2162 3755 2456 3810 litteratura
2490 3751 2868 3806 circumsonat.
2908 3748 3044 3814 Quid
3082 3747 3167 3802 hic
3202 3747 3308 3817 agit
3338 3746 3528 3800 Imma-

1953 3863 2081 3904 num
2119 3845 2361 3916 quamvis
2399 3841 2899 3898 excellentissimum
2937 3838 3242 3910 ingenium?
3269 3837 3392 3908 quid
3435 3839 3528 3891 tibi

1954 3939 2182 3994 humana
2215 3937 2340 3992 licet
2363 3934 2637 4004 multiplex
2665 3933 2954 4003 ingensque
2976 3930 3217 3986 doctrina
3243 3931 3295 3984 in
3323 3929 3406 3985 his
3431 3946 3527 3983 an-

1950 4030 2136 4102 gustiis
2156 4027 2501 4098 sullragatur?
2519 4024 2797 4080 Naturales
2815 4025 2945 4080 deos
2963 4023 3138 4079 colere
3157 4023 3326 4092 cupis,
3345 4023 3528 4078 civiles

1951 4122 2157 4192 cogeris
2191 4138 2203 4174 :
2235 4117 2481 4188 invenisti
2515 4117 2650 4172 alios
2690 4115 2992 4181 labulosos,
3037 4113 3090 4168 in
3133 4127 3266 4182 quos
3307 4113 3528 4168 liberius

1951 4212 2092 4283 quod
2121 4212 2288 4267 sentis
2313 4224 2528 4266 evomas
2554 4206 2651 4280 (a),
2678 4206 2814 4262 unde
2841 4215 2896 4261 et
2921 4206 3053 4260 istos
3075 4203 3257 4259 civiles
3279 4205 3409 4259 velis
3430 4220 3527 4258 no-

1951 4303 2083 4362 lisve
2109 4301 2408 4372 perfundas.
2437 4299 2572 4354 Dicis
2593 4299 2786 4369 quippe
2809 4296 3076 4353 fabulosos
3095 4296 3527 4351 acconimodatos

1949 4408 2070 4451 esse
2095 4393 2163 4450 ad
2202 4391 2464 4447 theatrum
2484 4432 2500 4456 ,
2531 4389 2800 4446 naturales
2826 4388 2892 4443 ad
2933 4387 3183 4444 mundum
3206 4428 3222 4455 ,
3249 4388 3432 4444 civiles
3457 4389 3525 4443 ad

1949 4487 2134 4542 urbem
2165 4504 2178 4540 :
2209 4501 2330 4540 eum
2356 4484 2579 4540 mundus
2604 4499 2737 4552 opus
2759 4483 2829 4537 sit
2857 4481 3112 4547 divinum,
3141 4481 3300 4536 urbes
3322 4495 3446 4536 vero
3470 4488 3526 4535 et

1950 4577 2154 4633 theatra
2182 4592 2343 4647 opera
2370 4577 2476 4630 sint
2501 4574 2803 4640 hominum;
2836 4588 2933 4628 nec
2957 4573 3044 4627 alii
3071 4572 3143 4627 dii
3170 4571 3442 4627 rideantur
3468 4571 3524 4624 in

1949 4668 2204 4734 theatris,
2230 4681 2388 4736 quam
2425 4665 2514 4735 qui
2556 4664 2843 4720 adorantur
2882 4664 2936 4718 in
2978 4663 3228 4731 templis;
3265 4676 3363 4718 nec
3398 4661 3522 4716 aliis

1946 4761 2101 4816 ludos
2135 4758 2428 4814 exhibeatis
2450 4798 2466 4824 ,
2507 4771 2666 4826 quam
2705 4755 2895 4824 quibus
2932 4754 3174 4810 victimas
3213 4752 3517 4810 immolatis.

1947 4850 2158 4917 Quanto
2204 4847 2424 4904 liberius
2468 4846 2817 4915 subtiliusque
2859 4845 2958 4900 ista
3001 4841 3298 4908 divideres,
3337 4840 3522 4896 dicens

1945 4944 2082 4999 alios
2108 4956 2228 4998 esse
2255 4941 2385 4996 deos
2415 4940 2705 5006 naturales,
2732 4938 2865 4994 alios
2889 4938 2955 4993 ab
2982 4935 3284 4992 hominibus
3306 4933 3518 4988 institu-

2008 5097 2026 5129 ί
2051 5104 2228 5145 Omnes
2262 5093 2480 5160 Gallicani
2507 5103 2744 5160 Mss._eum
2765 5093 2944 5158 aliquot
2966 5092 3194 5160 Romanis,
3210 5089 3392 5160 habent
3411 5091 3481 5160 sic
3505 5104 3516 5139 :

1943 5157 1994 5208 in
2017 5171 2110 5221 quo
2130 5163 2200 5206 est
2221 5170 2335 5219 quos
2359 5159 2471 5205 deos
2496 5156 2680 5218 publica
2703 5149 2922 5206 sacra'ac
2940 5150 3185 5215 sacriﬁcia
3206 5149 3362 5202 colere
3379 5157 3424 5200 et
3446 5153 3516 5214 fa-

1943 5233 2052 5272 cere
2073 5232 2304 5281 quemque
2327 5231 2415 5281 par
2437 5225 2516 5281 stt.

2007 5284 2027 5313 ³
2060 5273 2188 5339 ὠν..
2213 5273 2270 5328 ac
2293 5273 2530 5341 séjmzxit.
2545 5280 2714 5326 Verius
2737 5283 2809 5326 Er.
2851 5283 2902 5341 et
2922 5273 3140 5341 melioris
3160 5282 3286 5341 notge
3454 5287 3515 5324 an

1929 5341 2100 5405 jtmxit
2118 5341 2141 5392 Ρ
2162 5335 2350 5405 ἀρτηνὲ
2364 5339 2842 5405 qnasdistrilmtione
2861 5339 2959 5405 ipsa
2980 5336 3198 5405 distinxit
3221 5335 3514 5405 theologias,

1943 5398 2140 5466 primam
2165 5411 2216 5466 et
2239 5398 2446 5466 te'rtiain.
2484 5401 2818 5466 fabulosamet
2839 5399 3048 5466 civilem,
3071 5398 3285 5466 easdem
3292 5400 3514 5460 junxisse

1941 5458 2084 5513 't'arro
2117 5465 2325 5524 videtur,
2365 5458 2564 5512 alteram
2601 5463 2659 5511 ad
2695 5462 2882 5524 urbem,
2915 5458 3117 5510 alteram
3149 5460 3206 5524 ad
3254 5458 3511 5524 theatrum,

1939 5521 2402 5595 quodipsiusurbis
2437 5531 2540 5595 est,
2575 5525 2824 5584 pertinere
2845 5521 3042 5582 @ceus.
3067 5548 3126 5558 —
3147 5521 3228 5571 ω.
3253 5522 3390 5580 9.050,
3413 5523 3514 5572 αἱδί

1939 5586 2091 5642 tinxit,
2102 5586 2148 5638 et
2169 5586 2410 5647 adiurarit.
2475 5591 2529 5632 It.

2004 5669 2076 5732 (a)
2098 5678 2252 5728 Quare
2271 5664 2591 5715 'rertullianus
2611 5666 2657 5714 in
2686 5663 3004 5728 Apologetico,
3027 5680 3131 5730 cap.
3164 5666 3235 5728 ll,
3258 5674 3513 5715 Varronem

1942 5740 2078 5784 vocat
2091 5733 2310 5795 Cynicum
2329 5737 2599 5778 Romanum.
2623 5735 2868 5785 (loquaces.
