4064 6538
463 361 565 422 ίόδ

459 487 578 542 tos;
608 480 701 537 sed
729 481 798 538 de
823 484 1079 541 institutis
1103 485 1245 540 aliud
1279 487 1474 543 habere
1503 490 1704 546 litteras
1730 501 2028 562 poetarum,

385 609 394 626 .
458 571 604 628 aliud
641 577 1009 645 sacerdotum;
1041 588 1288 648 utrasque
1327 589 1502 637 tamen
1542 582 1615 638 ita
1656 599 1775 640 esse
1812 586 1953 641 inter
1977 601 2037 646 se

459 664 661 720 amicas
702 669 972 722 consortio
1018 667 1297 736 falsitatis,
1343 679 1400 724 ut
1443 681 1608 741 grata:
1652 673 1756 729 sint
1801 683 2038 747 utraeque

461 755 814 827 daemonibus,
840 760 1032 830 quibus
1057 761 1267 816 inimica
1297 772 1379 817 est
1400 762 1639 819 doctrina
1665 767 1944 821 veritatis?

532 848 588 908 2.
609 849 947 920 Sequestrata
975 852 1134 922 igitur
1161 853 1426 922 paululum
1456 853 1738 925 theologia,
1763 871 1919 926 quam
1945 872 2040 914 na-

463 939 687 994 turalem
711 949 933 1010 vocant,
961 941 1028 997 de
1051 959 1152 1013 qua
1175 953 1359 1013 postea
1389 931 1758 1003 disserendum
1783 956 1894 1012 est,
1922 949 2038 1018 pla-

462 1039 619 1086 eetne
648 1031 861 1087 tandem
890 1035 1052 1090 vitam
1095 1044 1346 1091 maternam
1377 1038 1481 1108 peti
1514 1047 1605 1093 aut
1631 1039 1835 1109 sperari
1871 1055 1902 1094 a
1938 1040 2040 1096 diis

463 1124 725 1192 poeticis,
766 1126 1038 1183 theatricis
1061 1171 1076 1195 ,
1116 1129 1364 1196 ludicris,
1403 1132 1665 1186 scenicis?
1701 1132 1893 1187 Absit:
1933 1132 2042 1188 imo

442 1223 668 1298 avertat
693 1216 830 1270 Deus
857 1233 1013 1272 verus
1043 1227 1147 1273 tam
1179 1222 1465 1276 immanem
1502 1222 1918 1294 sacrilegamque
1945 1221 2044 1278 de-

461 1305 733 1366 mentiam.
755 1307 911 1374 Quid,
930 1308 996 1363 ab
1011 1309 1090 1364 eis
1103 1309 1203 1365 diis
1219 1310 1258 1375 ¹-,
1272 1310 1463 1381 quibus
1480 1311 1592 1366 haec
1604 1311 1831 1382 placent,
1845 1321 1898 1366 et
1911 1325 2044 1382 quos

463 1395 580 1453 her
601 1397 833 1467 placant,
855 1415 974 1456 cum
999 1417 1182 1457 eorum
1218 1403 1326 1458 illic
1353 1404 1572 1458 crimina
1614 1402 2041 1475 frequententur,

463 1487 570 1542 vita
587 1496 786 1543 aeterna
815 1491 1076 1560 poscenda
1095 1502 1172 1555 est
1189 1492 1412 1559 iNemo,
1440 1503 1497 1548 ιιι
1522 1494 1769 1560 arbitror,
1789 1510 1956 1564 usque
1978 1493 2045 1548 ad

465 1587 668 1633 tantum
682 1582 1032 1652 praecipitium
1045 1582 1407 1640 furiosissima:
1421 1587 1706 1657 impietatis
1720 1586 2046 1643 iusauit.Nec

465 1669 704 1726 fabulosa
735 1672 911 1744 igitur,
939 1690 1038 1730 nec
1058 1676 1195 1730 civili
1221 1676 1482 1749 theologia
1510 1679 1884 1748 sempiternam
1903 1677 2047 1749 quis-

466 1779 625 1834 quam
643 1765 950 1834 adipiscitur
961 1767 1142 1826 vitam.
1159 1768 1246 1823 illa
1265 1769 1406 1824 enim
1421 1769 1487 1824 de
1499 1767 1600 1824 diis
1614 1769 1782 1840 turpia
1803 1769 2047 1840 ﬁngendo

469 1856 717 1922 seminat,
740 1856 852 1912 haec
868 1858 1090 1914 favendo
1102 1859 1250 1914 metit
1270 1876 1284 1912 :
1306 1860 1394 1915 illa
1409 1860 1681 1916 mendacia
1697 1861 1918 1938 spargit,
1935 1860 2050 1917 hac

471 1948 674 2020 colligit
701 1968 713 2002 :
740 1951 826 2006 illa
855 1965 947 2006 res
967 1951 1172 2007 divi-nas
1208 1952 1355 2008 falsis
1397 1953 1704 2008 criminibus
1729 1954 2047 2020 insectatur,

471 2040 590 2096 hsce
634 2056 819 2097 eorum
851 2043 1132 2098 criminum
1169 2045 1326 2100 ludos
1352 2045 1404 2099 in
1439 2043 1635 2100 divinis
1664 2045 1824 2100 rebus
1851 2045 2052 2114 ample-

469 2134 669 2188 ctitur:
697 2135 785 2190 illa
807 2134 873 2190 de
898 2136 1000 2190 diis
1027 2135 1249 2192 nefanda
1282 2135 1530 2206 ﬁgmenta
1559 2135 1830 2190 hominum
1861 2135 2053 2190 carmi-

471 2227 629 2281 nibus
655 2236 925 2297 personat,
950 2227 1065 2282 hacc
1084 2243 1145 2282 ea
1167 2227 1387 2282 deorum
1415 2228 1650 2298 ipsorum
1680 2226 2053 2283 festivitatibus

471 2327 754 2372 consecrat
783 2334 795 2369 :
831 2317 1064 2373 facinora
1097 2327 1150 2372 et
1193 2317 1387 2388 ﬂagitia
1416 2320 1689 2372 numinum
1721 2317 1808 2372 illa
1835 2325 2050 2384 cantat,

471 2409 589 2464 haec
615 2419 759 2464 amat
787 2426 800 2465 :
834 2410 924 2464 illa
956 2409 1147 2480 prodit,
1177 2419 1268 2464 aut
1295 2410 1476 2479 ﬁngit;
1511 2409 1623 2464 haec
1661 2417 1837 2464 autem
1863 2417 1954 2464 aut
1976 2417 2056 2463 at-

471 2509 699 2571 testatur
725 2503 885 2576 veris,
910 2511 1002 2556 aut
1031 2502 1329 2574 oblectatur
1351 2511 1406 2556 et
1433 2500 1595 2572 falsis.
1625 2500 1810 2557 Amba:
1837 2509 2017 2571 turpes
2035 2540 2052 2565 .

473 2592 752 2662 ambmque
773 2591 1136 2664 damnabiles:
1161 2591 1252 2664 sed
1280 2592 1387 2656 illa,
1408 2607 1525 2662 qua:
1553 2591 1806 2664 theatrica
1828 2600 1908 2646 est
1923 2632 1937 2656 ,
1959 2605 2058 2661 pu-

472 2683 667 2739 blicam
691 2682 1071 2752 turpitudinem
1105 2684 1411 2752 proﬁtetur;
1440 2681 1562 2749 ista,
1589 2696 1707 2751 qua:
1733 2681 1932 2735 urbana
1953 2688 2054 2748 est,

474 2774 616 2830 illius
645 2774 969 2844 turpitudine
1006 2775 1245 2828 ornatur.
1275 2773 1528 2829 Hinccine
1555 2772 1664 2828 vita
1697 2781 1896 2827 (eterna
1934 2785 2059 2840 spe-

476 2865 702 2929 rabitur,
732 2864 874 2919 nnde
896 2865 994 2919 ista
1026 2864 1205 2920 brevis
1233 2863 1644 2934 temporalisque
1672 2861 1960 2933 polluitur?
1993 2876 2059 2915 an

478 2968 610 3010 vero
637 2954 797 3008 vitam
833 2956 1019 3024 polluit
1039 2956 1363 3012 consortium
1393 2955 1717 3011 nefariorum
1746 2954 2018 3009 hominum
2042 2995 2059 3022 ,

477 3047 522 3102 si
563 3060 623 3102 se
649 3046 885 3106 inserant
907 3045 1277 3101 affectionibus
1304 3056 1372 3101 er
1401 3045 1802 3101 assensionibus
1828 3043 2024 3100 nostris
2043 3083 2060 3111 ,

478 3147 534 3194 et
557 3139 722 3194 vitam
754 3153 858 3193 non
889 3139 1077 3208 polluit
1104 3139 1332 3194 societas
1355 3137 1677 3204 daemonum,
1702 3137 1790 3208 qui
1820 3137 2065 3192 coluntur

479 3230 793 3286 criminibus
817 3228 966 3285 suis?
991 3227 1046 3284 Si
1071 3229 1242 3294 veris,
1265 3243 1423 3299 quam
1450 3228 1612 3283 mali?
1633 3228 1677 3283 si
1698 3227 1875 3296 falsis,
1906 3243 2065 3298 quam

478 3321 663 3379 maléi
1063 3359 1066 3361 λ
1109 3352 1128 3358 ελ
1378 3349 1388 3357 -
1445 3345 1448 3348 ~
1484 3353 1486 3355 ›
2043 3367 2046 3373 ,

553 3415 606 3470 5.
635 3413 762 3469 Hebe
786 3427 907 3468 cum
932 3414 1156 3479 dicimus
1175 3453 1191 3480 ,
1217 3413 1385 3468 videri
1415 3415 1637 3470 fortasse
1657 3412 1883 3484 cuipiam
1910 3412 2069 3467 nimis

481 3505 673 3560 harum
703 3496 888 3564 rerum
906 3506 1094 3576 ignaro
1121 3515 1296 3575 potest
1315 3521 1377 3561 ea
1403 3506 1516 3560 sola
1536 3505 1602 3560 de
1628 3505 1729 3560 diis
1754 3505 1947 3560 talibus
1966 3519 2070 3559 ma-

480 3595 660 3668 iestati
691 3596 904 3667 indigna
925 3597 1118 3650 divina:
1138 3637 1154 3664 ,
1201 3606 1255 3653 et
1279 3595 1500 3651 ridicula
1523 3637 1538 3663 ,
1567 3595 1902 3651 detestabilia
1927 3595 2070 3650 cele-

483 3687 634 3744 brari
657 3728 672 3752 ,
703 3703 824 3757 qum
872 3688 1098 3757 poeticis
1135 3695 1416 3742 cantantur
1441 3686 1801 3752 carminibus,
1844 3694 1898 3741 et
1934 3685 2072 3742 ludis

482 3779 712 3834 scenicis
736 3779 1054 3844 actitantur;
1086 3793 1235 3833 sacra
1262 3792 1389 3832 vero
1415 3777 1523 3843 illa,
1554 3791 1673 3848 quae
1720 3793 1827 3831 non
1853 3776 2072 3832 histrio-

485 3883 605 3935 nes,
628 3869 720 3926 sed
737 3869 1042 3925 sacerdotes
1059 3878 1240 3940 agunt,
1258 3867 1326 3923 ab
1345 3869 1488 3924 omni
1513 3883 1634 3923 esse
1654 3867 1916 3923 dedecore
1944 3882 2073 3937 pur-

486 3970 612 4030 gata
649 3967 706 4015 et
731 3959 921 4015 aliena.
953 3961 1064 4014 lloc
1092 3961 1138 4014 si
1172 3961 1240 4014 ita
1271 3968 1444 4026 esset,
1488 3975 1756 4030 nunquam
1790 3959 2074 4015 theatricas

490 4049 849 4119 turpitudines
879 4051 933 4105 in
966 4043 1165 4106 eorum
1196 4050 1454 4106 honorem
1483 4051 1761 4120 quisquam
1793 4051 2072 4107 celebran-

489 4142 589 4198 das
612 4157 734 4198 esse
759 4153 1023 4206 censeret,
1056 4158 1326 4213 nunquam
1363 4157 1455 4197 eas
1480 4143 1580 4212 ipsi
1618 4143 1690 4197 dii
1726 4144 2076 4214 praeciperent

491 4235 708 4290 sibimet
737 4235 997 4291 exhiberi.
1027 4235 1132 4291 Sed
1163 4237 1282 4291 ideo
1313 4235 1443 4293 nihil
1477 4236 1638 4306 pudet
1664 4237 1731 4292 ad
1761 4238 2075 4308 obsequium

493 4324 719 4381 deorum
748 4326 873 4380 talia
899 4341 1085 4397 gerere
1109 4327 1161 4382 in
1189 4326 1427 4394 theatris,
1449 4327 1570 4396 quia
1601 4327 1792 4382 similia
1821 4339 2078 4400 geruntur

494 4417 549 4472 in
580 4416 814 4488 templis.
844 4417 1083 4488 Denique
1126 4432 1246 4472 cum
1292 4426 1618 4474 memoratus
1653 4429 1838 4473 auctor
1864 4419 2078 4475 civilem

493 4510 816 4582 theologiam
851 4525 880 4564 a
910 4509 1148 4566 fabulosa
1175 4517 1232 4565 et
1252 4510 1514 4575 naturali,
1562 4509 1770 4568 tertiam
1796 4512 2078 4582 quamdam

494 4602 576 4657 sui
603 4601 836 4672 generis,
855 4599 1178 4672 distinguere
1197 4610 1499 4667 conaretur,
1522 4616 1640 4656 eam
1663 4602 1832 4672 magis
1849 4617 1913 4656 ex
1935 4611 2083 4658 utra-

497 4711 606 4769 que
626 4704 992 4765 temperatam,
1018 4709 1174 4766 quam
1203 4695 1270 4750 ab
1301 4704 1518 4765 utraque
1544 4705 1840 4766 separatam
1867 4695 2084 4766 intelligi

500 4789 690 4845 voluit.
721 4787 812 4843 Ait
837 4787 1000 4854 enim,
1023 4786 1084 4841 ea
1107 4802 1224 4856 qua:
1264 4787 1504 4847 scribunt
1530 4796 1699 4858 poeta:
1719 4828 1734 4854 ,
1762 4786 1939 4842 minus
1967 4782 2084 4843 esse

423 4906 429 4914 ’
501 4897 660 4954 quam
682 4891 738 4935 ut
756 4880 936 4951 populi
961 4880 1118 4950 sequi
1139 4879 1386 4946 debeant;
1411 4895 1528 4951 qum
1554 4890 1730 4936 autem
1756 4879 2081 4950 philosOphi,

500 4974 620 5044 plus
647 4987 803 5042 quam
831 4968 890 5026 ut
931 4986 995 5026 ea
1038 4971 1252 5040 vulgum
1291 4971 1513 5027 scrutari
1551 4970 1814 5038 expediat.
1865 4969 1989 5035 Qua:
2015 4970 2086 5022 sic

503 5066 792 5133 abhorrent,
822 5063 1011 5133 inquit,
1040 5071 1098 5136 ut
1125 5072 1289 5116 tamen
1318 5078 1379 5116 ex
1403 5069 1612 5132 utroque
1629 5075 1808 5136 genere
1833 5061 1900 5113 ad
1921 5060 2088 5132 civiles

505 5139 724 5217 rationes
779 5138 1035 5229 assqtttpla
1083 5134 1183 5227 sint
1229 5171 1328 5226 non
1368 5170 1548 5224 pauca.
1617 5134 1787 5221 Quare
1828 5169 1938 5224 qua:
1976 5162 2089 5210 sunt

509 5247 796 5323 communia
823 5263 934 5300 cum
961 5247 1176 5317 poetis‘,
1203 5262 1305 5298 una
1333 5261 1445 5298 cum
1472 5245 1697 5321 civilibus
1723 5245 1991 5298 scribemus
2017 5261 2035 5298 :
2065 5259 2091 5297 e

509 5339 689 5410 quibus
716 5337 882 5409 major
909 5338 1120 5411 societas
1147 5335 1284 5408 debet
1309 5351 1415 5392 esse
1439 5335 1580 5391 nobis
1609 5351 1722 5397 cum
1744 5333 2057 5406 philosophis
2074 5375 2088 5396 .

509 5449 662 5503 quam
688 5449 802 5486 cum
823 5433 1001 5504 poetis.
1028 5429 1146 5486 Non
1166 5443 1294 5500 ergo
1313 5428 1455 5483 nulla
1480 5441 1598 5483 cum
1615 5427 1805 5500 poetis.
1829 5426 1898 5481 Et
1917 5435 2092 5503 tamen

509 5525 614 5597 alio
632 5522 748 5598 loco
767 5523 894 5578 dicit
914 5521 979 5577 de
999 5518 1429 5615 genemtionibus
1444 5508 1665 5574 deorum
1689 5518 1854 5589 magis
1873 5516 1939 5572 ad
1964 5531 2094 5587 poe-

512 5622 597 5668 tas
620 5629 776 5684 quam
817 5612 883 5666 ad
921 5606 1176 5684 physicos
1209 5609 1372 5664 fuisse
1415 5609 1637 5679 populos
1664 5608 1964 5663 inclinatos.
1998 5606 2095 5660 llic

573 5729 594 5767 ὐ
624 5729 696 5792 sic
719 5733 828 5792 Mss.
856 5732 911 5775 At
933 5725 1049 5774 editi
1073 5736 1085 5772 :
1113 5721 1351 5785 Nmnqaid
1369 5721 1428 5771 ab
1451 5720 1653 5792 οἰδ-μιᾶς.
1698 5785 1729 5792 γ’
1816 5782 1844 5792 γ,
2038 5788 2046 5792 Α
2082 5782 2091 5791 ,

573 5792 592 5820 ²
628 5789 759 5838 viud.
789 5801 888 5838 em.
912 5794 986 5837 Er.
1015 5794 1066 5837 et
1085 5792 1213 5847 Mssa",
1232 5798 1340 5834 cum
1364 5785 1587 5847 propriis.
1612 5811 1672 5821 —
1689 5785 1759 5834 sic
1781 5785 1925 5832 etiam
1945 5785 2092 5832 nostri

509 5865 697 5908 euntes.
749 5859 801 5900 at.

1524 378 1610 432 DE
1650 379 1966 435 CIVITATE
2006 381 2140 451 DEI,
2178 383 2236 438 8.
2279 379 2642 447 ΑυιςυδτιΝι

3623 380 3730 439 184

2142 493 2285 548 enim
2313 493 2446 546 dixit
2471 493 2596 562 quid
2639 491 2753 547 ﬁeri
2779 490 3000 559 debeat;
3033 490 3134 560 ibi,
3176 489 3301 561 quid
3329 491 3439 546 ﬁat.
3469 489 3728 563 Physieos

2140 582 2275 640 dixit
2305 583 2545 638 utilitatis
2569 597 2728 638 causa
2757 582 3064 652 scripsisse;
3089 590 3274 651 poetas
3293 623 3308 648 ,
3335 581 3723 638 delectationis.

2141 677 2220 732 Ac
2249 691 2342 745 per
2381 675 2482 730 hoc
2519 690 2581 730 ea
2615 691 2732 746 qua:
2753 689 2784 729 a
2809 675 2981 745 poetis
3010 673 3308 744 conscripta
3356 675 3533 746 populi
3577 675 3726 745 sequi

2142 781 2251 822 non
2276 766 2474 822 debent
2492 757 2760 833 ,‘crimina
2790 774 2914 820 sunt
2945 764 3167 820 deorum
3197 783 3212 819 :
3237 758 3355 835 qum
3382 774 3558 820 tamen
3583 765 3728 822 dele-

2143 867 2289 916 ctant
2311 869 2364 912 et
2387 860 2608 928 populos
2637 867 2690 914 et
2705 858 2855 913 deos.
2875 857 3247 912 Delectationis
3261 857 3401 911 enim
3419 871 3602 923 causa,
3623 857 3728 912 sic-

2143 957 2204 1004 ut
2224 949 2372 1012 dicit.
2409 949 2649 1004 scribunt
2664 957 2854 1018 poetzc,
2875 962 2979 1002 non
3016 946 3258 1001 utilitatis
3281 963 3296 1000 :
3318 961 3379 1002 ea
3403 955 3576 1002 tamen
3599 947 3732 1002 scri-

2144 1041 2297 1104 bunt,
2328 1057 2444 1111 quae
2471 1040 2544 1095 dii
2565 1050 2836 1111 expetant,
2861 1039 3038 1130 populi
3065 1038 3371 1096 exhibeant.

2145 1151 2368 1209 CAPUT
2390 1151 2500 1221 Yll.
2529 1182 2601 1192 —
2624 1150 2698 1204 De
2726 1151 2969 1239 fabulosa:
3011 1159 3058 1204 et
3083 1149 3242 1203 civilis
3267 1149 3530 1227 theologica
3552 1148 3734 1209 simili-

2605 1241 2777 1295 tudine
2810 1250 2958 1312 atque
2981 1240 3269 1294 concordia.

2219 1355 2271 1410 1.
2312 1353 2610 1410 Revocatur
2636 1352 2793 1425 igitur
2813 1352 2878 1407 ad
2901 1352 3218 1422 theologiam
3235 1351 3442 1416 civilem
3466 1350 3735 1423 theologia

2148 1445 2400 1511 fabulosa,
2423 1445 2697 1512 theatrica,
2717 1444 2949 1514 scenica,
2967 1443 3296 1514 indignitatis
3317 1452 3371 1498 et
3393 1443 3736 1514 turpitudinis

2148 1537 2303 1608 plena
2330 1546 2412 1592 :et
2433 1535 2548 1596 haac
2574 1545 2702 1601 tota,
2731 1551 2850 1606 quae
2870 1539 3060 1594 merito
3084 1535 3345 1607 culpanda
3366 1543 3419 1590 et
3439 1534 3737 1605 respuenda

2146 1627 2435 1699 judicatur,
2469 1643 2590 1698 pars
2612 1627 2769 1696 hujus
2808 1634 2911 1691 est,
2938 1641 3056 1696 quae
3077 1625 3303 1690 colenda
3331 1634 3385 1680 et
3409 1624 3740 1681 observanda

2152 1727 2436 1783 censetur;
2467 1734 2571 1772 non
2604 1731 2732 1772 sane
2763 1731 2887 1788 pars
2915 1717 3203 1787 incongrua
3226 1756 3241 1781 ,
3285 1715 3424 1784 sicut
3457 1713 3741 1774 ostendere

2153 1808 2373 1874 institui,
2397 1817 2450 1863 et
2477 1823 2595 1878 quae
2620 1805 2686 1861 ab
2713 1807 2968 1862 universo
2994 1821 3218 1876 corpore
3243 1804 3415 1863 aliena
3442 1805 3742 1875 importune

2153 1899 2230 1954 illi
2260 1914 2496 1976 connexa
2525 1907 2684 1974 atque
2706 1912 2965 1968 suspensa
2994 1899 3085 1964 sit,
3113 1896 3207 1952 sed
3235 1897 3455 1952 omnino
3482 1910 3739 1963 consona,

2154 1997 2208 2044 et
2239 1997 2484 2057 tanquam
2511 1988 2748 2056 ejusdem
2775 1988 3014 2057 corporis
3033 1988 3330 2043 membrum
3351 1987 3744 2048 convenientis-

2155 2081 2291 2133 sime
2317 2078 2586 2148 copulata,
2617 2077 2752 2145 Quid
2779 2078 2920 2132 enim
2960 2077 3101 2139 aliud
3132 2076 3419 2132 ostendunt
3457 2076 3544 2130 illa
3572 2076 3744 2134 simu-

2155 2171 2318 2235 laera,
2354 2171 2557 2236 formae,
2589 2179 2774 2225 aetates
2797 2210 2812 2236 ,
2843 2185 3037 2235 sexus,
3063 2169 3273 2233 habitus
3299 2168 3562 2222 deorum?
3592 2182 3749 2233 num-

2159 2265 2282 2333 quid
2319 2263 2592 2318 barbatum
2620 2262 2804 2317 Jovem
2826 2303 2840 2328 ,
2888 2261 3181 2330 imberbem
3225 2261 3539 2323 Mercurium
3572 2269 3746 2329 poetae

2162 2355 2380 2419 habent,
2407 2353 2687 2424 pontiﬁces
2709 2368 2813 2408 non
2841 2352 3069 2407 habent?
3088 2351 3336 2420 numquid
3361 2350 3550 2420 Priapo
3576 2348 3749 2417 mimi,

2160 2462 2266 2512 non
2309 2447 2470 2500 etiam
2512 2443 2818 2499 sacerdotes
2847 2443 3085 2510 enormia
3117 2440 3357 2512 pudenda
3383 2438 3651 2495 fecerunt?
3679 2454 3750 2493 an

2160 2539 2314 2592 aliter
2354 2544 2462 2609 stat
2488 2536 2788 2608 adorandus
2830 2536 2881 2590 in
2913 2535 3046 2590 locis
3074 2534 3274 2600 sacris,
3316 2547 3471 2603 quam
3513 2531 3753 2602 procedit

2160 2625 2416 2701 ridendus
2461 2627 2512 2702 in
2538 2626 2791 2680 theatris?
2835 2642 2960 2679 num
3001 2625 3264 2679 Saturnus
3309 2638 3514 2688 senex,
3560 2620 3756 2691 Apollo

2160 2699 2428 2788 ephebus,
2457 2699 2526 2772 ita
2571 2730 2812 2790 personae
2853 2723 2976 2783 sunt
3018 2712 3368 2776 histrionum,
3397 2719 3454 2766 ut
3503 2726 3605 2764 non
3632 2710 3742 2764 sint

2162 2817 2352 2863 statua:
2376 2803 2751 2873 delubro‘rum?
2773 2819 2866 2873 cur
2885 2803 3166 2878 Furculus,‘
3181 2802 3268 2872 qui
3291 2800 3514 2871 lj‘oribus
3532 2807 3751 2871 praeest,

2163 2910 2217 2955 et
2243 2898 2594 2961 Linteutinus,
2614 2897 2703 2966 qui
2729 2895 2918 2964 limini,
2940 2893 3012 2950 dii
3034 2903 3156 2948 sunt
3175 2893 3414 2960 masculi,
3437 2902 3598 2962 atque.
3616 2893 3757 2947 inter

2165 2989 2265 3045 hos
2292 2987 2495 3044 Cardea
2531 2985 2722 3042 femina
2744 2993 2846 3053 est,
2896 3001 3013 3055 qua:
3038 2983 3306 3039 cardinem
3337 2981 3759 3054 servatzNonne

2168 3080 2266 3134 ista
2292 3080 2346 3144 in
2376 3093 2557 3144 rerum
2587 3077 2885 3144 divinarum
2912 3076 3058 3131 libris
3087 3075 3456 3146 reperiuntur,
3489 3089 3604 3143 qua:
3632 3087 3758 3142 gra-

2167 3185 2260 3226 ves
2284 3178 2453 3245 poetaa
2478 3168 2587 3224 suis
2603 3168 2925 3236 carminibus
2945 3167 3153 3237 indigna
3176 3165 3482 3234 duxerunt?
3501 3165 3759 3234 numquid

2169 3263 2334 3318 Diana
2381 3260 2636 3318 theatrica
2676 3268 2851 3330 portat
2895 3271 3043 3313 arma
3062 3298 3082 3331 ,_
3119 3267 3173 3313 et
3209 3258 3408 3312 urbana
3450 3257 3762 3326 simpliciter

2171 3354 2320 3423 virgo
2347 3353 2460 3412 est?
2490 3351 2742 3421 numquid
2769 3350 3010 3405 seenicus
3038 3350 3228 3420 Apollo
3255 3349 3526 3415 citharista
3562 3357 3675 3412 est,
3705 3357 3764 3413 et

2172 3443 2240 3498 ab
2267 3444 2365 3498 hac
2388 3449 2502 3507 arte
2524 3441 2804 3511 Delphicus
2829 3439 3013 3497 vaeat?
3037 3439 3144 3499 Sed
3171 3439 3284 3495 11ωο
3313 3439 3612 3500 honestiora
3637 3448 3764 3494 sunt

2174 3535 2228 3591 in
2256 3535 2654 3606 comparatione
2687 3533 3000 3603 turpiorum.
3031 3531 3166 3606 Quid
3188 3531 3253 3586 de
3285 3532 3398 3600 ipso
3423 3531 3551 3586 Jove
3574 3546 3763 3585 seuse-

2175 3635 2320 3693 runt,
2343 3627 2432 3696 qui
2457 3626 2571 3696 ejus
2595 3625 2855 3680 nutricem
2878 3624 2929 3678 in
2953 3623 3212 3693 Capitolio
3233 3623 3558 3692 posuerunt?
3579 3621 3765 3677 Nonne

2177 3719 2414 3775 attestati
2441 3727 2566 3773 sunt
2596 3716 2899 3772 Euhemero
2923 3757 2938 3783 ,
2980 3715 3067 3784 qui
3098 3728 3284 3768 omnes
3327 3713 3460 3767 tales
3498 3713 3627 3768 deos
3654 3729 3766 3768 non

2178 3809 2417 3865 fabulosa
2441 3808 2753 3878 garrulitate
2771 3847 2787 3872 ,
2821 3804 2913 3860 sed
2956 3803 3204 3858 historica
3229 3802 3498 3871 diligentia
3524 3804 3768 3859 homines

2180 3902 2343 3957 fuisse
2375 3901 2729 3968 mortalesque
2756 3897 3102 3967 conscripsit?
3132 3896 3400 3966 Epulones
3430 3897 3587 3952 etiam
3614 3896 3766 3964 deos,

2179 3995 2438 4066 parasitos
2463 3993 2642 4060 Jovis,
2687 3991 2752 4045 ad
2781 3991 2896 4060 ejus
2937 4003 3173 4044 mensam
3217 3989 3304 4059 qui
3347 3989 3764 4057 constituerunt,

2179 4089 2305 4159 quid
2345 4086 2487 4142 aliud
2514 4099 2669 4155 quam
2697 4083 2910 4139 mimica
2953 4097 3102 4138 sacra
3131 4095 3249 4137 esse
3293 4081 3605 4136 voluerunt?
3633 4081 3768 4136 Nam

2180 4178 2440 4251 parasitos
2462 4176 2608 4248 Jovjs
2637 4174 2703 4245 ad
2729 4175 2844 4251 ejus
2873 4174 3172 4244 convivium
3211 4170 3476 4228 adhibitos
3505 4173 3547 4228 si
3573 4173 3772 4228 mimus

2181 4250 2418 4337 dixisset,
2441 4269 2604 4335 risum
2626 4267 2808 4338 utique
2825 4265 3079 4342 quaesisse
3097 4265 3382 4320 videretur.
3413 4263 3581 4318 Varro
3609 4262 3765 4330 dixit;

2182 4377 2286 4437 non
2317 4377 2437 4417 cum
2468 4359 2715 4423 irrideret
2742 4358 2870 4414 deos
2893 4399 2908 4423 ,
2938 4355 3032 4429 sed
3062 4372 3181 4412 cum
3208 4353 3626 4420 commendaret,
3669 4353 3774 4408 hoc

2183 4454 2316 4510 dixit
2343 4471 2356 4508 :
2391 4452 2689 4508 divinarum
2717 4493 2732 4520 ,
2761 4466 2869 4518 non
2895 4450 3243 4519 humanarum
3270 4463 3450 4503 rerum
3487 4447 3604 4502 libri
3624 4487 3638 4510 ,
3669 4445 3776 4502 hoc

2185 4562 2305 4603 eum
2333 4544 2611 4614 scripsisﬁ
2639 4551 2933 4607 testantur;
2965 4555 3064 4595 nec
3093 4538 3184 4594 ubi
3223 4537 3376 4606 ludos
3411 4537 3650 4592 scenicos
3676 4551 3740 4590 ex

2188 4562 2305 4603 eum
2333 4545 2611 4687 seripsisﬁ:
2639 4551 2933 4607 testantur;
2965 4555 3064 4595 nec
3093 4545 3184 4594 ubi
3224 4545 3376 4606 ludos
3411 4545 3650 4592 scenicos
3676 4551 3740 4590 ex

2188 4636 2437 4708 ponebat,
2467 4651 2546 4703 set
2585 4634 2676 4688 ubi
2706 4631 2996 4705 Capitolina
3015 4629 3136 4699 jura
3167 4628 3448 4698 pandebat.
3485 4627 3717 4697 Denique
3743 4643 3778 4682 a

2191 4729 2389 4794 talibus
2412 4727 2658 4797 vincitur,
2692 4732 2746 4779 et
2775 4722 3000 4785 fatetur,
3030 4723 3166 4776 sicut
3197 4720 3363 4780 forma
3396 4720 3620 4773 humana
3647 4719 3779 4773 deos

2191 4821 2451 4884 fecerunt,
2478 4819 2547 4891 ita
2578 4833 2671 4900 ςοε
2693 4814 2944 4885 delectari
2968 4813 3212 4884 humanis
3232 4812 3590 4882 voluptatibus
3605 4811 3784 4865 credi-

2190 4912 2352 4982 disse.
2574 4899 2640 4953 ’δι”

2265 5002 2320 5057 2.
2361 4999 2475 5055 Non
2497 5000 2639 5054 enim
2669 5008 2721 5053 et
2748 4997 2970 5070 maligni
2992 4996 3208 5067 spiritus
3235 5009 3333 5053 suo
3361 4997 3575 5066 negotio
3604 4995 3782 5051 defue~

2193 5102 2315 5147 runt
2340 5133 2354 5158 ,
2392 5100 2452 5145 ut
2491 5089 2586 5144 has
2615 5088 2804 5142 noxias
2830 5086 3108 5156 opiniones
3130 5087 3476 5146 humanarum
3519 5087 3780 5141 mentium

2194 5183 2553 5254 ludiﬁcatione
2605 5180 2896 5245 firmarent.
2925 5177 3073 5238 Unde
3119 5178 3279 5233 etiam
3321 5175 3448 5232 illud
3475 5190 3588 5245 est,
3637 5178 3782 5248 quod

2197 5274 2438 5344 llerculis
2465 5274 2690 5343 mdituus
2718 5271 2920 5338 otiosus
2960 5279 3118 5339 atque
3156 5267 3374 5324 feriatus
3403 5268 3526 5324 lusit
3563 5270 3786 5326 tesseris

2197 5383 2377 5436 secum
2395 5409 2412 5438 ι
2439 5375 2664 5438 utraque
2689 5378 2849 5420 manu
2889 5361 3208 5432 alternante,
3240 5361 3293 5416 in
3322 5375 3423 5416 una
3454 5361 3788 5417 constituens

2201 5459 2503 5523 llereulem,
2536 5457 2588 5510 in
2615 5455 2779 5509 altera
2803 5467 2860 5509 se
2887 5453 3092 5524 ipsum;
3120 5452 3218 5508 sub
3242 5468 3303 5508 ea
3335 5450 3637 5507 conditione
3661 5492 3675 5516 ,
3706 5459 3787 5519 ut,

2199 5554 2248 5610 si
2279 5553 2391 5622 ipse
2435 5548 2669 5614 vicisset,
2698 5545 2766 5602 de
2791 5548 2927 5616 stipe
2963 5544 3143 5615 templi
3167 5543 3268 5599 sibi
3303 5557 3508 5598 coenam
3536 5551 3788 5613 pararet,

2201 5643 2533 5712 amicamque
2573 5638 2931 5702 conduceret;
2965 5637 3008 5690 si
3057 5644 3233 5689 autem
3277 5633 3497 5688 victoria
3549 5634 3792 5690 Herculis

2204 5737 2390 5802 ﬁeret,
2425 5726 2527 5789 hoc
2555 5731 2692 5787 idem
2723 5730 2790 5785 de
2835 5728 3056 5799 pecunia
3098 5739 3192 5778 sua
3243 5724 3498 5794 voluptati
3541 5724 3792 5781 Herculis

2206 5831 2520 5889 exhiberet:
2549 5821 2743 5881 deinde
2770 5835 2889 5878 cum
2916 5833 2943 5874 a
2985 5832 3042 5873 se
3064 5817 3178 5888 ipso
3205 5823 3452 5886 tanquam
3474 5815 3539 5871 ab
3561 5815 3788 5875 llereule
