4064 6474
252 353 348 409 185

248 467 414 519 victus
439 469 587 518 esset
607 502 626 528 ,
656 460 892 516 debitam
919 469 1126 512 emnam
1167 461 1222 510 et
1248 449 1630 506 nobilissimam
1656 461 1830 502 mere-

249 555 428 610 tricem
456 550 809 608 Larentinam
837 549 854 582 ¹
885 547 986 602 deo
1024 542 1234 600 Herculi
1261 540 1424 596 dedit.
1474 539 1544 593 At
1584 537 1670 590 illa
1712 551 1832 591 cum

247 643 589 700 dormivisset
618 641 674 694 in
702 638 921 707 templo,
955 635 1080 689 vidit
1105 635 1156 686 in
1185 629 1386 685 somnis
1429 626 1706 682 llerculem
1733 624 1834 678 sibi

247 749 365 789 esse
407 731 800 794 commixtum,
827 727 1032 796 sibique
1055 723 1254 778 dixisse
1277 761 1292 785 ,
1344 717 1484 789 quod
1514 716 1637 771 inde
1657 715 1834 770 disce-

246 824 378 878 dens
407 823 494 876 cui
526 821 764 891 primum
790 816 972 888 juveni
994 813 1147 869 obvia
1171 811 1340 873 fleret,
1364 808 1501 879 apud
1525 808 1668 861 illum
1691 812 1835 860 esset

247 917 529 972 inventura
558 909 899 974 mercedem,
941 920 1098 977 quam
1125 903 1224 959 sibi
1263 900 1480 956 credere
1507 897 1724 954 deberet
1767 894 1835 950 ab

246 1007 478 1063 llercule
505 1005 852 1075 persolutam.
881 1001 959 1055 Ac
982 999 1059 1052 sic
1078 995 1290 1050 abeunti
1312 1007 1431 1048 cum
1461 991 1660 1061 primus
1679 987 1834 1058 juve-

247 1099 327 1152 nis
376 1097 680 1152 ditissimus
701 1094 948 1148 Tarutius
981 1087 1324 1151 occurrisset,
1345 1098 1568 1152 eamque
1590 1081 1835 1136 dilectam
1884 1091 1894 1099 ·

248 1205 429 1245 secum
461 1189 665 1244 diutius
689 1187 990 1250 habuisset,
1022 1181 1111 1236 illa
1148 1177 1359 1234 haerede
1399 1177 1614 1232 relicta'
1644 1172 1837 1228 defun-

250 1290 364 1336 ctus
375 1292 482 1336 est.
501 1281 634 1348 Qua:
649 1277 1031 1348 amplissimam
1047 1274 1234 1345 adepta
1250 1269 1546 1342 pecuniam,
1567 1280 1635 1321 ne
1645 1264 1837 1319 divina:

250 1371 488 1428 mercedi
508 1370 781 1426 videretur
799 1370 1020 1438 ingrata,
1039 1365 1177 1435 quod
1195 1359 1615 1432 acceptissimum
1636 1352 1839 1426 putavit

251 1480 368 1520 esse
394 1463 729 1525 numinibus,
760 1459 1008 1530 populum
1035 1458 1330 1513 Romanum
1369 1451 1528 1506 etiam
1570 1449 1682 1517 ipsa
1711 1443 1840 1499 scri-

254 1556 356 1625 psit
378 1553 692 1618 haeredem;
721 1560 884 1621 atque
926 1549 1014 1604 illa
1042 1561 1147 1602 non
1173 1550 1539 1613 comparente,
1568 1537 1838 1592 inventum

254 1657 335 1700 est
361 1653 746 1701 testamentum
777 1659 791 1696 ι
823 1640 1014 1712 quibus
1055 1637 1260 1693 meritis
1301 1649 1420 1691 eam
1467 1631 1645 1687 ferunt
1681 1626 1841 1684 etiam

255 1739 488 1796 honores
521 1738 782 1793 meruisse
806 1735 1034 1789 divinos.

326 1831 380 1884 ὅ.
409 1829 542 1883 litec
571 1828 617 1883 si
647 1837 821 1898 poeta:
846 1826 1126 1896 ﬁngerent,
1155 1821 1199 1876 si
1225 1817 1371 1876 mimi
1397 1821 1646 1887 agerent,
1669 1809 1736 1866 ad
1765 1807 1844 1866 fa-

255 1921 498 1978 bulosam
518 1919 841 1989 theologiam
859 1917 1158 1972 dicerentur
1179 1909 1362 1982 procul
1377 1907 1537 1963 dubio
1555 1902 1839 1975 pertinere,

259 2021 312 2067 et
327 2026 356 2064 a
373 2010 552 2065 civilis
570 2008 854 2078 theologia:
876 2005 1130 2075 dignitate
1150 1997 1444 2071 separanda
1459 1995 1839 2067 judicarentur.

257 2103 390 2160 Cum
415 2117 553 2158 vero
579 2101 695 2156 haec
719 2100 982 2155 dedecora
1004 2139 1018 2162 ,
1051 2110 1156 2150 non
1184 2101 1476 2164 poetarum,
1503 2085 1595 2141 sed
1624 2082 1845 2155 populo-

258 2211 407 2261 rum;
435 2210 546 2250 non
579 2194 886 2257 mimorum,
909 2190 1003 2245 sed
1029 2201 1334 2250 sacrorum;
1367 2198 1471 2238 non
1492 2180 1841 2243 theatrorum,

259 2287 353 2342 sed
383 2286 744 2357 templorum;
774 2283 827 2339 id
843 2291 925 2338 est
955 2297 1059 2336 non
1081 2278 1354 2342 fabulosae,
1387 2275 1479 2331 sed
1505 2272 1672 2328 civilis
1696 2270 1848 2326 theo-

261 2376 448 2449 logie,
479 2393 512 2431 a
545 2385 691 2432 tanto
726 2385 946 2430 auctore
967 2373 987 2403 ³
1019 2370 1341 2442 produntur;
1373 2382 1478 2421 non
1520 2363 1711 2419 frustra
1761 2359 1845 2414 hi-

259 2473 492 2528 striones
516 2467 732 2524 ludicris
749 2467 953 2522 artibus
971 2465 1172 2533 lingunt
1187 2460 1430 2521 deorum,
1450 2471 1568 2527 qua:
1584 2462 1723 2508 tanta
1740 2460 1844 2519 est,

263 2560 668 2633 turpitudinem,
692 2557 786 2613 sed
810 2556 964 2627 plane
983 2555 1176 2609 frustra
1195 2549 1498 2606 sacerdotes
1517 2546 1661 2601 velut
1684 2543 1850 2598 sacris

264 2655 452 2710 ritibus
477 2660 740 2707 conantur
766 2647 967 2718 lingere
991 2645 1213 2704 deorum
1238 2682 1254 2709 ,
1281 2656 1400 2712 quae
1435 2638 1574 2694 nulla
1605 2643 1687 2690 est
1706 2676 1721 2700 ,
1746 2633 1848 2688 ho-

263 2752 550 2802 nestatem.
577 2741 741 2797 Sacra
770 2749 896 2796 sunt
918 2737 1140 2793 Junonis
1159 2774 1174 2800 ,
1207 2743 1262 2790 et
1285 2732 1400 2786 haec
1437 2729 1491 2788 in
1518 2727 1634 2798 ejus
1658 2725 1850 2780 dilecta

264 2836 432 2891 insula
457 2836 623 2890 Samo
649 2832 988 2890 celebrantur
1012 2827 1054 2892 ’⁵,
1087 2826 1176 2882 ubi
1215 2832 1432 2893 nuptum
1461 2820 1582 2875 data
1606 2825 1690 2874 est
1709 2813 1848 2871 Jovi.

265 2927 421 2984 Sacra
463 2934 594 2980 sunt
616 2922 830 2978 Cereris
852 2963 869 2988 ,
911 2919 1000 2975 ubi
1025 2933 1055 2973 a
1101 2917 1325 2974 Plutone
1353 2921 1502 2982 rapta
1531 2907 1851 2977 Proserpina

266 3020 542 3089 qumritur.
569 3015 735 3072 Sacra
763 3022 889 3070 sunt
922 3010 1145 3067 Veneris
1171 3050 1186 3074 ,
1222 3008 1311 3063 ubi
1335 3015 1543 3061 amatus
1568 3003 1682 3074 ejus
1703 3000 1851 3056 Ado-

267 3111 346 3165 nis
389 3109 588 3178 aprino
631 3106 792 3162 dente
839 3103 1134 3159 exstinctus
1169 3096 1382 3170 juvenis
1436 3092 1852 3150 formosissimus

269 3199 554 3270 plangitur.
571 3197 736 3253 Sacra
760 3203 884 3250 sunt
906 3193 1086 3248 Matris
1112 3189 1268 3246 deum
1290 3230 1304 3254 ,
1337 3187 1429 3242 ubi
1454 3187 1584 3257 Atys
1631 3183 1854 3254 pulcher

271 3291 590 3346 adolescens
617 3289 686 3343 ab
724 3302 784 3342 ea
810 3286 1037 3340 dilectus
1063 3291 1118 3338 ct
1158 3279 1406 3335 muliebri
1434 3277 1550 3332 zelo
1574 3275 1812 3331 abscisus
1835 3311 1852 3338 ,

270 3385 424 3439 etiam
452 3381 734 3436 hominum
757 3377 1084 3432 abscisurum
1105 3415 1120 3439 ,
1152 3385 1285 3442 quos
1321 3369 1500 3425 Gallos
1524 3374 1741 3431 vocant,
1775 3363 1854 3418 iu-

273 3475 528 3530 felicitate
553 3470 886 3541 deploratur.
920 3467 1043 3521 llmc
1070 3480 1190 3519 cum
1228 3460 1549 3518 deformiora
1577 3459 1685 3514 sint
1709 3457 1854 3512 omni

273 3565 482 3620 scenica
522 3561 761 3618 foeditate
780 3601 797 3626 ,
837 3557 962 3628 quid
989 3564 1070 3611 est
1095 3553 1235 3625 quod
1264 3551 1498 3607 fabulosa
1523 3549 1590 3604 de
1616 3549 1718 3603 diis
1760 3549 1856 3617 fig-

275 3656 450 3712 inenta
505 3663 784 3727 poetarum
828 3650 897 3705 ad
945 3649 1209 3705 theatrum
1250 3644 1494 3700 videlicet
1538 3641 1855 3713 pertinentia

277 3748 420 3804 velut
438 3761 729 3803 secernere
753 3745 995 3802 nituntur
1017 3757 1046 3796 a
1073 3740 1212 3796 civili
1243 3737 1529 3808 theologia,
1557 3750 1712 3806 quam
1736 3749 1856 3804 per-

277 3842 445 3897 tinere
469 3840 539 3895 ad
565 3839 747 3894 urbem
777 3838 994 3902 volunt,
1025 3836 1173 3906 quasi
1217 3832 1285 3888 ab
1323 3831 1556 3886 honestis
1599 3837 1653 3884 et
1686 3828 1857 3898 dignis

277 3934 490 4004 indigna
537 3941 591 3987 et
619 3931 826 4000 turpia?
855 3929 1037 3998 Itaque
1058 3927 1232 3994 potius
1258 3931 1342 3981 est
1372 3922 1512 3978 unde
1541 3920 1722 3992 gratia:
1761 3919 1857 3975 de-

279 4025 502 4080 beantur
519 4020 888 4086 histrionibus,
905 4019 996 4089 qui
1016 4018 1184 4073 oculis
1199 4016 1471 4079 hominum
1485 4019 1855 4084 pepercerunt,

281 4132 378 4172 nec
427 4115 608 4170 omnia
652 4111 972 4183 spectaculis
1013 4109 1345 4170 nudaverunt
1369 4148 1383 4172 ,
1429 4120 1548 4176 qua:
1589 4117 1857 4158 sacrarum

280 4209 471 4263 aedium
510 4205 803 4275 parietibus
843 4203 1176 4258 occuluntur.
1205 4198 1343 4267 Quid
1370 4198 1440 4254 de
1468 4197 1636 4253 sacris
1675 4209 1860 4252 eorum

279 4302 405 4358 boni
434 4298 772 4356 sentiendum
796 4303 912 4362 est,
953 4309 1071 4365 quze
1115 4292 1352 4348 tenebris
1373 4292 1712 4360 operiuntur,
1739 4300 1860 4345 cum
1944 4317 1950 4323 -

280 4403 385 4449 tam
413 4393 524 4447 sint
542 4389 904 4453 detestabilia,
935 4401 1053 4457 quac
1083 4382 1420 4455 proferuntur
1461 4381 1514 4436 in
1557 4378 1768 4438 lucem?
1796 4377 1864 4439 Et

280 4497 425 4544 certe
458 4483 588 4556 quid
630 4484 681 4538 in
707 4481 919 4537 occulto
960 4481 1116 4549 agant
1143 4493 1237 4548 per
1259 4476 1497 4532 abscisos
1541 4482 1594 4529 et
1633 4472 1858 4536 molles,

280 4580 378 4648 ipsi
424 4575 695 4632 viderint:
724 4570 943 4627 eosdem
989 4579 1166 4625 tamen
1209 4566 1454 4621 homines
1495 4562 1774 4619 infeliciter
1800 4575 1863 4616 ac

282 4671 506 4739 turpiter
554 4673 838 4721 enervatus
863 4672 1024 4732 atque
1046 4670 1325 4730 corruptos
1352 4657 1569 4712 minime
1595 4655 1864 4711 occultare

281 4766 587 4831 potuerunt.
620 4754 983 4811 Persuadeant
1020 4752 1105 4807 cui
1133 4759 1376 4822 possunt,
1404 4763 1471 4804 se
1501 4745 1698 4818 aliquid
1736 4759 1862 4805 san-

277 4860 422 4906 etum
450 4865 547 4919 per
572 4846 709 4902 tales
738 4858 894 4915 agere
912 4842 1152 4898 homines
1171 4857 1185 4907 ;
1204 4855 1339 4911 quos
1354 4843 1490 4894 inter
1513 4852 1608 4892 sua
1639 4845 1818 4896 sancta
1842 4835 1864 4867 ⁵

281 4941 552 4997 numerari
583 4949 744 5008 atque
785 4935 984 4992 versari
1034 4948 1228 5004 negare
1257 4947 1365 4986 non
1407 4939 1647 5002 possunt.
1675 4928 1862 4984 Nesci-

279 5050 402 5092 mus
429 5033 557 5105 quid
580 5041 771 5103 agant,
821 5028 918 5084 sed
938 5029 1136 5084 scimus
1175 5040 1270 5095 per
1294 5025 1475 5094 quales
1501 5030 1676 5093 agant.
1707 5019 1868 5077 Novi-

277 5143 404 5185 mus
429 5128 572 5182 enim
602 5139 721 5196 qua:
746 5131 970 5192 agantur
1010 5121 1060 5173 in
1091 5133 1249 5174 scena
1270 5158 1286 5184 ,
1317 5131 1422 5187 quo
1449 5129 1716 5184 nunquam
1736 5153 1750 5177 ,
1781 5114 1866 5170 vel

279 5223 338 5277 in
364 5219 532 5276 choro
558 5216 920 5281 meretricum,
949 5212 1188 5266 abscisus
1215 5217 1307 5264 aut
1333 5209 1508 5264 mollis
1533 5207 1745 5262 intravit
1776 5223 1791 5261 :
1814 5214 1868 5260 et

349 5319 365 5346 ι
401 5313 538 5371 Fditi,
564 5308 915 5360 Laurentinum.
948 5313 1001 5371 At
1025 5307 1257 5371 potiores
1289 5301 1615 5371 ntanuscripti,
1657 5298 1868 5371 Larenti-

278 5388 412 5424 nam.
458 5363 564 5422 ttaéc
597 5379 825 5431 Lactant.,
850 5370 1000 5419 tnstit.
1023 5363 1106 5422 lib.
1137 5368 1180 5428 1,
1205 5379 1292 5429 cap
1313 5365 1388 5426 ΞΟ,
1422 5363 1590 5425 «Flora
1616 5371 1708 5424 est,
1732 5366 1870 5426 cujus

277 5437 409 5487 festa
427 5434 643 5484 Floralia.
668 5451 691 5478 ι

349 5500 370 5530 ³
403 5507 517 5550 vox.
545 5494 732 5553 relicta,
758 5493 898 5544 abest
919 5505 947 5542 a
969 5489 1320 5553 manuscriptis.

354 5561 374 5593 ⁸
402 5567 484 5609 us.
507 5560 621 5612 766,
655 5559 866 5614 doctore.
923 5563 976 5603 M.

261 5629 266 5634 '
352 5623 372 5652 ⁸
404 5629 506 5670 Mss.
536 5619 648 5672 766.
673 5612 795 5669 εοδο
818 5625 869 5667 et
889 5616 1028 5676 2037),
1049 5612 1424 5664 celebrabantur.
1479 5616 1548 5676 MM.

353 5683 372 5716 ³
405 5683 592 5747 Aliquot
627 5689 757 5747 Mss,
791 5691 878 5730 sua
910 5674 1069 5747 sacra.
1105 5676 1246 5735 Paulo
1278 5683 1387 5738 post
1429 5674 1573 5747 editi,
1611 5684 1719 5742 gum
1749 5683 1869 5722 mm-

279 5759 429 5809 quam
453 5734 525 5795 rét
558 5745 610 5795 in
640 5734 788 5794 choro
824 5739 1160 5809 meretricum,
1195 5734 1293 5802 quo
1323 5748 1460 5788 nemo
1494 5734 1719 5796 abscisus,
1769 5741 1864 5784 etc.

279 5803 606 5860 ﬁrmndantur
630 5820 692 5858 ex
719 5803 1069 5865 manuscriptis.

1627 333 1825 394 LIBER
1862 328 2147 387 SEXTUS.

3405 317 3509 376 186

1942 455 2120 501 tamen
2133 443 2294 499 etiam
2312 443 2424 514 ipsa
2446 452 2624 515 turpes
2643 451 2695 498 et
2713 440 2938 496 infames
2957 443 3148 509 agunt;
3178 449 3353 505 neque
3366 435 3510 489 enim

1894 561 1898 566 -
1935 534 2004 590 ab
2029 534 2266 589 honestis
2288 533 2371 603 agi
2394 533 2708 588 debuerunt.
2738 532 2869 597 Quae
2897 536 3021 584 sunt
3047 540 3176 597 ergo
3203 526 3290 580 illa
3319 536 3473 578 sacra
3493 563 3511 588 ,

1935 625 2127 696 quibus
2154 623 2372 694 agendis
2400 624 2530 678 tales
2559 623 2720 692 elegit
2746 621 3000 676 sanctitas
3017 659 3034 688 ,
3055 617 3241 690 quales
3269 629 3368 670 nec
3389 614 3515 684 thy-

1935 719 2124 774 melica
2154 720 2206 772 in
2235 732 2292 772 se
2312 716 2540 771 admittit
2567 712 2898 771 obscenitas?

1935 831 2158 888 CAPUT
2204 830 2331 886 Vlll.
2391 859 2464 870 —-
2523 827 2598 882 De
2655 824 3144 897 interpretationibus
3203 817 3514 875 naturalium

2006 923 2277 985 rationum,
2307 936 2430 990 quas
2449 919 2678 973 doctores
2701 917 2888 989 pagani
2909 931 2999 987 pro
3020 915 3116 969 diis
3136 913 3244 968 suis
3266 916 3516 966 conantur

2015 1013 2292 1070 ostendere.

2011 1129 2062 1181 1.
2097 1127 2166 1180 At
2195 1124 2334 1180 enim
2365 1122 2561 1178 habent
2586 1122 2682 1177 ista
2701 1118 3090 1192 physiologicas
3115 1113 3390 1185 quasdam,
3410 1111 3518 1166 sic-

1937 1227 1996 1274 ut
2022 1218 2190 1284 aiunt,
2215 1217 2264 1271 id
2287 1224 2368 1270 est
2392 1214 2705 1269 naturaliqu
2729 1212 3008 1274 rationum,
3033 1205 3511 1276 interpretationes.

1940 1307 2100 1377 Quasi
2126 1324 2253 1364 vero
2277 1323 2374 1362 nos
2396 1308 2447 1361 in
2477 1306 2576 1360 hac
2595 1303 2951 1374 disputatione
2968 1297 3348 1370 physiologiam
3370 1307 3516 1364 quae-

1939 1417 2140 1469 ramus,
2185 1411 2237 1456 et
2264 1416 2368 1454 non
2401 1396 2754 1466 theologiam;
2783 1393 2836 1448 id
2860 1401 2942 1448 est
2966 1391 3246 1454 rationem,
3276 1401 3381 1441 non
3421 1398 3518 1438 na-

1940 1501 2092 1558 turae,
2122 1492 2214 1548 sed
2244 1493 2355 1546 Dei.
2379 1491 2630 1559 Quamvis
2653 1487 2795 1543 enim
2821 1485 2909 1555 qui
2932 1496 3088 1538 verus
3111 1480 3249 1534 Deus
3275 1485 3379 1543 est,
3411 1489 3516 1529 non

1941 1586 2211 1655 opinione,
2237 1583 2330 1638 sed
2361 1592 2548 1637 natura
2573 1580 2642 1635 sit
2669 1579 2812 1633 Deus
2846 1594 2858 1631 :
2883 1589 2988 1630 non
3025 1582 3202 1627 tamen
3231 1566 3402 1623 omnis
3424 1579 3519 1619 na-

1943 1686 2058 1734 tura
2088 1675 2219 1730 deus
2250 1683 2364 1740 est;
2393 1672 2512 1743 quia
2536 1682 2589 1727 et
2613 1668 2860 1734 hominis,
2882 1675 2936 1720 et
2961 1662 3188 1738 pecoris,
3208 1667 3262 1715 et
3286 1655 3515 1721 arboris,

1942 1777 1999 1824 et
2040 1767 2230 1837 lapldis
2259 1767 2440 1836 utique
2478 1771 2664 1819 natura
2691 1768 2791 1824 est,
2821 1770 3046 1833 quorum
3090 1751 3222 1812 nihil
3247 1756 3328 1806 est
3358 1747 3516 1804 Deus.

1943 1859 2000 1915 Si
2028 1836 2202 1913 autem
2233 1851 2680 1926 interpretationis
2706 1849 2881 1919 hujus,
2909 1843 3120 1916 quando
3147 1841 3318 1914 agitur
3345 1836 3410 1891 de
3435 1849 3522 1889 sa-

1943 1952 2051 2007 cris
2078 1951 2258 2005 Matris
2281 1948 2437 2004 deum
2467 1988 2480 2012 ,
2510 1953 2670 2016 caput
2695 1950 2777 1998 est
2802 1949 2946 1995 certe
2982 1934 3123 2006 quod
3152 1939 3321 1987 mater
3358 1927 3519 1988 deum

1943 2053 2084 2099 terra
2110 2050 2208 2105 est,
2238 2039 2363 2111 quid
2391 2038 2525 2091 ultra
2563 2034 2870 2106 quaerimus,
2901 2025 3026 2099 quid
3053 2033 3243 2082 caetera
3271 2031 3520 2092 perscru-

1946 2132 2144 2188 tamur?
2163 2129 2297 2204 Quid
2317 2125 2614 2182 evidentius
2633 2123 2948 2191 sull‘ragatur
2963 2118 3060 2181 eis,
3079 2113 3168 2185 qui
3186 2113 3382 2175 dicunt,
3399 2122 3518 2162 om-

1945 2236 2042 2279 nes
2072 2223 2200 2280 istos
2236 2220 2364 2274 deos
2395 2216 2639 2281 homines
2677 2211 2878 2274 fuisse?
2906 2209 3053 2271 Sicut
3081 2204 3223 2261 enim
3270 2208 3391 2257 sunt
3415 2207 3521 2252 ter-

1946 2314 2164 2384 rigenae,
2187 2312 2264 2366 sic
2294 2312 2309 2342 ί
2341 2309 2418 2365 eis
2446 2317 2613 2365 mater
2638 2313 2721 2360 est
2749 2313 2909 2358 terra.
2938 2299 2994 2352 ln
3019 2311 3143 2352 vera
3167 2302 3343 2348 autem
3371 2289 3524 2344 theo-

1946 2383 2083 2474 logia
2110 2383 2243 2477 opus
2288 2400 2380 2454 Dei
2423 2405 2508 2454 est
2556 2407 2717 2462 terra,
2766 2407 2872 2448 non
2903 2397 3090 2443 mater.
3141 2383 3522 2438 Verumtamen

1947 2465 2163 2566 quoque
2177 2492 2336 2548 modo
2362 2504 2512 2544 sacra
2533 2487 2648 2558 ejus
2674 2486 3106 2552 interpretentur,
3128 2484 3182 2530 et
3207 2472 3441 2528 referant
3456 2465 3524 2520 ad

1949 2601 2128 2642 rerum
2159 2592 2400 2639 naturam
2425 2596 2441 2646 ;
2463 2580 2607 2634 viros
2628 2573 2904 2632 muliebria
2932 2569 3056 2642 pati,
3090 2581 3196 2622 non
3225 2571 3308 2618 est
3329 2574 3525 2616 secun-

1949 2678 2074 2734 dum
2098 2685 2360 2741 naturam,
2386 2674 2482 2731 sed
2507 2679 2691 2728 contra
2733 2676 2996 2724 naturam.
3023 2661 3122 2717 Hic
3151 2654 3385 2719 morbus,
3424 2649 3527 2704 hoc

1949 2773 2170 2838 crimen,
2196 2771 2298 2826 hoc
2326 2768 2556 2824 dedecus
2580 2763 2740 2819 habet
2787 2761 2925 2816 inter
2954 2757 3042 2811 illa
3068 2767 3218 2810 sacra
3242 2745 3528 2819 professio-

1951 2880 2094 2929 nem,
2123 2861 2264 2933 quod
2288 2861 2341 2915 in
2361 2857 2565 2913 vitiosis
2593 2853 2868 2910 hominum
2890 2845 3126 2904 moribus
3154 2842 3242 2898 vix
3270 2838 3430 2895 habet
3452 2835 3529 2894 in-

1953 2965 2034 3011 ter
2057 2961 2320 3009 tormenta
2344 2947 2755 3006 confessionem.
2787 2937 2989 2996 Deinde
3018 2935 3062 2990 si
3089 2935 3186 2989 ista
3213 2943 3384 2992 sacra,
3409 2938 3530 2996 quae

1953 3045 2178 3103 scenicis
2218 3037 2634 3112 turpitudinibus
2688 3034 3074 3090 convincuntur
3127 3037 3248 3080 esse
3286 3016 3528 3080 fmdiora,

1954 3139 2079 3192 hinc
2096 3110 2418 3191 excusantur
2442 3139 2598 3200 atque
2633 3129 2943 3199 purgantur,
2971 3117 3111 3189 quod
3142 3114 3339 3170 habent
3362 3110 3531 3164 inter-

1953 3226 2280 3300 pretationes
2319 3237 2465 3286 suas,
2503 3198 2696 3290 quibus
2725 3211 3072 3269 ostendantur
3113 3220 3288 3260 rerum
3327 3198 3531 3270 signill-

1954 3295 2078 3376 care
2107 3327 2350 3376 naturam
2377 3329 2393 3379 ;
2419 3327 2514 3368 cur
2540 3324 2645 3367 non
2671 3307 2832 3362 etiam
2858 3300 3064 3373 poetica
3085 3295 3329 3353 similiter
3356 3303 3522 3344 excu~

1954 3422 2138 3469 sentur
2189 3419 2348 3479 atque
2386 3401 2710 3477 purgentur?
2760 3396 2908 3453 Multi
2957 3391 3098 3452 enim
3147 3395 3201 3442 et
3235 3386 3346 3456 ipsa
3394 3382 3416 3415 ³
3465 3379 3532 3436 ad

1955 3503 2202 3562 eumdem
2244 3475 2461 3556 modum
2496 3475 2840 3564 interpretati
2883 3492 3046 3544 sunt:
3091 3494 3259 3557 usque
3297 3475 3433 3531 adeo
3477 3481 3535 3528 ut

1956 3595 2097 3668 quod
2122 3595 2189 3649 ab
2217 3593 2296 3648 eis
2318 3587 2760 3646 immanissimum
2786 3588 2841 3636 et
2870 3572 3290 3634 infandissimum
3315 3567 3532 3631 dicitur,

1955 3662 2242 3746 Saturnum
2264 3699 2390 3740 suos
2417 3681 2550 3736 filios
2571 3679 2874 3739 devorasse,
2899 3673 2966 3726 ita
2998 3664 3234 3723 nonnulli
3266 3662 3534 3728 interpre-

1959 3791 2153 3844 tentur,
2181 3776 2322 3848 quod
2347 3771 2702 3845 longinquitas
2729 3762 2982 3834 temporis
3009 3800 3024 3826 ,
3055 3772 3174 3828 qua:
3196 3749 3409 3810 Saturni
3439 3762 3536 3848 no-

1958 3874 2102 3929 mine
2119 3838 2466 3943 s'ig'nificatur,
2488 3838 2741 3935 quidquid
2764 3856 2927 3929 gignit
2947 3853 3058 3922 ipsa
3076 3851 3357 3903 consumat
3385 3860 3396 3894 :
3428 3838 3532 3906 vel,

1958 3967 2096 4022 sicut
2121 3937 2260 4019 idem
2289 3959 2535 4030 opinatur
2564 3954 2736 4010 Varro
2761 3945 2945 4019 ,quod
2975 3941 3236 4015 pertineat
3277 3937 3537 3990 Saturnus

1959 4057 2025 4120 ad
2057 4056 2260 4112 semina
2287 4093 2302 4115 ,
2338 4065 2456 4123 qua:
2500 4047 2552 4102 in
2577 4053 2796 4107 terram,
2820 4039 2886 4093 de
2914 4051 3014 4106 qua
3037 4032 3280 4087 oriuntur
3303 4067 3317 4090 ,
3345 4025 3537 4080 iterum

2031 4266 2087 4320 ἓ.
2112 4261 2180 4322 Et
2213 4269 2390 4314 tamen
2414 4249 2673 4322 theologia
2697 4247 2936 4303 fabulosa
2963 4239 3177 4300 dicitur,
3201 4243 3395 4290 etcum
3420 4243 3539 4322 orn-

1960 4357 2117 4414 nibus
2134 4347 2497 4423 hujuscemodi
2512 4318 3033 4411 interpretationibus
3059 4329 3168 4384 suis
3187 4318 3539 4396 reprehendi-

1962 4461 2074 4518 tur,
2104 4448 2368 4519 abjicitur,
2394 4440 2756 4512 improbatur;
2779 4447 2878 4487 nec
2897 4427 3068 4484 solum
3097 4439 3127 4477 a
3155 4417 3402 4481 naturali,
3421 4425 3540 4519 qua:

1963 4501 2400 4615 philosophorum
2445 4501 2542 4596 est,
2587 4540 2769 4582 verum
2812 4521 2972 4577 etiam
3015 4515 3083 4570 ab
3126 4513 3226 4567 ista
3262 4505 3424 4570 civili,
3469 4501 3538 4556 de

1965 4603 2067 4706 qua
2095 4603 2324 4702 agimus,
2355 4640 2472 4697 qua:
2502 4621 2567 4675 ad
2599 4619 2758 4672 urbes
2795 4612 3128 4684 populosque
3157 4603 3426 4676 pertinere
3450 4611 3542 4651 as-

1940 4687 2183 4788 {and},
2213 4735 2278 4774 eo
2311 4687 2456 4786 quod
2494 4711 2561 4766 de
2592 4708 2695 4763 diis
2740 4704 2954 4772 indigna
2984 4695 3320 4759 confinxerit,
3353 4687 3542 4744 merito

1965 4809 2290 4884 repudianda
2317 4803 2637 4863 discernitur
2662 4817 2676 4854 :
2709 4812 2775 4853 eo
2800 4793 3049 4850 nimirum
3078 4787 3320 4846 consilio,
3338 4790 3394 4835 ut
3412 4794 3542 4848 quo-

1968 4910 2109 4964 niam
2135 4897 2424 4959 acutissimi
2461 4894 2707 4952 homines
2760 4900 2920 4960 atque
2954 4879 3315 4942 doctissimi,a
3351 4871 3543 4943 quibus

1967 5002 2064 5056 ista
2089 4993 2388 5064 conscripta
2427 4997 2550 5044 sunt
2585 5028 2601 5054 ,
2643 4983 2827 5039 ambas
2868 4971 3242 5048 improbandas
3283 4963 3544 5032 intellige-

1967 5095 2114 5156 hant,
2145 5099 2199 5146 et
2227 5056 2369 5142 illam
2413 5082 2618 5138 scilicet
2659 5075 2950 5132 fabulosam
2989 5075 3044 5124 et
3090 5065 3246 5120 istam
3288 5056 3544 5156 civilem,

1968 5187 2112 5241 illam
2144 5195 2274 5236 vero
2300 5175 2566 5232 audebant
2593 5167 2911 5238 improbare,
2945 5162 3079 5215 hanc
3107 5169 3213 5209 non
3240 5148 3543 5210 audebant;

1969 5277 2113 5333 illam
2157 5268 2473 5340 culpandum
2520 5263 2931 5334 proposuerunt,
2980 5251 3120 5305 hanc
3162 5244 3278 5315 ejus
3311 5239 3542 5340 similem

1968 5331 2388 5435 comparandam
2409 5331 2802 5426 exposuerunt;
2825 5359 2934 5402 non
2978 5349 3037 5396 ut
3061 5337 3180 5394 huic
3209 5350 3318 5406 prae
3340 5331 3428 5386 illa
3459 5338 3543 5385 te-

1971 5423 2141 5515 nenda
2169 5423 2590 5524 eligeretur,sed
2622 5451 2675 5498 ut
2696 5455 2815 5497 cum
2843 5437 2933 5490 illa
2957 5429 3255 5503 respuenda
3281 5423 3545 5524 intellige-

1969 5559 2147 5614 retur;
2177 5513 2422 5614 atqtteita
2444 5513 2558 5593 sine
2583 5531 2820 5604 periculo
2848 5533 3032 5583 eurum
3061 5522 3150 5594 qui
3166 5518 3374 5575 civilem
3395 5513 3547 5568 theo-

2034 5669 2049 5698 ι
2085 5672 2260 5713 omnes
2280 5663 2408 5716 Mss,
2441 5651 2514 5702 sic
2531 5647 2659 5701 enim
2676 5650 2782 5698 sunt
2806 5640 3060 5706 terrigena,
3077 5673 3092 5700 ,
3127 5634 3196 5688 sic
3216 5635 3286 5687 eis
3307 5637 3458 5684 mater
3480 5630 3550 5679 est

1972 5741 2159 5835 ω’ληξὶο
2181 5790 2287 5832 Mss.
2312 5778 2428 5831 Ed‘ti
2449 5786 2570 5830 vero
2593 5785 2607 5799 '
2633 5768 2783 5824 nul‘a
2802 5779 2931 5821 eum
2949 5772 2996 5818 et
