4064 6550
460 368 562 426 187

462 483 659 553 logiam
704 482 1103 555 reprehendere
1140 484 1481 554 metuebant,
1522 494 1749 557 utraque
1805 493 2038 540 content-

466 584 575 647 pta,
597 590 660 631 ea
681 592 840 647 quam
859 578 1153 633 naturalem
1171 586 1379 642 vocant,
1401 578 1540 649 apud
1566 580 1814 634 meliores
1832 578 2040 633 animos

470 666 733 725 inveniret
756 667 952 723 locum.
978 667 1110 725 Nam
1137 677 1193 723 et
1230 667 1403 723 civilis
1431 676 1486 723 et
1513 667 1751 723 fabulosa
1780 668 1950 723 amba:
1963 667 2043 725 fa-

466 758 671 814 bulosze
695 766 821 813 sunt
856 758 1135 830 amba:un
1156 759 1345 817 civiles
1374 776 1391 815 :
1416 759 1602 815 ambas
1627 760 1861 815 inveniet
1887 760 2042 814 fabuo-

467 848 612 904 losas
636 848 727 919 qui
754 852 1016 905 vanitates
1039 857 1094 905 et
1113 849 1470 907 obscenitates
1499 849 1777 907 ambarum
1806 848 2043 919 pruden-

467 945 553 995 ter
597 938 932 1009 inspexerit;
981 939 1167 997 ambas
1216 941 1400 998 civiles
1446 941 1538 1012 qui
1601 939 1843 998 scenicos
1890 939 2045 997 ludos

466 1030 789 1100 pertinentes
817 1031 882 1086 ad
904 1030 1198 1088 fabulosam
1220 1034 1272 1088 in
1300 1032 1522 1091 deorum
1548 1033 1779 1089 civilium
1814 1031 2030 1089 festivi-

467 1118 662 1175 tatibus
690 1121 826 1176 etin
853 1122 1061 1178 urbium
1101 1123 1294 1180 divinis
1341 1126 1502 1180 rebus
1547 1124 1855 1183 adverterit.
1898 1123 2046 1192 Quo-
2102 1114 2109 1121 ’

466 1208 626 1264 modo
667 1209 825 1281 igitur
868 1212 992 1267 vita:
1034 1221 1249 1268 aeterna:
1298 1212 1488 1269 dandae
1532 1222 1766 1284 potestas
1803 1213 2048 1284 cuiquam

468 1296 690 1353 deorum
719 1299 941 1357 istorum
968 1301 1235 1369 tribuitur,
1276 1318 1411 1374 quos
1436 1317 1529 1361 sua
1559 1303 1841 1360 simulacra
1869 1311 1925 1359 et
1961 1318 2049 1359 sa-

469 1402 560 1443 cra
583 1389 942 1459 convincunt,
973 1391 1075 1447 diis
1101 1391 1355 1449 fabulosis
1390 1394 1723 1465 apertissime
1752 1393 2050 1463 reprobatis

470 1494 591 1536 esse
619 1481 915 1538 simillimos
944 1482 1147 1551 formis,
1175 1484 1418 1540 aetatibus
1437 1526 1452 1553 ,
1479 1501 1639 1552 sexu,
1670 1484 1853 1543 habitu
1876 1526 1891 1549 ,
1922 1499 2053 1539 con-

472 1571 651 1644 jugiis,
683 1575 1132 1644 generationibus,
1160 1576 1345 1632 ritibus
1364 1618 1380 1646 ,
1409 1576 1458 1630 in
1482 1576 1671 1647 quibus
1697 1575 1941 1631 omnibus
1963 1582 2054 1631 aut

473 1662 723 1722 homines
766 1665 930 1723 fuisse
974 1667 1374 1738 intelliguntur,
1404 1676 1458 1722 et
1500 1682 1598 1739 pro
1642 1665 2055 1737 uniuscujusque

475 1756 579 1810 vita
611 1756 691 1813 vel
720 1767 891 1813 morte
934 1774 1081 1814 sacra
1110 1759 1187 1813 eis
1215 1769 1267 1813 ct
1296 1758 1551 1813 solemnia
1584 1759 1883 1822 constituta,
1916 1756 2057 1811 hunc

475 1860 713 1903 errorem
771 1847 1163 1903 insinuantibus
1212 1849 1648 1920 firmantibusque
1683 1848 2053 1914 daemonibus,

476 1947 568 1995 aut
595 1950 740 1996 certe
766 1955 832 1996 ex
852 1941 1082 2011 qualibet
1105 1943 1386 1997 occasione
1412 1939 1818 1996 immundissimi
1843 1938 2065 2011 spiritus

477 2028 725 2088 fallendis
751 2031 994 2090 humanis
1022 2034 1287 2089 mentibus
1322 2032 1640 2105 irrepsisse?

604 2122 829 2180 CAPUT
868 2123 958 2179 IX.
997 2154 1069 2165 -
1091 2123 1171 2179 De
1198 2125 1371 2196 ojjicit's
1389 2124 1702 2196 singulorum
1725 2122 1951 2178 deorum.

550 2213 605 2269 l.
633 2212 768 2281 Quid
796 2215 906 2285 ipsa
928 2214 1199 2272 numinum
1220 2215 1390 2272 ofﬁcia
1421 2226 1525 2270 tam
1548 2215 1719 2271 viliter
1731 2212 2060 2269 minutatim—

480 2316 584 2374 que
606 2305 839 2372 concisa,
868 2314 1085 2377 propter
1108 2306 1248 2377 quod
1279 2308 1359 2361 eis
1384 2307 1570 2362 dicunt
1596 2322 1693 2377 pro
1722 2305 2061 2376 uniuscujus-

479 2407 583 2462 que
618 2395 832 2465 pr0prio
859 2410 1081 2451 munere
1131 2395 1415 2467 supplicari
1468 2406 1736 2466 oportere,
1782 2393 1925 2449 unde
1951 2408 2061 2449 non

480 2482 695 2553 quidem
724 2485 925 2556 omnia,
958 2485 1052 2541 sed
1079 2486 1240 2541 multa
1266 2485 1375 2557 jam
1416 2486 1645 2541 diximus
1668 2526 1683 2551 ,
1710 2500 1888 2540 nonne
1916 2499 2066 2539 scur-

482 2574 666 2631 rilitati
694 2576 920 2631 mimicae
943 2618 958 2643 ,
993 2592 1150 2648 quam
1174 2578 1191 2609 ³
1234 2577 1426 2633 divina:
1449 2583 1745 2633 consonant
1783 2573 2064 2647 dignitati?

481 2663 538 2719 Si
558 2664 691 2720 duas
719 2666 995 2736 quisquam
1032 2667 1268 2723 nutrices
1294 2666 1575 2723 adhiberet
1599 2666 1809 2734 infanti,
1838 2679 2064 2737 quarum

486 2769 591 2809 una
634 2756 764 2810 nihil
804 2757 906 2811 nisi
932 2772 1130 2825 escam,
1164 2756 1328 2813 altera
1361 2757 1492 2813 nihil
1538 2756 1638 2811 nisi
1668 2767 1850 2827 potum
1891 2756 2061 2823 daret,

486 2845 627 2900 sicut
666 2846 748 2901 isti
774 2847 839 2901 ad
883 2846 985 2903 hoc
1024 2848 1157 2903 duas
1186 2848 1540 2905 adhibuerunt
1562 2848 1708 2914 deas,
1740 2846 1972 2902 Educam
2013 2855 2066 2902 et

484 2936 766 3003 Patinam;
825 2952 1016 3008 nempe
1061 2937 1322 3009 desipere,
1370 2947 1424 2994 et
1473 2938 1672 3010 aliquid
1700 2939 1865 2993 mimo
1892 2938 2067 2994 simile

486 3025 543 3081 in
568 3042 664 3082 sua
687 3027 845 3082 domo
886 3043 1043 3099 agere
1071 3028 1356 3085 videretur.
1387 3029 1636 3085 Liberum
1666 3044 1694 3083 a
1720 3029 2068 3085 liberamcnto

491 3119 812 3190 appellatum
843 3120 1044 3188 volunt,
1092 3120 1233 3193 quod
1275 3136 1448 3176 mares
1488 3121 1541 3176 in
1570 3121 1809 3177 coeundo
1835 3136 1928 3192 per
1953 3124 2068 3191 ejus

487 3209 806 3266 beneficium
829 3213 1036 3267 emissis
1060 3212 1352 3268 seminibus
1373 3213 1665 3268 liberentur
1691 3231 1704 3267 :
1734 3213 1836 3268 hoc
1856 3213 1994 3268 idem
2016 3213 2068 3267 in

494 3301 704 3359 feminis
730 3318 887 3371 agere
916 3304 1183 3369 Liberam,
1206 3321 1362 3376 quam
1394 3306 1552 3360 etiam
1570 3304 1832 3360 Venerem
1865 3311 2065 3376 putant,

488 3393 627 3467 quod
658 3403 711 3450 et
751 3395 892 3464 ipsas
919 3397 941 3428 ²
980 3396 1291 3467 perhibeant
1331 3398 1532 3452 semina
1574 3396 1845 3462 emittere;
1897 3404 1953 3451 et
2002 3395 2072 3452 ob

491 3483 594 3539 hoc
620 3484 811 3541 Libero
838 3487 1078 3541 eamdem
1107 3487 1313 3542 virilem
1342 3487 1581 3557 corporis
1625 3494 1832 3557 partem
1861 3486 1913 3540 in
1940 3496 2073 3540 tem-

491 3576 582 3646 plo
610 3576 754 3646 poni,
794 3577 1073 3633 femineam
1100 3578 1322 3634 Liberre.
1353 3578 1436 3634 Ad
1461 3578 1576 3634 haec
1599 3566 1798 3633 a'ddnnt
1823 3578 2072 3634 mulieres

494 3668 773 3723 attributas
801 3669 1014 3738 Libero,
1046 3682 1100 3726 et
1123 3671 1302 3725 vinum
1331 3680 1548 3742 propter
1593 3670 1863 3726 libidinem
1895 3671 2075 3727 conci-

495 3760 724 3813 tandam.
748 3759 836 3815 Sic
861 3760 1207 3817 Bacchanalia
1232 3776 1435 3817 summa
1452 3761 1857 3818 celebrabantur
1884 3761 1904 3793 ⁸
1934 3761 2076 3817 insa-

495 3851 604 3907 nia.
639 3850 738 3908 Ubi
781 3852 950 3907 Varro
983 3852 1096 3923 ipse
1138 3853 1475 3909 conﬁtetura
1519 3851 1906 3907 Bacchantibus
1954 3852 2074 3905 talia

499 3942 612 3997 fieri
644 3958 747 3997 non
793 3944 1048 4012 potuisse,
1082 3944 1181 3998 nisi
1221 3954 1398 3998 mente
1435 3952 1721 3998 commota.
1744 3942 1871 3999 Haec
1900 3952 2075 3999 tamen

497 4043 678 4103 postea
709 4033 1096 4103 displicuernut
1121 4036 1326 4090 senatui
1356 4034 1585 4100 saniori,
1614 4042 1666 4088 et
1692 4048 1752 4088 ea
1779 4033 1939 4103 jussit
1980 4049 2078 4088 au-

498 4124 647 4179 ferri.
680 4123 879 4180 Saltem
912 4124 997 4179 hic
1039 4123 1249 4179 tandem
1277 4123 1498 4178 forsitan
1525 4134 1805 4179 senserunt
1825 4108 1949 4194 quid
1979 4124 2080 4177 im-

498 4212 679 4267 mundi
715 4213 953 4282 spiritus,
984 4213 1108 4268 dum
1133 4228 1227 4284 pro
1266 4213 1368 4268 diis
1398 4213 1692 4282 habentur,
1724 4213 1776 4268 in
1807 4213 2077 4269 hominum

501 4305 710 4374 possint
758 4305 1042 4359 mentibus.
1080 4305 1201 4359 llaic
1229 4314 1374 4360 certe
1402 4319 1506 4359 non
1549 4306 1736 4361 fierent
1760 4306 1811 4360 in
1838 4304 2077 4361 theatris.

508 4393 720 4450 Ludunt
788 4396 982 4466 quippe
1034 4395 1144 4462 ibi,
1193 4411 1298 4450 non
1342 4396 1521 4450 furnnt
1580 4414 1594 4451 :
1640 4399 1886 4468 quamvis
1951 4398 2081 4453 deos

503 4486 721 4553 habere,
752 4488 841 4559 qui
861 4489 1018 4543 etiam
1046 4487 1183 4544 ludis
1207 4489 1394 4544 talibus
1422 4487 1772 4558 delectentur,
1801 4489 1973 4547 simile
2012 4490 2083 4546 sit

504 4578 719 4635 furoris.

575 4672 631 4723 2.
658 4670 824 4739 Quale
863 4678 1039 4726 autem
1084 4671 1210 4738 illud
1250 4680 1353 4740 est,
1401 4671 1543 4743 quod
1569 4687 1689 4727 cum
1718 4671 2022 4744 religiosum
2050 4690 2083 4730 a

506 4761 876 4830 superstitioso
903 4776 964 4816 ea
1000 4762 1338 4818 distinctione
1364 4762 1650 4827 discernat,
1690 4772 1795 4817 uta
1835 4767 2088 4835 superstio

508 4851 647 4904 tioso
670 4850 811 4905 dicat
836 4850 1009 4906 timeri
1032 4852 1179 4916 deos,
1209 4868 1237 4906 a
1276 4854 1525 4924 religioso
1559 4846 1736 4909 autem
1764 4863 1968 4909 tantum
1997 4870 2087 4912 ve-

510 4940 617 4995 reri
649 4949 702 4995 ut
729 4952 1001 5011 parentes,
1047 4958 1153 4997 non
1181 4952 1236 4998 ιιι
1264 4943 1444 5000 hostes
1472 4944 1679 5009 timeri;
1720 4953 1878 5014 atque
1901 4959 2088 5001 omnes

511 5032 584 5086 ita
611 5032 778 5088 bonos
802 5033 962 5101 dicat,
992 5044 1047 5089 ut
1066 5033 1269 5090 facilius
1296 5037 1365 5091 sit
1392 5051 1486 5092 eos
1504 5037 1821 5092 nocentibus
1845 5051 2085 5106 parcere,

513 5138 671 5193 quam
700 5124 892 5180 laadere
916 5140 1231 5196 quemquam
1260 5126 1593 5182 innocentem
1627 5144 1640 5181 :
1674 5135 1851 5181 tamen
1881 5127 2088 5181 mulieri

514 5213 639 5269 leua
680 5226 801 5285 post
838 5228 1046 5286 partum
1101 5227 1207 5273 tres
1248 5218 1378 5276 deos
1418 5220 1667 5276 custodes
1709 5227 2091 5275 commemorat

515 5306 777 5371 adhiberi,
804 5324 871 5364 ne
896 5310 1142 5367 Silvanus
1167 5311 1301 5367 deus
1328 5328 1425 5383 per
1449 5320 1662 5369 noctem
1689 5311 2016 5383 ingrediatur
2037 5327 2092 5367 et

516 5409 706 5467 vexet;
751 5417 1044 5475 eorumque
1098 5404 1377 5461 custodum
1429 5404 1895 5474 signiticandorum
1931 5417 2091 5460 causa

524 5588 529 5595 ~
582 5558 601 5590 ι
635 5557 774 5629 ξ·Δίιῂ
804 5557 962 5633 magis
1201 5567 1253 5634 Iit
1292 5559 1597 5671 manus:ij
1636 5565 1800 5631 carent
1839 5557 2088 5622 particula,

524 5631 704 5671 malm:
724 5634 834 5671 aute
854 5623 1050 5671 quidem
1070 5623 1178 5671 alus
1199 5623 1433 5671 suntldius
1457 5622 1473 5669 l
1521 5635 1575 5671 -ε
1601 5627 1835 5671 onntutur
1862 5633 1997 5671 smne
2032 5623 2088 5670 ab

518 5622 834 5742 mhqu
854 5622 1050 5689 quidem
1070 5623 1178 5673 aliis
1199 5623 1433 5673 similibus
1457 5622 1575 5671 lods
1601 5622 1835 5671 omittitur
1862 5633 1997 5683 szepe
2032 5623 2095 5670 ab

881 5755 979 5795 Am.
1006 5753 1058 5796 et
1077 5752 1187 5796 Mss.
1223 5751 1365 5794 Att-1r.
1391 5751 1519 5807 l.ov.,
1543 5742 1714 5807 ipsum.

587 5804 608 5838 ⁸
639 5806 713 5857 sic
733 5809 882 5858 nostri
904 5809 1227 5873 manuscripti.
1252 5813 1300 5859 ιιι
1317 5813 1387 5867 Β..
1418 5804 1731 5858 celebrantur.
1795 5812 1851 5866 tt.

1518 371 1604 427 DE
1641 371 1960 429 CIVITATE
2000 370 2211 439 DEI,S.
2251 366 2615 428 AUGUSTI.“

3611 360 3713 417 188

2150 494 2260 541 tres
2314 483 2569 538 homines
2611 490 2770 537 noctu
2820 477 3102 535 circumire
3142 474 3326 532 limina
3371 465 3605 541 m.
3662 484 3715 530 et

2146 577 2320 647 primo
2358 575 2518 630 limen
2544 573 2715 629 securi
2754 571 2931 635 ferire,
2959 577 3142 640 postea
3168 569 3278 639 pilo
3296 606 3312 633 ,
3340 567 3501 622 tertio
3524 565 3717 622 dever-

2146 662 2268 722 rere
2291 666 2487 736 scopis,
2514 674 2571 719 ut
2591 664 2675 719 bis
2694 664 2832 719 datis
2850 661 3071 717 culturae
3098 660 3282 729 signis,
3309 657 3442 714 deus
3466 657 3716 714 Silvanus

2148 759 2491 831 prohibeatur
2529 758 2767 822 intrare;
2810 752 2950 826 quod
2991 767 3162 823 neque
3188 752 3409 807 arbores
3443 750 3720 806 ceduntur

2150 864 2213 904 ac
2239 856 2493 921 putantur
2508 847 2625 903 sine
2651 845 2815 911 ferro,
2844 858 3016 915 neque
3043 842 3123 898 far
3137 842 3421 898 coniicitur
3445 841 3561 896 sine
3585 839 3718 910 pilo,

2150 954 2323 1010 neque
2351 938 2526 1009 fruges
2546 945 2928 993 coacervantur
2953 936 3070 990 sine
3094 933 3310 1005 scopis;
3339 933 3409 989 ab
3431 932 3516 989 his
3541 940 3721 987 autem

2153 1029 2323 1084 tribus
2362 1028 2522 1084 rebus
2561 1034 2672 1082 tres
2709 1034 3041 1095 nuncupatos
3079 1022 3231 1087 deos,
3277 1021 3661 1077 lntereidonam
3690 1035 3723 1076 a

2152 1118 2355 1174 securis
2382 1117 2739 1180 intercisiona,
2783 1115 3085 1170 Pilumnum
3112 1127 3143 1168 a
3171 1112 3302 1183 pilo,
3356 1112 3645 1167 Deverram
3690 1124 3723 1164 a

2153 1208 2346 1279 scopis,
2378 1206 2570 1278 quibus
2594 1205 2699 1260 diis
2717 1204 3025 1261 custodibus
3045 1212 3233 1258 contra
3263 1202 3370 1257 vim
3400 1201 3490 1257 dei
3516 1201 3721 1257 Silvani

2153 1299 2257 1356 feta
2283 1297 2724 1356 conservaretur?
2757 1297 2832 1355 Ita
2860 1304 3045 1352 contra
3065 1294 3155 1350 dei
3196 1294 3439 1351 nocentis
3458 1293 3720 1348 saevitiam

2154 1406 2262 1447 non
2291 1391 2491 1447 valeret
2515 1388 2751 1447 custodia
2779 1388 3061 1455 bonorum,
3091 1386 3194 1443 nisi
3222 1386 3404 1456 plures
3426 1393 3608 1440 essent
3632 1384 3731 1439 ad-

2153 1498 2341 1539 versus
2367 1498 2549 1548 unum,
2570 1484 2725 1553 eique
2750 1494 2963 1551 aspero,
2983 1479 3274 1548 horrendo,
3300 1478 3522 1544 inculto,
3541 1486 3728 1547 utpote

2156 1574 2406 1639 silvestri,
2437 1574 2606 1643 signis
2633 1573 2857 1628 cultum
2876 1578 3124 1641 tanquam
3153 1569 3433 1627 contrariis
3458 1570 3730 1638 repugna-

2158 1674 2300 1719 rent.
2333 1663 2479 1719 ltane
2522 1664 2624 1718 ista
2651 1671 2736 1718 est
2762 1661 3062 1717 innocentia
3088 1659 3308 1715 deorum
3333 1698 3350 1726 ,
3378 1659 3477 1714 ista
3502 1671 3731 1713 concor-

2158 1754 2282 1810 dia?
2322 1755 2556 1810 hmccine
2597 1763 2720 1809 sunt
2756 1755 2974 1808 numina
3016 1752 3245 1806 salubria
3282 1751 3514 1816 urbium,
3562 1748 3733 1819 magis

2161 1845 2379 1912 ridenda
2402 1861 2558 1917 quam
2586 1845 2812 1901 ludibria
2842 1844 3166 1902 theatrorum
3197 1845 3214 1876 ι
3239 1844 3263 1898 i
3613 1854 3627 1906 |

2232 1940 2287 1995 5.
2316 1939 2449 1995 Cum
2487 1952 2603 1993 mas
2642 1946 2698 1993 et
2742 1938 2935 1993 femina
2976 1936 3405 2006 coniunguntur,
3449 1932 3733 1988 adhibetur

2162 2030 2298 2087 deus
2334 2030 2610 2102 Jugatinus
2633 2047 2647 2085 :
2671 2031 2741 2085 sit
2780 2029 2885 2084 hoc
2914 2027 3207 2084 ferendum.
3250 2025 3355 2083 Sed
3393 2026 3609 2083 domum
3651 2031 3735 2080 est

2164 2124 2405 2180 ducenda
2424 2140 2543 2195 quat
2576 2123 2749 2189 nubit,
2788 2122 3070 2179 adhibetur
3111 2130 3166 2176 et
3209 2120 3342 2175 deus
3379 2118 3732 2182 Domiducus;

2165 2224 2224 2271 ιιι
2253 2216 2305 2271 in
2333 2215 2493 2270 domo
2520 2213 2591 2270 sit
2608 2254 2623 2277 ,
2654 2213 2935 2268 adhibetur
2960 2212 3093 2267 dens
3120 2211 3411 2275 Domitius;
3441 2218 3501 2264 ut
3526 2216 3737 2265 manat!

2165 2322 2289 2365 cum
2331 2308 2483 2376 viro,
2526 2306 2739 2362 additur
2764 2305 2863 2361 dea
2890 2304 3184 2360 Manturna.
3213 2302 3349 2372 Quid
3378 2302 3510 2357 ultra
3538 2300 3737 2371 quatri-

2170 2402 2290 2456 tur?
2324 2400 2581 2456 Parcatnr
2621 2399 2866 2454 humanae
2904 2396 3236 2454 verecundia:
3259 2414 3272 2450 :
3297 2403 3511 2467 pangat
3545 2403 3738 2450 caetera

2167 2492 2592 2563 concupiscentia
2622 2490 2798 2546 carnis
2826 2499 2880 2546 et
2898 2489 3188 2558 sanguinis,
3220 2496 3502 2557 procurato
3525 2493 3737 2541 secreto

2167 2583 2405 2655 pudoris.
2450 2582 2586 2650 Quid
2625 2582 2875 2651 impletur
2909 2580 3206 2636 cubiculum
3246 2579 3394 2633 turba
3429 2577 3739 2641 numinum,

2169 2676 2381 2748 quando
2421 2683 2476 2732 et
2520 2674 2868 2747 paranymphi
2915 2673 3038 2729 inde
3075 2670 3390 2728 discedunt?
3428 2670 3496 2725 Et
3535 2667 3600 2723 ad
3639 2669 3743 2723 hoc

2114 2796 2120 2815 ι
2170 2769 2439 2840 impletur,
2467 2783 2573 2824 non
2603 2779 2661 2822 ut
2688 2781 2874 2822 eorum
2914 2764 3195 2835 praesentia
3231 2764 3456 2833 cogitata
3478 2760 3648 2830 major
3671 2760 3745 2815 sit

2169 2877 2295 2917 cura
2324 2859 2609 2930 pudicitiae,
2632 2858 2727 2914 sed
2753 2866 2811 2913 ut
2833 2857 3062 2924 feminae,
3090 2870 3218 2911 sexu
3241 2855 3483 2918 infirmae,
3508 2852 3744 2906 novitate

2171 2953 2377 3025 pavidae
2400 2995 2416 3022 ,
2448 2952 2553 3008 illis
2581 2950 2988 3022 cooperantibus
3017 2949 3134 3003 sine
3160 2948 3264 3002 ulla
3289 2944 3600 3001 diﬁienltate
3627 2942 3745 2997 Vib-

2169 3050 2362 3122 ginitas
2409 3045 2888 3103 auferatur:adest
2929 3044 3071 3100 enim
3113 3042 3212 3097 dea
3259 3037 3638 3110 Virginiensis,
3687 3043 3747 3093 et

2172 3144 2307 3199 deus
2332 3150 2481 3212 pater
2503 3139 2751 3210 Subigus,
2777 3148 2831 3194 et
2859 3136 2957 3192 dea
2986 3143 3158 3190 mater
3176 3134 3387 3198 Prema,
3416 3138 3471 3186 et
3491 3128 3588 3184 dea
3617 3128 3748 3182 Per-

2173 3231 2332 3287 tunda
2350 3232 2395 3299 ³,
2447 3238 2502 3284 et
2547 3229 2754 3294 Venus,
2800 3234 2854 3282 et
2880 3225 3103 3295 Priapus
3130 3221 3228 3296 (α).
3260 3220 3396 3290 Quid
3416 3216 3658 3275 esthoc?
3684 3216 3748 3273 Si

2173 3323 2391 3378 omnino
2416 3322 2742 3377 laborantem
2770 3318 2823 3372 in
2858 3316 2948 3371 illo
2971 3329 3134 3386 opere
3158 3314 3331 3368 virum
3360 3312 3428 3368 ab
3462 3310 3561 3365 diis
3595 3307 3747 3377 adju-

2174 3416 2287 3470 vari
2317 3413 2618 3485 oportebat,
2638 3426 2744 3465 non
2772 3407 3041 3464 sufﬁceret
3067 3406 3259 3475 aliquis
3283 3418 3438 3467 unus,
3460 3410 3550 3456 aut
3570 3400 3748 3468 aliqua

2174 3509 2313 3564 una?
2354 3504 2618 3576 Numquid
2646 3503 2826 3558 Venus
2854 3500 2967 3555 sola
2989 3513 3175 3569 parum
3205 3503 3380 3560 esset,
3407 3507 3525 3564 qua:
3548 3491 3618 3545 ob
3646 3488 3751 3543 hoc

2175 3599 2334 3655 etiam
2377 3597 2571 3652 dicitur
2598 3598 2929 3662 nuncupata,
2965 3587 3105 3659 quod
3135 3587 3250 3641 sine
3278 3584 3394 3653 ejus
3420 3581 3469 3636 vi
3488 3581 3508 3613 ³
3551 3578 3750 3634 femina

2175 3693 2325 3763 virgo
2348 3705 2468 3746 esse
2495 3703 2599 3743 non
2626 3683 2869 3741 desinat?
2915 3681 2972 3736 Si
3014 3679 3121 3734 ulla
3177 3684 3258 3731 est
3293 3675 3438 3728 frons
3483 3665 3536 3727 in
3576 3668 3751 3722 homi-

2177 3760 2353 3849 nibus,
2383 3797 2501 3853 qum
2528 3793 2634 3835 non
2656 3786 2737 3832 est
2762 3777 2813 3829 in
2844 3771 3167 3833 numinibus,
3189 3779 3365 3821 nonne
3386 3777 3505 3818 cum
3527 3760 3755 3817 credunt

2178 3873 2443 3944 conjugati
2488 3878 2564 3925 tot
2590 3869 2722 3924 deos
2747 3865 3023 3933 utriusque
3062 3871 3223 3914 sexus
3263 3869 3382 3910 esse
3421 3858 3751 3925 praesentes,

2179 3973 2234 4021 et
2260 3963 2383 4018 huic
2408 3960 2557 4031 operi
2604 3961 2880 4020 instantes,
2917 3952 2987 4009 ita
3014 3948 3218 4020 pudore
3242 3944 3559 4008 afficiuntur,
3605 3949 3663 3996 ut
3696 3946 3756 3995 at

2180 4055 2271 4111 ille
2293 4054 2467 4109 minus
2490 4058 2788 4113 moveatur,
2816 4054 2871 4099 et
2899 4043 2987 4098 illa
3016 4041 3136 4111 plus
3162 4035 3487 4092 reluctatur?
3518 4032 3585 4087 Et
3605 4038 3755 4085 certe

2182 4144 2227 4200 si
2254 4142 2405 4198 adest
2428 4137 2778 4211 Virginiensis
2803 4134 2924 4201 dea,
2954 4139 3011 4185 ut
3034 4128 3222 4199 virgini
3250 4140 3382 4181 zona
3412 4121 3685 4211 solvatur;
3706 4119 3758 4175 si

2182 4234 2333 4290 adest
2372 4232 2506 4288 deus
2530 4208 2792 4297 vSubigus,
2839 4233 2900 4279 ut
2926 4222 3041 4276 viro
3067 4218 3372 4287 subigatur;
3403 4213 3447 4268 si
3476 4210 3628 4267 adest
3655 4208 3757 4265 den

2183 4328 2396 4392 Prema,
2423 4331 2483 4378 ut
2508 4321 2746 4384 subacta,
2772 4331 2841 4371 ne
2864 4330 2923 4371 se
2946 4316 3308 4374 commoveat,
3335 4303 3756 4392 comprimatur;

2183 4418 2283 4474 dea
2310 4391 2574 4471 Pertunda
2615 4410 2687 4466 ibi
2730 4406 2856 4479 quid
2896 4402 3051 4463 facit?
3096 4400 3409 4463 Erubescat,
3450 4402 3538 4475 eat
3575 4391 3756 4447 foras:

2185 4516 2306 4580 agat
2340 4502 2539 4575 aliquid
2580 4509 2636 4557 et
2676 4498 2918 4553 maritus.
2947 4491 3112 4549 Valde
3152 4490 3493 4545 inhonestum
3535 4492 3684 4580 est:
3700 4488 3762 4580 ut

2185 4571 2328 4671 quod
2355 4571 2572 4651 vocatur
2597 4591 2683 4648 illa
2708 4630 2724 4653 ,
2773 4586 2990 4655 impleat
3029 4581 3308 4652 quisquam
3347 4575 3450 4633 nisi
3494 4571 3764 4671 ἤια-δαὶ

2188 4662 2323 4746 forte
2348 4687 2468 4742 ideo
2495 4683 2752 4738 toleratur
2770 4719 2784 4744 ,
2809 4677 2932 4746 quia
2956 4672 3058 4730 dea
3086 4671 3282 4727 dicitur
3306 4682 3447 4733 esse,
3473 4680 3581 4720 non
3604 4662 3761 4721 deus.

2189 4781 2323 4838 Nam
2348 4778 2393 4832 si
2423 4772 2692 4837 masculus
2717 4767 3043 4833 crederetur,
3071 4772 3126 4819 et
3144 4758 3443 4819 Pertundas
3462 4762 3765 4819 vocaretur,

2190 4869 2358 4940 magis
2384 4866 2408 4899 ⁸
2449 4872 2635 4920 contra
2676 4875 2800 4916 cum
2845 4873 2943 4928 pro
2993 4854 3175 4912 uxoris
3219 4848 3468 4922 pudicitia
3520 4851 3768 4940 posceret

2190 4934 2416 5017 maritus
2442 4957 2694 5012 auxilium
2714 4994 2729 5019 ,
2777 4966 2934 5023 quam
2983 4948 3087 5004 feta
3124 4952 3309 5001 contra
3335 4941 3628 4998 Silvanum.
3658 4934 3770 4992 Sed

2191 5051 2319 5125 quid
2349 5051 2451 5106 hoc
2477 5049 2672 5115 dicam,
2700 5059 2819 5100 cum
2845 5043 2915 5098 ibi
2939 5040 3010 5097 sit
3028 5049 3081 5094 et
3101 5037 3320 5104 Priapus
3340 5030 3534 5089 nimius
3554 5041 3769 5083 mascu-

2194 5119 2279 5200 lus
2308 5143 2353 5209 ⁸,
2404 5154 2569 5211 super
2609 5137 2761 5212 cujus
2803 5129 3242 5189 immanissimum
3290 5131 3347 5180 et
3402 5119 3770 5189 turpissimum

2195 5238 2453 5291 fascinum
2468 5209 2657 5287 sedere
2675 5209 2813 5282 nova
2830 5231 2991 5292 nupta
3008 5219 3315 5290 jubebatur,
3333 5227 3482 5271 more
3501 5209 3771 5269 bonestis~

2262 5430 2279 5463 ί
2314 5427 2417 5476 Sola
2433 5424 2580 5475 editio
2600 5428 2729 5482 hov.,
2748 5430 2891 5481 quam
2914 5413 3123 5482 hrdibria
3140 5417 3382 5482 poetarum
3393 5407 3775 5482 ett/reatron‘tnt.

2261 5494 2282 5523 ¹
2315 5467 2729 5539 sié'xiﬁi'éi'iis-‘sf
2750 5467 2804 5532 ii
2825 5479 2958 5530 Vind.
2991 5485 3063 5528 Er.
3089 5467 3216 5536 Ldv.,
3242 5475 3491 5527 Partunda
3516 5482 3532 5518 :
3559 5476 3610 5519 et
3630 5467 3777 5529 infra,

2201 5544 2957 5611 Ρανιιιηάιιδέιοοοννβηὲίηάηδε
3006 5600 3016 5611 .
3131 5597 3141 5608 .
3543 5593 3579 5611 ,ι

2265 5599 2467 5661 *uostri
2488 5599 2816 5669 manuscripti,
2831 5600 3074 5669 quodng
3097 5599 3157 5658 ri,
3177 5599 3353 5669 omissa
3371 5606 3508 5669 voce,
3533 5599 3656 5657 ejus.
3717 5599 3777 5645 ιι.

2265 5674 2286 5706 ⁸
2318 5679 2429 5723 nov.
2454 5678 2505 5734 et
2525 5671 2706 5734 aliquot
2725 5661 2855 5734 {uss},
2873 5666 3046 5734 purius.
3070 5688 3128 5734 -_-
3148 5661 3218 5710 s‘ie
3242 5661 3410 5706 nostri.
3475 5662 3533 5704 tt.

2265 5736 2287 5767 ⁸
2318 5722 2425 5785 Sola
2447 5722 2594 5784 editio
2608 5722 2744 5789 'I.ov.,
2765 5722 2907 5793 nimis
2928 5722 3182 5793 masculus“.

2231 5861 2251 5877 ἢ
2269 5776 2673 5861 (αῖιῖιιὲἶὶιῑιῖάὺῖ
2687 5776 2901 5843 “nam
2922 5776 3125 5838 ist-iam.
3150 5783 3231 5834 lib.
3263 5781 3305 5845 t,
3328 5793 3431 5842 cap.
3451 5776 3527 5826 eo.
