4064 6540
481 367 576 421 191

479 489 688 544 qua?th
716 477 994 542 patiuntur,
1025 468 1235 526 inveniet
1261 477 1362 522 tam
1389 465 1624 520 indecora
1663 459 1880 516 honestis
1899 497 1916 524 ,
1945 466 2050 512 tant

480 564 691 634 indigna
729 562 917 628 liberis,
965 571 1066 614 tam
1110 557 1376 613 dissimilia
1419 553 1592 618 sanis,
1627 560 1681 604 ut
1718 564 1863 603 nemo
1900 545 2050 618 fuerit

483 655 802 707 dubitaturos
837 656 1002 724 {urere
1048 665 1153 715 eos,
1194 649 1237 702 si
1273 662 1388 700 cum
1428 641 1744 714 paucioribus
1789 641 2051 708 furerent:

483 759 617 796 nunc
644 743 872 796 sanitatis
893 740 1225 811 patrocinium
1249 733 1605 791 insanientium
1633 728 1776 783 turba
1807 737 1901 781 est.

554 831 611 884 2.
640 831 757 887 .lam
784 831 874 886 illa
901 845 1018 900 qua:
1043 830 1094 882 in
1119 829 1234 896 ipso
1257 824 1518 894 Capitolio
1544 820 1662 876 ﬁeri
1688 818 1864 873 solere
1901 828 2052 870 com-

485 926 780 988 memorat,
801 930 858 976 et
892 917 1154 989 intrepide
1180 915 1397 972 omnino
1433 911 1704 982 coarguit,
1731 907 1851 979 quis
1873 904 2055 960 credat

484 1012 586 1066 nisi
615 1013 682 1066 ab
709 1010 1054 1066 irridentibus
1079 1016 1169 1062 aut
1194 1004 1489 1061 furentibus
1515 1000 1669 1056 ﬁeri?
1702 999 1831 1054 Nam
1853 1011 1974 1051 cum
2001 993 2056 1048 in

485 1104 653 1158 sacris
680 1102 947 1174 Egyptiis
971 1099 1165 1156 Osirim
1192 1097 1357 1167 lugeri
1401 1093 1659 1165 perditum
1681 1133 1696 1156 ,
1728 1104 1850 1144 mox
1878 1095 2056 1174 autem

487 1193 759 1246 inventum
785 1173 978 1261 magno
993 1204 1113 1244 esse
1132 1186 1323 1259 gaudio
1342 1185 1616 1241 derisisset
1632 1183 1674 1248 ¹,
1692 1195 1810 1235 cum
1828 1173 2056 1246 perditio

486 1280 604 1355 ejus
632 1281 970 1352 inventioque
1000 1278 1254 1347 ﬁngatur,
1278 1275 1431 1330 dolor
1454 1281 1629 1327 tamen
1653 1270 1739 1324 ille
1764 1277 1920 1336 atque
1969 1265 2060 1318 lae-

489 1369 602 1424 titia
629 1369 696 1424 ab
717 1370 815 1434 eis,
837 1371 927 1438 qui
953 1367 1083 1421 nihil
1104 1365 1445 1436 perdiderunt
1466 1359 1701 1430 nihilque
1721 1358 2057 1418 invenerunt,

488 1463 750 1517 veraciter
779 1461 1122 1531 exprimatur,
1152 1477 1172 1510 ‹
1209 1457 1343 1512 Huic
1368 1463 1564 1517 tamen,
1602 1470 1621 1504 ι
1645 1450 1811 1520 inquit
1837 1466 1855 1498 ι
1893 1444 2060 1500 furori

493 1560 697 1605 eertum
742 1559 948 1619 tempus
991 1557 1092 1604 est.
1121 1545 1419 1602 Tolerabile
1472 1551 1585 1609 est,
1634 1539 1799 1594 semel
1823 1538 1875 1591 in
1922 1548 2062 1589 anno

493 1641 748 1696 insanire.
813 1640 870 1696 in
922 1638 1236 1709 Capitolium
1307 1634 1561 1707 perveni,
1618 1628 1838 1700 pudebit
1892 1624 2064 1695 publi-

493 1741 625 1786 cata:
670 1731 952 1787 dementiae
975 1772 990 1796 ,
1032 1728 1171 1800 quod
1208 1726 1307 1782 sibi
1328 1738 1494 1779 vanus
1540 1722 1687 1776 furor
1714 1716 1953 1772 attribuit
1980 1712 2065 1769 of-

499 1821 625 1876 ﬁcii.
677 1823 824 1877 Alius
846 1819 1058 1875 nomina
1083 1821 1104 1852 ¹
1131 1819 1232 1873 deo
1275 1815 1488 1884 subjicit
1513 1855 1528 1880 ,
1572 1812 1706 1866 alius
1746 1809 1906 1863 horas
1948 1805 2068 1861 Jovi

498 1915 734 1979 nuntiat;
787 1913 922 1968 alius
978 1913 1132 1967 lictor
1178 1918 1297 1976 est,
1350 1908 1483 1962 alius
1533 1913 1742 1968 unetor,
1789 1899 1880 1970 qui
1930 1909 2068 1952 vano

497 2017 644 2062 motu
690 2006 1027 2062 brachiorum
1050 2005 1287 2059 imitatur
1324 2006 1630 2070 ungentem.
1659 1994 1795 2050 Sunt
1832 2004 1952 2062 qua:
1972 1987 2068 2044 Ju-

499 2098 622 2153 noni
652 2114 714 2153 ac
759 2097 1010 2156 Minerva:
1055 2095 1274 2165 capillos
1320 2091 1635 2161 disponant,
1669 2087 1879 2155 longea
1937 2091 2071 2137 tem-

497 2190 625 2263 plo,
674 2203 781 2248 non
827 2197 1028 2241 tantum
1073 2201 1101 2239 a
1127 2184 1410 2240 simulacro
1439 2187 1671 2243 stantes,
1714 2175 1909 2246 digitos
1950 2185 2070 2226 mo-

496 2287 622 2337 vent
667 2278 966 2332 ornantium
997 2275 1172 2332 modo.
1203 2275 1336 2329 Sunt
1359 2287 1477 2343 qum
1523 2268 1794 2340 speculum
1824 2270 2069 2320 teneant:

498 2378 622 2429 sunt
670 2385 788 2443 quae
837 2368 903 2425 ad
949 2367 1244 2422 vadimonia
1300 2379 1393 2420 sua
1427 2363 1556 2418 deos
1603 2361 1902 2417 advocent:
1952 2365 2077 2413 sunt

499 2465 587 2535 qui
618 2465 825 2521 libellos
881 2459 1106 2519 oﬁ‘erant
1129 2505 1144 2530 ,
1171 2471 1225 2517 et
1254 2458 1376 2516 illos
1415 2472 1626 2514 causam
1657 2470 1806 2509 suam
1827 2452 2072 2508 doceant.

502 2557 697 2611 Doctus
737 2553 1082 2610 archimimus
1106 2594 1121 2622 ,
1148 2567 1306 2607 senex
1344 2552 1452 2620 jam
1496 2546 1816 2614 decrepitus,
1841 2539 2078 2613 quotidie

503 2649 557 2702 in
599 2645 858 2716 Capitolio
899 2647 1118 2700 mimum
1148 2643 1365 2714 agebat,
1395 2639 1544 2710 quasi
1585 2638 1657 2692 dii
1693 2636 1919 2691 libenter
1956 2646 2078 2702 spe-

502 2735 770 2804 ctarent',
809 2751 966 2807 quem
1013 2736 1086 2791 illi
1125 2735 1368 2789 homines
1408 2731 1678 2787 desierant
1701 2727 1743 2781 ⁸.
1774 2727 1943 2784 Omne
1970 2723 2079 2780 illic

502 2828 764 2882 artiﬁcum
804 2841 972 2898 genus
1027 2822 1300 2896 Operatum
1330 2825 1351 2856 ⁵
1377 2823 1480 2878 diis
1519 2819 1905 2876 immortalibus
1931 2816 2078 2872 desi-

503 2919 615 2975 det.
651 2938 669 2971 ›
703 2920 771 2974 Et
806 2920 962 2990 paulo
984 2927 1103 2989 post
1133 2937 1146 2973 :
1181 2937 1199 2971 ‹
1236 2919 1299 2973 lli
1331 2927 1528 2984 tamen,
1569 2935 1586 2967 ›
1610 2915 1801 2985 inquit,
1832 2931 1851 2965 ‹
1887 2911 2079 2966 etiam-

504 3008 550 3063 si
591 3023 978 3079 supervacuum
1041 3024 1190 3063 usum
1217 3050 1232 3077 ,
1272 3023 1376 3063 non
1427 3016 1634 3078 turpem
1683 3021 1782 3060 nec
1829 3001 2079 3058 infamem

505 3101 608 3156 deo
652 3100 988 3171 promittunt.
1017 3099 1216 3154 Sedent
1244 3097 1486 3168 quasdam
1533 3097 1585 3152 in
1625 3094 1919 3164 Capitolio,
1959 3106 2078 3162 qua:

515 3208 575 3247 se
608 3208 634 3245 a
653 3191 783 3248 Jove
811 3192 975 3245 amari
1008 3198 1191 3261 putant
1219 3208 1231 3244 :
1285 3205 1352 3243 ne
1379 3188 1598 3243 lunonis
1625 3186 1858 3256 quidem,
1884 3183 1926 3238 si
1957 3197 2080 3238 cre-

511 3283 642 3338 dere
664 3283 836 3352 poetis
856 3283 1003 3344 velis,
1040 3280 1474 3342 iraeundissimm,
1493 3285 1735 3346 respectu
1755 3283 2076 3330 terrentur.»

510 3439 522 3450 ν
577 3376 630 3435 5.
673 3373 818 3428 llanc
844 3373 1138 3428 libertatem
1165 3371 1329 3425 Varro
1350 3385 1452 3425 non
1474 3369 1693 3423 habuit:
1719 3364 2082 3422 tantummodo

507 3466 769 3536 poeticam
799 3463 1113 3534 theologiam
1134 3460 1526 3531 reprehendere
1550 3473 1710 3514 ausus
1729 3467 1809 3513 est
1831 3476 1845 3523 ;
1872 3455 2082 3511 civilem

511 3570 617 3612 non
644 3570 803 3610 ausus
832 3562 913 3608 est
935 3593 952 3619 ,
981 3568 1138 3628 quam
1166 3553 1265 3607 istc
1285 3549 1531 3606 concidit.
1562 3549 1668 3604 Sed
1699 3549 1743 3603 si
1789 3562 1973 3602 verum
2000 3556 2081 3601 at-

512 3647 824 3711 tendamus,
852 3644 1115 3700 deteriora
1161 3651 1287 3697 sunt
1329 3640 1521 3709 templa
1567 3639 1654 3694 ubi
1679 3638 1794 3693 haec
1836 3646 2081 3708 aguntur,

506 3728 668 3808 quam
699 3736 899 3792 theatra
931 3735 1016 3789 ubi
1048 3738 1334 3805 ﬁnguntur.
1366 3731 1518 3788 Unde
1543 3731 1595 3786 in
1620 3730 1706 3785 his
1725 3730 1892 3786 sacris
1915 3729 2085 3785 civilis

515 3829 794 3899 theologite
825 3828 920 3883 has
949 3838 1126 3898 partes
1147 3826 1321 3896 potius
1344 3825 1503 3895 elegit
1528 3823 1730 3879 Seneca
1759 3823 2003 3894 sapienti,
2027 3829 2087 3876 ut

513 3932 606 3973 eas
627 3919 677 3972 in
706 3917 867 3971 animi
895 3917 1148 3986 religione
1173 3932 1276 3970 non
1300 3914 1491 3970 habeat
1513 3955 1527 3982 ,
1556 3914 1650 3968 sed
1673 3913 1728 3968 in
1755 3913 1960 3968 actibus
1981 3912 2085 3966 ﬁn-

515 4020 620 4082 gat.
649 4010 737 4064 Ait
761 4009 903 4062 enim
937 4027 952 4062 :
989 4027 1006 4059 ι
1044 4009 1170 4076 Quae
1219 4007 1396 4061 omnia
1443 4005 1653 4074 sapiens
1681 4003 1914 4060 servabit
1966 4012 2086 4058 tan-

515 4117 674 4172 quam
719 4101 921 4170 legibus
969 4102 1150 4170 jussa,
1192 4115 1296 4153 non
1334 4107 1579 4166 tanquam
1624 4095 1724 4150 diis
1753 4105 1918 4166 grata.
1959 4113 1977 4147 ›
2022 4095 2087 4149 Et

518 4193 676 4263 paulo
719 4201 840 4263 post
879 4209 891 4244 :
927 4209 944 4242 ‹
987 4190 1120 4257 Quid
1160 4187 1300 4259 quod
1327 4197 1381 4242 et
1419 4187 1775 4252 matrimonia,
1830 4204 1848 4238 ι
1884 4185 2084 4255 inquit,

525 4301 546 4336 ε
582 4283 799 4337 deorum
827 4280 1094 4350 jungimus
1116 4320 1128 4344 ,
1168 4289 1219 4333 et
1245 4294 1311 4333 ne
1350 4278 1434 4347 pie
1473 4276 1684 4347 quidem
1710 4318 1724 4344 ,
1777 4277 1996 4330 fratrum
2029 4289 2091 4329 ac

517 4373 815 4430 sororum?
870 4371 1141 4427 Bellonam
1211 4370 1358 4424 Marti
1413 4368 1772 4436 collocamus,
1855 4367 2090 4421 Vulcano

519 4466 783 4522 Venerem
809 4505 825 4530 ,
863 4463 1106 4534 Neptuno
1133 4461 1410 4516 Salaciam.
1449 4459 1715 4528 Quosdam
1767 4467 1944 4514 tamen
1990 4473 2093 4513 eteo

521 4557 657 4613 libes
705 4556 1092 4625 relinquimus,
1137 4553 1285 4622 quasi
1335 4551 1568 4606 conditio
1615 4539 1902 4614 defecerit;
1957 4564 2095 4618 prte-

521 4649 703 4705 scrtim
742 4664 863 4703 cum
907 4645 1143 4716 quaedam
1190 4644 1363 4699 viduze
1389 4644 1529 4708 sint,
1559 4652 1618 4698 ut
1662 4643 1976 4713 Populonia,
2009 4641 2092 4695 vel

523 4740 749 4810 Fulgora
769 4781 783 4806 ,
813 4748 867 4793 et
907 4737 1026 4792 diva
1056 4737 1281 4791 Rumina
1308 4737 1328 4768 ⁸
1362 4754 1374 4789 :
1404 4736 1596 4806 quibus
1636 4751 1741 4790 non
1768 4736 1932 4789 miror
1958 4733 2095 4803 peti-

523 4840 695 4886 torem
751 4827 1003 4884 defuisse.
1063 4828 1284 4882 Omnem
1337 4827 1486 4881 istam
1539 4826 1823 4897 ignobilem
1872 4823 2092 4878 deorum

525 4923 765 4986 turbam,
796 4934 953 4990 quam
998 4917 1156 4987 longo
1185 4933 1297 4971 aevo
1341 4917 1495 4988 longa
1543 4917 1850 4985 superstitio
1873 4928 2098 4982 conges-

527 5011 632 5079 sit,
660 5013 737 5067 sic
759 5052 775 5078 ,
826 5029 845 5063 ι
880 5009 1084 5079 inquit,
1118 5027 1135 5058 ι
1172 5008 1505 5062 adorabimus
1529 5047 1543 5071 ,
1591 5014 1650 5058 ut
1694 5003 2095 5058 meminerimus

592 5171 608 5202 ί
642 5169 780 5226 Editi,
800 5180 914 5218 mox
939 5173 1095 5217 autem
1133 5165 1194 5216 de
1224 5165 1405 5226 invento
1436 5173 1659 5225 magnum
1689 5159 1833 5222 fuisse
1869 5156 2101 5226 gaudium

531 5218 790 5302 derisisset'.
816 5239 871 5278 At
895 5238 1020 5291 Mss,
1044 5242 1157 5279 mox
1173 5233 1328 5275 autem
1352 5218 1590 5273 inuentum
1607 5218 1778 5286 magno
1799 5218 1900 5272 esse
1922 5218 2101 5284 gaudio

585 5307 618 5338 ,Γ
742 5307 752 5320 ⁷
778 5329 790 5341 ,

532 5293 777 5412 dea-tim:
803 5351 1013 5402 numina.
1037 5351 1229 5400 Codices
1249 5347 1358 5406 766,
1384 5345 1498 5395 “.2051
1528 5352 1577 5394 et
1599 5344 1718 5393 2035
1739 5344 1894 5452 segiuti
1918 5356 2100 5392 sumus.

595 5479 614 5509 ³
650 5477 975 5526 viud.Am.et
995 5485 1119 5528 \'ss.,
1152 5475 1501 5533 exspectarent.
1621 5526 1633 5536 Δ
1731 5525 1741 5536 ,
1845 5439 1879 5536 On
1938 5525 1949 5535 ο

593 5524 711 5614 {Sic
746 5524 1250 5649 {segregatas-ias."
1273 5539 1321 5582 tn
1347 5540 1415 5593 8.,
1451 5541 1592 5595 quem
1613 5525 1824 5577 homines
1845 5524 2103 5586 desierant,

593 5615 728 5649 M530.
749 5614 766 5649 2
806 5614 840 5649 ι.
949 5634 961 5645 .

535 5613 1112 5724 οςῗιῗοόῗιὲᾦετῖίαίηηι.
1140 5663 1278 5706 Juxta
1312 5651 1420 5706 tltss.
1442 5653 1534 5706 766
1559 5657 1610 5703 et
1641 5651 1763 5704 9.053
1789 5651 2104 5763 (ititrrcximus.

595 5786 618 5818 ‘
642 5785 801 5835 t‘l'olne
821 5790 945 5832 notae
968 5789 1088 5842 Mss,
1123 5779 1369 5830 nirnrona.
1801 5749 1856 5763 ω’

1539 351 1627 409 DE
1665 344 1983 405 CIVITATE
2025 342 2162 410 DEI,
2304 337 2662 396 AUGUS'l'lNl

3617 346 3720 400 192

2155 453 2359 508 cultum
2401 450 2517 519 ejus
2546 451 2714 521 magis
2760 448 2826 503 ad
2853 465 3053 506 morem
3074 494 3088 519 ,
3124 468 3280 524 quam
3327 455 3391 510 ad
3420 472 3530 512 rem
3559 463 3724 528 perti-

2156 556 2306 597 nere.
2345 558 2365 592 ι
2394 539 2506 595 Nec
2547 541 2692 609 leges
2716 553 2845 611 ergo
2871 540 3006 606 illae,
3052 557 3148 598 nec
3165 559 3280 598 mos
3329 545 3380 600 in
3401 548 3539 603 civili
3569 551 3722 607 theo-

2157 631 2294 701 logia
2323 631 2375 686 id
2405 632 2783 698 instituerunt,
2813 632 2953 702 quod
2979 633 3082 689 diis
3111 647 3319 705 gratum
3344 650 3486 694 esset
3505 682 3519 704 ,
3547 644 3628 698 vel
3655 644 3724 699 ad

2157 737 2270 777 rem
2299 723 2608 792 pertineret.
2635 722 2738 778 Sed
2766 724 2896 789 iste,
2924 739 3078 793 quem
3123 724 3452 798 philosophia
3485 735 3634 801 quasi
3666 735 3730 789 li-

2158 814 2345 870 berum
2375 814 2571 870 fecerat
2598 816 2634 881 ί,
2666 823 2839 870 tamen
2870 817 2992 886 quia
3023 816 3242 874 illustris
3280 823 3459 890 populi
3501 823 3728 881 Romani

2159 914 2374 961 senator
2421 914 2574 973 erat,
2619 905 2827 961 colebat
2853 906 2994 975 quod
3040 909 3494 982 reprehendebat,
3537 917 3732 984 agebat

2160 995 2300 1067 quod
2326 997 2613 1066 arguebat,
2640 997 2780 1066 quod
2820 997 3068 1068 culpabat
3110 999 3362 1056 adorabat
3391 1021 3405 1059 :
3438 1003 3557 1073 quia
3587 1006 3734 1062 vide-

2162 1087 2286 1142 licet
2314 1103 2560 1156 magnum
2592 1088 2787 1157 aliquid
2813 1103 2935 1143 eum
2982 1089 3312 1160 philosophia
3337 1092 3619 1163 docuerat,
3662 1113 3734 1154 ne

2163 1177 2559 1247 superstitiosus
2585 1186 2726 1233 esset
2746 1178 2798 1232 in
2821 1179 3020 1234 mundo
3045 1221 3060 1247 ,
3092 1183 3184 1236 sed
3230 1193 3445 1253 propter
3485 1185 3630 1256 leges
3657 1189 3738 1243 ei-

2162 1269 2306 1322 vium
2338 1283 2616 1337 moresque
2669 1268 2944 1324 hominum
2971 1311 2987 1337 ,
3015 1287 3119 1327 non
3166 1274 3380 1343 quidem
3419 1288 3602 1346 ageret
3631 1279 3737 1333 ﬁu-

2163 1370 2373 1431 gentem
2402 1359 2668 1416 scenicum
2697 1361 2748 1416 in
2777 1361 2984 1416 theatro
3004 1403 3018 1427 ,
3050 1363 3144 1418 sed
3175 1365 3471 1422 imitaretur
3500 1369 3551 1423 in
3601 1378 3738 1425 tem-

2164 1453 2254 1522 plo
2277 1471 2290 1506 :
2314 1468 2379 1507 eo
2400 1453 2770 1520 damnabilius,
2790 1470 2893 1521 quo
2911 1455 3017 1518 illa.
3036 1471 3156 1526 qua:
3180 1459 3504 1515 mendaciter
3523 1461 3736 1532 agebat,

2167 1543 2246 1599 sic
2264 1552 2458 1614 ageret,
2483 1553 2541 1598 ut
2554 1559 2673 1598 eum
2699 1545 2922 1614 populus
2942 1547 3200 1602 veraciter
3217 1563 3374 1619 agere
3389 1551 3738 1618 existimaret;

2168 1635 2411 1689 scenicus
2440 1643 2618 1689 autem
2647 1635 2877 1693 ludendo
2907 1638 3082 1707 potius
3105 1637 3432 1710 delectaret,
3460 1658 3618 1713 quam
3641 1645 3740 1700 lat.

2169 1725 2328 1781 lentio
2352 1726 2640 1796 deciperet.

2261 1817 2487 1872 CAPUT
2516 1817 2607 1873 Xl.
2639 1850 2706 1862 --
2733 1825 2869 1892 Quid
2898 1819 2959 1880 dc
2979 1819 3173 1880 ludwis
3199 1820 3393 1877 Seneca
3416 1826 3644 1880 senserit.

2242 1905 2338 1961 Hic
2367 1907 2505 1966 inlet‘
2546 1913 2677 1968 alias
2703 1915 2873 1970 civilis
2902 1910 3178 1987 theologim
3223 1913 3621 1981 superSliliones
3649 1929 3742 1972 re-

2173 1997 2637 2070 prehenditetiam
2688 2017 3016 2063 sacramenta
3043 2009 3386 2077 Judzeorum,
3431 2012 3485 2059 el
3513 2005 3746 2061 Inarime

2173 2090 2424 2160 sabbata;
2484 2095 2738 2152 inutiliter
2780 2114 2874 2154 eos
2903 2099 3078 2157 facere
3124 2102 3428 2170 afﬁrmans,
3469 2096 3608 2176 quod
3650 2111 3747 2165 De?

2174 2180 2295 2239 illos
2323 2185 2556 2256 singulos
2584 2197 2786 2258 septem
2807 2189 3145 2261 interpositos
3160 2193 3302 2260 dies,
3328 2196 3605 2266 septimam
3633 2186 3750 2254 fere

2176 2284 2377 2344 partem
2409 2276 2578 2331 aetatis
2603 2292 2713 2333 suae
2740 2279 2962 2348 perdant
2981 2282 3216 2337 vacando
3233 2324 3248 2348 ,
3270 2293 3324 2340 et
3347 2287 3508 2340 multa
3539 2288 3591 2342 in
3613 2297 3750 2343 tem-

2177 2380 2307 2435 pore
2337 2368 2579 2436 urgentia
2606 2383 2708 2423 non
2736 2371 2943 2439 agendo
2976 2371 3250 2428 laedantur.
3281 2374 3612 2432 Christianos
3662 2388 3750 2433 ta-

2179 2471 2298 2509 men
2333 2456 2442 2524 jam
2493 2467 2618 2512 tunc
2667 2457 2862 2514 Judaeis
2913 2461 3344 2530 inimicissimos,
3397 2467 3448 2520 in
3503 2476 3749 2524 neutram

2178 2554 2381 2614 partem
2403 2561 2821 2604 commemorare
2845 2564 3006 2605 ausus
3029 2561 3112 2606 est
3129 2593 3144 2617 ,
3172 2567 3240 2608 ne
3259 2555 3340 2608 vel
3362 2555 3597 2612 laudaret
3620 2573 3754 2614 con-

2180 2645 2259 2692 tra
2285 2653 2396 2693 sure
2442 2640 2626 2710 patria:
2658 2650 2894 2697 veterem
2926 2645 3362 2702 consuetudinem
3385 2689 3399 2712 ,
3448 2649 3532 2704 vel
3571 2666 3753 2721 repreo

2181 2727 2439 2786 ltentieret
2467 2740 2648 2788 contra
2701 2735 2967 2803 propriam
3012 2735 3229 2790 forsitan
3281 2738 3628 2795 voluntatem.
3675 2743 3756 2798 De

2182 2820 2286 2876 illis
2311 2836 2440 2878 sane
2463 2821 2662 2878 Iudaeis
2687 2838 2805 2877 cum
2837 2824 3159 2895 loqueretur,
3186 2826 3260 2882 ait
3283 2845 3296 2882 :
3333 2847 3351 2880 ι
3383 2830 3516 2885 Cum
3539 2833 3754 2888 interim

2183 2926 2351 2981 usque
2405 2926 2471 2968 eo
2513 2912 2938 2968 sceleratissima:
2983 2917 3156 2986 gentis
3181 2922 3512 2976 consuetudo
3555 2937 3755 2980 conva-

2184 3003 2319 3072 luit,
2371 3012 2429 3058 ut
2469 3019 2565 3074 per
2601 3021 2787 3061 omnes
2829 3007 2940 3075 jam
2990 3017 3157 3064 terras
3210 3020 3420 3082 recepta
3463 3013 3534 3068 sit
3570 3032 3590 3086 ς
3632 3017 3756 3073 victi

2183 3097 2471 3153 victoribus
2519 3098 2662 3168 leges
2715 3098 2994 3156 dederunt.
3031 3119 3050 3153 ι
3083 3101 3371 3159 Mirabatur
3407 3104 3523 3160 btec
3547 3105 3755 3175 dicens,

2185 3190 2390 3260 etquid
2432 3191 2679 3248 divinitus
2726 3203 2971 3260 ageretur
3013 3194 3261 3264 ignorans
3287 3237 3302 3261 ,
3334 3197 3559 3267 subjecit
3603 3199 3759 3270 plane

2185 3280 2538 3349 sententiam,
2582 3297 2684 3350 qua
2711 3283 3033 3352 signiﬁcaret
3072 3286 3200 3354 quid
3223 3285 3292 3342 de
3317 3286 3527 3343 illorum
3573 3305 3758 3346 sacra-

2185 3382 2488 3429 mentorum
2543 3374 2749 3429 ratione
2795 3375 3039 3432 sentiret.
3068 3377 3156 3431 Ait
3183 3378 3324 3432 enim
3356 3395 3368 3432 :
3403 3397 3422 3430 ‹
3464 3379 3541 3434 llli
3578 3389 3756 3437 tamen

2187 3477 2376 3521 causas
2418 3464 2551 3517 ritus
2590 3464 2671 3518 sui
2699 3475 3002 3530 noverunt;
3046 3469 3216 3536 major
3243 3483 3364 3537 pars
3403 3472 3577 3538 pupuli
3600 3471 3756 3540 facit,

2187 3552 2328 3624 quod
2347 3569 2444 3609 cur
2467 3552 2623 3608 faciat
2648 3553 2871 3623 ignorat.
2902 3574 2922 3607 ι
2951 3555 3056 3610 Sed
3081 3556 3150 3610 de
3185 3560 3531 3614 sacramentis
3555 3559 3759 3616 Judaeu-

2188 3659 2328 3712 rum,
2358 3643 2441 3699 vel
2465 3659 2579 3712 cur,
2606 3645 2690 3700 vel
2719 3655 2980 3715 quatenus
3011 3646 3247 3702 instituta
3293 3648 3402 3704 sint
3445 3651 3760 3706 auctoritate
3823 3663 3828 3666 '

2188 3734 2364 3791 divina
2383 3777 2398 3801 ,
2429 3750 2492 3791 ac
2517 3738 2853 3806 postmodum
2875 3751 2905 3790 a
2933 3738 3126 3806 p0pulo
3154 3737 3275 3801 Dei,
3299 3739 3380 3792 cui
3405 3739 3525 3794 vitae
3544 3748 3763 3797 aeterna

2188 3828 2500 3900 mysterium
2529 3828 2821 3897 revelatum
2847 3834 2963 3893 est,
2997 3835 3232 3898 tempore
3257 3843 3362 3897 quo
3381 3830 3615 3897 oportuit
3664 3845 3762 3885 ea-

2190 3918 2311 3975 dem
2337 3919 2650 3973 auctoritate
2697 3918 2903 3973 sublata
2931 3917 3039 3972 sint
3060 3959 3075 3984 ,
3105 3927 3158 3972 et
3182 3918 3313 3972 alias
3334 3917 3586 3985 diximus,
3634 3935 3756 3975 ma-

2193 4011 2332 4066 xime
2356 4025 2478 4065 cum
2521 4009 2776 4065 adversus
2804 4008 3124 4065 Manichasos
3167 4023 3444 4079 ageremus
3483 4011 3580 4083 (α),
3606 4019 3660 4066 et
3704 4011 3764 4068 in

2192 4099 2294 4154 hoc
2318 4115 2478 4171 Opere
2506 4101 2626 4156 loco
2655 4100 3034 4170 opportuniore
3057 4099 3334 4155 dicendum
3355 4109 3457 4156 est.

2192 4211 2416 4268 CAPUT
2454 4210 2570 4265 Xll.
2601 4241 2672 4253 --
2702 4209 2852 4277 Quod
2877 4207 3150 4264 Gentilium
3187 4211 3394 4265 deorum
3417 4213 3636 4267 uanitate
3667 4214 3763 4268 de-

2263 4313 2390 4360 tecta
2408 4344 2422 4370 ,
2465 4311 2677 4373 nequeat
2717 4300 2937 4361 dubitari
2982 4310 3220 4355 aeternam
3271 4317 3356 4355 eos
3397 4303 3550 4356 vitam
3577 4304 3766 4358 nemini

2211 4426 2216 4430 ι
2265 4413 2410 4468 posse
2450 4405 2686 4465 praestare
2706 4436 2721 4462 ,
2771 4394 2858 4465 qui
2913 4409 3004 4448 nec
3049 4394 3213 4463 ipsam
3269 4395 3506 4466 adjuvant
3569 4404 3772 4468 lemqu

2265 4488 2445 4543 ralem.

2249 4595 2400 4650 Nunc
2431 4601 2645 4664 propter
2671 4599 2781 4647 tres
2809 4587 3135 4658 theologias,
3180 4599 3311 4657 quas
3355 4584 3526 4640 Grazci
3570 4582 3756 4637 dicunt

2181 4685 2480 4758 mytliicen,
2515 4683 2768 4754 physicen
2795 4723 2810 4749 ,
2867 4679 3118 4750 politicen
3145 4719 3162 4746 ,
3215 4677 3380 4732 latine
3426 4685 3604 4730 autem
3647 4674 3755 4728 dici

2181 4786 2440 4846 possunt,
2492 4774 2728 4830 fabulosa
2753 4815 2768 4839 ,
2809 4771 3069 4826 naturalis
3093 4811 3109 4837 ,
3137 4769 3349 4832 civilis;
3384 4767 3526 4838 quod
3579 4781 3759 4836 neque

2182 4869 2249 4924 de
2274 4869 2530 4934 fabulosa,
2559 4882 2716 4938 quam
2744 4875 2796 4920 et
2814 4865 2912 4934 ipsi
2934 4863 3223 4918 multorum
3249 4861 3605 4928 falsorumque
3625 4858 3758 4913 deo-

2183 4975 2299 5014 rum
2353 4958 2584 5013 cultores
2628 4956 2894 5010 liberrime
2938 4951 3433 5022 reprehenderunt,
3465 4963 3636 5019 neque
3687 4947 3759 5002 de

2181 5052 2357 5119 civili,
2386 5052 2539 5118 cujus
2587 5049 2674 5103 illa
2723 5063 2846 5119 pars
2883 5061 3004 5102 esse
3043 5044 3396 5108 convincitur,
3441 5042 3660 5113 ejusque
3702 5050 3760 5096 et

2183 5143 2283 5199 ista
2304 5143 2569 5196 simillima
2595 5139 2678 5195 vel
2708 5140 2866 5194 etiam
2892 5138 3131 5194 deterior
3161 5135 3450 5199 invenitur,
3482 5131 3754 5204 speranda

2181 5243 2268 5292 est
2289 5243 2488 5289 interna
2513 5233 2652 5296 vita;
2684 5232 2729 5286 si
2754 5232 2838 5286 cui
2865 5230 2993 5284 satis
3021 5244 3125 5284 non
3147 5237 3272 5285 sunt
3295 5243 3416 5298 qum
3441 5227 3492 5302 in
3516 5226 3617 5280 hoc
3649 5239 3757 5279 vo-

2184 5328 2380 5384 lumine
2407 5325 2547 5382 dicta
2571 5333 2725 5389 sunt,
2758 5323 3011 5392 adjnngat
3040 5323 3198 5378 etiam
3226 5321 3316 5376 illa
3343 5336 3460 5390 qua:
3501 5320 3554 5374 in
3595 5331 3758 5386 supe-

2182 5417 2414 5474 rioribus
2444 5415 2592 5468 libris
2615 5456 2630 5481 ,
2649 5424 2701 5468 et
2726 5413 2954 5468 maxime
2973 5421 3166 5481 quarto
3191 5411 3256 5466 de
3277 5410 3542 5466 felicitatis
3571 5407 3760 5462 dature

2185 5510 2295 5564 Deo
2320 5506 2544 5578 plurima
2572 5504 2833 5574 disputata
2863 5512 3007 5559 sunt.
3035 5503 3165 5557 Nam
3208 5502 3292 5558 cui
3323 5501 3422 5556 nisi
3455 5500 3543 5554 uni
3584 5498 3756 5553 felici-

2248 5645 2262 5676 ι
2289 5642 2360 5690 sic
2380 5639 2564 5705 aliquot
2726 5645 2779 5688 Al.
2803 5637 2936 5698 editi,
2961 5633 3225 5700 philosophi
3254 5634 3393 5698 quasi
3411 5632 3611 5685 liberum
3630 5631 3755 5695 [ece-

2184 5711 2321 5829 η’ῗῶ
2346 5763 2443 5816 \‘id.
2472 5765 2556 5817 lib.
2585 5765 2781 5828 triginta
2804 5770 2907 5813 tres
2928 5768 3055 5811 cont.
3083 5764 3234 5810 t'aust.
3253 5759 3468 5820 tumida,
3489 5764 3602 5807 tom.
3626 5754 3676 5807 8.
