4064 6476
263 391 356 451 Ιῦὃ

260 512 346 566 tati
375 513 602 579 propter
627 513 888 562 :eternam
914 503 1074 557 vitam
1098 494 1441 554 consecrandi
1471 494 1713 548 homines
1756 507 1842 548 es-

265 612 378 658 sent
402 642 418 665 ,
448 600 494 653 si
521 598 629 654 dea
659 598 886 652 felicitas
912 594 1092 651 esset?
1128 591 1261 658 Quia
1290 604 1417 644 vero
1438 603 1542 642 non
1583 586 1678 641 dea
1703 626 1718 652 ,
1747 584 1843 640 sed

259 705 448 746 munus
477 699 566 743 est
596 688 726 753 Dei;
771 687 856 741 cui
896 686 1004 739 Deo
1028 682 1127 736 nisi
1157 679 1328 735 datori
1353 676 1619 733 felicitatis
1653 690 1844 731 conse-

259 780 440 837 crandi
466 794 659 833 sumus
680 820 694 842 ,
751 778 841 849 qui
890 784 1140 830 aeternam
1167 773 1370 834 vitam,
1403 769 1493 824 ubi
1516 783 1643 823 vera
1681 774 1762 822 est
1789 765 1844 820 el

259 872 418 940 plena
446 869 705 932 felicitas,
735 868 818 937 pia
855 864 1111 920 charitate
1152 859 1459 930 diligimus?
1503 857 1616 912 Non
1666 865 1841 910 autem

261 963 503 1016 datorem
531 973 658 1015 esse
693 957 955 1014 felicitatis
978 969 1296 1025 quemquam
1332 952 1552 1006 istorum
1579 948 1800 1004 deorum
1823 988 1840 1014 ,

261 1055 345 1124 qui
373 1062 528 1107 tanta
567 1050 898 1121 turpitudine
928 1049 1194 1112 coluntur,
1237 1054 1289 1100 ct
1337 1043 1438 1098 nisi
1466 1044 1536 1098 ita
1577 1043 1839 1106 colantur,

262 1145 430 1199 multo
459 1143 672 1211 turpius
701 1141 1019 1204 irascuntur,
1058 1148 1218 1208 alque
1259 1136 1328 1190 ob
1376 1134 1478 1188 hoc
1521 1148 1581 1188 se
1628 1132 1844 1202 spiritus

263 1232 724 1288 immundissimos
767 1229 1110 1292 conﬁtentur,
1162 1235 1288 1294 puto
1333 1238 1403 1278 ex
1440 1222 1526 1278 his
1557 1237 1676 1292 qua:
1703 1221 1843 1275 dicta

263 1333 426 1389 sunt,
456 1323 730 1377 neminem
757 1319 1000 1376 dubitare
1018 1326 1288 1386 oportere.
1321 1314 1489 1368 Porro
1513 1312 1601 1381 qui
1626 1326 1731 1365 non
1753 1309 1845 1364 dat

264 1415 593 1476 felicitatem,
617 1411 778 1464 vitam
801 1406 1065 1479 quomodo
1086 1405 1250 1474 possit
1269 1404 1396 1458 dare
1415 1413 1665 1456 mternant
1683 1401 1706 1452 7
1724 1415 1843 1454 eam

265 1506 461 1574 quippe
492 1504 659 1556 vitam
689 1509 944 1555 aeternam
967 1497 1194 1550 dicimus
1213 1533 1228 1560 ,
1259 1493 1343 1547 ubi
1372 1501 1456 1546 est
1478 1490 1595 1544 sine
1616 1491 1719 1544 line
1762 1488 1842 1544 fe-

267 1599 461 1652 licitas.
509 1595 643 1650 Nam
681 1593 728 1648 si
767 1592 940 1646 anima
985 1588 1039 1642 in
1079 1586 1250 1657 poenis
1277 1584 1404 1639 vivit
1453 1581 1666 1637 teternis
1689 1621 1703 1642 .
1735 1578 1844 1650 qui-

265 1689 364 1742 bus
400 1696 456 1742 et
484 1685 586 1754 ipsi
617 1682 836 1753 spiritus
872 1677 1250 1734 cruciabuntur
1278 1673 1564 1738 immundi,
1590 1685 1735 1726 mors
1761 1678 1846 1726 est

265 1780 354 1834 illa
382 1776 564 1848 petius
586 1782 788 1828 :cterua
813 1813 827 1835 ,
855 1784 1010 1840 quam
1040 1769 1164 1822 vita.
1194 1765 1346 1820 Nulla
1377 1763 1572 1833 quippe
1595 1760 1766 1829 major
1785 1770 1842 1814 et

265 1869 416 1941 pejor
435 1875 526 1922 est
568 1880 745 1928 mors,
802 1876 960 1932 quam
1005 1859 1092 1914 ubi
1139 1873 1245 1912 non
1276 1855 1499 1910 moritur
1540 1867 1703 1907 mors.
1735 1851 1840 1906 Sed

279 1991 2234 2031 Μ

1588 374 1787 436 LIBER
1825 371 2177 436 SEPTIMUS.

3412 384 3515 442 I94

1945 489 2086 560 quod
2114 489 2305 544 anima:
2347 496 2532 546 natura
2553 532 2568 558 ,
2598 507 2694 562 per
2739 491 2790 548 id
2816 493 2955 564 quod
2983 495 3298 552 immortalis
3337 515 3517 557 crea'a

1945 588 2029 634 est
2051 621 2066 647 ,
2098 580 2214 635 sine
2239 581 2609 653 qualicumque
2638 584 2742 638 vita
2770 600 2891 642 esse
2918 600 3024 642 non
3055 595 3264 658 potest,
3309 606 3516 648 summa

1945 685 2091 724 mors
2119 670 2235 740 ejus
2272 681 2353 726 est
2381 673 2630 728 alienatio
2653 689 2684 729 a
2710 676 2814 732 vita
2844 677 2939 733 Dei
2965 677 3018 733 in
3045 681 3344 737 reternitate
3384 697 3518 752 sup-

1946 761 2108 830 plicii.
2146 763 2314 816 Vitam
2342 764 2499 832 igitur
2524 773 2778 821 mternam
2803 808 2818 831 ,
2850 769 2899 822 id
2926 779 3009 824 est
3033 771 3151 826 sine
3176 772 3284 827 ullo
3307 773 3413 826 ﬁne
3436 776 3518 830 fc-

1946 854 2125 922 licem,
2153 856 2295 909 solus
2320 857 2408 911 ille
2428 857 2545 922 dat,
2572 859 2660 928 qui
2688 859 2778 913 dat
2803 870 2979 916 veram
3003 862 3326 920 felicitatem.
3348 865 3518 934 Quam

1946 943 2198 1012 quoniam
2227 944 2301 998 illi
2327 985 2342 1012 ,
2371 961 2503 1014 quos
2533 947 2660 1002 colit
2689 948 2952 1020 theologia
2980 952 3078 1007 ista
3123 954 3295 1011 civilis
3318 996 3334 1021 ,
3385 956 3516 1012 dare

1947 1048 2050 1086 non
2078 1047 2233 1103 posse
2255 1035 2480 1090 convicti
2507 1043 2663 1102 sunt;
2689 1053 2794 1093 non
2819 1040 2988 1094 solum
3016 1052 3234 1112 propter
3255 1045 3354 1100 ista
3381 1054 3521 1102 tem-

1946 1125 2148 1192 poralia
2175 1134 2331 1196 atque
2359 1137 2568 1182 terrena
2589 1168 2606 1193 ,
2633 1129 2774 1198 quod
2803 1133 3162 1200 superioribus
3186 1136 3418 1208 quinque
3453 1139 3520 1193 li-

1947 1216 2057 1272 bris
2071 1217 2419 1287 ostendimus,
2447 1220 2540 1274 sed
2563 1221 2730 1276 multo
2750 1224 2918 1292 magis
2934 1233 3148 1295 prepter
3169 1228 3330 1282 vitam
3354 1239 3516 1285 reter-

1941 1319 2102 1375 ‘nam,
2127 1325 2244 1380 qua:
2274 1319 2392 1381 post
2429 1320 2656 1366 mortem
2684 1312 2858 1368 futura
2907 1324 3026 1380 est,
3081 1319 3221 1386 quod
3266 1320 3368 1376 isto
3411 1335 3518 1377 uno

1945 1400 2103 1454 etiam
2149 1401 2254 1455 illis
2289 1403 2695 1470 cooperantibus
2721 1404 2925 1474 egimus
2945 1445 2962 1472 ,
2992 1407 3200 1463 colendi
3226 1424 3328 1465 non
3368 1421 3517 1466 sunt.

1945 1491 2049 1546 Sed
2078 1491 2328 1561 quoniam
2372 1501 2667 1549 veternosae
2710 1497 3111 1552 consuetudinis
3155 1500 3235 1555 vis
3259 1502 3417 1558 nimis
3466 1503 3518 1559 in

1947 1583 2056 1635 alto
2083 1581 2291 1636 radices
2312 1582 2500 1647 habet,
2527 1584 2571 1638 si
2599 1585 2684 1639 cui
2711 1586 2777 1640 de
2816 1587 2913 1642 ista
2941 1587 3083 1643 civili
3124 1589 3392 1660 theologia
3437 1607 3523 1648 re-

1947 1673 2183 1740 spuenda
2210 1684 2369 1744 atque
2406 1676 2619 1730 vitanda
2667 1692 2850 1746 parum
2883 1679 3066 1734 videor
3094 1681 3414 1751 disputasse,
3467 1686 3518 1740 'u

1945 1763 2088 1816 aliud
2117 1764 2366 1818 volumen
2387 1807 2402 1831 ,
2431 1766 2570 1836 quod
2597 1767 2716 1822 huic
2741 1810 2756 1834 ,
2783 1769 3074 1838 opitulante
3107 1772 3216 1828 Deo
3235 1813 3251 1841 ,
3291 1775 3520 1846 conjun-

1944 1852 2175 1922 gendum
2200 1862 2311 1917 est,
2339 1856 2573 1910 animum
2607 1859 2860 1914 intendat.

2237 1993 3224 2021 ——d——-n——_-._‘___‘_—

3239 2003 3501 2025 -—_—h—‘

1137 2173 1140 2176 .
1209 2077 1681 2188 LIBER
1755 2080 2565 2192 SEPTIMUS.

325 2276 393 2324 De
415 2275 512 2324 diis
533 2271 732 2325 selectis
746 2269 901 2322 civilis
919 2264 1192 2331 theologia,
1217 2273 1354 2325 Jauo,
1378 2271 1514 2325 Jove,
1547 2260 2066 2375 satmnmeﬁéiclﬁtegis,
2091 2261 2218 2330 quod
2249 2281 2342 2318 nec
2367 2274 2533 2319 eorum
2555 2265 2685 2322 cultu
2710 2268 3020 2336 perveniatur
3042 2273 3100 2329 ad
3133 2289 3333 2335 aeterna:
3357 2251 3470 2336 vitae

860 2447 1246 2512 PREFATIO.

331 2571 650 2646 Diligentius
678 2585 765 2626 me
785 2583 972 2640 pravas
1001 2578 1054 2623 et
1081 2577 1289 2622 veteres
1331 2561 1607 2634 opiniones
1630 2601 1645 2624 ,
1697 2559 1842 2615 veri-

266 2669 356 2722 tati
384 2664 601 2736 pietatis
641 2661 918 2725 inimicas,
959 2673 1091 2729 quas
1131 2656 1424 2711 tenebrosis
1463 2652 1654 2707 animis
1687 2651 1844 2706 altius

265 2767 315 2811 et
345 2755 588 2810 tenacius
630 2751 915 2806 diuturnus
955 2748 1169 2802 humani
1204 2745 1414 2818 generis
1451 2759 1604 2798 error
1634 2741 1804 2797 inﬁxit
1827 2782 1843 2809 ,

264 2845 500 2901 evellere
529 2852 688 2912 atque
718 2840 1011 2908 exstirpare
1039 2845 1318 2892 conantem
1343 2875 1358 2900 ,
1381 2842 1437 2889 et
1461 2833 1597 2888 illius
1625 2833 1804 2903 gratia:
1825 2871 1841 2898 ,

264 2935 350 3004 qui
379 2935 484 2989 hoc
515 2941 574 2986 ut
611 2945 770 2985 verus
812 2928 950 2982 Deus
992 2933 1202 2996 potest,
1244 2940 1338 2994 pro
1377 2937 1496 2977 meo
1536 2921 1752 2977 modulo
1791 2921 1844 2976 in

265 3028 378 3097 ejus
402 3024 675 3094 adjutorio
703 3029 1078 3091 cooperanlem
1099 3059 1114 3084 ,
1156 3013 1362 3087 ingenia
1396 3016 1650 3070 celeriora
1687 3026 1845 3085 atque

264 3117 486 3174 meliora
517 3158 535 3183 ,
569 3114 764 3186 quibus
787 3111 854 3167 ad
883 3111 1019 3166 hanc
1058 3127 1171 3166 rem
1213 3109 1515 3179 superiores
1556 3103 1674 3162 libri
1715 3110 1845 3163 satis

265 3223 536 3280 superque
565 3205 833 3263 sufﬁciunt
856 3247 871 3272 ,
910 3205 1171 3274 patienter
1211 3211 1266 3259 et
1306 3201 1671 3272 mquanimiter
1703 3199 1846 3257 ferre

265 3296 574 3362 debebunt;
601 3306 658 3352 et
684 3306 898 3367 propter
923 3296 1057 3350 alios
1101 3309 1206 3348 non
1250 3302 1435 3364 putare
1479 3292 1803 3361 superﬂuum
1825 3332 1842 3358 ,

263 3391 402 3462 quod
424 3391 540 3459 jam
570 3388 670 3442 sibi
701 3389 938 3442 sentiunt
964 3401 1068 3442 non
1093 3383 1467 3441 necessarium.
1489 3379 1706 3438 Multum
1735 3397 1846 3438 ma-

265 3496 363 3552 gna
389 3495 479 3535 res
503 3483 682 3549 agitur
702 3518 718 3543 ,
749 3493 868 3532 cum
903 3487 1030 3533 vera
1079 3485 1133 3530 et
1171 3490 1294 3530 vere
1335 3483 1517 3530 sancta
1557 3475 1802 3530 divinitas
1825 3515 1842 3540 ,

265 3575 508 3644 quamvis
530 3572 599 3626 ab
619 3587 680 3625 ea
703 3571 853 3626 nobis
872 3571 1030 3626 etiam
1057 3568 1178 3623 huic
1202 3609 1217 3634 ,
1241 3583 1398 3638 quam
1421 3582 1558 3622 nunc
1576 3568 1808 3638 gerimus
1825 3606 1842 3631 ,

267 3662 541 3733 fragilitati
583 3660 883 3715 necessaria
927 3657 1162 3714 subsidia
1198 3657 1574 3728 praebeantur,
1622 3672 1726 3711 non
1766 3664 1846 3710 ta-

267 3770 386 3810 nien
418 3756 434 3786 ³
465 3762 690 3824 propter
715 3750 953 3807 mortalis
991 3751 1112 3805 vita:
1153 3748 1510 3804 transitorium
1550 3763 1799 3818 vaporem
1826 3788 1842 3809 ,

267 3845 356 3901 sed
383 3853 607 3916 propter
636 3846 795 3898 vitam
827 3842 1031 3898 beatam
1056 3883 1071 3906 ,
1109 3857 1226 3912 qua:
1257 3841 1465 3896 nonnisi
1493 3849 1690 3896 aeterna
1721 3848 1803 3896 cst
1825 3880 1840 3906 ,

267 3936 554 4006 querenda
580 3944 634 3990 et
661 3933 882 3989 colenda
913 3933 1252 4004 prtedicatur.

269 4025 494 4082 CAPUT
538 4025 824 4082 PRIMUM.
881 4054 952 4065 —
999 4023 1080 4078 An
1105 4066 1120 4090 ,
1175 4040 1290 4078 cum
1330 4022 1382 4076 in
1422 4021 1671 4092 theologia
1711 4020 1846 4076 civili

338 4117 574 4172 deitatem
599 4132 700 4170 non
724 4132 827 4170 esse
851 4113 1156 4180 constiterit,
1191 4114 1245 4168 in
1285 4112 1474 4168 selectis
1501 4112 1598 4166 diis
1633 4128 1743 4167 eam
1765 4111 1846 4165 iu-

337 4211 494 4265 reniri
519 4226 665 4279 posse
687 4208 988 4263 credendum
1017 4207 1101 4262 sit.

338 4300 484 4356 lianc
499 4298 848 4364 divinitatem,
864 4299 969 4366 vel,
985 4309 1042 4353 ut
1062 4297 1138 4352 sic
1154 4295 1400 4364 dixerim,
1421 4294 1668 4351 deitatem
1689 4313 1704 4360 ;
1723 4310 1844 4350 nam

265 4377 328 4447 et
351 4392 451 4446 huc
467 4391 635 4445 verbo
655 4391 727 4444 uti
753 4391 860 4459 jam
879 4399 1090 4444 nostros
1101 4405 1204 4442 non
1224 4389 1386 4458 piget,
1403 4395 1461 4440 ut
1478 4386 1544 4442 de
1557 4402 1731 4457 ειπεεο
1747 4401 1844 4442 ex-

268 4489 504 4554 pressius
525 4483 841 4536 transferant
859 4482 908 4535 id
925 4481 1064 4551 quod
1085 4478 1156 4534 illi
1173 4489 1370 4541 ϐιότητα
1391 4479 1689 4550 appellant:
1710 4477 1849 4535 hanc

270 4589 396 4643 ergo
411 4573 741 4628 divinitatem
758 4569 869 4627 sive
885 4568 1134 4626 deitatem
1153 4585 1256 4624 non
1271 4585 1388 4624 esse
1405 4570 1457 4623 in
1477 4585 1538 4624 ea
1561 4567 1843 4640 theologia,

270 4679 424 4733 quam
454 4663 668 4718 civilem
695 4669 905 4727 vocant,
930 4677 1046 4730 qua:
1084 4675 1114 4714 a
1158 4657 1335 4715 Marco
1351 4659 1587 4715 Varrone
1613 4655 1845 4713 sedecim

270 4753 628 4808 voluminibus
639 4750 897 4823 explicata
914 4760 1015 4817 est,
1032 4751 1083 4805 id
1097 4759 1197 4816 est,
1215 4765 1320 4805 non
1341 4749 1600 4819 perveniri
1622 4749 1687 4803 ad
1703 4759 1850 4806 teter-

271 4859 355 4898 na:
370 4844 491 4898 vine
516 4843 818 4898 felicitatem
843 4843 1021 4896 talium
1040 4841 1261 4896 deorum
1284 4841 1448 4906 cultu,
1471 4840 1655 4911 quales
1675 4855 1704 4894 a
1721 4838 1850 4894 civi-

272 4932 470 4987 tatibus
497 4932 830 5002 qualiterque
859 4931 1065 4988 colendi
1097 4931 1319 4986 instituti
1342 4940 1485 4996 sunt,
1511 4930 1592 4984 cui
1616 4929 1848 4984 nondum

272 5023 536 5094 persuasit
555 5034 737 5079 sextus
753 5025 1076 5092 liber,quem
1100 5023 1338 5093 proxime
1357 5020 1700 5087 absolvimus,
1729 5007 1850 5076 cum

271 5117 434 5172 istum
465 5113 686 5170 forsitan
721 5114 943 5184 legerit,
973 5112 1099 5185 quid
1128 5113 1194 5168 de
1225 5112 1323 5167 hac
1360 5112 1652 5182 quaestione
1689 5126 1852 5181 expe-

272 5207 467 5262 dienda
494 5207 722 5261 ulterius
747 5204 1056 5269 desideret,
1099 5221 1202 5258 non
1248 5200 1480 5259 habebit.
1528 5201 1664 5258 Fieri
1708 5204 1850 5258 enim

273 5307 451 5366 potest
479 5305 536 5351 ut
565 5295 753 5350 saltem
777 5295 907 5350 deos
933 5295 1160 5350 selectos
1179 5305 1336 5364 atque
1363 5295 1655 5364 prrecipuos
1678 5336 1694 5361 ,
1719 5308 1852 5363 quos

274 5390 446 5444 Varro
487 5387 760 5444 volumine
803 5389 1111 5457 complexus
1152 5398 1234 5442 est
1276 5387 1463 5440 ultimo
1488 5426 1503 5453 ,
1553 5385 1618 5440 de
1663 5386 1853 5455 quibus

269 5495 462 5550 parum
501 5480 774 5544 diximus,
825 5475 1100 5547 quisquam
1143 5475 1395 5532 colendos
1437 5487 1650 5546 propter
1693 5477 1852 5530 vitam

268 5572 483 5627 beatam
511 5614 525 5636 ,
552 5587 668 5641 qua:
709 5568 921 5624 nonnisi
964 5581 1159 5624 teterna
1198 5577 1278 5624 est
1305 5610 1318 5631 ,
1359 5568 1622 5637 upiuetur.
1656 5566 1769 5634 Qua
1800 5568 1852 5621 in

268 5679 336 5721 re
378 5679 483 5718 non
509 5663 627 5718 dico
667 5659 809 5732 quod
853 5659 1076 5716 facetius
1119 5662 1191 5716 ait
1235 5660 1587 5716 'l‘ertullianus
1629 5658 1854 5715 fortasse

347 5818 363 5848 ⁸
390 5818 517 5868 vim].
545 5822 707 5878 etEr.,
731 5827 828 5866 non
852 5819 1051 5863 tantum.

1946 2463 2104 2520 quam
2167 2451 2344 2508 verius
2387 2471 2401 2510 :
2451 2455 2511 2510 Si
2564 2455 2637 2510 dii
2686 2459 2966 2529 seliguntur
3011 2474 3067 2518 ut
3136 2466 3306 2536 bulbi,
3355 2471 3522 2541 utique

1949 2543 2112 2595 caeteri
2161 2546 2356 2613 reprobi
2390 2549 2808 2625 judicantur(a).
2851 2554 2964 2611 Non
3012 2557 3112 2612 hoc
3160 2560 3322 2619 dico:
3365 2565 3522 2624 video

1947 2633 2088 2686 enim
2117 2635 2276 2689 etiam
2301 2651 2366 2692 ex
2392 2640 2604 2696 selectis
2625 2643 2776 2714 seligi
2803 2645 3010 2716 aliquos
3035 2648 3100 2704 ad
3121 2650 3320 2722 aliquid
3351 2657 3522 2726 majus

1948 2733 2107 2814 atque
2158 2728 2527 2796 praestantius;
2576 2733 2712 2789 sicut
2766 2736 2820 2790 in
2867 2737 3091 2805 militia,
3146 2756 3266 2798 cum
3318 2745 3522 2805 tirones

1949 2815 2102 2905 electi
2131 2818 2363 2885 fuerint,
2395 2837 2462 2877 ex
2490 2822 2572 2879 his
2601 2840 2811 2896 quoque
2840 2828 3104 2898 eliguntur
3140 2833 3206 2889 ad
3249 2848 3384 2905 opus
3420 2838 3522 2893 ali-—

1948 2900 2087 2977 quod
2118 2911 2289 2980 majus
2312 2927 2600 2969 armorum.
2633 2916 2843 2973 Etcum
2880 2921 3150 2989 eliguntur
3187 2925 3239 2982 in
3283 2900 3524 2988 licclcsia

1947 2999 2038 3068 qui
2071 2995 2198 3054 ﬁant
2225 3004 2491 3072 prtepositi
2515 3021 2666 3090 ,_non
2695 3008 2876 3078 utique
2912 3014 3091 3068 caeteri
3129 3017 3482 3086 reprobantur
3503 3056 3520 3090 ,

1947 3101 2066 3177 cum
2097 3102 2284 3145 omnes
2317 3092 2439 3177 boni
2480 3085 2662 3150 ﬁdeles
2709 3097 2860 3152 electi
2902 3102 3091 3156 merito
3130 3085 3522 3177 nuncupentur;

1949 3169 2225 3246 Eliguntur
2256 3179 2305 3234 in
2332 3173 2555 3236 aediﬁcio
2586 3184 2788 3253 lapides
2825 3181 3106 3258 angulares
3127 3231 3142 3257 ,
3191 3169 3523 3267 non-reproo

1949 3266 2318 3357 batiscreteris
2341 3311 2357 3337 ,
2390 3272 2476 3341 qui
2508 3282 2787 3330 structura:
2824 3281 3058 3346 partibus
3101 3283 3220 3339 aliis
3261 3266 3523 3357 deputan-

1949 3362 2054 3446 tur.
2083 3355 2365 3428 Eliguutur
2394 3377 2506 3417 uva:
2533 3358 2596 3418 ad
2627 3367 2943 3423 vescendum
2968 3411 2984 3436 ,
3034 3387 3133 3427 nec
3170 3355 3524 3446 reprobantur

1947 3443 2065 3500 alia:
2089 3488 2104 3514 ,
2135 3463 2265 3516 quas
2293 3445 2642 3522 relinquimus
2669 3455 2733 3510 ad
2765 3450 3074 3515 bibendum.
3103 3443 3396 3536 Non'Opus
3438 3477 3524 3527 est

1948 3539 2114 3594 multa
2143 3556 2473 3612 percurrere,
2519 3558 2637 3601 cum
2681 3563 2767 3603 res
2806 3545 2858 3604 in
2905 3562 3090 3621 aperto
3128 3555 3216 3608 sit.
3248 3557 3520 3625 Quamob-

1950 3646 2061 3684 rem
2108 3648 2212 3686 non
2240 3651 2304 3688 ex
2335 3634 2436 3690 hoc
2462 3677 2476 3701 ,
2505 3637 2644 3706 quod
2673 3639 2746 3693 dii
2772 3655 2834 3695 ex
2879 3642 3057 3697 multis
3082 3646 3295 3714 quidam
3335 3647 3521 3706 selecti

1949 3729 2106 3788 sunt,
2136 3724 2216 3778 vel
2247 3725 2290 3779 is
2331 3725 2422 3796 qui
2465 3729 2712 3798 scripsit,
2763 3731 2846 3785 vel
2895 3748 3078 3788 eorum
3119 3737 3349 3794 cultores
3373 3781 3389 3806 ,
3433 3741 3523 3799 vel

1949 3811 2022 3867 dii
2050 3813 2148 3882 ipsi
2193 3816 2524 3885 vituperandi
2569 3828 2734 3876 sunt:
2785 3822 2879 3878 sed
2923 3824 3302 3884 advertendum
3345 3831 3522 3902 potius

1948 3903 2164 3974 quinam
2193 3906 2275 3960 isti
2302 3906 2408 3961 sint
2429 3948 2445 3974 ,
2474 3918 2527 3964 ει
2553 3909 2618 3964 ad
2646 3925 2803 3980 quam
2834 3928 2945 3968 rem
2975 3915 3157 3972 selecti
3183 3918 3484 3979 videantur.

1946 4016 2170 4075 CAPUT
2197 4017 2258 4072 ll.
2282 4021 2456 4087 —Qui
2479 4021 2578 4076 sint
2605 4022 2678 4075 dii
2694 4024 2860 4078 selecti
2882 4066 2897 4091 ,
2921 4035 2967 4079 et
2995 4043 3060 4081 an
3087 4028 3148 4081 ab
3173 4030 3347 4099 ofﬁciis
3369 4033 3518 4088 uilia-

2287 4128 2401 4166 rum
2429 4112 2633 4166 deorum
2661 4115 2936 4169 habeantur
2962 4121 3172 4188 excepti.

2019 4200 2128 4257 llos
2147 4211 2291 4258 certe
2310 4202 2441 4259 deos
2464 4206 2690 4260 selectos
2716 4206 2880 4262 Varro
2902 4211 3056 4264 unius
3077 4211 3196 4266 libri
3223 4216 3522 4272 contextio-

1949 4308 2016 4348 ne
2042 4293 2398 4360 commendat,
2428 4294 2640 4362 Janum,
2666 4295 2874 4364 Jovem,
2903 4297 3185 4356 Saturnum
3207 4344 3221 4367 ,
3253 4303 3477 4360 Genium
3503 4343 3519 4374 ,

1950 4380 2266 4437 Mercurium
2292 4425 2307 4449 ,
2338 4384 2658 4453 Apollinem,
2691 4386 2932 4455 Martem,
2966 4388 3254 4446 Vulcanum
3277 4435 3291 4458 ,
3317 4393 3518 4464 Neptu-

1950 4489 2098 4538 num,
2123 4473 2321 4540 Solem,
2345 4473 2562 4542 Orcum,
2581 4477 2829 4532 Liberum
2850 4489 3072 4547 patrem,
3108 4482 3392 4551 Tellurem,
3417 4486 3524 4542 Ce-

1952 4580 2148 4631 rerem,
2171 4565 2455 4632 lunonem,
2478 4566 2701 4633 Lunam,
2729 4569 2972 4638 Dianam,
2999 4571 3284 4628 Minervam
3305 4617 3322 4641 ,
3343 4575 3521 4631 Vene-

1952 4654 2305 4722 rem,Vestam
2327 4673 2340 4709 :
2370 4656 2422 4710 in
2439 4657 2631 4725 quibus
2649 4659 2893 4713 omnibus
2913 4659 3079 4717 ferme
3101 4663 3304 4733 viginti,
3329 4665 3525 4723 duode-

1952 4747 2055 4802 cim
2075 4762 2270 4812 mares,
2293 4756 2412 4800 octo
2432 4757 2556 4801 sunt
2576 4747 2808 4804 feminae.
2825 4750 2948 4805 llaec
2968 4753 3181 4807 numina
3205 4764 3377 4823 utrum
3396 4771 3524 4824 pro-

1954 4845 2073 4906 pter
2100 4835 2330 4905 majores
2359 4839 2412 4890 in
2442 4837 2641 4892 mundo
2681 4837 3164 4897 administrationes
3202 4843 3398 4898 selecta
3437 4843 3524 4898 di-

1954 4933 2144 4980 cuntur
2167 4967 2180 4989 ,
2212 4943 2281 4983 an
2307 4926 2448 5000 quod
2476 4928 2684 4998 populis
2713 4929 2878 4998 tnagis
2909 4931 3248 4985 iunotucrunt
3272 4967 3289 4998 ,
3321 4931 3521 5002 major-

1955 5033 2059 5087 que
2084 5029 2165 5072 est
2187 5020 2267 5074 eis
2292 5020 2468 5076 cultus
2486 5016 2749 5075 exhibitus
2769 5021 2792 5073 ?
2812 5020 2868 5076 Si
2899 5031 3174 5090 propterea
3201 5062 3215 5084 ,
3248 5021 3368 5091 quia
3397 5036 3526 5092 ope-

1956 5124 2014 5164 ra
2043 5109 2242 5178 majora
2269 5111 2336 5165 ad
2367 5112 2448 5167 his
2471 5109 2908 5166 administrantur
2933 5112 2982 5164 iu
3017 5110 3212 5164 mundo
3235 5151 3251 5177 ,
3288 5128 3390 5166 non
3430 5130 3524 5170 eos

1958 5202 2196 5257 invenire
2218 5201 2497 5257 debuimus
2523 5204 2664 5258 inter
2701 5204 2841 5258 illam
2881 5203 3031 5272 quasi
3062 5202 3318 5272 plebeiam
3349 5207 3527 5260 muni-

1960 5309 2086 5349 num
2115 5293 2504 5349 multitudinem
2526 5296 2741 5348 minutis
2760 5294 3025 5364 opusculis
3045 5293 3370 5364 deputatam.
3395 5298 3525 5354 Nam

1961 5382 2075 5452 ipse
2116 5383 2345 5452 primum
2387 5384 2587 5448 Janus,
2638 5400 2759 5439 cum
2809 5385 3144 5453 puerperium
3192 5388 3525 5458 concipitur,

1961 5473 2104 5528 unde
2128 5484 2314 5530 cuncta
2343 5490 2501 5546 opera
2533 5476 2619 5529 illa
2647 5485 2862 5531 sumunt
2885 5477 3160 5532 exordium
3187 5519 3202 5546 ,
3231 5481 3526 5536 minutatim

1963 5565 2178 5620 minutis
2219 5566 2497 5620 distributa
2545 5567 2848 5622 numinibus
2874 5609 2888 5632 ,
2929 5570 3129 5625 aditum
3174 5574 3346 5639 aperit
3391 5575 3530 5629 rcci-

1963 5655 2154 5726 piendo
2183 5655 2412 5710 semini:
2458 5656 2529 5710 ibt
2573 5666 2655 5711 est
2702 5665 2756 5711 ct
2799 5657 3056 5716 Saturnus
3101 5673 3316 5732 prepter
3361 5663 3528 5720 ipsum

2033 5809 2104 5872 (fl)
2123 5809 2281 5860 simile
2298 5809 2538 5874 quidpiam
2561 5812 2610 5860 in
2635 5811 2961 5875 Apologetico,
2984 5827 3088 5874 cap.
3118 5815 3190 5863 13.
