4064 6486
525 505 712 548 setnen
737 505 753 543 :
784 480 856 543 ibi
885 480 1045 542 Liber
1072 483 1172 555 (a),
1200 470 1291 550 qui
1318 495 1521 536 marem
1545 478 1717 535 effuso
1743 478 1945 549 semine
1968 477 2106 535 libe-

523 592 609 638 *δι
636 600 650 638 :
685 581 756 637 ibi
785 580 973 636 Libera
996 617 1013 645 ,
1038 590 1197 647 quam
1221 582 1278 629 et
1307 573 1570 627 Venerem
1615 570 1839 636 volunt,
1864 584 1983 641 qua:
2009 569 2111 624 hoc

524 675 669 731 idem
710 670 1030 728 beneficium
1072 666 1318 722 conferat
1363 664 1618 728 feminas,
1682 672 1741 716 ut
1790 660 1949 716 etiam
1991 667 2110 731 Ipsa

525 766 724 822 emisso
748 761 953 817 semine
981 758 1254 814 liberetur.
1285 755 1486 811 Omnes
1509 753 1565 808 hi
1588 768 1653 807 ex
1684 751 1790 826 illis
1812 758 1937 805 sunt
1961 790 1978 818 ,
2016 749 2109 820 qui

523 852 709 910 selecti
739 850 1096 921 appellantur.
1142 846 1248 904 Sed
1296 843 1367 902 ibi
1414 852 1498 900 est
1533 853 1588 898 et
1629 842 1727 897 dei
1772 840 1924 896 Mena
1949 881 1965 907 ,
1989 852 2109 911 quae

526 944 814 1000 menstruis
863 939 1125 996 nitoribus
1170 947 1404 1009 prazest,
1463 934 1706 1006 quamvis
1756 932 1907 989 Jovis
1957 932 2107 998 ﬁlia,

525 1045 702 1093 tamen
733 1034 1000 1106 ignobilis.
1032 1033 1099 1087 Et
1128 1032 1265 1085 hanc
1294 1028 1660 1100 provinciam'
1692 1027 1922 1082 auorum
1954 1040 2109 1080 meno

526 1137 796 1184 struorum
846 1127 900 1180 in
952 1123 1092 1180 libro
1134 1123 1456 1179 selectorum
1496 1119 1717 1174 dcomm
1768 1117 1869 1188 ipsi
1911 1115 2109 1171 lunoni

524 1219 668 1275 idem
688 1227 879 1273 auctor
902 1217 1175 1287 assignat,
1205 1228 1327 1285 qua:
1353 1213 1406 1266 in
1440 1210 1542 1267 diis
1576 1210 1790 1266 selectis
1828 1209 1988 1264 etiam
2022 1211 2111 1264 re-

523 1312 645 1382 gina
672 1322 753 1366 est
782 1328 796 1364 :
829 1319 885 1365 et
919 1307 1009 1364 hic
1049 1316 1298 1377 tanquam
1338 1305 1478 1361 Juno
1522 1303 1722 1359 Lucina
1764 1314 1887 1357 cum
1922 1299 2109 1356 eadem

524 1402 677 1457 Mena
702 1443 717 1469 ,
743 1402 985 1472 privigna
1013 1414 1107 1455 sua
1130 1430 1149 1465 δ
1177 1394 1350 1453 eidem
1382 1395 1560 1451 cruori
1585 1390 1855 1465 prmsidet.
1885 1392 1961 1448 lbi
1986 1399 2113 1446 sunt

527 1500 584 1548 et
608 1492 715 1547 duo
737 1531 752 1557 ,
784 1491 966 1545 nescio
992 1490 1083 1559 qui
1108 1485 1471 1543 obscurissimi
1497 1526 1513 1553 ,
1542 1484 1826 1540 Vitumnus
1846 1493 1902 1538 et
1924 1480 2110 1538 Senti‘

532 1598 670 1648 nus;
701 1595 926 1651 quorum
953 1581 1088 1635 alter
1108 1580 1268 1634 vitam
1292 1618 1310 1646 ,
1331 1578 1467 1633 alter
1482 1590 1676 1632 sensus
1703 1574 1986 1646 puerperio
2009 1573 2115 1627 lare

529 1676 763 1745 ginntnr.
808 1672 879 1727 Et
933 1672 1182 1726 nimirum
1245 1670 1417 1725 multo
1472 1669 1593 1739 plus
1634 1674 1927 1738 praestant,
1990 1678 2113 1729 cum

528 1765 639 1818 sint
666 1762 1034 1833 ignobilissimi
1062 1803 1078 1827 ,
1105 1776 1262 1831 quam
1298 1768 1377 1815 tot
1407 1759 1481 1814 illi
1520 1773 1772 1830 proceres
1813 1763 1869 1813 et
1908 1755 2112 1812 selecti.

526 1854 659 1910 Nam
690 1852 927 1924 profecto
951 1853 1068 1906 sine
1096 1850 1202 1905 vita
1222 1858 1278 1906 et
1316 1864 1477 1905 sensu
1499 1889 1515 1915 ,
1563 1846 1688 1919 quid
1732 1854 1816 1903 est
1856 1844 1989 1901 illud
2026 1850 2113 1899 to-

528 1952 639 2000 tum
665 1986 680 2012 ,
710 1943 850 2015 quod
875 1942 1119 1997 muliebri
1161 1950 1315 1996 utero
1339 1941 1542 2011 geritur
1565 1980 1581 2005 ,
1626 1939 1727 1994 nisi
1771 1937 1953 1993 nescio
1987 1934 2116 2006 quid

529 2034 945 2105 abjoctissimum
976 2034 1105 2087 limo
1134 2046 1196 2086 ac
1222 2031 1425 2101 pulveri
1453 2026 1913 2099 comparandum?

533 2125 756 2182 CAPUT
782 2125 872 2180 lll.
898 2154 969 2165 ——
999 2124 1166 2191 Quam
1191 2122 1334 2176 nulla
1362 2122 1425 2175 sit
1463 2121 1595 2180 ratio
1620 2161 1635 2186 ,
1661 2135 1777 2190 quae
1799 2119 1862 2173 de
1882 2116 2117 2175 selectio-

603 2234 667 2272 ne
711 2217 1044 2286 quorumdam
1086 2214 1295 2268 deorum
1329 2213 1485 2285 possit
1529 2212 1760 2277 ostendi,
1791 2228 1906 2265 cum
1947 2210 2120 2265 multis

602 2308 925 2379 inferioribus
945 2304 1264 2362 excellentior
1283 2303 1651 2357 administratio
1673 2303 1958 2372 deputetur.

601 2401 629 2455 l
642 2439 656 2453 .
676 2399 803 2466 Quae
817 2399 977 2469 igitur
986 2411 1143 2452 causa
1158 2404 1234 2449 tot
1253 2393 1479 2449 selectos
1493 2393 1624 2448 deos
1638 2391 1704 2447 ad
1721 2392 1834 2446 haec
1850 2406 2011 2461 opera
2028 2390 2122 2445 mia-

530 2493 675 2548 nima
693 2491 970 2560 compulit,
992 2488 1083 2544 ubl
1102 2501 1132 2542 a
1173 2486 1426 2542 Vitumno
1446 2493 1499 2540 et
1535 2484 1755 2541 Sentino
1772 2525 1788 2550 ,
1812 2498 1947 2555 quos
1977 2482 2119 2539 fama

533 2583 760 2639 obscura
788 2579 1050 2641 recondit,
1070 2579 1123 2633 in
1149 2577 1306 2649 hujus
1328 2574 1703 2631 munificentiae
1720 2574 2006 2646 partitione
2031 2590 2122 2629 su-

530 2670 834 2744 perentur?
879 2668 1102 2725 Confert
1149 2668 1291 2724 enim
1335 2667 1568 2723 selectos
1613 2664 1780 2722 Janus
1821 2665 2022 2720 aditum
2065 2674 2123 2722 et

534 2764 685 2835 quasi
707 2762 924 2834 januam
955 2761 1144 2835 semini
1170 2776 1185 2827 ;
1216 2758 1425 2816 confert
1461 2759 1692 2815 selectos
1723 2757 1987 2815 Saturnus
2031 2772 2121 2813 se-

533 2864 659 2910 men
687 2853 858 2924 ipsum
884 2868 898 2918 ;
925 2850 1133 2907 confert
1157 2851 1389 2907 selectos
1415 2849 1575 2905 Liber
1611 2848 1850 2920 ejusdem
1900 2848 2122 2904 seminis

532 2945 875 3001 emissionem
920 2942 1096 3008 viris;
1141 2941 1348 2997 confert
1384 2939 1491 3000 hoe
1541 2940 1682 2996 idem
1732 2940 1961 3005 Libera,
2003 2954 2123 3011 quas

532 3034 697 3091 Ceres
726 3048 820 3089 seu
852 3032 1031 3088 Venus
1056 3040 1138 3087 est
1205 3031 1454 3097 feminis;
1487 3030 1692 3086 confert
1725 3031 1922 3086 selecta
1948 3028 2117 3097 Juno,

533 3133 589 3181 et
614 3124 731 3180 haec
754 3138 859 3179 non
883 3124 998 3179 sola
1021 3165 1037 3190 ,
1069 3122 1162 3179 sed
1187 3138 1309 3178 eum
1336 3122 1488 3177 Mena
1514 3164 1528 3188 ,
1557 3122 1662 3178 tilia
1697 3120 1844 3178 Jovis
1869 3165 1884 3189 ,
1927 3119 2124 3178 liuores

534 3225 841 3274 menstrnos
866 3215 931 3271 ad
958 3213 1075 3286 ejus
1099 3257 1114 3283 ,
1142 3213 1284 3287 quod
1310 3223 1626 3286 conceptum
1657 3225 1777 3282 est,
1824 3215 2125 3270 incremen-

534 3315 649 3363 tum
677 3324 691 3362 :
719 3315 775 3362 et
799 3305 1011 3362 confert
1037 3305 1317 3361 Vitumnus
1351 3306 1610 3362 obscurus
1657 3310 1712 3361 et
1751 3305 2000 3375 ignobilis
2042 3305 2125 3360 vi-

534 3402 682 3463 tam;
706 3395 918 3453 confert
940 3392 1195 3451 Sentinus
1220 3390 1480 3452 obscurus
1509 3403 1562 3451 et
1586 3395 1832 3467 ignobilis
1858 3411 2074 3453 sensum
2107 3414 2121 3452 :

534 3503 656 3559 qua:
680 3487 786 3542 duo
812 3495 958 3542 tanto
980 3487 1086 3542 illis
1112 3487 1270 3559 rebus
1306 3487 1673 3558 praastantiora
1712 3494 1837 3541 sunt
1860 3528 1875 3556 ,
1923 3499 2123 3559 quanto

534 3554 591 3636 et
616 3580 731 3651 ipsa
767 3578 1041 3634 intellectu
1086 3593 1149 3634 ac
1192 3554 1398 3633 ratione
1438 3578 1739 3633 vincuntur.
1787 3554 1955 3633 Sicut-
1982 3579 2124 3633 enim

463 3679 466 3681 λ
540 3686 661 3743 quae
703 3670 1093 3726 ratiocinantur
1133 3677 1188 3725 et
1236 3668 1572 3739 intelligunt,
1628 3667 1870 3739 profecto
1920 3669 2124 3739 potiora

534 3771 662 3817 sunt
700 3761 783 3817 his
804 3776 922 3832 quso
946 3761 1061 3815 sine
1085 3760 1352 3815 intellectu
1374 3769 1532 3829 atque
1553 3758 1757 3814 ratione
1775 3798 1791 3825 ,
1810 3765 1866 3813 ut
1890 3773 2080 3828 pecora
2105 3801 2121 3827 ,

532 3851 729 3906 vivunt
754 3858 809 3905 et
831 3850 1065 3905 sentiunt
1089 3864 1103 3903 :
1134 3849 1204 3903 ita
1232 3859 1285 3903 et
1310 3849 1395 3902 illa
1423 3864 1542 3919 qua:
1570 3848 1673 3902 vita
1704 3862 1973 3919 sensuque
2000 3858 2126 3903 sunt

540 3941 762 4012 praedita
787 3981 803 4007 ,
835 3939 917 3995 his
956 3955 1073 4010 quae
1101 3953 1201 3994 nec
1243 3940 1427 3993 vivunt
1471 3954 1569 3993 nec
1611 3938 1885 4005 sentiunt,
1934 3940 2125 3995 merito

542 4032 920 4104 praeferuntur.
942 4032 1085 4086 inter
1096 4030 1327 4086 selectos
1350 4029 1529 4100 itaque
1555 4029 1686 4085 deos
1703 4030 1983 4086 Vitumnus
2000 4030 2128 4086 vivi-

544 4123 734 4180 ﬁcator
752 4132 807 4179 et
828 4122 1083 4179 Sentinus
1118 4120 1454 4176 sensilieator
1490 4122 1659 4191 magis
1700 4120 1885 4176 haberi
1929 4121 2126 4177 debue-

538 4227 668 4274 runt
689 4258 704 4283 ,
726 4232 884 4289 quam
906 4214 1073 4271 Janus
1092 4215 1312 4270 seminis
1332 4214 1596 4269 admissor
1615 4222 1669 4268 et
1682 4211 1947 4269 Saturnus
1967 4214 2127 4269 semi-

540 4309 628 4365 nis
651 4308 806 4363 dator
827 4307 914 4362 vel
937 4315 1085 4361 sator
1107 4347 1123 4371 ,
1145 4314 1200 4360 et
1221 4305 1382 4360 Liber
1402 4313 1457 4359 et
1477 4303 1667 4360 Libera
1688 4305 1953 4360 seminum
1978 4321 2124 4362 eom-

540 4408 780 4456 rectores
820 4398 904 4453 vel
949 4398 1277 4463 emissores;
1322 4411 1441 4468 quas
1482 4397 1685 4452 semina
1725 4397 1998 4467 indignum
2043 4409 2126 4455 est

535 4493 778 4563 cogitare
801 4530 818 4558 ,
842 4490 947 4545 nisi
968 4489 1037 4544 ad
1063 4490 1224 4544 vitam
1246 4503 1571 4558 sensumque
1601 4488 1963 4557 pervenerint.
1994 4488 2124 4558 Qua:

536 4597 763 4639 munera
788 4581 985 4637 selecta
1014 4596 1117 4634 non
1136 4580 1333 4635 dantur
1352 4594 1381 4632 a
1408 4579 1510 4634 diis
1532 4579 1747 4636 selectis
1771 4621 1786 4644 ,
1810 4579 1903 4636 sed
1937 4594 1968 4635 a
2008 4579 2125 4651 qui-

534 4673 765 4729 busdam
796 4670 1079 4739 incognitis
1100 4681 1155 4726 et
1178 4686 1288 4742 prze
1318 4671 1541 4726 istorum
1566 4669 1825 4742 dignitate
1844 4671 2120 4743 neglectis.

534 4762 692 4832 Quod
718 4762 763 4818 si
790 4760 1182 4831 respondetur,
1209 4762 1445 4817 omnium
1488 4762 1758 4817 initiorum
1801 4771 2121 4833 potestatem

536 4852 741 4907 habere
767 4849 960 4906 Janum
986 4890 1000 4915 ,
1030 4858 1086 4906 et
1104 4849 1235 4905 ideo
1264 4851 1337 4905 illi
1365 4851 1525 4907 etiam
1553 4850 1692 4922 quod
1722 4852 1961 4921 aperitur
1990 4865 2122 4907 con-

538 4942 718 5012 ceptui
744 4944 788 5007 ',
816 4955 928 4996 non
955 4942 1220 4996 humerito
1242 4941 1460 4997 attribui
1484 4960 1499 5008 ;
1523 4952 1576 4997 et
1596 4944 1837 4997 omnium
1857 4943 2120 4997 seminum

534 5030 830 5088 Saturnum
855 5072 870 5097 ,
921 5040 978 5087 et
1025 5030 1148 5087 ideo
1192 5034 1600 5089 seminationetn
1640 5046 1853 5104 quoque
1892 5031 2123 5089 hominis

542 5136 648 5180 non
675 5138 832 5196 posse
858 5125 928 5182 ab
956 5125 1072 5197 ejus
1096 5128 1407 5196 operatione
1434 5126 1637 5198 sejungi
1660 5142 1677 5193 ;
1701 5127 1938 5184 omnium
1963 5129 2125 5183 semi-

542 5226 671 5269 num
696 5216 1111 5273 emittendorum
1138 5215 1389 5273 Liberum
1410 5226 1471 5275 et
1497 5217 1739 5273 Liberam
1766 5260 1780 5284 ,
1810 5227 1867 5274 et
1892 5218 2010 5274 ideo
2040 5218 2123 5275 his

534 5304 704 5358 etiam
731 5320 961 5375 praeesse
985 5348 1003 5375 ,
1029 5323 1149 5378 qua:
1173 5308 1237 5363 ad
1262 5307 1662 5363 substituendos
1694 5307 1938 5365 homines
1962 5309 2124 5379 perti-

544 5403 713 5462 nent;
740 5398 977 5452 omnium
1004 5398 1398 5470 purgandorum
1443 5408 1498 5454 et
1539 5399 1913 5470 pariendorum
1956 5400 2123 5456 Juno-

549 5498 672 5541 netn
698 5527 715 5552 ,
743 5494 799 5542 et
820 5486 942 5543 ideo
967 5502 1084 5544 eam
1111 5502 1216 5544 non
1251 5489 1440 5546 deesse
1464 5490 1866 5561 purgationibus
1897 5490 2119 5547 femina—

603 5616 627 5690 ξ
645 5618 781 5690 uniti,
805 5616 1164 5690 providentiam.
1187 5622 1509 5690 Emendantur
1532 5636 1594 5674 ex
1618 5625 1966 5690 manuscriptis.

605 5682 628 5749 ξ
652 5681 789 5749 Vind.
806 5681 992 5749 'Am._et
1010 5687 1107 5742 En,
1131 5684 1258 5749 quod
1282 5684 1439 5749 aperit
1453 5689 1746 5748 conceptum.

607 5742 681 5807 (a)
704 5753 838 5794 Hunc
870 5744 1093 5811 Liberum
1123 5742 1323 5811 Cicero,"
1340 5746 1404 5796 de
1427 5755 1528 5796 Nat.
1579 5742 1839 5811 lieorzglib.
1867 5747 1898 5797 2
1922 5782 1935 5811 ,
1970 5748 2114 5800 docet
2145 5751 2149 5754 ’

572 5805 688 5857 llum
712 5818 824 5857 esse
839 5819 867 5856 a
883 5805 1056 5857 Libero
1072 5806 1252 5857 Βιαώο
1269 5811 1395 5860 Jovis
1415 5816 1468 5860 et
1480 5808 1685 5861 semotis
1705 5808 1819 5868 tilio.

1595 354 1683 418 DE
1722 351 2043 419 ClVlTATE
2084 358 2219 424 DEI.
2260 361 2318 419 S.
2360 360 2727 424 AUGUSTINI

3688 365 3791 430 {93

2214 495 2333 535 rum
2376 492 2429 539 et
2473 487 2730 555 partubus
2766 487 3081 545 hominum:
3122 497 3365 561 quaram
3404 485 3530 561 quid
3569 506 3794 562 τωρωι·

2210 569 2376 627 deant
2402 574 2471 631 de
2501 577 2750 634 Vitumno
2781 588 2838 635 et
2870 579 3093 636 Scotino
3113 621 3128 646 ,
3164 589 3339 636 utrum
3376 593 3430 637 ct
3461 582 3604 651 ipsos
3629 582 3796 638 velint

2214 665 2413 723 habere
2434 671 2672 725 omnium
2698 688 2818 743 qua:
2847 672 3034 727 vivunt
3065 681 3121 729 et
3167 674 3404 728 sentiunt
3448 682 3791 743 potestatem.

2210 756 2366 825 Quod
2403 763 2449 816 si
2492 765 2829 833 concedunt,
2871 765 3148 820 attendant
3184 772 3345 835 quam
3384 780 3478 820 eos
3511 764 3799 822 sublimius

2214 849 2436 908 locatori
2464 854 2591 909 sint.
2628 854 2760 911 Nam
2803 856 3095 911 seminibus
3134 856 3314 922 nasci,
3354 855 3407 910 in
3455 865 3592 911 terra
3636 866 3691 911 et
3726 869 3797 911 ex

2215 949 2358 997 terra
2381 954 2464 999 est
2488 962 2504 1012 ;
2532 947 2711 1002 vivere
2742 959 2921 1003 autem
2944 956 3104 1018 atque
3142 948 3341 1003 sentire
3378 947 3538 1002 etiam
3564 947 3699 1003 deos
3723 948 3799 1003 si-

2214 1033 2405 1091 dereos
2450 1038 2754 1107 opinantur.
2805 1039 2862 1094 Si
2900 1047 3079 1094 autem
3121 1037 3307 1093 dicunt
3343 1037 3596 1093 Vitumno
3634 1048 3796 1109 atque

2196 1114 2437 1184 ‘Sentino
2463 1130 2578 1186 haec
2604 1131 2717 1186 sola
2739 1131 2991 1186 attributa
3014 1172 3030 1199 ,
3070 1144 3189 1203 qua:
3223 1134 3275 1184 lo
3312 1145 3475 1185 carne
3517 1116 3798 1187 vivescunt

2212 1227 2272 1274 et
2291 1220 2536 1277 sensibus
2562 1221 3051 1288 adminiculantur;
3089 1236 3184 1278 cur
3218 1234 3324 1276 non
3365 1220 3498 1276 deus
3539 1221 3665 1287 ille,
3704 1220 3796 1292 qui

2214 1307 2340 1365 iacit
2363 1312 2542 1366 omnia
2571 1313 2751 1368 vivere
2778 1321 2936 1384 atque
2961 1313 3161 1369 sentire
3184 1350 3201 1379 ,
3246 1312 3408 1368 etiam
3448 1311 3597 1368 carni
3632 1313 3798 1367 vitam

2213 1399 2422 1469 praebet
2442 1410 2499 1456 et
2525 1416 2740 1458 sensum
2766 1444 2782 1470 ,
2803 1401 3091 1458 universali
3113 1412 3277 1473 opere
3301 1397 3405 1457 hoc
3421 1416 3616 1456 manu
3632 1402 3798 1457 etiam

2214 1490 2477 1560 partubtts
2503 1492 2786 1549 tribuens?
2812 1492 2880 1548 Et
2903 1492 3031 1563 quid
3054 1506 3191 1563 opus
3222 1501 3308 1547 est
3348 1490 3600 1546 Vitumno
3634 1499 3802 1561 atque

2218 1578 2440 1637 Scotino
2458 1584 2483 1636 1
2504 1583 2656 1652 Quod
2685 1584 2728 1640 si
2752 1584 2820 1639 ab
2842 1585 2932 1640 illo
2957 1584 3050 1655 qui
3074 1585 3196 1639 vita
3215 1589 3271 1638 et
3305 1582 3548 1639 sensibus
3584 1587 3803 1637 univers-

2214 1675 2408 1731 saliter
2431 1677 2686 1747 prmsldct
2708 1719 2724 1743 ,
2755 1677 2839 1733 bis
2858 1678 3009 1748 quasi
3037 1676 3250 1733 famulis
3277 1677 3378 1731 ista
3399 1675 3631 1731 carnalia
3655 1674 3802 1730 velut

2216 1775 2457 1823 extrema
2480 1777 2536 1823 et
2565 1769 2667 1824 ima
2689 1770 2974 1826 commissa
2996 1778 3123 1826 sunt
3143 1785 3160 1835 ;
3192 1770 3335 1825 itane
3359 1777 3485 1826 sunt
3514 1769 3587 1824 illi
3612 1768 3801 1824 selecti

2216 1858 2459 1915 destituti
2484 1859 2682 1916 familia
2707 1903 2722 1927 ,
2751 1870 2811 1934 ut
2834 1872 2941 1918 nan
2976 1863 3277 1919 invenirent
3294 1862 3488 1933 quibus
3511 1862 3673 1945 etiam
3698 1861 3803 1934 ipsi

2222 1950 2323 2005 ista
2346 1953 2782 2022 committerent,
2808 1954 2904 2010 sed
2926 1969 3049 2010 cum
3074 1964 3184 2009 tota
3211 1969 3306 2009 sua
3333 1954 3610 2011 nobilitate
3633 1997 3651 2022 ,
3696 1970 3804 2026 qua

2220 2043 2323 2098 visi
2348 2053 2471 2099 sunt
2492 2045 2750 2115 seligeodi
2776 2088 2791 2111 ,
2824 2061 2959 2117 opus
2984 2046 3157 2102 facere
3185 2062 3306 2103 cum
3345 2045 3664 2117 ignobilibus
3704 2060 3823 2101 co--

2220 2136 2517 2206 gerentur?
2547 2137 2918 2197 Joooseleeta
2965 2147 3020 2194 et
3061 2139 3241 2209 regina
3284 2137 3537 2209 Iovisque
3573 2154 3719 2193 soror
3756 2146 3807 2193 et

2221 2228 2413 2300 ronjua:
2435 2269 2451 2294 ,
2482 2227 2599 2284 bmc
2623 2236 2800 2284 tamen
2830 2228 3072 2285 lterduca
3095 2239 3178 2285 est
3202 2230 3382 2300 pueris
3404 2271 3421 2297 ,
3444 2236 3655 2299 etopus
3680 2227 3810 2285 facit

2220 2334 2346 2375 cunt
2383 2318 2586 2375 deabus
2625 2321 3024 2390 ignobilissimis
3074 2321 3392 2377 Abeona~et
3444 2320 3684 2377 Adeona.
3726 2321 3811 2379 lbi

2225 2419 2519 2481 posuerunt
2544 2421 2600 2466 et
2623 2411 2851 2467 Mentem
2872 2412 3026 2468 deam
3049 2455 3067 2482 ,
3090 2428 3208 2483 qua:
3233 2410 3392 2468 faciat
3412 2414 3589 2483 pueris
3610 2412 3806 2467 bonam

2223 2509 2459 2555 mentem
2486 2541 2501 2565 ,
2546 2509 2602 2557 et
2644 2502 2781 2557 inter
2821 2502 3050 2558 selectos
3089 2503 3187 2557 ista
3228 2517 3336 2558 non
3373 2503 3625 2573 ponitur,
3653 2502 3809 2574 quasi

2222 2589 2511 2661 quidquam
2537 2591 2709 2662 majus
2728 2592 2968 2662 praestari
2995 2591 3195 2648 homini
3221 2593 3385 2663 possit
3413 2611 3428 2648 :
3467 2593 3810 2664 ponitur‘au—

2225 2689 2333 2737 tem
2356 2681 2496 2738 Juno
2516 2725 2530 2747 ,
2553 2684 2674 2759 quia
2699 2683 2937 2740 lterduca
2959 2692 3041 2740 est
3062 2693 3115 2740 et
3136 2684 3425 2740 Domiduea
3445 2725 3460 2751 ,
3480 2688 3629 2755 quasi
3650 2684 3810 2756 quid.

2222 2786 2381 2843 quam
2406 2775 2574 2845 prosit
2592 2775 2696 2830 iter
2709 2790 2929 2845 carpere
2949 2784 3004 2832 et
3023 2775 3238 2832 domum
3261 2775 3381 2831 duci
3406 2818 3421 2843 ,
3452 2777 3496 2832 si
3526 2790 3677 2830 mens
3697 2792 3809 2832 non

2225 2873 2307 2918 est
2336 2863 2477 2920 bona
2507 2883 2521 2919 :
2553 2865 2706 2937 cujus
2739 2853 2977 2922 muneris
3022 2866 3176 2923 dcam
3215 2867 3503 2924 selectores
3540 2868 3624 2923 isti
3668 2869 3815 2925 inter

2226 2959 2422 3013 seleeta
2448 2958 2665 3015 numina
2692 2960 2913 3017 minime
2956 2969 3268 3031 posuerunt.
3314 2960 3443 3030 Quae
3480 2960 3721 3032 profecto
3755 2966 3811 3017 et

2224 3047 2476 3105 Minerva:
2498 3050 2667 3106 fuerat
2685 3050 3021 3122 praeferenda
3042 3093 3058 3118 ,
3080 3052 3166 3107 cui
3190 3068 3283 3123 per
3305 3052 3402 3107 ista
3425 3052 3622 3107 minuta
3645 3064 3811 3122 Opera

2227 3154 2513 3209 puerorum
2542 3142 2852 3211 memoriam
2881 3141 3201 3197 tribuerunt.
3253 3141 3382 3209 Quis
3419 3142 3560 3197 enim
3602 3141 3812 3197 dubitet

2226 3230 2398 3286 multo
2421 3240 2542 3286 esse
2564 3230 2754 3286 melius
2780 3231 2976 3288 habere
2997 3232 3190 3288 bonam
3219 3240 3451 3288 mentem
3477 3273 3490 3297 ,
3516 3247 3673 3303 quam
3695 3244 3812 3288 me-

2225 3320 2455 3375 moriam
2475 3318 2863 3391 quantumlibet
2887 3322 3200 3393 ingentem?
3236 3321 3406 3378 Nemo
3448 3323 3592 3378 enim
3636 3322 3812 3378 malus

2226 3418 2309 3465 est
2332 3451 2346 3473 ,
2374 3411 2469 3515 qui
2485 3409 2679 3465 bonam
2712 3411 2870 3468 habet
2896 3422 3129 3468 mentem
3157 3430 3174 3469 :
3199 3412 3413 3484 quidam
3440 3427 3569 3468 vero
3589 3413 3811 3485 pessimi

2218 3502 2486 3557 memoria
2519 3511 2642 3558 sunt
2662 3502 2890 3559 mirabili
2915 3546 2931 3571 ,
2959 3512 3108 3559 tanto
3140 3505 3352 3577 pejores
3396 3514 3595 3575 quanto
3633 3504 3811 3561 minus

2229 3600 2489 3663 possum,
2540 3594 2681 3665 quod
2725 3595 2863 3650 male
2901 3596 3174 3666 cogitant,
3213 3596 3475 3651 oblivisci.
3522 3595 3591 3650 Et
3629 3605 3810 3652 tamen

2224 3680 2458 3739 Minerva
2479 3693 2560 3739 est
2589 3686 2727 3740 inter
2746 3686 2973 3742 selectos
2997 3687 3126 3742 deos
3150 3705 3165 3754 ;
3199 3686 3428 3743 Mentem
3452 3696 3630 3742 autem
3652 3686 3809 3744 deam
3908 3703 3922 3713 '

2227 3776 2381 3831 turba
2409 3776 2528 3831 vilis
2552 3778 2781 3847 operuit.
2808 3778 2943 3847 Quid
2977 3777 3046 3834 de
3089 3780 3293 3836 Virtute
3326 3780 3544 3835 dicam?
3576 3780 3701 3851 quid
3741 3780 3813 3838 de

2226 3860 2547 3923 Felicitate?
2571 3866 2638 3923 de
2657 3868 2848 3938 quibus
2869 3869 2920 3923 in
2948 3878 3134 3940 quarto
3156 3870 3294 3925 libro
3332 3869 3481 3940 plura
3511 3870 3622 3941 jam
3666 3869 3811 3926 dixi.

2227 3972 2346 4013 mus
2367 3955 2442 4029 (a)
2467 3975 2481 4012 :
2503 3972 2637 4028 quas
2659 3973 2778 4013 eum
2801 3958 2928 4014 deas
2952 3958 3209 4016 haberent
3232 3996 3249 4028 ,
3284 3960 3487 4016 nullum
3521 3961 3599 4015 eis
3634 3961 3813 4016 locum

2230 4047 2370 4102 inter
2424 4048 2653 4104 selectos
2695 4046 2825 4105 deos
2869 4050 3002 4105 dare
3037 4048 3359 4115 voluerunt,
3420 4050 3507 4106 ubi
3546 4050 3815 4109 dederunt

2225 4136 2377 4196 Marti
2394 4150 2447 4194 et
2465 4138 2603 4196 Orco
2617 4181 2631 4206 ,
2651 4141 2737 4195 uni
2756 4140 2990 4196 ell'ectori
3007 4144 3255 4197 mortium
3275 4182 3290 4209 ,
3307 4143 3459 4198 alteri
3479 4144 3766 4213 receptori.

2297 4232 2353 4287 2.
2383 4232 2514 4288 Cum
2546 4232 2704 4303 igitur
2740 4234 2790 4288 in
2845 4233 2927 4289 bis
2970 4236 3186 4290 minutis
3228 4236 3507 4306 cperibus,
3549 4224 3668 4308 quas
3707 4238 3814 4293 mi-

2227 4321 2451 4378 nutatim
2480 4321 2583 4377 diis
2608 4323 2849 4394 pluribus
2871 4323 3150 4379 distributa
3181 4335 3336 4391 sunt,
3364 4325 3524 4381 etiam
3556 4327 3701 4398 ipsos
3720 4343 3814 4384 se-

2224 4412 2394 4472 lectos
2419 4415 2690 4471 videamus
2717 4425 2965 4485 tanqoam
2992 4410 3234 4473 senatuin
3266 4431 3386 4473 cum
3419 4419 3574 4490 plebe
3608 4421 3815 4492 pariter

2225 4506 2470 4578 Operari;
2500 4516 2555 4562 et
2579 4506 2913 4563 inveniamus
2937 4523 2967 4562 a
2993 4508 3313 4579 quibusdam
3342 4510 3466 4577 diis,
3496 4510 3586 4582 qui
3609 4524 3816 4583 nequa-

2227 4612 2384 4671 quam
2415 4599 2668 4672 seligendi
2700 4600 2862 4670 putati
2899 4609 3044 4668 sunt,
3076 4602 3242 4656 multo
3269 4602 3471 4672 majora
3499 4614 3658 4675 atque
3686 4619 3811 4661 me-

2226 4693 2358 4749 liora
2400 4694 2797 4760 administrari,
2827 4710 2984 4765 qoam
3024 4696 3093 4751 ab
3119 4696 3222 4750 illis
3248 4695 3338 4768 qui
3383 4697 3567 4753 selecti
3607 4713 3814 4755 vocana

2228 4791 2353 4839 tur:
2387 4793 2553 4839 restat
2597 4784 2873 4851 arbitrari,
2915 4800 3019 4840 non
3063 4789 3712 4857 propter‘prtestantiores
3757 4789 3813 4845 in

2229 4876 2430 4932 mundo
2468 4876 2992 4946 administrationes,
3042 4877 3133 4934 sed
3182 4878 3303 4949 quia
3347 4881 3595 4950 provenit
3638 4881 3718 4936 eis
3754 4889 3816 4937 ut

2226 4966 2434 5037 pepulis
2473 4965 2640 5036 magis
2675 4966 3071 5022 innotescerent
3092 5008 3106 5035 ,
3142 4971 3372 5024 selectos
3402 4985 3495 5024 eos
3521 4979 3576 5025 et
3620 4972 3815 5041 praci-

2181 5071 2361 5128 ..puos
2393 5066 2742 5126 nuncupatos.
2771 5055 2926 5113 Unde
2954 5057 3081 5113 dicit
3117 5059 3275 5113 etiam
3305 5059 3418 5130 ipse
3445 5056 3633 5124 Varro,
3664 5062 3813 5134 quod

2227 5146 2329 5201 diis
2375 5146 2685 5225 quibusdam
2728 5147 2965 5216 patribus
3006 5156 3060 5202 et
3098 5145 3301 5203 deabus
3347 5150 3639 5218 matribus,
3671 5152 3813 5209 sicut

2228 5234 2566 5302 hominibus,
2610 5236 2915 5308 ignobilitas
2956 5238 3258 5295 accidisset.
3288 5238 3342 5295 Si
3392 5256 3519 5311 ergo
3556 5241 3812 5301 Felicitas

2228 5329 2349 5385 ideo
2390 5328 2618 5384 fortasse
2659 5330 2797 5384 inter
2836 5330 3065 5385 selectos
3107 5331 3235 5388 deos
3290 5348 3411 5389 esse
3442 5349 3549 5388 non
3585 5334 3807 5402 debuit,

2228 5420 2368 5493 quod
2402 5419 2468 5474 ad
2506 5420 2657 5475 istam
2696 5420 3025 5476 nobilitatem
3071 5437 3176 5478 non
3211 5423 3429 5487 merito,
3459 5423 3553 5479 sed
3587 5423 3811 5482 fortuitu

2228 5522 2619 5585 pervenerunt;
2651 5514 2839 5569 saltem
2883 5514 3023 5570 inter
3049 5513 3190 5583 illos,
3220 5515 3304 5570 vel
3332 5517 3506 5587 potius
3551 5532 3658 5590 pra:
3704 5516 3812 5574 illis

2226 5603 2464 5661 Fortuna
2491 5614 2797 5677 poneretur,
2823 5620 2979 5676 quam
3012 5605 3196 5662 dicunt
3230 5600 3384 5664 deant
3423 5624 3529 5665 non
3571 5609 3810 5664 rationa-

2299 5807 2371 5871 (a)
2394 5815 2572 5872 Nempe
2590 5818 2728 5872 capp.
2751 5807 2832 5868 21,
2853 5806 2931 5857 π.
