4064 6470
281 403 372 458 197

277 517 366 574 bili
389 515 404 546 ι
435 510 819 582 dispositione,
849 507 962 572 sed,
991 517 1051 562 ut
1079 515 1276 561 tcmcrc
1309 503 1582 569 acciderit,
1625 519 1718 558 sua
1747 503 1860 558 cui-

277 625 377 678 que
403 607 540 658 dona
559 601 834 657 conferre.
860 597 983 655 llaec
1011 599 1065 653 in
1091 599 1192 652 diis
1215 596 1426 652 selectis
1455 603 1635 650 tenere
1655 593 1859 664 apicem

277 701 496 762 debuit,
549 698 610 750 in
651 695 848 765 quibus
889 692 1118 747 maxime
1165 689 1290 760 quid
1333 697 1514 757 posset
1563 685 1795 742 ostendit
1840 701 1856 738 :

251 785 492 859 quando
519 799 615 840 eos
639 784 886 838 videmus
913 797 1014 834 non
1045 779 1306 848 praecipua
1327 778 1541 840 virtute,
1568 789 1670 830 non
1699 775 1860 828 ratio-

277 879 438 932 nabili
491 877 769 940 felicitate,
800 873 892 928 sed
925 871 1220 932 temeraria,
1254 869 1390 923 sicut
1413 881 1596 921 eorum
1626 865 1858 920 cultores

275 969 340 1021 de
367 969 454 1020 illa
487 967 760 1028 sentiunt,
803 964 1054 1018 Fortllllm
1081 965 1342 1029 potestate
1367 957 1614 1012 selectos.
1641 955 1772 1010 Nam
1803 964 1859 1010 et

275 1063 352 1112 vir
382 1057 776 1113 disertissimus
799 1054 1077 1110 Sallustius
1107 1053 1266 1105 etiam
1295 1053 1437 1118 ipsos
1460 1045 1589 1102 deos
1619 1045 1857 1100 fortassis

271 1151 536 1216 attendit,
579 1165 700 1204 cum
742 1149 945 1202 diceret
987 1161 1001 1198 :
1037 1163 1054 1194 ι
1105 1142 1210 1198 Sed
1247 1141 1480 1211 profecto
1525 1138 1756 1192 Fortuna
1803 1136 1854 1190 ill

269 1245 418 1296 omni
489 1257 548 1295 re
599 1239 934 1300 dominatur;
991 1247 1052 1288 ca
1113 1249 1202 1287 res
1244 1239 1460 1286 cunctas
1521 1243 1587 1284 ex
1641 1227 1855 1282 libidine

273 1335 446 1402 nugis
499 1345 659 1401 quam
718 1343 786 1384 ex
834 1343 960 1382 vero
1002 1325 1236 1380 celebrat
1278 1321 1630 1389 obscuratque
1673 1319 1776 1388 (α).
1829 1336 1849 1370 ι

273 1423 388 1478 Nun
413 1425 560 1476 enim
592 1427 815 1492 possunt
853 1417 1088 1472 invenire
1121 1429 1334 1468 causam
1368 1427 1464 1465 cur
1487 1410 1750 1465 celebrata
1787 1411 1856 1462 sit

273 1513 492 1576 Venus,
542 1521 596 1564 et
637 1511 918 1564 obscurata
947 1507 1015 1559 sit
1055 1503 1266 1568 Virtus;
1311 1515 1428 1556 cum
1469 1499 1740 1553 ambarum
1787 1495 1855 1550 ab

276 1605 392 1658 istis
445 1611 756 1657 consecrata
797 1601 905 1654 sint
933 1595 1146 1652 numina
1169 1638 1182 1658 ,
1219 1609 1316 1648 nec
1347 1591 1702 1662 comparanda
1747 1589 1855 1651 sint

273 1675 489 1747 inierim.
527 1695 633 1746 Aut
660 1692 703 1746 si
727 1689 830 1744 hoc
853 1689 1120 1742 nobilitari
1150 1683 1362 1748 meruit,
1385 1682 1522 1751 quod
1553 1680 1732 1749 plures
1760 1694 1851 1748 ap-

269 1793 490 1853 petunt;
543 1783 718 1852 plures
761 1782 902 1834 enim
947 1777 1205 1830 Venerem
1245 1789 1402 1843 quam
1455 1773 1710 1826 Virtutem
1739 1769 1850 1840 (b);

271 1891 368 1930 cur
394 1875 668 1928 celebrata
710 1881 792 1926 est
815 1869 916 1925 dea
944 1869 1214 1931 Minerva,
1250 1875 1304 1919 et
1331 1865 1608 1918 obscura-ta
1635 1869 1716 1916 est
1753 1861 1852 1914 dea

269 1967 500 2021 Pecunia
523 1967 547 2020 ?
571 1979 693 2020 cum
736 1965 786 2018 in
817 1961 1268 2034 gellcre'hulnano
1305 1957 1480 2027 plures
1505 1955 1698 2008 alliciat
1725 1967 1852 2006 ava-

213 2081 222 2088 -
269 2061 388 2113 rilia
415 2075 580 2130 quam
609 2057 836 2128 peritia;
871 2065 922 2109 et
949 2055 1000 2107 in
1029 2055 1106 2107 eis
1137 2051 1266 2121 ipsis
1288 2049 1376 2118 qui
1407 2055 1529 2102 sunt
1557 2043 1848 2108 artificiosi,

269 2167 390 2204 raro
417 2151 666 2204 invenias
689 2147 992 2209 hominem,
1022 2143 1109 2214 qui
1144 2157 1246 2196 non
1273 2139 1465 2192 habeat
1499 2147 1666 2190 artem
1697 2149 1850 2189 suam

269 2241 574 2308 pecuniaria
593 2237 846 2312 mercede
861 2235 1122 2296 venalem;
1144 2231 1416 2302 plurisque
1437 2227 1695 2298 pendetur
1711 2239 1852 2278 sem-

267 2349 364 2404 per
393 2341 618 2401 preptcr
659 2329 802 2398 quod
832 2326 1026 2396 aliquid
1059 2327 1114 2377 lit
1135 2365 1148 2388 ,
1177 2337 1333 2392 qualn
1375 2321 1424 2374 id
1449 2317 1594 2388 quod
1638 2325 1852 2386 propter

269 2423 404 2478 aliud
433 2423 514 2475 fit.
539 2419 598 2476 Si
627 2433 753 2489 ergo
783 2417 1080 2487 insipientis
1105 2415 1302 2485 judicio
1335 2410 1686 2466 multitudinis
1713 2411 1850 2464 facta

267 2527 344 2570 est
389 2517 620 2568 deorum
657 2513 757 2564 ista
800 2509 1050 2572 selectio,
1080 2523 1174 2562 cur
1210 2505 1305 2559 dea
1337 2503 1560 2558 Pecunia
1601 2501 1850 2555 Minerva:

267 2605 484 2676 praelata
519 2611 761 2667 nonest,
785 2613 904 2654 cum
933 2607 1150 2668 propter
1175 2593 1452 2666 pecuniam
1481 2593 1587 2648 sint
1616 2589 1848 2644 artifices

267 2697 450 2752 multi?
495 2695 553 2750 Si
595 2703 773 2747 autem
815 2706 1097 2760 paucorum
1137 2689 1449 2758 sapientium
1487 2695 1571 2739 est
1617 2685 1715 2737 ista
1741 2681 1850 2736 dis-

269 2791 452 2843 tinctio
471 2830 488 2854 ,
533 2805 632 2842 cur
659 2799 761 2840 non
791 2784 1003 2854 pt'tl‘lalzt
1029 2791 1108 2836 est
1139 2779 1327 2833 V'en'eri
1353 2777 1556 2841 Virtus,
1579 2789 1698 2828 cum
1728 2787 1846 2828 eam

269 2885 416 2950 lnage
445 2881 588 2934 ratio
620 2877 900 2948 prwfcrat?
928 2875 1126 2930 Saltem
1149 2881 1315 2937 certe,
1345 2881 1402 2923 ut
1425 2869 1558 2934 “dixi,
1583 2869 1698 2937 ipsa
1717 2865 1850 2919 For-

271 2983 414 3037 tuna,
443 2989 592 3041 qum,
625 2973 762 3024 sicut
787 2976 974 3037 putant
999 2967 1084 3034 qui
1116 2965 1161 3018 ei
1189 2963 1470 3032 plurimum
1503 2960 1760 3024 tribuunt,
1791 2955 1847 3010 in

269 3064 406 3116 omni
439 3079 500 3116 rc
529 3061 839 3114 dominatur
859 3099 873 3121 ,
900 3065 953 3110 et
977 3071 1064 3110 res
1089 3065 1308 3108 cunctas
1338 3067 1400 3107 ex
1433 3051 1650 3104 libidine
1679 3047 1849 3118 magis

269 3169 421 3222 quam
453 3167 520 3205 ex
557 3165 688 3204 vero
717 3151 951 3203 celebrat
984 3145 1364 3213 obscuratque;
1405 3143 1448 3195 si
1483 3151 1680 3194 tantum
1711 3148 1765 3194 et
1793 3139 1848 3193 in

271 3243 394 3296 deos
425 3243 615 3303 valuit,
643 3251 698 3292 ut
733 3239 1016 3293 temerario
1055 3235 1254 3304 judicio
1281 3249 1380 3286 suo
1405 3245 1536 3302 quos
1569 3231 1728 3285 vellet
1759 3243 1849 3284 ce-

269 3331 956 3396 lebraret,ohscuraretque
969 3339 1102 3396 quos
1127 3325 1306 3388 vellet,
1329 3321 1650 3392 praecipuum
1673 3319 1846 3372 locum

271 3423 490 3476 haberet
521 3421 574 3474 ill
621 3419 868 3482 selectis,
905 3433 1022 3486 qua:
1067 3417 1117 3469 in
1147 3415 1293 3484 ipsos
1331 3427 1542 3482 quoque
1581 3411 1711 3464 deos
1741 3419 1848 3463 tam

271 3515 555 3584 przecipum
581 3521 664 3566 est
697 3511 996 3580 potestatis.
1025 3511 1104 3561 Au
1137 3515 1192 3560 ut
1224 3505 1330 3558 illic
1356 3517 1602 3558 essenon
1635 3507 1846 3570 posset,

273 3605 398 3659 nihil
425 3603 572 3657 aliud
594 3603 756 3657 etiam
778 3603 888 3670 ipsa
913 3599 1166 3662 Fortuna,
1195 3597 1292 3650 nisi
1316 3595 1594 3649 adversam
1619 3589 1847 3661 putanda

272 3707 352 3750 est
379 3693 633 3748 habuisse
659 3690 959 3745 fortunam?
991 3689 1100 3743 Sibi
1130 3701 1256 3756 ergo
1287 3686 1562 3740 adversata
1597 3691 1706 3748 est,
1731 3695 1849 3751 quae

271 3789 401 3842 alios
431 3787 646 3842 nobiles
677 3785 876 3839 faciens
907 3783 1180 3838 nobilitata
1208 3775 1314 3834 nd'n
1343 3787 1442 3833 est.
1545 3767 1556 3788 ⁴’

197 3951 208 3958 .
273 3900 494 3955 CAi'UT
535 3899 624 3953 IV.
669 3928 742 3938 ——
781 3897 966 3952 Metius
1007 3906 1170 3950 actum
1207 3909 1317 3946 cum
1354 3891 1451 3944 diis
1492 3876 1855 3960 inferioribus;

339 3994 428 4046 ani
457 3993 616 4045 nullis
647 3993 955 4062 infanti-titur
982 3987 1282 4060 opprobriis,
1315 3999 1464 4054 quant
1489 3997 1602 4036 cum
1631 3979 1846 4046 selectis,

341 4100 557 4152 quorum
589 4091 746 4135 tanta:
769 4079 1100 4149 turpitudines
1126 4075 1449 4130 celebrentur.

343 4193 718 4249 Gratularetur
738 4202 916 4246 autem
938 4191 1040 4244 diis
1069 4189 1182 4242 istis
1209 4185 1419 4240 selectis
1441 4183 1718 4254 quisquam
1747 4195 1850 4234 no-

274 4290 500 4364 bilizatis
527 4297 580 4342 et
619 4285 950 4341 claritudinis
990 4281 1283 4351 appetitor,
1312 4288 1366 4332 et
1394 4292 1488 4330 eos
1513 4276 1713 4329 diceret
1743 4273 1852 4325 for-

275 4363 518 4446 tunatos,
547 4379 592 4433 si
633 4391 738 4432 non
763 4391 862 4430 eos
905 4375 1073 4443 magis
1097 4371 1164 4424 ad
1209 4369 1426 4438 injurias
1453 4379 1612 4436 quam
1653 4365 1718 4418 ad
1751 4363 1853 4417 ho-

277 4485 438 4525 nores
479 4469 718 4524 selectos
745 4467 968 4520 videret.
1008 4464 1137 4518 Nam
1185 4461 1328 4514 illiilli
1371 4459 1606 4512 intimam
1647 4453 1852 4509 turbam

276 4565 386 4632 ipsa
419 4561 726 4632 ignobilitas
753 4559 912 4624 texit,
937 4571 1002 4610 ne
1047 4555 1366 4609 obrueretur
1403 4547 1724 4617 Opprobriis.
1756 4543 1854 4597 Ri-

275 4657 464 4710 dclnus
491 4655 728 4726 quidem,
755 4669 878 4708 cum
906 4667 998 4706 eos
1029 4649 1269 4704 videmus
1299 4645 1564 4716 ﬁgmentis
1592 4642 1855 4695 humana-

275 4763 395 4802 rum
425 4746 736 4816 opinionum
759 4743 966 4814 partitis
991 4741 1128 4794 inter
1152 4753 1210 4792 se
1242 4735 1494 4806 operlbus
1519 4731 1851 4798 distributos,

279 4847 530 4907 tanquam
557 4833 968 4890 minuscularios
985 4833 1004 4862 ³
1029 4825 1747 4898 vectigaliumconductores,
1773 4821 1855 4875 vel

277 4940 529 5001 tanquam
575 4929 794 4998 opiﬁces
837 4925 891 4979 in
931 4925 1050 4978 vico
1092 4920 1390 4991 argentario
1429 4917 1520 4988 (c),
1567 4915 1653 4968 ubi
1693 4929 1854 4967 unum

275 5019 552 5074 vasculum
603 5027 660 5071 ut
703 5015 993 5086 perfectum
1040 5021 1223 5074 exeat,
1257 5003 1352 5078 per
1399 5005 1592 5060 multos
1627 5003 1857 5057 artifices

259 5111 490 5178 Jrausit,
515 5125 638 5164 cum
664 5108 730 5162 ab
757 5123 862 5160 uno
885 5105 1120 5175 perfecto
1145 5101 1327 5174 perlici
1351 5109 1550 5170 posset.
1575 5095 1677 5152 Sed
1699 5096 1858 5149 aliter

345 5263 362 5294 ι
385 5267 516 5319 Ima,
533 5271 627 5309 non
643 5254 978 5319 irratimtabt‘li.
1003 5253 1169 5304 Melius
1186 5253 1301 5319 editi
1323 5249 1419 5319 alii,
1439 5260 1529 5319 non
1553 5244 1820 5319 rationqbiti
1838 5255 1858 5319 :_

272 5305 1025 5384 smialiiilsiis’maimlpus,
1051 5319 1132 5380 qui
1155 5314 1296 5380 paulo
1319 5305 1426 5374 post
1447 5309 1568 5368 loco,
1593 5305 1859 5366 acciderit;

275 5383 476 5440 habent,
500 5383 766 5433 accederet.

348 5447 366 5476 ²
387 5431 895 5504 νηρὶηυηιιωὶοε.
921 5437 1057 5504 vind.
1080 5447 1176 5504 Am.
1203 5441 1362 5504 tonet
1389 5431 1858 5504 αιὶίιιιοιβεξᾉῃξς-

197 5549 202 5552 .
275 5489 932 5576 uigintiuiliilveteres
954 5501 1059 5548 libri
1073 5535 1087 5560 ,
1117 5500 1193 5547 hic
1209 5505 1259 5546 et
1283 5496 1422 5554 intra,
1446 5489 1550 5554 (εξψ.
1579 5492 1652 5549 ll,
1675 5489 1858 5540 lunias-

347 5581 639 5692 ἷῗιῗῗξὶοιιο
660 5625 894 5680 catillum,
917 5633 1022 5686 cap.
1047 5621 1094 5669 8.

350 5691 419 5754 (ὁ)
443 5693 664 5749 subaudi,
681 5693 928 5754 appetunt.

347 5731 419 5814 i2;
441 5731 986 5816 biit-'g'liiid‘t'iliﬁic’us
1006 5743 1140 5793 urbis
1160 5751 1308 5803 quem
1329 5733 1606 5787 incidebant
1627 5731 1746 5782 fabri
1785 5742 1860 5780 ar—
1945 5765 1948 5768 .

277 5817 507 5879 geumii.
633 5822 690 5862 It.

1539 385 1740 444 LIBER
1778 385 2124 444 SEPTIMUS.

3430 391 3531 454 £98

1967 517 2074 558 non
2119 511 2354 573 putatum
2397 511 2480 556 cst
2510 504 2840 572 operantium
2884 505 3202 562 multitudini
3245 513 3530 567 consulen-

1965 593 2123 658 dum,
2157 593 2256 646 nisi
2287 601 2343 646 ut
2369 593 2601 662 singulas
2627 597 2758 649 artis
2797 605 2974 666 partes
3011 600 3118 654 cito
3156 613 3219 654 ac
3257 601 3410 655 facile
3449 601 3531 656 di-

1963 693 2176 738 scerent
2201 683 2413 753 singuli,
2435 699 2504 739 ne
2529 699 2712 740 omnes
2735 687 2786 741 in
2805 697 2918 743 arte
2929 703 3034 744 una
3055 690 3203 744 tarde
3229 704 3292 745 ac
3313 691 3530 747 difficile

1964 783 2282 846 cogerentur
2303 791 2423 836 esse
2463 777 2700 846 perfecti.
2731 778 3108 837 Verumtamen
3135 783 3220 836 vix
3247 782 3527 852 quisquam

1963 867 2474 936 reperitur-deorum
2505 881 2608 922 non
2629 869 2965 936 selectorum,
2991 873 3076 942 qui
3097 871 3278 942 aliquo
3303 873 3529 928 crimine

1962 953 2154 1009 famam
2189 958 2348 1010 traxit
2377 958 2658 1024 infamem;
2701 959 2784 1011 vix
2825 971 3002 1014 autem
3029 961 3348 1017 selectorum
3381 964 3528 1034 quis-

1961 1045 2100 1114 piam
2123 1087 2135 1108 ,
2161 1046 2251 1114 qui
2287 1061 2392 1100 non
2435 1047 2486 1100 in
2515 1061 2574 1102 se
2617 1057 2792 1102 notam
2823 1052 3159 1106 contumelia:
3184 1053 3404 1122 insignis
3429 1067 3526 1107 ac-

1961 1137 2180 1204 ceperit.
2217 1137 2290 1190 llli
2328 1137 2394 1191 ad
2425 1138 2644 1192 istorum
2673 1137 2886 1193 humilia
2915 1155 3076 1209 opera
3095 1142 3486 1198 descenderunt
3506 1185 3520 1208 ,

1961 1223 2046 1278 isti
2085 1227 2138 1279 in
2179 1225 2392 1280 illorum
2438 1227 2681 1282 sublimia
2725 1230 2946 1284 crimina
2991 1245 3096 1284 non
3138 1243 3414 1288 venerunt.
3445 1235 3519 1290 De

1959 1312 2095 1368 lano
2141 1315 2354 1384 quidem
2405 1331 2510 1369 non
2561 1317 2689 1370 mihi
2733 1316 2889 1372 facile
2925 1319 3210 1388 quidquam
3253 1323 3520 1388 occurrit,

1961 1406 2100 1480 quod
2131 1408 2194 1460 ad
2237 1408 2486 1476 probrum
2513 1409 2774 1478 pertineat
2799 1427 2812 1462 :
2841 1417 2896 1462 et
2921 1409 3147 1465 fortasse
3177 1412 3294 1466 talis
3331 1413 3520 1480 fuerit,

1959 1497 2291 1552 innocentius
2323 1501 2510 1553 vixerit
2555 1507 2608 1553 et
2647 1515 2675 1553 a
2715 1499 3038 1554 facinoribus
3083 1500 3401 1573 flagitiisque
3437 1519 3524 1558 re-

1957 1591 2172 1644 mot-ius.
2201 1591 2486 1645 Saturn-um
2525 1591 2809 1660 fugientem
2839 1593 3097 1662 benignus
3123 1594 3331 1662 excepit
3356 1611 3370 1648 ς
3399 1607 3518 1649 cum

1959 1679 2165 1748 hospite
2197 1681 2417 1749 partitus
2459 1691 2540 1734 est
2583 1697 2836 1751 regnum,
2863 1693 2918 1736 ut
2947 1683 3104 1736 etiam
3149 1683 3389 1738 civitates
3417 1683 3525 1738 sin-

1961 1769 2112 1836 gulas
2139 1769 2430 1824 conderent
2457 1771 2567 1842 (a);
2605 1771 2702 1825 iste
2729 1771 3053 1838 Janiculttm,
3081 1773 3170 1827 ille
3199 1773 3520 1828 Saturniam.

1958 1858 2062 1912 Sed
2093 1859 2178 1912 isti
2205 1859 2256 1912 ill
2291 1859 2436 1914 cultu
2485 1860 2704 1915 deorum
2747 1862 2920 1916 clunis
2957 1861 3236 1917 dedecoris
3263 1865 3525 1933 appetito-

1943 1965 2072 2014 -res,
2101 1951 2252 2020 cujus
2279 1952 2438 2005 vitam
2485 1953 2658 2006 minus
2691 1961 2898 2022 turpem
2933 1954 3268 2020 invenerunt,
3297 1969 3416 2009 eum
3445 1956 3522 2010 si-

1956 2045 2176 2098 mulacri
2211 2054 2506 2100 monstrosa
2539 2045 2872 2100 deformitate
2901 2055 3209 2114 turparunt;
3231 2061 3372 2101 nunc
3399 2061 3522 2100 eum

1953 2133 2262 2200 bifrontem,
2289 2151 2432 2190 nunc
2461 2135 2618 2190 etiam
2661 2136 3080 2206 quadrifrontem
3098 2178 3113 2202 ,
3145 2145 3394 2206 tanquam
3423 2151 3520 2207 ge-

1957 2227 2156 2280 minqu
2177 2267 2191 2292 ,
2223 2228 2492 2284 facientes.
2535 2229 2616 2281 An
2649 2227 2784 2282 forte
2825 2229 3138 2296 voluerunt,
3167 2237 3244 2294 ut,
3269 2230 3520 2299 quoniam

1955 2319 2168 2388 plurimi
2197 2317 2270 2372 dii
2309 2319 2492 2374 selecti
2535 2319 2898 2374 erubescenda
2941 2320 3298 2390 perpetrando
3330 2321 3524 2374 amise-

1954 2417 2072 2464 rant
2113 2407 2374 2476 frontem,
2405 2417 2604 2478 quanto
2641 2410 2742 2464 iste
2784 2411 3118 2465 innocentior
3149 2418 3326 2478 esset,
3375 2419 3524 2465 tanto

1953 2501 2244 2556 frontosior
2265 2500 2582 2571 appareret?

1952 2631 2178 2690 CAPUT
2217 2631 2282 2688 ν.
2307 2659 2378 2674 --
2417 2631 2490 2688 De
2513 2631 2840 2704 Paganorum
2867 2631 3126 2687 secretiore
3147 2631 3374 2688 doctrina
3393 2633 3524 2704 ρΙιῃι

2479 2725 2690 2795 sicisque
2713 2723 3008 2778 rationibus.

2021 2835 2126 2894 Sed
2152 2837 2384 2908 ipsorum
2407 2835 2580 2906 potius
2599 2837 3058 2907 interpretationes
3079 2836 3322 2909 physicas
3339 2837 3524 2894 audia-

1953 2943 2102 2994 mus,
2149 2929 2338 3000 quibus
2383 2928 2763 3000 turpitudinem
2801 2930 3082 2984 miserrimi
3117 2931 3350 2996 erroris,
3381 2931 3526 2988 velut

1951 3021 2152 3076 altioris
2187 3020 2442 3076 doctrinae
2479 3021 2688 3089 specie,
2717 3021 2958 3076 colorare
2983 3030 3258 3076 conantur.
3289 3021 3524 3077 Primum

1953 3125 2044 3166 eas
2087 3111 2546 3180 interpretationes
2573 3111 2650 3166 sic
2681 3111 2847 3165 Varro
2891 3111 3257 3176 commendat,
3294 3121 3352 3165 ut
3383 3111 3526 3168 dicat

1951 3203 2196 3272 antiquos
2241 3201 2521 3256 simulacra
2575 3203 2795 3257 deorum
2837 3211 2891 3256 et
2935 3202 3159 3272 insignia
3201 3211 3524 3274 ornatusque

1953 3292 2205 3358 finxisse;
2245 3307 2362 3362 quae
2399 3306 2519 3346 cum
2571 3292 2737 3346 oculis
2791 3287 3286 3346 animadvertissent
3327 3293 3378 3347 hi
3433 3293 3524 3362 qui

1952 3381 2188 3436 adissent
2224 3381 2480 3436 doctrinae
2517 3379 2804 3452 mysteria,
2833 3389 3048 3449 possent
3075 3379 3302 3434 animant
3342 3381 3524 3438 mundi

1952 3485 2016 3526 ac
2061 3479 2237 3540 partes
2282 3471 2430 3541 ejus,
2477 3467 2528 3524 id
2577 3479 2660 3525 est
2703 3469 2832 3524 deos
2871 3483 3058 3536 veros,
3101 3471 3276 3524 animo
3303 3469 3521 3528 videre:

1953 3579 2178 3634 quorum
2209 3564 2295 3633 qui
2326 3561 2605 3617 simulacra
2647 3561 2823 3630 specie
2853 3559 3078 3615 hominis
3107 3559 3376 3627 fecerunt,
3419 3559 3524 3616 hoc

1953 3653 2120 3708 videri
2162 3663 2372 3708 secutos
2418 3651 2556 3722 quod
2598 3651 2899 3704 mortalium
2953 3649 3159 3702 animus
3201 3649 3288 3718 qui
3339 3657 3421 3703 est
3467 3649 3524 3704 in

1953 3759 2182 3816 corpore.
2199 3743 2447 3808 humano,
2470 3741 2767 3798 simillimus
2791 3751 2872 3795 est
2899 3740 3208 3794 immortalis
3237 3739 3396 3794 animi
3421 3739 3521 3812 (b):

1957 3845 2202 3908 tanquam
2231 3837 2274 3890 si
2315 3849 2438 3889 vasa
2469 3841 2791 3904 ponerentur
2815 3845 2970 3886 causa
3011 3829 3360 3884 notandorum
3390 3831 3524 3888 deo-

1955 3947 2106 3996 rum,
2152 3939 2203 3985 et
2247 3931 2298 3983 in
2328 3927 2504 3983 Liberi
2541 3925 2654 3981 rcde
2681 3923 3028 3993 cellophorum
3057 3924 3353 3990 sisteretur,
3383 3924 3526 3994 quod

1955 4023 2274 4092 significaret
2303 4019 2514 4080 vinum,
2541 4031 2632 4086 per
2657 4015 2708 4070 id
2732 4015 2872 4086 quod
2898 4015 3129 4068 continet
3153 4013 3204 4067 id
3231 4014 3369 4084 quod
3396 4028 3526 4068 con-

1959 4111 2284 4166 tiueturzita
2333 4123 2424 4180 ptr
2461 4107 2798 4161 simulacrum
2853 4103 2992 4174 quod
3036 4103 3259 4158 formam
3307 4102 3526 4157 haberet

1957 4203 2274 4266 humanam,
2320 4197 2599 4269 significari
2634 4198 2861 4250 animam
2903 4194 3254 4258 rationalem,
3287 4193 3424 4262 quod
3456 4207 3524 4248 eo

1957 4295 2100 4348 velut
2127 4307 2249 4346 vase
2292 4301 2478 4345 natura
2509 4291 2602 4343 ista
2631 4289 2796 4342 soleat
2824 4287 3114 4351 contineri,
3145 4286 3293 4354 cujus
3317 4293 3523 4338 natura:

1958 4385 2112 4440 deum
2141 4385 2322 4438 volunt
2350 4398 2498 4447 esse,
2533 4380 2614 4434 vel
2641 4377 2938 4434 deos.'ll;cc
2967 4386 3087 4432 sunt
3130 4375 3378 4448 mysteria
3422 4374 3524 4429 do-

1959 4475 2140 4532 ctrina:
2161 4517 2175 4541 ,
2207 4491 2324 4544 qua:
2351 4475 2447 4527 iste
2478 4471 2556 4524 vir
2586 4469 2921 4524 doctissimus
2961 4475 3345 4536 penetraverat,
3378 4465 3519 4522 unde

1959 4569 2011 4623 ill
2057 4567 2226 4621 lucem
2270 4565 2363 4618 ista
2407 4563 2682 4632 proferret.
2730 4557 2868 4624 Sed,
2913 4575 2945 4611 υ
2991 4557 3150 4610 homo
3191 4557 3522 4628 acutissime,

1959 4675 2084 4712 num
2125 4657 2178 4710 in
2219 4654 2334 4708 istis
2385 4651 2638 4706 doctrina:
2686 4648 2949 4720 mysteriis
2999 4647 3140 4700 illam
3193 4647 3524 4718 prudentiam

1963 4745 2268 4820 perdidisti,
2313 4759 2414 4812 qua
2466 4742 2557 4796 tibi
2601 4741 2775 4794 sobrie
2803 4741 2970 4794 visum
3018 4748 3134 4806 est,
3164 4738 3302 4809 quod
3337 4739 3385 4790 hi
3429 4738 3521 4806 qui

1961 4839 2115 4911 primi
2169 4836 2377 4908 populis
2427 4833 2706 4888 simulacra
2756 4832 3175 4894 constituerunt,
3223 4837 3277 4882 et
3328 4837 3526 4880 metum

1961 4933 2304 5000 dempserunt
2326 4926 2524 4982 civibus
2549 4925 2659 4978 suis
2677 4962 2696 4990 ,
2728 4931 2779 4977 et
2808 4937 3042 4976 errorem
3066 4919 3407 4982 addiderunt,
3433 4929 3526 4969 ca.

1963 5025 2199 5092 stillsque
2225 5019 2353 5074 deos
2379 5020 2491 5072 sine
2519 5015 2813 5070 simulacris
2849 5025 3052 5067 veteres
3081 5011 3386 5065 observasse
3415 5005 3526 5060 lto-

1962 5113 2189 5172 manos?
2215 5113 2266 5168 hi
2294 5112 2433 5166 enim
2466 5111 2556 5165 tibi
2589 5108 2798 5162 fuerunt
2821 5115 3092 5168 auctores,
3117 5111 3170 5153 ιιι
3203 5099 3314 5152 hinc
3341 5107 3527 5152 contra

1955 5210 2282 5282 posteriores
2331 5203 2598 5258 Romanos
2646 5201 2822 5254 dicere
2874 5197 3113 5250 auderes.
3137 5189 3267 5244 Nam
3296 5191 3337 5241 si
3367 5199 3420 5242 et
3451 5187 3530 5242 illi

1963 5297 2310 5372 antiquissimi
2362 5295 2642 5350 simulacra
2691 5289 3012 5351 coluissent,
3068 5282 3306 5336 fortassis
3355 5289 3528 5333 totum

1965 5370 2120 5448 istum
2160 5403 2372 5444 sensum
2403 5387 2468 5440 de
2510 5381 2803 5439 simulacris
2850 5393 2951 5430 non
2993 5371 3412 5438 constituendis,
3443 5370 3528 5423 in-

1965 5483 2114 5538 terim
2154 5493 2338 5535 veruut
2368 5479 2408 5542 ί,
2440 5473 2641 5531 timoris
2665 5468 2873 5526 silentio
2903 5479 3205 5538 premeres,
3234 5473 3287 5518 et
3329 5463 3381 5516 ill
3427 5461 3527 5514 hu-

2027 5663 2044 5693 ί
2069 5659 2204 5716 1ῐι1ἱῑί,
2225 5655 2341 5706 reri.
2372 5653 2677 5716 corriguntur
2701 5661 2762 5696 ex
2781 5643 3130 5716 manuscriptis.

2028 5707 2307 5784 ((tlvir'gih,
2327 5717 2411 5764 lib.
2433 5715 2464 5784 8
2487 5707 2692 5784 ,ἐπεῖίιιρ
2721 5709 2978 5784 νἰξςεέξῦἶτ

2127 5761 2416 5836 i-ill‘f'ii’ce'r}
2438 5761 2627 5824 't‘uscul.
2643 5761 2818 5831 Quaest.
2839 5767 2923 5820 lib.
2946 5761 2996 5828 ii,
3019 5779 3124 5826 cap.
3149 5761 3221 5812 13.
