4064 6490
525 473 824 562 Ῐυεὸθηῖοιίἰ
862 472 1178 558 perniciosis
1229 480 1482 550 vanisque
1532 475 1799 548 ﬁgmentis
1851 467 2104 562 mysteria

526 560 629 636 ista
658 579 912 635 doctrinte
950 574 1222 646 loquacius
1250 582 1303 627 et
1328 571 1516 626 elatius
1544 565 1876 638 prmdicares.
1905 560 2094 616 Anima

528 679 706 727 tamen
729 679 814 724 tua
837 678 942 722 tam
967 665 1120 722 docta
1143 673 1196 720 et
1214 663 1483 735 ingeniosa
1507 659 1612 731 (ubi
1631 667 1683 714 te
1703 656 1921 710 multum
1949 651 2098 706 dole-

529 761 673 830 mus)
698 775 792 829 per
817 759 932 812 hzec
956 755 1204 828 mysteria
1232 749 1574 818 doctrinze‘ad
1604 749 1767 802 Deum
1795 759 1947 800 suum
1978 741 2019 808 ¹,
2043 739 2096 794 ἰ(1

529 859 614 907 est
637 867 665 904 a
690 863 795 919 quo
820 847 958 902 facta
987 855 1101 911 est,
1132 860 1236 899 non
1263 859 1384 898 cum
1421 855 1524 911 quo
1553 838 1691 894 facta
1719 846 1836 902 est;
1868 849 1966 890 nec
2005 847 2097 887 cu-

527 941 614 1010 jus
631 940 824 1010 portio,
847 938 940 994 sed
965 937 1114 1008 cujus
1133 935 1365 992 conditio
1385 940 1466 988 est
1486 949 1501 998 ;
1525 945 1622 986 nec
1644 929 1732 1000 qui
1753 937 1836 983 est
1859 926 2094 982 omnium

528 1030 738 1096 anima,
766 1028 859 1084 sed
888 1028 977 1098 qui
1004 1027 1128 1082 fecit
1169 1038 1380 1080 onmem
1406 1021 1634 1077 animam
1652 1054 1669 1087 ,
1700 1033 1804 1089 quo
1829 1016 1944 1072 solo
1979 1015 2098 1069 illu-

529 1129 733 1176 strante
762 1119 818 1173 fit
845 1120 1020 1174 anima
1042 1118 1210 1182 beata,
1242 1117 1288 1171 si
1312 1115 1426 1184 ejus
1445 1113 1625 1184 gratiae
1650 1127 1754 1166 non
1781 1110 1851 1164 sit
1873 1109 2095 1178 ingrata,

529 1213 676 1267 nullo
721 1211 881 1266 modo
915 1209 1086 1280 potuit
1133 1206 1427 1277 pervenire.
1466 1203 1664 1258 Verum
1705 1201 1804 1255 ista
1847 1197 2097 1270 mysteria

529 1301 782 1357 doctrina!
828 1301 1000 1370 qualia
1028 1299 1167 1362 sint,
1199 1296 1486 1367 quantique
1522 1289 1828 1363 pendenda,
1861 1303 1980 1358 qua:
2008 1301 2098 1342 se-

530 1401 762 1463 quuntur
803 1390 1104 1446 ostendent.
1134 1387 1350 1442 Fatetur
1375 1383 1584 1462 interim
1613 1381 1694 1436 vir
1720 1381 1820 1435 iste
1850 1378 2098 1433 doctissi-

530 1498 651 1539 mus
673 1523 688 1548 ,
716 1484 942 1538 animum
973 1480 1152 1536 mundi
1178 1495 1240 1534 ac
1263 1487 1436 1549 partes
1465 1476 1580 1545 ejus
1605 1488 1724 1530 esse
1745 1488 1900 1528 veros
1925 1472 2054 1527 deos
2082 1487 2095 1525 :

531 1575 673 1631 unde
714 1575 1020 1644 intelligitur
1044 1581 1205 1628 totam
1235 1572 1350 1640 ejus
1377 1567 1724 1637 theologiam,
1767 1579 1885 1620 eam
1930 1563 2099 1633 ipsam

537 1666 742 1722 scilicet
770 1664 1063 1718 naturalem
1087 1703 1102 1728 ,
1133 1661 1216 1716 cui
1260 1659 1540 1728 plurimum
1584 1655 1798 1721 tribuit,
1828 1669 1994 1723 usque
2034 1652 2101 1706 ad

532 1756 722 1811 anima:
751 1755 1022 1809 rationalis
1061 1761 1300 1806 naturam
1344 1764 1402 1805 se
1431 1747 1716 1803 extendere
1745 1747 2000 1815 potuisse.
2025 1743 2100 1799 De

532 1848 759 1903 naturali
799 1846 941 1901 enim
989 1844 1304 1915 paucissima
1332 1842 1677 1913 praeloquitur
1704 1840 1756 1894 in
1788 1837 1889 1894 hoe
1917 1839 2051 1893 libro
2085 1855 2097 1890 :

533 1937 586 1990 in
616 1951 719 2006 quo
746 1934 1039 1990 videbimus
1066 1942 1240 1988 utrum
1268 1947 1361 2002 per
1385 1931 1848 1999 interpretationes
1886 1927 2102 1998 physio-

531 2026 726 2096 logicas
769 2023 836 2080 ad
877 2023 1016 2080 hanc
1059 2023 1349 2078 naturalem
1393 2022 1560 2092 possit
1601 2020 1804 2077 referre
1848 2019 2056 2074 civilem
2083 2057 2102 2086 ,

529 2131 688 2188 quam
716 2115 783 2171 de
809 2115 910 2171 diis
939 2115 1150 2170 selectis
1175 2115 1413 2169 ultimam
1464 2113 1694 2182 scripsit.
1744 2110 1896 2179 Quod
1936 2110 1980 2165 si
2013 2124 2104 2178 po-

533 2208 722 2274 tuerit,
754 2216 861 2263 tota
899 2208 1152 2262 naturalis
1192 2207 1294 2262 erit
1327 2223 1344 2261 :
1386 2216 1440 2260 et
1476 2205 1600 2275 quid
1630 2219 1762 2274 opus
1790 2212 1905 2258 erat
1946 2202 2013 2257 ab
2039 2216 2100 2256 ea

531 2298 737 2353 civilem
771 2307 912 2352 tanta
941 2313 1065 2352 cura
1104 2296 1456 2352 distinctionis
1484 2293 1810 2364 adjungere?
1843 2293 1899 2348 Si
1927 2302 2101 2347 autem

531 2397 677 2444 recto
717 2388 1021 2444 discrimine
1063 2397 1303 2458 separata
1342 2395 1453 2451 est;
1482 2385 1692 2456 quando
1719 2400 1817 2440 nec
1847 2385 1943 2441 ista
1980 2399 2103 2440 vera

531 2486 612 2534 est
639 2493 755 2547 qua:
782 2479 853 2532 illi
876 2478 1126 2532 naturalis
1154 2478 1358 2546 placet;
1393 2477 1634 2546 pervenit
1661 2476 1801 2530 enim
1841 2488 2005 2544 usque
2030 2473 2099 2528 ad

532 2567 760 2622 animam
778 2608 793 2632 ,
820 2582 926 2622 non
964 2583 1129 2637 usque
1153 2566 1219 2621 ad
1251 2582 1434 2620 verum
1457 2566 1620 2620 Deum
1644 2565 1734 2636 qui
1763 2563 1884 2620 fecit
1911 2573 1964 2618 et
1990 2564 2105 2618 ani-

532 2649 674 2709 mam
703 2671 717 2708 :
746 2663 941 2725 quanto
975 2663 1057 2710 est
1100 2653 1356 2723 abj'ectiOr
1412 2665 1466 2710 et
1517 2654 1698 2710 falsior
1756 2655 1854 2708 ista
1893 2652 2062 2707 civilis
2086 2693 2102 2721 ,

531 2761 651 2816 quae
679 2748 908 2804 maxime
939 2747 1077 2802 circa
1102 2755 1384 2817 corporum
1422 2754 1506 2802 est
1530 2755 1783 2816 occupata
1820 2754 2060 2799 naturam
2086 2759 2102 2809 ;

534 2837 670 2892 sicut
699 2838 826 2907 ipsa:
866 2837 1326 2907 interpretationes
1355 2837 1471 2907 ejus
1491 2879 1506 2904 ,
1550 2853 1615 2904 ex
1645 2838 1836 2908 quibus
1863 2835 2103 2906 qumdam

538 2929 840 2983 necessario
856 2931 878 2962 ²
898 2943 1317 2984 commemorare
1346 2944 1432 2983 me
1458 2935 1689 2998 oportet,
1715 2934 1857 2982 tanta
1885 2928 1952 2981 ab
1980 2926 2107 2996 ipsis

543 3019 821 3090 exquisita:
847 3029 900 3075 et
925 3019 1215 3076 enucleate
1244 3020 1512 3091 diligentia
1537 3018 2009 3074 demonstrabunt?

538 3123 761 3188 CAPUT
801 3130 888 3187 VI.
912 3151 984 3172 —-'-
1006 3131 1084 3186 De
1112 3130 1344 3203 Opinione
1380 3132 1647 3197 Varronis,
1691 3147 1791 3202 qua
1833 3130 2106 3185 arbitratus

606 3233 679 3277 est
702 3223 868 3277 Deum
896 3223 1117 3278 animam
1142 3233 1247 3278 esse
1272 3225 1442 3277 mundi
1465 3265 1481 3290 ,
1503 3223 1589 3290 qui
1613 3231 1777 3275 tamen
1801 3221 1853 3275 in
1884 3220 2107 3293 partibus

604 3314 710 3368 suis
734 3313 912 3368 habeat
939 3317 1134 3369 animas
1157 3316 1362 3381 multas,
1387 3320 1600 3385 quarum
1625 3313 1793 3366 divina
1814 3321 1994 3366 natura
2019 3315 2104 3366 sit.

606 3423 755 3478 Di‘cit-
771 3434 899 3494 ergo
929 3424 1068 3479 idem
1097 3419 1263 3479 Varro
1292 3424 1466 3480 adhuc
1495 3425 1562 3480 de
1590 3424 1814 3478 naturali
1844 3423 2106 3494 theologia

535 3517 899 3587 prmloquens,
927 3517 1089 3573 deum
1131 3533 1190 3573 se
1216 3518 1458 3573 arbitrari
1488 3532 1606 3573 esse
1633 3519 1862 3572 animam
1890 3516 2105 3580 mundi,

535 3623 691 3678 quem
719 3609 890 3664 Graeci
917 3617 1109 3664 vocant
1137 3619 1336 3677 κόσμον,
1367 3619 1420 3664 et
1464 3610 1602 3664 hunc
1641 3611 1811 3678 ipsum
1853 3607 2107 3663 mundum

535 3713 655 3754 esse
694 3698 853 3754 deum
880 3717 894 3756 :
921 3699 1014 3755 sed
1060 3700 1195 3754 sicut
1235 3698 1501 3754 hominem
1535 3700 1824 3770 sapientem
1847 3742 1862 3766 ,
1893 3715 2012 3754 cum
2040 3699 2110 3753 sit

536 3803 600 3842 ex
621 3803 846 3858 corpore
869 3799 922 3845 et
942 3790 1138 3854 animo,
1163 3799 1336 3844 tamen
1361 3789 1427 3844 ab
1450 3789 1628 3843 animo
1649 3789 1751 3844 dici
1777 3776 2066 3860 sapientem
2089 3803 2104 3853 ;

537 3877 609 3931 ita
634 3878 885 3932 mundum
922 3879 1077 3933 deum
1115 3878 1220 3933 dici
1247 3879 1312 3934 ab
1337 3879 1515 3932 animo
1537 3919 1552 3945 ,
1583 3893 1700 3933 cum
1728 3879 1796 3933 sit
1835 3895 1900 3933 ex
1930 3877 2108 3932 animo

537 3976 590 4022 et
615 3975 856 4038 corpore.
890 3967 986 4022 llic
1009 3968 1218 4023 videtur
1244 3984 1453 4039 quoquo
1484 3970 1641 4024 modo
1670 3969 1911 4024 confiteri
1943 3985 2106 4024 unum

539 4046 735 4121 Deum;
762 4057 854 4110 sed
875 4065 933 4111 ut
959 4051 1136 4127 plures
1162 4050 1317 4112 etiam
1347 4051 1666 4124 introducat,
1695 4059 1931 4129 adjungit
1956 4071 2110 4114 mun-

539 4145 664 4200 dum
687 4145 849 4202 dividi
877 4147 929 4201 in
955 4137 1088 4202 duas
1113 4157 1289 4217 partes
1311 4184 1326 4214 ,
1354 4142 1547 4203 etelum
1573 4157 1626 4203 et
1655 4155 1848 4203 terram
1872 4165 1887 4214 ;
1916 4159 1969 4204 et
1996 4165 2107 4205 cce-

537 4239 649 4293 lum
695 4235 969 4306 bifariam,
1023 4241 1076 4293 in
1118 4229 1314 4294 aethera
1362 4249 1416 4294 et
1459 4254 1616 4304 aera;
1658 4248 1853 4295 terram
1899 4256 2025 4295 vero
2055 4242 2107 4296 in

539 4341 728 4396 aquam
762 4329 816 4382 et
840 4327 1096 4382 humum:
1137 4342 1170 4383 e
1207 4328 1398 4397 quibus
1420 4340 1684 4383 summum
1719 4344 1837 4385 esse
1875 4327 2068 4386 :ethera
2089 4373 2104 4398 ,

539 4415 830 4471 secundum
872 4429 1028 4482 aera,
1071 4417 1279 4472 tertiam
1326 4433 1550 4489 aquam,
1580 4411 1816 4474 infimam
1863 4428 2058 4474 terram
2091 4440 2104 4476 :

539 4519 670 4576 quas
697 4515 883 4560 omnes
907 4509 1083 4577 partes
1108 4514 1332 4577 quatuor
1357 4507 1649 4562 animarum
1669 4523 1787 4562 esse
1817 4509 1998 4577 plenas
2016 4548 2032 4575 ,
2057 4511 2106 4564 in

540 4591 738 4652 aethere
763 4605 817 4652 et
845 4612 970 4653 aere
996 4599 1366 4653 immortalium
1391 4639 1406 4664 ,
1442 4599 1493 4652 in
1531 4613 1665 4668 aqua
1693 4607 1747 4654 et
1783 4607 1924 4654 terra
1967 4617 2109 4656 mor-

540 4686 762 4752 talium;
793 4687 859 4741 ab
888 4703 1097 4742 summo
1121 4697 1297 4742 autem
1328 4688 1549 4742 circuitu
1579 4689 1701 4744 caeli
1741 4689 1808 4743 ad
1847 4691 2103 4747 circulum

540 4773 680 4831 lunae
723 4777 980 4833 mtltereas
1019 4779 1221 4831 animas
1267 4793 1388 4832 esse
1428 4787 1570 4833 astra
1615 4795 1678 4835 ac
1716 4779 1934 4846 stellas,
1965 4797 2058 4836 eos
2085 4781 2106 4813 ³

538 4868 784 4923 caelestes
827 4867 957 4923 deos
1006 4884 1110 4923 non
1157 4869 1315 4924 modo
1361 4870 1577 4942 intelligi
1629 4887 1783 4941 esse,
1815 4873 1905 4929 sed
1948 4874 2107 4929 etiam

541 4958 712 5016 videri
741 4977 756 5014 :
789 4961 928 5015 inter
954 4960 1091 5015 lume
1115 4976 1242 5016 vero
1264 4977 1450 5033 gyrum
1479 4972 1531 5017 et
1557 4963 1852 5020 nimborum
1887 4979 1948 5018 ac
1973 4981 2107 5020 γοη-

541 5057 711 5104 torum
742 5052 1013 5106 cacumina
1039 5065 1219 5106 aereas
1241 5066 1359 5106 esse
1388 5053 1590 5107 animas
1609 5094 1625 5119 ,
1656 5055 1746 5109 sed
1769 5069 1858 5109 eas
1887 5055 2064 5110 animo
2088 5097 2103 5123 ,

542 5154 646 5193 non
677 5141 846 5196 oculis
875 5140 1041 5195 videri
1066 5157 1080 5205 ;
1108 5148 1163 5194 et
1186 5143 1364 5195 vocari
1393 5141 1583 5198 heroas
1607 5187 1621 5211 ,
1649 5139 1701 5198 et
1729 5145 1868 5198 lares
1887 5185 1902 5209 ,
1931 5153 1984 5198 et
2009 5160 2106 5215 ge-

541 5228 679 5283 nios.
711 5230 834 5284 ﬂare
859 5240 941 5285 est
979 5222 1227 5285 videlicet
1254 5231 1487 5287 breviter
1514 5234 1563 5287 in
1600 5233 1696 5287 ista
1734 5233 2107 5302 praelocutione

541 5329 811 5389 proposua
835 5321 1097 5392 theoIOgia
1121 5318 1374 5378 naturalis
1397 5367 1410 5390 ,
1443 5342 1560 5395 qua:
1582 5339 1685 5379 non
1714 5325 1835 5380 huic
1864 5332 2102 5394 tantum,

541 5407 636 5465 sed
664 5408 841 5463 multis
867 5411 1192 5484 phil050ph‘is
1226 5411 1425 5486 placuit
1452 5433 1465 5468 :
1497 5417 1564 5470 de
1589 5425 1688 5486 qua
1717 5426 1839 5473 tunc
1879 5419 2104 5489 diligen-

539 5581 717 5691 mJn
738 5582 872 5631 Vind.
900 5591 1000 5634 Am.
1038 5594 1090 5637 et
1122 5595 1225 5637 Mss.
1263 5594 1320 5639 At
1344 5596 1417 5638 Er.
1457 5597 1511 5640 et
1530 5597 1662 5650 ιον..
1702 5592 1768 5643 ad
1813 5603 1958 5645 Deum
1979 5610 2084 5647 sum

601 5703 627 5768 ξ
643 5701 776 5768 Vind.
804 5709 902 5752 Am.
927 5709 1000 5755 Er.
1027 5713 1077 5756 et
1096 5715 1223 5768 Mss,
1239 5707 1519 5760 necessaria.

607 5761 629 5794 ³
651 5762 783 5822 aditi,
809 5776 997 5826 easque.
1023 5776 1078 5818 At
1099 5761 1325 5834 plerique
1349 5779 1473 5831 MSS»,
1497 5785 1590 5822 eos.

1584 350 1670 420 DE
1706 349 2025 418 CIVITATE
2064 351 2197 420 DEI,
2235 352 2290 409 S.
2332 353 2695 411 AUGUSTINI

3672 357 3776 418 που

2211 468 2312 523 tius
2350 467 2713 523 disserendum
2761 475 2876 534 est,
2922 481 3040 524 cum
3079 467 3144 525 de
3181 467 3360 537 civili,
3408 479 3661 541 quantum
3707 472 3777 527 ad

2203 557 2333 613 deos
2359 559 2585 613 selectos
2611 559 2829 624 attinet,
2859 559 3148 628 opitulante
3182 560 3291 615 Deo
3331 575 3477 626 vero,
3508 561 3650 631 quod
3691 577 3776 617 re-

2209 659 2310 705 stat
2334 651 2644 719 implevero.

2204 742 2430 799 CAPUT
2469 742 2579 798 VlI.
2607 771 2678 783 -
2703 741 2783 796 An
2812 739 3107 796 rationabile
3128 732 3309 812 fuerit,
3340 741 3530 796 Ianum
3566 751 3612 798 et
3654 741 3780 797 Tel"-

2543 833 2732 886 minunt
2757 833 2809 885 in
2835 832 2935 887 duo
2963 823 3170 886 numina
3193 833 3439 901 separari.

2197 969 2202 975 ,
2277 924 2440 980 Janus
2485 923 2660 994 igitur,
2711 939 2743 978 a
2787 939 2894 994 quo
2944 924 3174 993 sumpsit
3229 924 3544 990 exordium,
3595 928 3780 994 qumi‘o

2207 1020 2450 1089 quisnam
2489 1018 2596 1072 sit?
2637 1017 3026 1086 Respondetur,
3058 1002 3283 1072 Mundus
3311 1027 3412 1072 est.
3443 1017 3626 1072 Brevis
3663 1017 3780 1074 haec

2208 1107 2362 1178 plane
2386 1117 2469 1162 est
2503 1115 2661 1176 atque
2699 1115 2880 1176 aperta
2908 1091 3203 1176 responsio.
3235 1106 3342 1162 Cur
3369 1122 3496 1178 ergo
3539 1108 3604 1161 ad
3654 1123 3781 1162 eunt

2208 1197 2455 1252 dicuntur
2477 1212 2654 1274 rerum
2693 1196 2837 1250 initia
2869 1197 3172 1266 pertinere,
3197 1184 3326 1252 fines
3364 1213 3490 1253 vero
3534 1198 3601 1252 ad
3645 1201 3782 1254 alte-

2208 1303 2361 1354 rum,
2392 1302 2550 1357 quem
2596 1273 2904 1341 Terminum
2944 1288 3176 1344 vacant?
3207 1273 3339 1342 Nam
3371 1296 3586 1366 propter
3627 1275 3779 1344 initia

2207 1389 2262 1436 et
2291 1370 2419 1434 lines
2447 1367 2653 1434 duobus
2679 1379 2793 1434 istis
2830 1379 2931 1434 diis
2967 1369 3101 1435 duos
3130 1387 3341 1436 menses
3379 1375 3654 1449 perhibent
3682 1381 3781 1436 de.

2209 1471 2409 1526 dicatos
2437 1471 2535 1542 (a),
2565 1474 2762 1540 prater
2799 1472 2916 1526 illos
2949 1471 3133 1528 decem
3160 1472 3349 1544 quibus
3374 1487 3539 1543 usque
3572 1473 3639 1528 ad
3671 1473 3780 1528 De-

2209 1561 2476 1616 cembrem
2504 1569 2659 1632 caput
2695 1569 2778 1616 est
2821 1562 3071 1627 Martius;
3119 1561 3427 1618 Ianuarium
3472 1562 3637 1628 Iano,
3684 1547 3782 1619 Fer

2209 1651 2479 1705 bruarium
2521 1651 2790 1706 Termino.
2836 1651 2959 1708 Ideo
3000 1653 3319 1708 Terminalia
3360 1654 3546 1710 eodem
3593 1669 3782 1710 mense

2211 1728 2500 1798 Februario
2525 1741 2781 1797 celebrari
2805 1743 3019 1811 dicunt,
3046 1759 3166 1799 cum
3195 1745 3252 1798 fit
3289 1758 3496 1798 sacrum
3529 1747 3779 1816 purgatos

2209 1836 2378 1902 rium,
2409 1835 2550 1906 quod
2590 1833 2781 1890 vocant
2807 1835 3072 1892 Februum
3099 1841 3153 1904 ¹;
3182 1837 3320 1912 unde
3346 1837 3542 1894 mensis
3582 1854 3778 1895 nomen

2209 1926 2412 1996 accepit
2453 1924 2549 1998 (b).
2589 1925 2852 1997 Numquid
2881 1942 3008 1997 ergo
3043 1927 3109 1982 ad
3157 1928 3444 1996 mundum,
3484 1931 3572 2000 qui
3613 1929 3778 1984 Janus

2209 2028 2286 2072 est
2309 2057 2324 2084 ,
2355 2018 2502 2072 initia
2543 2033 2719 2074 rerum
2751 2019 3050 2088 pertinent,
3080 2028 3134 2073 et
3171 2007 3304 2075 fines
3332 2035 3438 2075 non
3473 2023 3777 2090 pertinent,

2212 2119 2268 2164 ut
2291 2109 2427 2164 alter
2454 2109 2554 2163 illis
2579 2109 2713 2164 deus
2734 2097 3130 2180 praeficeretur?
3156 2110 3341 2166 Nonne
3369 2112 3546 2166 omnia
3575 2128 3692 2183 qu:e
3724 2115 3779 2170 in

2210 2199 2312 2255 hoc
2357 2199 2555 2255 mundo
2581 2199 2695 2255 fieri
2724 2200 2938 2263 dicunt,
2969 2199 3020 2254 in
3050 2200 3150 2255 hoc
3175 2201 3332 2256 etiam
3359 2202 3558 2256 mundo
3588 2203 3779 2256 termi-

2211 2289 2325 2344 nari
2368 2289 2633 2345 fatentur?
2679 2288 2809 2355 Qute
2854 2297 2933 2344 est
2980 2289 3079 2344 ista
3122 2290 3368 2358 vanitas,
3396 2291 3447 2345 in
3493 2306 3654 2360 apere
3697 2291 3778 2348 illi

2209 2382 2337 2438 dare
2363 2391 2676 2452 potestatem
2708 2381 2978 2438 dimidiam
2999 2423 3014 2448 ,
3046 2383 3098 2437 in
3138 2383 3420 2438 simulacro
3460 2385 3646 2439 faciem
3674 2384 3779 2439 (ιυ-

2211 2475 2395 2546 piam?
2423 2473 2609 2529 Nonne
2646 2474 2803 2529 istum
2834 2474 3118 2530 bifrontem
3167 2475 3332 2531 multo
3362 2476 3654 2547 elegantius
3693 2478 3780 2531 in-s

2212 2572 2648 2635 terpretareutur,
2671 2564 2717 2619 si
2759 2564 3003 2620 eumdem
3047 2573 3102 2620 et
3143 2563 3333 2642 Janum
3377 2574 3432 2620 et
3471 2566 3780 2624 Terminum

2211 2656 2486 2722 dicerent;
2516 2663 2674 2724 atque
2703 2655 2866 2711 initiis
2891 2669 3048 2710 unam
3079 2653 3266 2710 faciem
3285 2694 3300 2720 ,
3327 2644 3519 2711 finibus
3557 2658 3780 2714 alteram

2211 2745 2441 2800 darent?
2463 2745 2713 2816 quoniam
2759 2746 2847 2816 qui
2891 2754 3156 2816 operatur,
3187 2739 3468 2816 utrumque
3505 2747 3663 2804 debet
3698 2749 3782 2804 in-

2212 2833 2447 2891 tendere.
2474 2835 2529 2890 In
2575 2834 2721 2890 omni
2767 2835 2908 2890 enim
2955 2844 3098 2890 motu
3132 2834 3354 2892 actionis
3398 2853 3507 2892 sum
3535 2839 3626 2910 qui
3671 2856 3781 2896 non

2210 2927 2427 2996 respicit
2454 2926 2696 2993 initium,
2729 2943 2835 2981 non
2860 2928 3114 2998 prOSpieit
3145 2927 3325 2984 finem.
3368 2929 3518 2986 Unde
3559 2947 3782 2988 necesse

2212 3027 2295 3072 cst
2318 3033 2346 3072 a
2373 3019 2626 3073 memoria
2665 3019 2981 3088 respiciente
3027 3020 3356 3090 prospiciens
3379 3022 3399 3053 ³
3430 3032 3782 3078 connectatur

2215 3108 2454 3164 intentio.
2505 3108 2637 3163 Nam
2666 3109 2751 3163 cui
2779 3109 3034 3166 exciderit
3059 3111 3200 3182 quod
3222 3113 3477 3183 coeperit,
3512 3107 3782 3183 qudmodo

2213 3199 2362 3254 finiat
2392 3214 2498 3254 non
2545 3201 2798 3256 inveniet.
2841 3201 2992 3269 Quod
3038 3203 3084 3257 si
3134 3204 3290 3258 vitam
3337 3204 3544 3259 beatam
3586 3205 3636 3258 in
3678 3205 3782 3260 hoc

2213 3289 2410 3345 mundo
2439 3289 2670 3346 inchoari
2702 3300 2980 3361 putarent,
3012 3301 3160 3348 extra
3190 3293 3442 3349 mundum
3472 3294 3691 3364 perfici,
3722 3304 3782 3352 et

2214 3381 2332 3437 ideo
2357 3381 2512 3448 Jano,
2543 3381 2595 3436 id
2623 3391 2704 3436 est
2732 3383 2930 3438 mundo
2949 3425 2963 3448 ,
2995 3385 3161 3440 solam
3192 3385 3457 3441 initiorum
3487 3387 3782 3443 tribuerent

2213 3481 2562 3542 potestatem;
2617 3472 2855 3543 profecto
2919 3475 2967 3530 ei
3019 3486 3387 3546 prmponerent
3431 3477 3737 3533 Termiuum
3763 3519 3780 3547 ,

2212 3577 2440 3633 eumque
2482 3577 2513 3618 a
2552 3563 2654 3620 diis
2697 3565 2909 3621 selectis
2959 3581 3062 3620 non
3115 3567 3422 3623 alienarent.
3466 3568 3782 3640 Quanquam

2212 3655 2373 3710 etiam
2401 3671 2540 3710 nunc
2564 3671 2682 3710 cum
2711 3657 2763 3710 in
2792 3657 2906 3712 istis
2929 3655 3134 3712 duobus
3154 3657 3255 3712 diis
3276 3658 3420 3713 initia
3446 3676 3620 3714 rerum
3646 3668 3785 3715 tem-

2215 3745 2469 3814 poralium
2516 3745 2751 3815 ﬁnesque
2800 3755 3110 3812 tractantur,
3139 3747 3388 3803 Termino
3437 3749 3550 3804 dari
3597 3751 3790 3816 debuit

2214 3836 2332 3906 plus
2362 3834 2597 3890 honoris.
2628 3837 2796 3906 Major
2821 3838 2961 3892 enim
2992 3839 3170 3893 laetitia
3197 3849 3309 3906 est,
3337 3855 3458 3896 cum
3503 3858 3588 3898 res
3630 3859 3783 3914 qutu-

2213 3943 2316 3997 que
2336 3927 2607 3999 perficitur
2630 3947 2642 3983 :
2668 3920 3039 3986 sollicitudinis
3059 3933 3235 3986 autem
3259 3921 3412 4002 plena
3439 3938 3560 3988 sunt
3581 3945 3782 4004 ccepta,

2213 4013 2383 4074 donec
2413 4011 2766 4090 perduCantur
2788 4021 2854 4075 ad
2886 4024 3041 4076 finem
3068 4063 3083 4088 ,
3110 4039 3264 4093 quem
3296 4027 3382 4095 qui
3418 4022 3610 4096 aliquid
3651 4027 3784 4080 inci.

2213 4113 2326 4182 pit,
2355 4114 2580 4167 maxime
2609 4107 2840 4182 appetit,
2883 4103 3110 4168 intendit
3134 4156 3149 4181 ,
3191 4116 3497 4186 exspectat,
3525 4129 3742 4188 exaptat
3766 4137 3784 4186 ;

2214 4217 2312 4258 nec
2337 4202 2404 4258 de
2431 4218 2488 4258 re
2518 4203 2759 4258 inchoata
2785 4233 2800 4272 ,~
2830 4205 2929 4258 nisi
2959 4206 3286 4272 tcrntinetur,
3318 4208 3567 4262 exsultat.

2214 4357 2437 4413 CAPUT
2467 4356 2597 4412 VIII.
2627 4387 2696 4397 -
2723 4357 2797 4412 0b
2817 4375 2967 4429 quam
2987 4376 3190 4415 causam
3217 4362 3436 4418 cultores
3457 4363 3579 4417 lani
3598 4363 3788 4434 bifron-

2205 4472 2212 4520 ;
2284 4460 2382 4504 lem
2425 4450 2691 4520 imaginem
2727 4450 2888 4520 ipsius
2929 4452 3186 4520 ﬁnxerint,-
3230 4470 3382 4525 quam
3426 4465 3590 4512 tamen
3629 4461 3787 4513 etiam

2281 4543 2675 4614 quadrifrontem
2700 4543 2857 4597 videri
2880 4544 3072 4598 volunt.

2285 4673 2390 4728 Sed
2429 4676 2536 4744 jam
2566 4666 2807 4729 bifrontis
2837 4675 3109 4729 simulacri
3141 4676 3504 4747 interpretatio
3539 4678 3788 4751 profera-

2214 4771 2318 4822 tur.
2341 4763 2480 4819 Duas
2499 4780 2618 4844 eum
2642 4765 2800 4820 facies
2823 4771 2944 4820 ante
2969 4774 3022 4820 et
3042 4772 3185 4820 retro
3207 4766 3400 4823 habere
3419 4769 3616 4836 dicunt,
3641 4775 3789 4841 quod

2215 4856 2389 4911 hiatus
2419 4865 2616 4920 noster,
2648 4846 2782 4910 cum?
2812 4872 2872 4911 os
2901 4859 3190 4926 aperimus,
3232 4860 3426 4914 mundo
3467 4862 3654 4916 similis
3699 4865 3790 4917 vi-

2214 4943 2433 5006 deatur:
2468 4947 2604 5002 unde
2642 4958 2694 5002 et
2719 4949 2946 5017 palatum
2988 4946 3155 5003 Graeci
3190 4954 3378 5021 οὐρανὸν
3401 4952 3698 5021 appellant;
3730 4967 3791 5011 ct

2217 5039 2476 5103 nonnulli,
2510 5038 2696 5108 inquit,
2724 5047 2897 5108 poeta:
2918 5038 3090 5093 Latini
3117 5041 3308 5096 coelum
3338 5055 3656 5100 vocaverunt
3688 5063 3789 5115 pa-

2218 5131 2414 5184 latum:
2444 5145 2472 5182 a
2499 5143 2602 5200 quo
2625 5130 2768 5184 hiatu
2797 5132 2926 5198 oris,
2955 5141 3010 5188 et
3038 5130 3179 5188 foras
3205 5145 3323 5190 esse
3343 5135 3541 5191 aditum
3563 5137 3628 5192 ad
3651 5138 3789 5194 deli-

2278 5289 2294 5320 ¹
2320 5286 2486 5352 Plures
2508 5293 2559 5336 et
2594 5283 2791 5352 optima:
2820 5295 2948 5352 noue
2983 5291 3287 5352 manuscriptl
3313 5305 3422 5341 cum
3448 5293 3579 5342 Vind.
3605 5301 3701 5345 Am.
3730 5309 3786 5350 et

2214 5355 2310 5418 gn,
2325 5348 2553 5418 februm.
2581 5342 2676 5418 son
2701 5342 2826 5398 male
2863 5349 3093 5418 fortassis,
3117 5342 3304 5418 tametsi
3347 5342 3787 5418 apudnam-onem;

2215 5409 2301 5459 lib.
2321 5411 2354 5481 5
2374 5411 2439 5459 de
2479 5409 2620 5481 latina
2641 5415 2817 5480 laugua
2856 5410 3090 5481 legatur;
3116 5413 3352 5463 Februum
3380 5409 3570 5466 Sabinis
3606 5409 3788 5481 purga;

2211 5479 2435 5528 meritum,
2459 5477 2502 5519 et
2523 5471 2571 5520 in
2593 5469 2750 5521 sacris
2766 5469 2937 5521 nostris
2959 5469 3167 5521 verbum.
3191 5511 3201 5528 .

2275 5536 2294 5603 ξ
2316 5535 2387 5603 sic
2408 5546 2576 5603 omnes
2596 5534 2916 5603 manuscripti,
2940 5547 3140 5603 quorum
3173 5547 3299 5603 unus
3327 5543 3486 5585 tamen
3512 5537 3644 5600 Ioco,
3671 5554 3786 5601 prs.

2473 5593 3013 5665 nmium-aspicienda.
3039 5602 3092 5665 ᾼι
3127 5595 3260 5657 editi,
3285 5610 3473 5650 necesse
3501 5608 3570 5651 est
3602 5593 3649 5651 ut
3671 5593 3788 5655 'mc-

2211 5659 2381 5718 moria:
2404 5659 2670 5718 respicienti
2682 5659 2989 5717 prospiciens,
3007 5661 3102 5707 etc.

2297 5718 2347 5778 ιι)
2373 5716 2604 5766 Plutarch.
2631 5718 2676 5778 in
2701 5716 2857 5766 Numa.

2301 5779 2348 5841 ο)
2369 5778 2599 5829 Plutarch.
2617 5777 2730 5826 ibid.
