4064 6510
249 336 342 392 201

248 461 326 504 tes
353 465 572 518 versus,
607 460 664 507 et
695 451 958 506 introrsus
989 449 1054 504 ad
1085 448 1263 504 fauces
1295 449 1394 520 (ιι).
1429 447 1568 502 Ecce
1595 464 1701 518 quo
1729 463 1848 518 per-

245 543 436 597 ductus
471 551 564 596 est
599 543 836 597 mundus
867 551 1081 611 prepter
1108 539 1266 610 palati
1301 541 1464 594 nostri
1504 541 1844 608 vocabulum,

245 634 326 688 vel
355 647 624 704 grzecum,
677 634 760 688 vel
805 632 1269 708 poeticum._Quid
1307 643 1482 685 autem
1513 633 1612 686 hoc
1636 631 1702 684 ad
1730 633 1846 686 aui—

245 743 410 792 mam,
441 725 578 796 quid
609 725 677 780 ad
710 727 873 780 vitam
915 727 1206 780 retentam?
1235 726 1458 794 Propter
1486 725 1628 782 Solas
1656 725 1850 779 salivas

243 819 454 873 colatur
499 817 591 872 hic
619 817 776 882 deus,
827 815 1024 890 quibus
1071 817 1262 886 partim
1301 815 1606 886 glutiendis,
1657 816 1848 886 partim

243 908 600 978 exspuendis,
643 909 742 964 sub
769 909 906 964 cmlo
933 907 1094 976 palati
1123 916 1346 976 utraque
1389 907 1635 975 ιιισιιιιιίιιιι·
1663 906 1848 976 jauua.

243 1001 378 1072 Quid
405 1009 496 1058 est
541 1016 708 1071 porro
745 1001 1048 1068 absurdius,
1090 1016 1250 1070 quam
1278 999 1330 1054 iu
1363 1001 1478 1070 ipso
1509 999 1706 1054 mundo
1743 1015 1848 1053 non

245 1093 498 1148 invenire
526 1091 669 1146 duas
702 1091 897 1162 januas
932 1106 996 1148 ex
1027 1091 1255 1146 adverso
1293 1091 1446 1158 sitas,
1479 1107 1574 1160 per
1610 1106 1742 1161 quas
1767 1091 1850 1148 vel

245 1182 498 1238 admittat
527 1182 597 1236 ad
630 1197 688 1238 se
715 1182 914 1254 aliquid
957 1183 1120 1250 intro,
1167 1181 1252 1236 vel
1282 1183 1489 1236 emittat
1515 1197 1544 1234 a
1581 1197 1640 1236 se
1672 1181 1847 1248 foras;

244 1283 300 1328 et
340 1273 410 1328 de
451 1283 650 1328 nostro
685 1289 780 1328 ore
823 1281 880 1328 et
919 1283 1154 1343 gutture,
1184 1288 1410 1344 quorum
1443 1271 1848 1328 similitudinem

247 1365 484 1420 mundus
513 1379 627 1420 non
666 1364 848 1431 habet,
881 1365 1015 1419 velle
1043 1363 1224 1418 mundi
1264 1364 1606 1418 simulacrum
1627 1378 1849 1434 compo-

247 1473 374 1512 nere
405 1457 458 1511 in
481 1456 647 1524 Jano,
681 1466 902 1526 propter
927 1455 1100 1510 solum
1129 1455 1387 1525 palatum,
1419 1455 1574 1524 cujus
1605 1454 1852 1510 similitu-

247 1550 428 1604 dinem
457 1548 634 1604 Janus
656 1565 762 1602 non
789 1543 986 1602 habet?
1010 1543 1146 1600 Cum
1179 1561 1307 1601 vero
1325 1561 1446 1601 eum
1479 1545 1674 1600 faciunt
1717 1561 1850 1616 qua-

249 1637 577 1696 drifrontem
613 1649 667 1694 et
693 1639 884 1694 Jauum
922 1639 1190 1709 geminum
1224 1637 1514 1710 appellant,
1541 1637 1606 1700 ad
1629 1647 1854 1708 quatuor

249 1732 434 1788 mundi
459 1741 646 1803 partes
668 1730 768 1785 hoc
791 1731 1230 1802 interpretantur,
1256 1729 1406 1798 quasi
1426 1728 1626 1798 aliquid
1650 1737 1855 1798 spectet

249 1825 488 1882 mundus
519 1825 686 1890 foras,
709 1825 847 1880 sicut
873 1838 967 1894 per
993 1837 1180 1878 omnes
1209 1821 1373 1878 facies
1399 1821 1590 1894 Janus.
1623 1819 1849 1890 Deinde,

249 1920 294 1974 si
331 1919 510 1974 Janus
549 1927 636 1972 est
675 1916 929 1984 mundus,
975 1923 1031 1972 et
1073 1913 1304 1970 mundus
1351 1923 1580 1985 quatuor
1615 1911 1854 1984 partibus

249 2020 488 2074 constat,
519 2007 714 2064 falsum
742 2015 826 2062 est
868 2005 1212 2062 simulacrum
1253 2003 1374 2062 Jani
1404 2004 1649 2060 bifrontis
1675 2004 1692 2036 ί
1720 2021 1735 2059 :
1762 2013 1854 2060 aut

249 2104 295 2159 si
324 2111 616 2173 propterea
647 2115 830 2156 verum
857 2108 960 2163 cst,
1005 2100 1130 2170 quia
1173 2097 1333 2154 etiam
1374 2097 1594 2154 nomine
1621 2096 1854 2152 Orientis

250 2203 308 2250 et
341 2189 660 2249 Occidentis
699 2200 842 2246 totus
873 2189 1010 2246 solet
1043 2189 1274 2248 mundus
1309 2187 1551 2259 intelligi,
1597 2187 1854 2259 numquid

249 2301 376 2342 cum
421 2283 562 2340 duas
599 2293 779 2355 partes
807 2281 946 2338 alias
983 2283 1322 2338 nominamus
1350 2280 1756 2352 Septemtrionis
1799 2289 1856 2336 et

247 2375 462 2442 Austri,
505 2375 650 2430 sicut
689 2373 838 2428 illum
885 2371 1306 2443 quadrifrontem
1350 2369 1536 2426 dicunt
1583 2369 1854 2441 geminum

247 2467 472 2534 Janum,
495 2469 570 2522 ita
593 2465 878 2538 quisquam
899 2463 1172 2536 geminum
1191 2461 1430 2519 dicturus
1451 2471 1532 2520 est
1555 2461 1855 2518 mundum?

251 2561 372 2617 Non
401 2558 608 2614 habent
627 2558 848 2613 omnino
873 2555 1014 2612 unde
1029 2563 1256 2628 quatuor
1271 2555 1480 2626 januas,
1499 2571 1620 2626 qua:
1646 2555 1853 2612 intran-

249 2653 396 2707 tibus
423 2659 482 2706 et
507 2647 830 2706 exeuntibus
857 2655 1094 2718 pateant,
1127 2647 1549 2718 interpretentur
1573 2645 1641 2702 ad
1671 2646 1855 2702 mundi

247 2741 664 2798 sitnilitudiuem
686 2757 702 2808 ;
729 2739 868 2794 sicut
890 2738 959 2794 de
984 2737 1217 2794 bifronte
1238 2737 1380 2808 quod
1401 2735 1644 2794 dicerent
1663 2737 1854 2794 saltem

248 2837 302 2890 in
330 2850 432 2890 ore
467 2833 705 2889 hominis
731 2833 1082 2899 invenerunt;
1126 2831 1228 2886 nisi
1261 2829 1538 2900 Neptunus
1563 2829 1698 2886 forte
1723 2831 1853 2886 sub-

247 2927 436 2982 veniat
453 2935 510 2980 et
537 2925 775 2996 porrigat
809 2925 1030 2994 piscem,
1069 2923 1152 2978 cui
1185 2929 1384 2992 praeter
1423 2922 1627 2976 hiatum
1665 2923 1775 2976 oris
1801 2930 1856 2978 et

246 3020 488 3091 gutturis
511 3017 674 3074 etiam
702 3017 888 3072 dextra
915 3025 970 3072 et
993 3016 1213 3072 sinistra
1237 3015 1420 3070 fauces
1441 3025 1644 3086 patent.
1671 3015 1740 3070 Et
1774 3026 1855 3072 ta-

249 3129 376 3168 men
393 3112 536 3166 hanc
547 3110 834 3164 vanitatem
853 3123 950 3182 per
971 3117 1048 3164 tot
1071 3109 1264 3178 januas
1285 3109 1430 3163 nulla
1451 3107 1635 3180 eﬂ'ugit
1653 3109 1854 3178 anima,

251 3205 352 3258 nisi
383 3219 508 3274 qua:
539 3201 686 3258 audit
711 3200 1002 3256 Veritatem
1027 3199 1319 3268 dicentem,
1349 3199 1462 3272 Ego
1487 3216 1600 3256 sum
1615 3201 1784 3272 janua
1813 3201 1853 3256 ⁸.

249 3295 434 3364 (Joan.
465 3309 516 3360 x,
541 3293 622 3362 9).

251 3383 490 3441 CAPUT
529 3382 622 3438 IX.
648 3413 719 3422 —
739 3382 820 3437 De
844 3381 987 3438 locis
1017 3391 1278 3454 potestate,
1309 3389 1456 3454 atque
1483 3381 1715 3451 ejusdem
1740 3399 1856 3438 cum

727 3473 864 3528 Jano
890 3474 1284 3546 comparatione.

325 3567 382 3620 1.
427 3563 616 3620 Jovem
661 3573 862 3628 autem,
913 3565 1003 3634 qui
1047 3563 1209 3620 etiam
1254 3563 1464 3634 Jupiter
1512 3563 1708 3620 dicitur
1740 3565 1854 3638 (b),

248 3673 416 3727 quem
449 3657 614 3711 velint
661 3655 909 3726 intelligi,
937 3663 1232 3724 exponant.
1281 3655 1418 3710 Deus
1446 3663 1548 3722 est,
1589 3655 1854 3726 inquiunt,

249 3748 472 3802 habens
521 3755 836 3816 patestatem
884 3761 1192 3810 causarum,
1239 3745 1434 3816 quibus
1482 3745 1680 3816 aliquid
1717 3747 1772 3802 tit
1803 3748 1858 3804 in

249 3839 486 3894 mundo.
519 3838 628 3894 lloc
659 3854 818 3909 quam
851 3853 1100 3910 magnum
1132 3837 1222 3906 sit,
1251 3837 1618 3894 nobilissimus
1655 3837 1857 3911 Virgilii

249 3945 453 3987 versus
485 3929 574 3984 ille
597 3939 819 3984 testatur
848 3948 862 3984 :

313 4023 460 4072 Felix
485 4021 566 4084 qui
585 4022 736 4084 potuit
757 4034 924 4084 rerum
948 4033 1248 4084 cognoscere
1268 4033 1454 4084 causas.

863 4083 882 4145 (
905 4081 1074 4146 Georg.
1103 4081 1186 4132 lib.
1213 4083 1259 4144 2,
1287 4095 1411 4133 vers.
1429 4083 1582 4146 490.)

247 4166 368 4222 Sed
397 4181 500 4222 cur
525 4165 576 4222 ei
609 4165 938 4237 prteponitur
965 4165 1151 4233 Janus,
1175 4165 1278 4222 hoc
1311 4165 1464 4220 nobis
1495 4169 1579 4220 vir
1613 4166 1702 4222 ille
1726 4181 1853 4222 acu-

249 4259 504 4314 tissimus
532 4257 977 4326 doctissimusque
1013 4257 1350 4326 respondeat.
1399 4257 1654 4323 Quoniam
1707 4273 1856 4326 penes

245 4353 462 4407 Ianum
489 4395 504 4418 ,
553 4353 740 4422 inquit,
785 4359 900 4406 sunt
951 4351 1120 4422 prium
1141 4391 1159 4416 ,
1211 4365 1360 4418 penes
1415 4350 1590 4404 Jovem
1637 4367 1852 4404 summa.

249 4444 452 4500 Merito
495 4459 614 4514 ergo
659 4457 748 4496 rea:
789 4443 1014 4496 omnium
1050 4440 1256 4512 Jupiter
1276 4441 1501 4494 habetur.
1525 4440 1706 4494 Prima
1723 4443 1858 4494 enim

243 4539 536 4592 vincuntur
595 4549 626 4586 α
673 4535 884 4588 summis
936 4549 955 4586 :
1021 4533 1140 4604 quia
1183 4531 1294 4586 licet
1345 4533 1508 4603 prima
1572 4533 1858 4601 prwcedant

247 4641 514 4696 tempore,
552 4641 748 4681 summa
793 4634 1032 4696 superant
1086 4624 1349 4694 dignitate.
1401 4623 1510 4679 Sed
1564 4631 1709 4678 recte
1753 4621 1858 4678 hoc

245 4721 558 4784 diceretur,
577 4719 620 4772 si
639 4717 894 4772 factorum
914 4717 1083 4786 prima
1103 4715 1535 4770 discernerentur
1553 4725 1602 4770 et
1626 4729 1856 4770 summa:

246 4813 408 4868 sicut
432 4809 642 4863 initium
675 4809 798 4864 facti
823 4817 906 4863 est
933 4809 1217 4878 proﬁcisci,
1245 4823 1510 4862 summum
1541 4807 1855 4877 pet-venir»;

245 4903 482 4958 initium
523 4899 648 4956 facti
687 4900 942 4970 incmptio
988 4899 1251 4966 discendi,
1277 4913 1544 4954 summum
1589 4897 1858 4968 perceptio

243 4993 562 5052 doctrinm:
601 5005 664 5048 ac
691 4991 770 5047 sic
795 4992 848 5046 in
877 4991 1124 5045 omnibus
1155 4990 1322 5060 prima
1351 4997 1474 5043 sunt
1502 4989 1672 5054 initia,
1708 5003 1856 5043 sum-

243 5089 452 5156 mique
491 5093 616 5138 sunt
637 5086 659 5116 '
699 5085 853 5138 fines.
889 5081 992 5139 Sed
1017 5082 1127 5153 jam
1157 5083 1260 5137 hoc
1289 5083 1560 5152 negotium
1595 5082 1733 5136 inter
1765 5081 1860 5137 Ja-

245 5194 402 5236 num
423 5177 840 5248 Terminumque
867 5177 1170 5233 discussum
1195 5185 1298 5230 est.
1323 5174 1511 5231 Causa:
1532 5185 1712 5231 autem
1743 5193 1862 5246 qua:

243 5273 470 5328 dantur
491 5269 630 5338 Jovi,
671 5269 960 5324 efficientia
985 5275 1130 5333 sunt,
1165 5281 1268 5321 non
1303 5265 1492 5322 effecta
1520 5284 1533 5320 :
1561 5281 1734 5336 neque
1755 5266 1882 5321 ullo

323 5383 502 5450 3__Editi_
537 5388 662 5450 post,
683 5381 796 5432 Jani
817 5379 1053 5450 bifrontis,
1076 5379 1274 5450 addunt,
1290 5379 1416 5450 quia
1447 5386 1610 5450 {imus
1620 5377 1714 5450 etsi
1747 5391 1866 5450 qua:

245 5446 461 5508 drifons
485 5439 674 5508 legitur,
689 5439 932 5508 nunquam
951 5439 1108 5494 tanien
1123 5439 1439 5504 quadrijanus
1455 5439 1690 5492 invenitur
1703 5453 1722 5504 ;
1736 5439 1864 5505 quod

243 5524 280 5560 a
307 5507 662 5569 nianuscriptis
673 5507 832 5569 abest.

325 5575 350 5602 ³
379 5571 452 5618 sic
473 5567 580 5618 Mssl
604 5567 722 5617 [aliti
739 5579 880 5624 vero,
903 5577 1182 5629 summaque
1204 5571 1330 5615 sunt.

351 5651 411 5710 α)
437 5649 534 5699 Vid.
555 5649 758 5698 Ennium
769 5647 902 5710 apud
925 5649 1222 5710 ciceronem,
1239 5646 1324 5696 lib.
1348 5647 1380 5696 2
1395 5647 1458 5698 de
1477 5653 1576 5696 Nat.
1602 5646 1738 5710 deor.

351 5665 390 5700 α
437 5651 534 5699 Vid.
555 5651 758 5698 Ennium
778 5651 902 5710 apud
925 5651 1222 5706 Ciceronem,
1241 5651 1324 5696 lib.
1348 5651 1380 5696 2
1395 5651 1458 5698 de
1477 5653 1576 5696 Nat.
1602 5651 1738 5698 deor.

325 5651 411 5774 ἱενῖ
441 5712 570 5762 Joeis
589 5717 636 5762 et
659 5709 850 5774 Jupiter
873 5709 1076 5774 perinde
1096 5711 1144 5757 in
1167 5717 1302 5774 recto
1323 5711 1610 5774 dicebatur:
1638 5709 1726 5774 sed
1749 5721 1867 5758 usus

249 5769 469 5827 densum
491 5769 792 5833 obtmu1t,‘ut
815 5773 864 5821 in
875 5769 1074 5833 obliquo
1087 5770 1234 5830 Jovis,
1251 5771 1301 5820 in
1324 5779 1459 5823 recte
1477 5771 1661 5835 Jupiter
1677 5771 1870 5822 dicere-

255 5847 346 5888 tur
357 5880 364 5885 .

515 5925 744 5985 Sssur.
801 5923 1076 5981 At'otrsr.
1123 5919 1259 5980 Vll.

1571 332 1770 388 LIBER
1806 331 2162 390 SEPTIMUS.

3439 341 3546 396 90‘}.

1957 447 2116 500 modo
2143 447 2258 503 fieri
2289 457 2486 519 potest,
2509 459 2566 506 ut
2585 449 2669 506 vel
2703 457 2941 524 tempore
2964 451 3355 524 prtuveuiantur
3383 467 3416 510 a
3463 455 3515 508 fa
3535 483 3548 494 -

1957 539 2057 592 etis
2083 539 2314 596 initiisve
2335 541 3008 612 factorum.Sempercnim
3035 545 3179 613 prior
3204 554 3286 600 est
3313 561 3399 600 res
3424 561 3544 616 quae

1959 629 2099 692 facit,
2126 645 2282 700 quam
2311 631 2398 684 illa
2428 647 2546 702 qua:
2569 631 2644 685 fit.
2673 631 3011 703 Quapropter
3039 635 3084 688 si
3107 633 3171 689 ad
3205 634 3396 689 Janum
3421 650 3547 705 per-

1959 719 2127 774 tinent
2157 719 2306 776 initia
2335 721 2620 790 laetorum,
2649 737 2756 776 non
2788 723 2909 778 ideo
2937 726 3115 794 priora
3153 737 3278 780 sunt
3305 727 3548 782 efficien-

1958 810 2100 865 tibus
2120 812 2320 879 eausis,
2349 827 2480 882 quas
2505 812 2626 868 Jovi
2659 813 2916 868 tribuunt.
2954 817 3104 871 Sicut
3129 817 3276 871 enim
3302 817 3436 872 nihil
3465 817 3546 885 tit,

1955 897 2028 956 ita
2074 901 2203 956 nihil
2236 903 2515 959 inchoatur
2561 913 2617 959 ut
2659 903 2768 969 fiat,
2801 903 2942 976 quod
2987 923 3090 964 non
3139 909 3340 966 faciens
3380 927 3545 968 causa

1957 995 2310 1061 praecesserit.
2343 991 2495 1049 llunc
2521 1009 2651 1050 sane
2688 993 2867 1064 deum,
2899 1013 3062 1067 penes
3089 1011 3244 1070 quem
3275 1011 3398 1056 sunt
3425 1017 3548 1058 om-

1958 1101 2053 1140 nes
2079 1097 2256 1142 causaa
2283 1085 2544 1142 factarum
2572 1087 2810 1142 omnium
2849 1098 3156 1146 naturarum
3190 1094 3546 1149 naturalium-

1955 1187 2056 1246 que
2079 1193 2280 1244 rerum,
2314 1179 2360 1232 si
2386 1178 2570 1234 Jovem
2601 1179 2780 1250 pepuli
2804 1179 3094 1250 appellant,
3125 1191 3180 1238 et
3214 1185 3376 1240 tantis
3411 1201 3546 1240 con-

1958 1267 2190 1325 tumeliis
2237 1279 2450 1342 tamque
2497 1273 2741 1331 scelestis
2794 1275 3258 1336 criminationibus
3307 1281 3490 1336 colunt
3524 1321 3542 1345 ,

1957 1363 2175 1420 tetriore
2196 1363 2478 1436 sacrilegio
2504 1381 2624 1424 sese
2654 1367 3017 1441 obstringunt,
3057 1387 3216 1442 quam
3253 1375 3296 1428 si
3327 1389 3538 1444 prorsus

1956 1453 2159 1509 nullum
2189 1466 2439 1526 putarent
2481 1457 2660 1514 deum.
2693 1455 2848 1517 Unde
2887 1463 3057 1517 satius
3081 1471 3224 1518 esset
3264 1461 3344 1522 eis
3383 1465 3542 1521 alium

1955 1547 2186 1618 aliquem
2234 1547 2380 1604 Jovis
2422 1551 2641 1607 nomine
2685 1568 3016 1626 nuncupare,
3049 1555 3268 1626 dignum
3309 1555 3545 1626 turpibus

1957 1647 2011 1692 ct
2037 1638 2311 1709 ﬂagitiosis
2343 1639 2656 1706 honoribus,
2683 1645 2958 1714 suppOsito
2979 1659 3115 1700 vano
3138 1643 3388 1716 figmento
3408 1647 3550 1716 quod

1956 1729 2132 1800 potius
2152 1728 2590 1800 hlasphemarent
2604 1733 3004 1804 (sieutSaturno
3022 1735 3216 1790 dicitur
3243 1737 3550 1806 SlepOslittb

1957 1819 2112 1890 lapis,
2145 1835 2306 1890 quem
2353 1836 2452 1892 pro
2495 1823 2603 1877 tilio
2629 1824 2954 1896 devoraret),
2987 1842 3146 1898 quam
3189 1828 3348 1881 istum
3389 1827 3550 1882 deum

1956 1909 2135 1966 dicere
2165 1919 2220 1966 et
2249 1919 2522 1968 tonantem
2551 1921 2607 1969 et
2643 1913 3054 1983 adulterantem,
3090 1924 3144 1970 et
3185 1925 3352 1970 totum
3394 1932 3548 1971 mune

1957 2000 2080 2056 dum
2111 2012 2381 2074 regentem
2411 2013 2463 2060 et
2485 2017 2582 2076 per
2611 2015 2687 2060 tot
2711 2015 2894 2077 stupra
2919 2007 3272 2076 difﬂuentem,
3303 2015 3356 2066 et
3387 2021 3548 2066 natu-

1957 2109 2138 2150 rarum
2163 2095 2399 2152 omnium
2428 2097 2855 2170 naturaliumque
2885 2115 3066 2156 rerum
3094 2116 3284 2156 causas
3309 2117 3549 2159 summas

1959 2185 2244 2244 habentem
2271 2197 2326 2242 et
2349 2203 2477 2244 suas
2509 2205 2698 2246 causas
2719 2191 2886 2247 bonas
2913 2209 3018 2248 non
3043 2189 3350 2250 habentem.

2027 2278 2082 2334 2.
2125 2275 2327 2336 Deinde
2354 2297 2557 2352 quaero,
2591 2299 2748 2352 quem
2772 2277 2882 2355 jam
2907 2286 3081 2342 locum
3113 2287 3250 2344 inter
3273 2283 3404 2344 deos
3425 2287 3551 2346 huic

1955 2361 2074 2426 Jovi
2102 2371 2358 2438 tribuant,
2390 2373 2434 2426 si
2463 2372 2632 2428 Janus
2657 2383 2739 2429 est
2765 2375 3020 2432 mundus.
3057 2378 3194 2432 Deos
3219 2379 3364 2434 enim
3395 2395 3550 2436 veros

1960 2462 2193 2518 animam
2217 2463 2403 2518 mundi
2431 2477 2496 2519 ac
2525 2475 2706 2534 partes
2735 2466 2852 2537 ejus
2879 2467 2980 2526 iste
3019 2467 3260 2524 definivit
3305 2487 3320 2524 :
3363 2486 3428 2527 ac
3457 2483 3552 2542 per

1959 2553 2061 2608 hoc
2087 2553 2344 2625 quidquid
2373 2555 2474 2610 hoc
2499 2569 2608 2610 non
2638 2565 2740 2620 est,
2779 2571 2888 2614 non
2925 2568 3008 2614 est
3041 2566 3226 2630 utique
3253 2562 3549 2618 Secundum

1958 2645 2094 2700 istos
2118 2659 2280 2702 verus
2307 2645 2464 2702 deus.
2515 2645 2653 2702 Num
2697 2648 2856 2720 igitur
2885 2649 2954 2704 ita
2981 2649 3174 2706 dicturi
3203 2663 3327 2708 sunt
3360 2651 3550 2708 Jovem

1957 2737 2193 2792 animam
2232 2737 2440 2802 mundi,
2473 2746 2530 2792 ut
2563 2738 2729 2794 Janus
2755 2741 2826 2794 sit
2849 2755 3044 2811 corpus
3073 2742 3210 2812 ejus,
3254 2742 3304 2798 id
3337 2753 3418 2798 e.-t
3450 2745 3552 2802 iste

1957 2828 2186 2884 visibilis
2215 2827 2476 2884 mundus?
2498 2829 2612 2886 Hoc
2637 2831 2682 2886 si
2705 2830 2907 2896 dicunt,
2933 2848 3036 2886 non
3065 2833 3166 2888 erit
3195 2835 3548 2903 quemadmo-

1957 2919 2084 2976 dum
2109 2919 2300 2976 Jauum
2321 2919 2482 2978 deum
2503 2921 2716 2988 dicant;
2741 2924 2992 2994 quoniam
3021 2923 3203 2980 mundi
3229 2939 3423 2996 corpus
3444 2942 3550 2984 non

1959 3023 2042 3070 est
2068 3015 2202 3072 deus
2229 3015 2316 3072 vel
2359 3015 2652 3072 secundum
2697 3017 2862 3086 ipsos,
2911 3016 3004 3070 sed
3047 3015 3226 3072 anima
3273 3018 3456 3074 inundi
3486 3035 3551 3076 ac

1957 3117 2138 3179 partes
2163 3107 2298 3178 ejus.
2350 3108 2502 3164 Unde
2541 3109 2878 3179 apertissime
2938 3107 3080 3164 idem
3129 3109 3278 3175 dicit,
3306 3109 3464 3165 deum
3491 3125 3552 3166 se

1957 3201 2202 3256 arbitrari
2231 3215 2350 3256 esse
2389 3199 2625 3254 animam
2655 3201 2862 3265 mundi,
2906 3210 2959 3254 et
2999 3201 3142 3256 hunc
3171 3202 3344 3272 ipsum
3389 3219 3550 3258 tuna-

1959 3291 2084 3348 dum
2115 3305 2234 3348 esse
2262 3289 2422 3346 deum
2446 3306 2462 3344 :
2489 3289 2586 3346 sed
2611 3291 2748 3346 sicut
2773 3291 3042 3346 hominem
3071 3302 3390 3362 sapientem,
3425 3309 3548 3350 cum

1959 3385 2028 3442 sit
2048 3401 2112 3441 ex
2136 3384 2315 3440 animo
2344 3391 2400 3439 et
2425 3397 2674 3452 corpore,
2701 3391 2876 3438 tamen
2909 3397 2974 3438 ex
3005 3382 3184 3438 animo
3213 3383 3316 3440 dici
3339 3384 3554 3454 sapien-

1962 3487 2102 3542 tem;
2153 3477 2224 3531 ita
2269 3475 2524 3530 mundum
2567 3475 2724 3530 deum
2767 3473 2870 3528 dici
2897 3475 2964 3530 ab
2993 3475 3190 3539 animo,
3234 3491 3354 3530 cum
3385 3481 3455 3532 sit
3483 3495 3548 3534 ex

1959 3571 2139 3624 animo
2179 3579 2234 3626 et
2275 3583 2522 3638 corpore.
2562 3567 2746 3622 Solum
2777 3567 2954 3638 itaque
2997 3567 3178 3622 tuundi
3219 3583 3414 3636 corpus
3440 3585 3548 3624 non

1960 3671 2043 3718 est
2067 3661 2232 3716 deus:
2265 3659 2358 3716 sed
2389 3670 2481 3714 aut
2506 3657 2622 3712 sola
2659 3659 2837 3713 anima
2865 3659 3002 3726 ejus,
3030 3667 3122 3712 aut
3157 3659 3316 3714 simul
3351 3675 3550 3730 corpus

1959 3765 2014 3810 et
2040 3754 2284 3816 animus;
2318 3753 2388 3806 ita
2426 3763 2602 3806 tamen
2635 3760 2694 3804 ut
2733 3766 2837 3804 non
2867 3752 2940 3832 sit
2978 3765 3007 3804 a
3054 3765 3296 3820 corpore,
3343 3753 3438 3807 sed
3479 3755 3550 3808 ab

1959 3847 2140 3900 animo
2185 3844 2338 3900 deus.
2371 3844 2426 3899 Si
2459 3859 2588 3914 ergo
2616 3843 2782 3898 Janus
2823 3851 2906 3898 est
2935 3842 3184 3910 mundus,
3223 3853 3278 3898 et
3304 3843 3438 3902 deus
3466 3858 3552 3904 est

1959 3943 2147 4008 Janus,
2177 3939 2432 4010 numquid
2469 3939 2655 3995 Jovem
2687 3947 2743 3992 ιιι
2781 3927 2914 3992 deus
2941 3951 3064 3992 esse
3097 3938 3282 4006 possit,
3315 3939 3548 4010 aliquam

1961 4045 2166 4106 partem
2197 4033 2314 4088 Jani
2357 4047 2478 4090 esse
2503 4031 2693 4086 dicturi
2722 4031 2883 4106 sunt?
2907 4029 3074 4100 Magis
3100 4030 3241 4084 enim
3277 4029 3392 4086 Jovi
3433 4035 3552 4088 uui-

1961 4139 2176 4182 versum
2201 4123 2375 4180 solent
2397 4121 2666 4178 tribuere:
2697 4119 2838 4176 unde
2863 4129 2966 4186 est,

2669 4235 2800 4284 Jovis
2821 4235 2984 4284 omnia
3006 4235 3150 4296 plena
3177 4233 3268 4298 (η).

1963 4341 2104 4414 Ergo
2131 4351 2182 4397 et
2211 4341 2420 4406 Jovem,
2453 4349 2511 4394 ut
2547 4339 2679 4394 deus
2711 4341 2796 4402 sit,
2827 4349 2881 4393 et
2907 4339 3135 4394 maxime
3169 4353 3262 4393 rex
3303 4339 3544 4406 deorum,

1963 4449 2069 4490 non
2099 4435 2258 4488 alium
2287 4439 2508 4502 possunt
2529 4431 2838 4487 existimare
2864 4445 3023 4499 quam
3047 4429 3338 4494 mundum;
3373 4441 3428 4484 ut
3447 4431 3552 4486 diis

1959 4525 2171 4580 c:rteris
2197 4523 2488 4578 secundum
2521 4521 2652 4577 istos
2683 4522 2792 4576 suis
2823 4520 3062 4589 partibus
3093 4530 3300 4590 regnet.
3329 4521 3385 4576 lu
3413 4521 3550 4578 hanc

1962 4617 2282 4673 sententiam
2316 4615 2478 4668 etiam
2517 4614 2776 4684 quosdam
2813 4627 3002 4668 versus
3029 4611 3227 4668 Valerii
3253 4613 3440 4670 Sorani
3474 4615 3552 4689 (b)

1962 4707 2180 4777 exponit
2221 4705 2360 4760 idem
2390 4703 2578 4768 Varro,
2624 4705 2674 4757 in
2731 4717 2796 4758 eo
2829 4701 2966 4759 libro
2994 4719 3154 4772 quem
3201 4719 3443 4760 seorsum
3485 4709 3553 4762 ab

1963 4799 2080 4852 istis
2105 4797 2170 4851 de
2201 4797 2344 4850 cultu
2374 4795 2596 4850 deorum
2627 4795 2876 4864 scripsit;
2906 4795 2994 4865 qui
3017 4811 3204 4850 versus
3235 4797 3285 4850 hi
3313 4807 3435 4852 sunt
3461 4815 3478 4830 ο

2025 4909 2240 4970 luppiter
2263 4907 2586 4970 onmipoleus,
2605 4919 2780 4970 regum
2801 4915 3064 4970 rerumque
3087 4907 3334 4969 deumque
3357 4909 3371 4938 ί

2025 4968 2323 5032 brings-nitor,
2349 4969 2664 5032 genitrixque
2681 4969 2847 5029 deum,
2869 4968 2996 5018 deus
3017 4981 3160 5028 unus,
3186 4977 3236 5018 ct
3257 4968 3446 5017 Omnes.
3515 4999 3522 5006 ι

1967 5073 2315 5142 Exponuatur
2339 5079 2514 5124 autem
2545 5071 2598 5125 in
2626 5071 2816 5125 eodem
2845 5070 2998 5136 libro,
3029 5069 3097 5123 ita
3122 5079 3175 5122 ut
3199 5083 3322 5121 eum
3347 5071 3548 5126 marem

1965 5157 2479 5230 cxisthnarentfqui
2512 5175 2694 5216 semen
2721 5161 3009 5224 emitteret,
3044 5159 3292 5212 feminam
3323 5175 3440 5230 qum
3461 5175 3570 5234 ac:

1967 5255 2204 5324 riperct;
2233 5252 2528 5322 Jovemque
2552 5265 2672 5308 esse
2698 5251 2974 5315 mundum,
3004 5257 3058 5304 et
3095 5263 3216 5303 eum
3258 5251 3552 5308 omniase-

1967 5347 2108 5401 ntina
2131 5361 2198 5400 ex
2235 5359 2294 5400 se
2319 5343 2591 5412 emittere,
2615 5351 2672 5398 et
2711 5341 2762 5398 in
2791 5355 2850 5396 se
2885 5339 3160 5410 recipere:
3213 5339 3327 5406 Qua
3380 5358 3555 5412 causa,

2033 5463 2048 5491 ι
2077 5459 2209 5508 vind.
2235 5467 2335 5506 Am.
2363 5465 2412 5507 et
2429 5463 2524 5516 Er.,
2548 5469 2714 5519 regimt
2737 5465 2828 5505 rea:
2849 5455 2948 5519 ipse
2972 5454 3188 5519 deusque

2033 5522 2107 5584 (α)
2131 5529 2263 5584 [tunc
2283 5533 2482 5569 versum
2505 5517 2730 5584 Virgilius
2754 5519 2800 5566 in
2825 5517 2996 5584 I-lcloga
3012 5518 3062 5584 5,
3081 5517 3194 5584 vers
3231 5517 3312 5579 60,
3333 5532 3396 5569 ex
3425 5523 3557 5581 prin-

1968 5577 2101 5650 cipio
2117 5583 2546 5650 thuqmenorum
2571 5577 2692 5650 Αἰτιιί
2711 5577 2978 5650 transtulii.
3012 5577 3140 5650 Dixit
3159 5593 3277 5650 vero
3295 5577 3462 5650 aratos
3477 5589 3562 5630 Jo-

1970 5642 2038 5695 eis
2052 5643 2214 5693 omnia
2229 5643 2370 5704 plena
2389 5655 2520 5700 esse,
2542 5655 2604 5690 ex
2629 5643 2890 5704 Stoicorum
2903 5649 3091 5700 mente,
3111 5643 3194 5704 qui
3218 5642 3560 5704 intelligobant

1972 5709 2180 5756 animam
2206 5703 2370 5754 mundi
2391 5705 2672 5766 universum
2693 5703 2782 5752 hoc
2804 5715 3080 5766 permeare.
3109 5703 3341 5766 liaacnen.

2038 5767 2434 5876 gustu-9,
2461 5763 2543 5815 lib.
2561 5765 2592 5814 3
2614 5763 2676 5813 tlc
2700 5763 2849 5828 Orﬁti,
2868 5777 2972 5828 cap.
3005 5767 3087 5828 ll;
3113 5765 3250 5824 l‘lin.,
3291 5764 3375 5814 lib.
3394 5766 3560 5816 Stlist.

1971 5839 2090 5890 naL,
2117 5841 2220 5891 cap.
2240 5830 2288 5890 5,
2307 5830 2368 5875 al.
2396 5830 2444 5876 9.

2943 5997 2950 6002 _
2993 5912 3236 5990 (θερί.)
