4064 6518
514 353 624 407 205

512 468 700 543 inquit,
749 464 948 535 scripsit
995 463 1245 528 Soranus,
1292 458 1495 530 Jupiter
1519 458 1808 529 progenitor
1838 457 2084 531 genitriat-

513 583 608 635 quc
628 577 648 618 :
688 577 781 618 nec
807 561 972 615 minus
1001 573 1114 611 cum
1150 571 1303 609 causa
1330 569 1488 607 unum
1518 561 1563 606 et
1592 552 1762 606 omnia
1792 551 1924 608 idem
1951 568 2054 606 esse
2070 568 2091 615 ,°

514 655 733 712 nm‘ndus
759 653 891 708 enim
918 666 1069 716 unus,
1102 657 1147 703 et
1171 647 1225 701 in
1253 662 1310 700 eo
1338 662 1438 700 uno
1466 645 1634 699 omnia
1661 652 1797 699 sunt.

562 747 792 805 CAPUT
829 743 899 800 Χ.
929 773 1001 784 —-
1029 741 1106 795 An
1134 739 1259 794 lani
1287 748 1333 793 et
1358 734 1501 793 locis
1528 747 1664 793 recta
1693 735 1925 793 discretio
1945 735 2030 790 sit.

574 864 717 918 Cum
753 873 881 929 ergo
905 866 959 911 et
994 855 1160 910 Janus
1210 851 1438 907 mundus
1487 851 1578 917 sit,
1616 857 1671 905 et
1697 849 1905 920 Jupiter
1937 863 2096 903 mun-

516 957 613 1010 dus
654 954 746 1017 sit,
777 963 1018 1020 unusque
1063 948 1133 1002 sit
1174 945 1421 1009 mundus,
1466 957 1633 1014 quare
1656 941 1763 997 duo
1804 940 1877 996 dii
1924 946 2091 1006 sunt,

506 1048 682 1102 ‘Janus
709 1053 763 1099 et
780 1039 1026 1111 Jupiter?
1054 1052 1217 1108 quare
1245 1049 1461 1091 seorsus
1481 1033 1680 1090 habent
1699 1032 1915 1103 templa,
1941 1045 2094 1085 seor-

514 1154 607 1194 sus
645 1149 807 1202 aras,
860 1132 1068 1189 diversa
1116 1143 1268 1183 sacra
1292 1168 1309 1193 ,
1350 1125 1624 1180 dissimilia
1668 1119 1992 1178 simulacra?
2036 1117 2095 1175 Si

516 1237 797 1301 propterea
829 1221 970 1295 quod
992 1221 1093 1275 alia
1113 1222 1196 1274 vis
1220 1226 1303 1273 est
1317 1215 1761 1288 primordiorum,
1776 1214 1887 1268 alia
1908 1227 2095 1268 cansa-

511 1337 658 1388 rum,
693 1327 749 1374 et
777 1316 867 1372 illa
893 1313 1033 1378 iani,
1064 1313 1152 1367 illa
1172 1310 1318 1366 Jovis
1348 1324 1540 1365 nomen
1575 1308 1813 1379 accepit;
1842 1304 2094 1376 numquid

516 1416 561 1470 si
586 1427 723 1468 unus
743 1410 906 1464 homo
926 1407 977 1462 in
1005 1402 1230 1459 diversis
1254 1401 1416 1457 rebus
1441 1400 1574 1455 duas
1593 1398 1787 1454 habeat
1806 1404 2095 1468 potestates

512 1515 608 1561 aut
633 1503 767 1559 duas
790 1508 956 1563 artes,
986 1496 1109 1567 quia
1132 1494 1458 1564 singularum
1493 1491 1701 1546 diversa
1732 1489 1814 1544 vis
1841 1498 1943 1556 est,
1975 1486 2096 1543 ideo

518 1596 627 1649 duo
648 1590 854 1662 judices
881 1596 973 1642 aut
1013 1586 1119 1640 duo
1152 1584 1406 1639 dicuntur
1442 1580 1715 1636 artiﬁces?
1756 1577 1842 1637 Sic
1884 1593 2011 1648 ergo
2043 1584 2098 1631 et

508 1701 654 1741 unus
688 1683 848 1744 Deus,
886 1693 1006 1734 cum
1047 1677 1160 1745 ipse
1204 1674 1397 1728 habeat
1436 1680 1753 1743 potestatem
1779 1667 2097 1740 primordio-

512 1758 656 1838 vum,
689 1774 802 1843 ipse
840 1781 1140 1832 causarum,
1162 1780 1297 1819 num
1325 1774 1604 1832 propterea
1635 1761 1783 1814 illum
1810 1760 1943 1813 duos
1966 1756 2098 1812 deos

497 1881 636 1923 rsse
663 1876 882 1918 necesse
904 1867 988 1915 est
1019 1855 1212 1929 putari,
1234 1854 1357 1924 quia
1388 1850 1679 1924 primordia
1704 1864 1984 1917 causmque
2013 1864 2096 1902 res

501 1957 636 2010 «inte
661 1951 825 2009 sunt?
861 1948 1012 2018 Quod
1041 1947 1086 2001 si
1118 1946 1218 2000 hoc
1244 1944 1446 2016 justum
1486 1950 1694 2014 putant,
1725 1941 1884 1997 etiam
1922 1940 2094 2009 ipsum

518 2047 703 2099 Jovem
738 2052 814 2096 tot
837 2040 968 2095 deos
1005 2052 1125 2093 esse
1159 2036 1357 2098 dicant,
1395 2041 1653 2104 quotquot
1690 2031 1738 2086 ei
1780 2031 2096 2100 cognomina

520 2145 734 2205 propter
774 2132 965 2186 multas
1011 2135 1303 2198 potestates
1349 2122 1658 2179 dederunt:
1709 2122 1957 2191 quoniam
2013 2137 2098 2175 res

508 2240 727 2286 sunncs,
749 2237 815 2277 ex
837 2220 1028 2291 quibus
1050 2217 1139 2272 illa
1160 2214 1473 2287 cognomina
1496 2225 1617 2269 sunt
1638 2211 1893 2277 adhibita,
1920 2213 2098 2266 nmine

512 2300 678 2386 atque
719 2312 944 2368 diversa:
987 2318 1149 2372 sunt;
1192 2324 1256 2363 ex
1288 2306 1479 2378 quibus
1524 2319 1688 2375 pauca
1715 2317 2095 2358 commemoro.

508 2450 743 2508 (JAPUT
781 2443 1066 2505 XL—De
1099 2442 1477 2515 cognominibus
1516 2440 1687 2503 lovis,
1733 2455 1848 2509 qm:
1889 2456 1990 2493 non
2031 2439 2099 2494 ad

555 2543 743 2600 annuos
774 2541 895 2595 deos
917 2580 933 2603 ,
966 2540 1055 2593 sed
1084 2538 1153 2591 ad
1194 2552 1353 2591 unum
1389 2534 1713 2603 eamdemque
1739 2534 2041 2602 referuntur.

588 2675 846 2731 Dixerunt
889 2685 1010 2726 cum
1072 2664 1380 2731 Victorem,
1433 2665 1722 2729 Invictum,
1773 2662 2043 2733 Opitulnm
2077 2703 2092 2726 ,

520 2764 865 2837 impulsorem
886 2803 902 2828 ,
930 2760 1194 2817 Statorem
1220 2800 1236 2826 ,
1280 2756 1694 2827 Ccntumpedam
1714 2797 1730 2823 ,
1770 2753 2097 2824 Supinalem,

514 2856 807 2929 Tigiilum,
874 2852 1087 2908 Almum
1121 2890 1137 2916 ,
1198 2851 1252 2913 ‘,
1307 2847 1637 2910 fluminum,
1702 2856 1761 2901 et
1816 2846 1919 2900 alia
1982 2860 2101 2915 qua:

518 2945 765 3016 persequi
831 2945 1044 3014 longum
1097 2948 1180 2997 est
1243 2936 1339 3009 (α).
1385 2937 1511 2993 Haec
1559 2947 1735 2992 autem
1786 2937 2099 3006 cognomina

518 3041 883 3108 imposuerunt
920 3033 1010 3088 uni
1056 3030 1158 3086 deo
1209 3037 1425 3099 propter
1464 3041 1653 3083 causas
1709 3034 2103 3097 potestatesque

516 3129 786 3192 diversas,
832 3141 937 3181 non
981 3134 1156 3179 tamen
1193 3129 1409 3193 pr0ptcr
1452 3129 1530 3175 tot
1572 3134 1658 3175 res
1686 3120 1845 3175 etiam
1872 3126 1951 3174 tot
1972 3117 2102 3174 deos

511 3224 640 3275 cum
683 3232 803 3275 esse
868 3224 1199 3288 coegerunt:
1245 3211 1387 3284 quod
1431 3212 1607 3268 omnia
1647 3210 1915 3276 vinceret,
1960 3210 2101 3282 quod

508 3330 547 3368 τι
578 3313 790 3369 nemine
810 3311 1145 3374 vinceretur,
1174 3305 1315 3377 quod
1340 3319 1496 3375 opem
1527 3303 1889 3375 indigentibus
1914 3302 2098 3371 ferret,

517 3407 659 3479 quod
716 3406 936 3460 haberet
991 3397 1331 3471 impellendi,
1389 3396 1690 3459 statuendi,
1759 3393 2096 3460 stabiliendi,

520 3495 861 3570 resupinandi
893 3499 1209 3564 potestatem
1228 3531 1244 3556 ,
1280 3487 1420 3559 quod
1447 3495 1695 3556 tanquam
1725 3486 1921 3556 tigiiius
1946 3501 2102 3540 mun-

518 3589 646 3644 dum
684 3587 981 3643 contineret
1017 3597 1080 3637 ac
1123 3579 1449 3644 sustineret,
1494 3576 1635 3647 quod
1664 3618 1669 3622 .
1697 3576 1865 3631 aleret
1903 3576 2101 3643 omnia,

517 3680 662 3751 quod
701 3694 885 3744 ruma,
934 3674 986 3731 id
1038 3683 1121 3731 est
1174 3685 1441 3736 mamma,
1501 3668 1672 3725 aleret
1721 3668 1991 3724 animalia.
2032 3656 2096 3725 in

525 3771 643 3837 his,
692 3779 752 3824 ut
795 3767 1151 3831 advertimus,
1205 3762 1449 3832 quaedam
1502 3775 1689 3831 magna
1747 3769 1909 3826 sunt,
1953 3775 2103 3830 quar-

519 3860 643 3915 dam
695 3858 922 3928 exigua;
970 3864 1025 3910 et
1076 3862 1252 3909 tamen
1300 3866 1441 3906 unus
1494 3858 1715 3919 utraque
1766 3848 1939 3904 facere
1978 3864 2102 3919 per-

516 3950 754 4006 hibetur.
814 3949 948 4003 Puto
994 3946 1133 4001 inter
1187 3959 1247 3999 se
1303 3939 1680 4013 propiuquiora
1740 3955 1860 3996 esse
1912 3955 2102 3996 causas

521 4057 701 4098 rerum
754 4049 913 4111 atque
966 4034 1290 4109 primordia,
1346 4041 1563 4103 propter
1611 4046 1743 4102 quas
1793 4048 1876 4085 res
1941 4045 2101 4087 unum

522 4133 778 4189 mundum
835 4131 971 4185 duos
1013 4129 1144 4186 deos
1185 4140 1307 4181 esse
1361 4123 1679 4184 voluerunt.
1733 4122 1916 4177 Jovem
1946 4131 2104 4191 atque

519 4226 747 4288 Janum,
789 4235 953 4292 quam
1006 4218 1283 4274 continere
1329 4213 1582 4270 mundum
1647 4215 1667 4245 ²
1724 4222 1780 4268 et
1819 4204 2104 4267 mammam

524 4319 654 4374 dare
723 4312 1076 4371 animalibus:
1148 4324 1246 4365 nec
1313 4317 1488 4364 tamen
1554 4315 1772 4377 propter
1834 4305 1949 4360 haec
1996 4305 2104 4362 duo

525 4425 686 4480 opera
746 4417 855 4465 tam
907 4406 1063 4475 longe
1103 4404 1242 4459 inter
1282 4416 1343 4457 se
1388 4401 1439 4454 vi
1492 4408 1547 4455 et
1587 4399 1841 4470 dignitate
1870 4399 2101 4464 diversa,

525 4502 635 4558 duo
686 4500 761 4556 dii
807 4513 928 4553 esse
979 4494 1241 4564 compulsi
1293 4502 1454 4555 sunt;
1519 4490 1612 4546 sed
1664 4505 1800 4545 unus
1850 4488 2101 4560 Jupiter,

525 4599 740 4660 propter
792 4586 921 4643 illud
959 4586 1214 4656 Tigillus,
1263 4592 1479 4653 propter
1524 4580 1648 4636 illud
1700 4580 1959 4636 Ruminus
2005 4595 2103 4649 ap-

526 4681 756 4751 pellatus
806 4686 910 4733 est.
956 4677 1088 4732 Nolo
1137 4675 1351 4737 dicere,
1397 4672 1541 4744 quod
1583 4669 1900 4726 animalibus
1928 4685 2100 4723 mam-

528 4786 670 4827 ntam
714 4769 953 4841 prabero
1004 4765 1316 4838 sugcntibns
1385 4762 1554 4832 magis
1609 4761 1874 4816 Junonem
1934 4758 2104 4829 potuit

432 4866 439 4873 “
524 4864 737 4926 decere,
771 4875 931 4931 quam
969 4857 1154 4914 Jovem
1193 4874 1205 4910 :
1248 4852 1546 4925 prmserlim
1592 4866 1711 4905 cum
1756 4857 1901 4905 esset
1942 4849 2103 4903 etiam

525 4954 647 5011 diva
679 4951 929 5015 Rumina,
950 4962 1069 5019 qua:
1085 4948 1137 5000 in
1160 4945 1261 5000 hoc
1281 4958 1416 5013 opus
1438 4940 1757 5011 adiutorium
1780 4937 1855 4992 illi
1885 4936 2107 4991 famula-

522 5058 707 5103 tumve
736 5042 1024 5114 prmberet.
1068 5037 1261 5109 Cogito
1288 5036 1432 5091 enim
1461 5048 1620 5104 posse
1661 5029 2006 5101 reSpondcri,
2051 5041 2107 5085 et

529 5140 698 5209 ipsam
742 5136 1007 5193 Junonem
1050 5130 1181 5187 nihil
1212 5127 1353 5183 aliud
1392 5141 1511 5183 esse
1551 5140 1709 5197 quam
1751 5123 1975 5190 Jovem,
2018 5139 2107 5181 sc.

526 5232 757 5289 cundum
785 5231 907 5286 illos
935 5225 1132 5283 Valerii
1153 5221 1343 5279 Sorani
1368 5234 1556 5276 versus
1576 5258 1592 5283 ,
1634 5217 1723 5273 ubi
1751 5216 1953 5275 dictum
1984 5226 2101 5272 est:

586 5366 805 5427 iuppiter
825 5363 1150 5427 omnipotens,
1172 5367 1351 5427 regum
1367 5366 1631 5417 rerumque
1652 5352 1902 5417 deumque

588 5419 892 5490 Prb'genitor,
915 5419 1427 5488 genitrixque’deum.

591 5635 606 5649 -
634 5624 731 5678 Am.
758 5619 921 5678 ρης..
940 5607 1142 5659 Aliam.
1334 5665 1363 5678 Δ.

587 5680 608 5710 ι
630 5658 733 5726 aii};
758 5658 1056 5729 εἷῑίίίόίον..
1077 5680 1218 5732 quem
1239 5664 1662 5732 continercjlictmt
1683 5658 1931 5732 mundior}.

591 5715 1459 5800 (ervidT-itiisto'tifdetitttndopcap.
1483 5728 1532 5775 7.
1568 5732 1677 5777 limo
1710 5730 1762 5773 et
1787 5718 1987 5784 plurima
2010 5715 2100 5767 alia

526 5796 777 5851 enumerat
800 5796 914 5846 Lud.
939 5796 1096 5845 “ves.
1458 5822 1461 5823 ν
1519 5806 1522 5810 λ

1534 343 1620 399 DE
1654 318 1974 399 ctvmrs
2015 341 2146 409 DEI,
2188 342 2245 397 s.
2287 345 2646 405 AUGUSTINI

3666 357 3774 415 QN

2201 458 2377 527 Quare
2418 479 2545 535 ergo
2587 463 2759 521 dictus
2786 475 2868 522 est
2891 476 2945 521 et
2975 467 3233 525 Ruminus
3254 510 3271 538 ,
3301 482 3422 526 cum
3460 469 3770 543 diligentius

2199 548 2424 607 fortasse
2462 556 2819 623 qnzcrentibus
2856 557 2970 628 ipse
3000 558 3296 615 inveniatur
3320 576 3437 616 esse
3475 562 3637 619 etiam
3682 564 3770 620 illa

2197 641 2315 696 diva
2345 642 2589 698 Rumina.
2620 645 2674 701 Si
2714 647 2855 701 enim
2887 647 3161 718 majestate
3188 650 3406 705 deorum
3436 663 3583 709 recte
3624 656 3776 710 vidc-

2197 733 2355 788 batur
2388 734 2692 805 indignum,
2725 743 2781 790 ut
2821 738 2873 792 in
2901 754 3002 792 una
3032 740 3177 809 spica
3206 740 3340 796 alter
3367 740 3435 797 ad
3462 756 3642 798 curam
3680 759 3775 815 ge-

2201 823 2358 878 nicnli
2379 865 2394 889 ,
2430 826 2594 881 aiteta
2623 827 2640 858 ¹
2670 827 2735 882 ad
2764 828 2979 884 folliculi
3008 832 3324 900 pertineret;
3355 845 3553 903 quanto
3577 845 3658 891 est
3685 838 3773 892 in-

2199 913 2410 985 dignius
2437 932 2594 971 unam
2617 932 2730 973 rem
2760 918 3017 987 intimam,
3040 921 3092 976 id
3112 932 3195 978 est
3225 931 3283 978 ut
3303 926 3546 982 mammis
3566 927 3779 982 alantur

2199 1010 2443 1063 animalia
2462 1052 2477 1076 ,
2510 1010 2733 1067 duorum
2762 1013 2982 1068 deorum
3014 1025 3274 1085 potestate
3310 1020 3516 1085 curari,
3545 1035 3774 1090 quorum

2200 1101 2267 1155 sit
2293 1117 2428 1155 unus
2455 1101 2679 1171 Jupiter,
2704 1119 2797 1159 rex
2823 1106 2935 1175 ipse
2960 1115 3306 1175 cunctorum;
3329 1120 3383 1165 et
3405 1113 3506 1166 hoc
3529 1122 3650 1183 agat
3670 1128 3778 1168 non

2199 1192 2383 1247 saltem
2433 1208 2552 1249 cum
2595 1197 2818 1267 conjuge
2863 1214 2996 1266 sua,
3032 1200 3125 1255 sed
3170 1216 3290 1258 cum
3333 1204 3545 1275 ignobili
3595 1209 3781 1262 nescio

2199 1297 2303 1354 qua
2335 1284 2555 1339 Rumina
2579 1328 2593 1350 ,
2626 1287 2725 1342 nisi
2751 1288 2872 1358 quia
2902 1289 3015 1359 ipse
3034 1300 3125 1346 (est
3149 1294 3307 1348 etiam
3334 1294 3447 1365 ipsa
3470 1295 3695 1352 Rumina
3723 1301 3778 1364 ²;

2202 1376 2459 1432 Ruminus
2497 1379 2719 1434 furuisse
2756 1395 2853 1450 pro
2890 1385 3197 1453 sugentibus
3244 1388 3513 1457 maribus,
3545 1391 3778 1447 Rumina

2202 1484 2298 1538 pro
2328 1469 2574 1526 feminis?
2614 1471 2853 1527 Dicerem
2881 1475 3077 1545 quippe
3116 1476 3348 1535 noluisse
3384 1480 3503 1535 illos
3540 1482 3657 1538 Jovi
3698 1487 3783 1538 fe-

2202 1562 2459 1617 mininum
2508 1578 2702 1618 nomen
2745 1563 3016 1635 imponere
3039 1608 3054 1632 ,
3093 1569 3194 1623 nisi
3222 1581 3275 1625 et
3319 1571 3372 1626 in
3403 1572 3504 1627 illis
3533 1576 3780 1632 versibus

2207 1651 2506 1721 I’rogenitor
2548 1644 2863 1727 genitrixque
2897 1657 3198 1725 diceretur;
3243 1668 3296 1716 et
3341 1662 3479 1718 inter
3515 1665 3617 1719 alia
3662 1667 3782 1734 ejus

2194 1744 2956 1817 cognominalegerem,quod
2994 1750 3152 1804 etiam
3195 1751 3420 1808 Pecunia
3470 1768 3772 1825 vocaretur,

2199 1851 2357 1904 quant
2388 1836 2538 1889 deam
2576 1835 2714 1893 inter
2735 1837 2853 1892 illos
2873 1840 3272 1897 minuscularios
3303 1844 3620 1915 invenimus,
3643 1859 3695 1904 et
3726 1850 3782 1905 in

2201 1940 2390 1999 quarto
2410 1930 2548 1985 iibro
2569 1932 3101 1988 commemoravimus
3136 1934 3274 2005 (cap.
3297 1934 3414 2007 2i).
3446 1937 3552 1994 Sed
3577 1953 3697 1993 cum
3728 1950 3786 1996 ct

2204 2036 2377 2078 mares
2415 2032 2470 2078 et
2498 2026 2706 2080 femina:
2742 2026 2970 2080 habeant
3014 2029 3321 2098 pecuniam,
3352 2045 3447 2085 cur
3474 2048 3576 2087 non
3604 2044 3656 2088 ct
3682 2034 3785 2089 Pe-

2203 2113 2356 2170 cnuia
2402 2125 2458 2169 et
2499 2115 2760 2171 Pecunias
2795 2118 3088 2188 appellatus
3132 2121 3233 2186 sit,
3282 2120 3420 2177 sicut
3460 2122 3687 2180 Rumina
3727 2114 3799 2180 ρι’

2206 2205 2502 2275 iinminus,
2543 2208 2642 2279 ipsi
2683 2209 2927 2265 viderint.

2202 2340 2425 2402 CAPUT
2445 2343 2559 2398 XII.
2575 2374 2649 2385 -—
2667 2343 3028 2416 Quodlupiter
3040 2347 3191 2403 etiam
3205 2345 3430 2403 Pecunia
3440 2358 3783 2420 καταιρέειν-ι

2271 2475 2441 2544 Quam
2464 2478 2590 2532 vero
2606 2475 3150 2548 elcganterrationem
3177 2477 3332 2550 hujus
3352 2479 3581 2538 nominis
3604 2483 3789 2539 reddi-

2204 2570 2424 2624 derunt!
2455 2570 2519 2624 Et
2548 2570 2813 2634 Pecunia,
2861 2569 3135 2641 inquiunt,
3184 2580 3423 2638 vocatur,
3471 2573 3613 2645 quod
3662 2574 3786 2646 ejus

2203 2669 2327 2715 sunt
2352 2660 2528 2715 omnia
2563 2660 2658 2731 (α).
2690 2661 2735 2716 0
2760 2675 3000 2732 magnam
3031 2661 3291 2718 rationem
3318 2663 3480 2718 divini
3509 2666 3739 2721 nominis
3766 2668 3783 2721 Ξ

2205 2752 2317 2809 Imo
2344 2770 2472 2810 vero
2516 2753 2633 2819 ille,
2664 2754 2817 2823 cujus
2843 2763 2969 2809 sunt
2995 2755 3206 2821 omnia,
3260 2755 3515 2812 vilissime
3547 2765 3603 2813 et
3647 2773 3786 2814 con-

2207 2846 2632 2902 tumeliosissime
2653 2846 2884 2902 Pecunia
2905 2856 3260 2917 nuncupatur.
3286 2849 3366 2905 Ad
3395 2851 3573 2907 omnia
3599 2852 3744 2907 enim
3765 2893 3784 2918 ,

2205 2955 2323 3010 qua:
2351 2940 2489 2996 caelo
2516 2948 2572 2996 et
2599 2948 2741 2995 terra
2774 2941 3114 2997 continentur
3135 2984 3151 3010 ,
3184 2943 3312 3014 quid
3339 2952 3421 2999 est
3462 2943 3681 3014 pecunia
3729 2946 3784 3000 in

2205 3032 2454 3089 omnibus
2491 3032 2710 3088 omnino
2745 3033 2904 3088 rebus
2926 3073 2943 3100 ,
2974 3049 3095 3104 qua:
3134 3034 3202 3090 ab
3237 3035 3539 3092 hominibus
3568 3032 3797 3093 nomine

2206 3127 2444 3197 pecunia:
2469 3125 2848 3198 possidentur?
2874 3125 2979 3183 Sed
3010 3127 3258 3184 nimirum
3291 3129 3390 3184 hoc
3414 3129 3632 3185 avaritia
3662 3129 3783 3187 Jovi

2206 3233 2401 3275 nomen
2443 3219 2729 3289 imposuit,
2758 3227 2816 3274 ut
2859 3218 3097 3290 quisquis
3139 3228 3282 3275 amat
3323 3221 3600 3292 pecuniam
3624 3261 3642 3288 ,
3674 3238 3782 3277 non

2207 3312 2495 3383 quemlibet
2543 3311 2738 3378 deum,
2788 3310 2881 3366 sed
2926 3311 3096 3382 ipsum
3146 3298 3326 3382 regem
3376 3314 3611 3368 omnium
3682 3314 3786 3369 sibi

2206 3418 2387 3460 amare
2414 3402 2677 3459 videatur.
2716 3401 2896 3474 Longe
2926 3412 3102 3458 autem
3130 3403 3271 3458 aliud
3298 3412 3476 3470 esset,
3503 3404 3547 3459 si
3586 3403 3787 3460 divitia:

2208 3507 2524 3555 vocaretur:
2554 3495 2696 3551 aliud
2723 3510 2951 3567 namque
2979 3505 3102 3551 sunt
3124 3495 3341 3563 divitiae,
3371 3497 3513 3552 aliud
3535 3499 3782 3568 pecunia.

2206 3586 2338 3643 Nam
2364 3586 2589 3643 dicimus
2615 3586 2835 3653 divites,
2862 3579 3150 3657 sapientes,
3175 3586 3350 3657 iustos
3368 3628 3385 3653 ,
3423 3587 3593 3642 bonos
3612 3628 3627 3651 ,
3669 3588 3788 3656 qui-

2206 3680 2306 3733 bus
2335 3674 2685 3749 pecunia'vci
2725 3677 2868 3733 nulla
2893 3720 2909 3746 ,
2952 3678 3036 3733 vel
3068 3693 3228 3748 parva
3267 3685 3382 3741 est;
3430 3679 3595 3748 magis
3640 3681 3786 3734 enim

2208 3780 2329 3825 sunt
2374 3770 2656 3826 virtutibus
2690 3768 2915 3837 divites,
2945 3783 3039 3839 per
3077 3783 3209 3840 quas
3251 3767 3329 3823 eis
3358 3768 3515 3823 etiam
3561 3768 3614 3823 in
3657 3768 3790 3838 ipsis

2207 3861 2561 3932 corporalium
2590 3874 2768 3916 rerum
2794 3857 3196 3915 necessitatibus
3219 3864 3303 3913 sat
3330 3866 3411 3913 est
3429 3858 3569 3927 quod
3594 3856 3749 3912 adest
3770 3873 3788 3910 :

2209 3964 2468 4022 pauperes
2495 3965 2625 4007 vero
2652 3964 2873 4017 avaros,
2917 3963 3128 4020 semper
3153 3949 3420 4004 inhiantes
3447 3958 3503 4003 et
3526 3957 3747 4020 egentes
3772 3966 3788 4016 ;

2207 4041 2500 4112 quamlibet
2542 4040 2689 4097 enim
2729 4054 2946 4113 magnas
2990 4038 3241 4110 pecunias
3284 4038 3481 4095 habere
3520 4049 3748 4112 pessum
3774 4083 3791 4104 ,

2207 4136 2302 4190 sed
2331 4136 2384 4190 in
2423 4150 2605 4190 earum
2648 4142 3077 4204 quantacumque
3114 4132 3435 4189 abundantia
3481 4147 3587 4187 non
3630 4147 3796 4203 egere

2207 4237 2575 4300 nonpossent.
2617 4228 2685 4283 Et
2723 4226 2891 4283 Deum
2943 4227 3111 4296 ipsum
3152 4240 3334 4280 verum
3378 4234 3523 4281 recte
3562 4224 3800 4282 dicimus

2209 4320 2423 4376 divitem
2444 4362 2460 4388 ,
2488 4334 2595 4375 non
2626 4326 2802 4375 tamen
2833 4318 3078 4389 pecunia,
3110 4316 3204 4373 sed
3242 4316 3649 4386 omnipotentia.
3693 4316 3793 4371 Di-

2208 4422 2399 4471 cuntur
2425 4413 2602 4483 itaque
2621 4420 2677 4468 et
2694 4409 2884 4466 divites
2908 4409 3203 4481 pecuniosi;
3228 4408 3324 4464 sed
3349 4409 3572 4465 interius
3600 4410 3790 4480 egeni,

2208 4506 2254 4561 si
2295 4504 2494 4574 cupidi.
2536 4503 2665 4560 Item
2694 4502 2944 4557 dicuntur
2970 4516 3229 4571 pauperes
3255 4500 3478 4570 pecunia
3503 4508 3751 4555 carentes
3778 4516 3800 4568 ;

2208 4597 2303 4652 sed
2358 4597 2579 4652 interius
2622 4595 2855 4660 divites,
2902 4593 2947 4648 si
2987 4593 3274 4663 sapientes.
3305 4591 3490 4661 Qualis
3514 4606 3643 4662 ergo
3690 4592 3797 4647 ista

2211 4689 2476 4759 theologia
2504 4687 2663 4743 debet
2695 4700 2818 4742 esse
2860 4683 3129 4754 sapienti,
3169 4683 3256 4738 ubi
3284 4698 3381 4738 rex
3410 4681 3633 4738 deorum
3676 4682 3796 4751 ejus

2210 4781 2286 4839 I".‘I
2315 4795 2508 4836 nomen
2533 4777 2774 4848 accepit,
2795 4793 2947 4847 quam
2975 4792 3121 4830 nemo
3146 4775 3348 4845 sapiens
3368 4773 3654 4844 concupivit
3675 4771 3797 4844 (b)?

2210 4874 2418 4942 Quanto
2462 4870 2604 4926 enim
2644 4868 2850 4924 facilius
2874 4909 2889 4933 ,
2917 4867 2961 4922 si
2989 4864 3189 4935 aliquid
3232 4865 3331 4920 hac
3373 4864 3625 4935 doctrina
3652 4864 3801 4934 quod

2206 4967 2275 5020 aii
2318 4964 2479 5019 vitam
2517 4962 2808 5032 pertineret
2834 4967 3089 5014 aeternam
3135 4956 3417 5015 salubriter
3453 4957 3755 5013 disceretur
3777 4998 3795 5022 ,

2210 5056 2342 5112 deus
2382 5053 2563 5111 mundi
2591 5060 2767 5109 rector
2794 5065 2900 5106 non
2930 5049 2998 5104 ab
3026 5049 3105 5104 eis
3126 5048 3347 5118 pecunia
3367 5087 3382 5112 ,
3409 5046 3505 5102 sed
3531 5046 3803 5116 sapientia

2212 5156 2510 5212 vocaretur,
2553 5145 2704 5216 cujus
2746 5157 2898 5199 amor
2951 5151 3199 5214 purgata
3229 5140 3476 5197 sordibus
3510 5139 3751 5196 avaritiae
3777 5180 3797 5207 ,

2213 5242 2315 5296 hoc
2341 5248 2423 5296 est
2446 5237 2514 5293 ab
2542 5252 2725 5292 amore
2751 5251 2886 5304 pecu
2912 5254 2922 5286 ι
2966 5263 2977 5282 ι
3017 5237 3037 5285 ‘t

2277 5403 2291 5434 ι
2320 5397 2435 5449 Editi
2458 5395 2551 5447 hoc
2573 5396 2719 5446 etiam
2733 5391 2855 5450 loco,
2874 5390 3014 5442 alter.
3043 5396 3095 5441 At
3116 5398 3242 5450 3:55.,
3266 5386 3457 5449 altera;
3475 5383 3677 5446 scilicet,
3711 5392 3809 5434 ro-

2212 5430 3014 5528 ιηιὲιὶὶιῗῖῖὲἵξιῖὖὲῗεὶῖιῗλῗὲἔὸἶ
3029 5430 3191 5528 έζῖῖ

2275 5509 2407 5573 iwuie
2437 5525 2488 5571 in
2509 5509 2653 5570 editis
2683 5509 2886 5578 additur,
2913 5509 3015 5581 ipse
3054 5511 3311 5575 Martinus;
3331 5509 3459 5574 quod
3479 5522 3509 5560 ι
3529 5512 3809 5559 ωιιιυείτὲ·

2213 5589 2307 5653 ritis
2326 5587 2483 5653 ξιδθει·
2555 5641 2569 5653 .
2822 5638 2861 5653 .,
2955 5638 3000 5653 ..
3293 5635 3349 5653 ,Α
3384 5631 3556 5653 ,μμ
3599 5630 3705 5653 ..ι-ε

2277 5630 2638 5758 (gestabo,
2661 5638 2883 5707 pecunia,
2922 5638 3020 5690 vid.
3047 5642 3265 5703 saginae,
3288 5631 3578 5700 deniseipl.
3596 5630 3808 5694 cum,

2214 5725 2352 5835 "iiii
2390 5768 2632 5820 ‘allust.in
2652 5766 2805 5820 Catil.,
2827 5780 2851 5809 ρ
2880 5777 2932 5834 ρ.
2956 5761 3034 5811 ii.
