4064 6472
289 367 382 423 205

287 481 500 539 CAPUT
543 481 686 537 XIII.
715 513 792 526 —-
817 484 962 552 Quod
987 485 1108 540 dum
1133 487 1400 556 carperetur
1425 489 1548 558 quid
1578 489 1828 546 Saturnus
1853 533 1868 556 ,

317 575 491 646 quidue
517 576 584 628 sit
605 577 824 643 uenias,
845 587 1049 648 uterque
1071 595 1204 634 unus
1229 578 1432 650 Jupiter
1453 599 1564 638 esse
1579 583 1834 640 doceatur.

348 669 450 724 Sed
481 669 611 738 quid
641 669 710 725 de
740 669 844 724 hoc
871 671 1002 726 Jove
1031 671 1210 741 plura,
1233 672 1298 728 ad
1325 690 1482 745 quem
1511 675 1733 732 fortasse
1762 693 1870 732 ete-

285 762 382 816 teri
413 761 688 816 referendi
731 772 896 828 sunt,
925 771 982 818 ιιι
1017 764 1188 820 inanis
1213 774 1488 822 remaneat
1509 765 1729 823 deorum
1757 770 1868 839 opi-

279 852 368 905 nio
417 849 774 921 plurimorum
801 895 816 918 ,
863 869 984 910 cum
1033 855 1120 910 hic
1168 855 1280 926 ipse
1323 856 1394 912 sit
1429 873 1616 914 omnes
1657 860 1711 926 ¹;
1757 861 1868 916 sive

277 943 490 1013 quando
517 955 702 1014 partes
741 945 856 1017 ejus
887 948 968 1003 vel
1015 957 1304 1018 potestates
1331 951 1718 1020 existimantur,
1755 954 1866 1011 sive

275 1049 394 1088 cum
424 1035 510 1089 vis
534 1037 729 1090 aninue
752 1079 768 1104 ,
804 1053 962 1108 quam
996 1048 1179 1109 putant
1221 1055 1318 1111 per
1361 1051 1548 1098 cuneta
1578 1043 1820 1102 diffusam
1846 1090 1860 1115 ,

275 1141 336 1180 ex
367 1127 610 1195 partibus
641 1115 802 1185 molis
828 1129 1002 1199 hujus,
1029 1132 1082 1186 in
1105 1147 1237 1202 quas
1261 1133 1486 1191 visibilis
1510 1137 1739 1192 mundus
1765 1139 1863 1194 iste

273 1221 582 1290 consurgit,
637 1231 692 1276 et
761 1223 1038 1293 multiplici
1108 1224 1568 1283 administratione
1622 1239 1858 1297 naturai,

271 1313 420 1380 quasi
481 1313 714 1382 plurium
763 1315 984 1370 deorum
1037 1319 1250 1372 nomina
1301 1321 1547 1390 accepit?
1601 1323 1736 1390 Quid
1780 1335 1862 1379 est

271 1404 410 1456 enim
439 1415 494 1459 et
513 1403 820 1462 Saturnus?
851 1405 995 1462 Unus
1014 1450 1029 1474 ,
1063 1411 1270 1479 inquit,
1298 1411 1361 1466 de
1383 1415 1690 1484 principibus
1713 1415 1857 1484 deus,

273 1511 421 1557 penes
444 1511 596 1564 quem
621 1498 868 1551 sationum
891 1500 1114 1552 omnium
1135 1501 1420 1558 dominatus
1439 1511 1528 1558 est.
1557 1505 1743 1561 Nonne
1769 1523 1860 1562 ex-

271 1585 466 1651 positio
491 1601 742 1640 versuum
771 1587 982 1642 illorum
1013 1587 1210 1643 Valerii
1237 1589 1426 1646 Sorani
1456 1591 1532 1648 sic
1571 1609 1629 1649 se
1659 1595 1855 1662 habet,

267 1672 454 1728 Jovem
501 1689 624 1730 esse
667 1677 920 1732 mundum
943 1719 958 1744 ,
989 1685 1043 1732 et
1069 1695 1190 1733 eum
1235 1681 1412 1736 omnia
1443 1683 1646 1739 semina
1683 1701 1748 1740 ex
1797 1702 1856 1741 se

267 1767 551 1832 emittere,
597 1776 652 1821 et
698 1767 750 1822 in
795 1783 853 1823 se
895 1769 1177 1841 recipere?
1217 1771 1331 1840 Ipse
1378 1783 1458 1828 est
1499 1775 1656 1842 igitur
1697 1791 1856 1846 penes

265 1871 424 1926 quem
455 1857 728 1912 sationum
759 1859 996 1914 omnium
1025 1861 1330 1918 dominatus
1356 1872 1457 1919 est.
1487 1865 1622 1933 Quid
1647 1877 1725 1922 est
1745 1869 1854 1923 Ge-

265 1949 430 2002 nius?
457 1947 635 2014 Deus,
679 1949 850 2020 inquit
873 1993 887 2018 ,
933 1953 1020 2021 qui
1045 1955 1344 2024 prwpositus
1378 1965 1450 2009 est
1487 1973 1545 2009 ac
1572 1957 1670 2010 vim
1711 1957 1854 2012 habet

263 2041 488 2094 omnium
527 2059 697 2095 rerum
736 2045 1119 2114 gignendarum.
1149 2045 1316 2114 Quem
1363 2047 1524 2102 alium
1565 2047 1702 2105 hanc
1745 2051 1850 2105 vim

266 2131 462 2186 habere
485 2132 715 2186 credunt
733 2175 748 2200 ,
781 2151 936 2204 quam
965 2137 1249 2204 mundum,
1279 2139 1362 2193 cui
1389 2139 1585 2194 dictum
1612 2149 1728 2206 est,
1756 2141 1852 2195 Ju-

261 2225 392 2294 piter
415 2227 710 2294 progenitor
728 2227 1038 2300 genio-irque
1058 2229 1084 2283 ἱ)
1107 2229 1172 2284 Et
1201 2245 1320 2285 cum
1349 2231 1456 2287 alio
1481 2233 1599 2288 loco
1627 2233 1849 2290 Genium

261 2315 388 2370 dicit
414 2331 540 2372 esse
569 2318 985 2389 uniu~cujusque
1009 2321 1242 2374 animum
1271 2323 1616 2389 rationalem,
1650 2337 1702 2380 et
1733 2327 1850 2382 ideo

259 2419 379 2462 esse
420 2407 664 2478 singulos
695 2409 1024 2480 singulorum
1051 2455 1064 2479 ,
1097 2411 1254 2467 talem
1295 2425 1470 2469 autem
1515 2417 1697 2472 mundi
1731 2419 1849 2472 ani-

259 2515 400 2552 mum
447 2497 609 2554 deum
654 2516 808 2566 esse;
841 2499 908 2556 ad
955 2503 1054 2557 hoc
1101 2503 1240 2559 idem
1287 2505 1472 2576 utique
1511 2515 1757 2573 revocat,
1792 2519 1848 2565 ut

258 2601 508 2662 tanquam
541 2594 853 2648 universalis
879 2595 1065 2664 genius
1110 2596 1223 2664 ipse
1272 2599 1454 2652 mundi
1491 2600 1698 2654 animus
1728 2615 1848 2656 esse

255 2683 526 2736 credatur.
558 2683 656 2738 llic
696 2695 778 2740 est
814 2685 972 2756 igitur
1000 2703 1155 2757 quem
1186 2689 1451 2758 appellant
1481 2690 1685 2747 Jovem.
1711 2693 1844 2749 Nam

251 2774 296 2828 si
323 2775 502 2829 οιιιιιίς
527 2777 718 2845 genius
759 2777 924 2842 deus,
951 2789 1005 2834 et
1034 2781 1206 2834 omnis
1237 2781 1332 2836 viri
1377 2783 1585 2838 animus
1613 2787 1798 2856 genius
1825 2830 1840 2855 ,

248 2865 500 2936 sumitur
527 2875 584 2920 ut
611 2868 680 2922 sit
725 2871 898 2924 omnis
929 2871 1026 2925 viri
1070 2873 1279 2927 animus
1321 2873 1658 2947 deuszquod
1701 2879 1744 2934 si
1788 2889 1842 2936 et

253 2958 396 3028 ipsos
435 2959 730 3015 abhorrere
773 2961 1071 3018 absurditas
1113 2964 1224 3034 ipsa
1253 2968 1521 3036 compellit
1543 3011 1556 3031 ,
1585 2977 1748 3025 restat
1785 2981 1842 3027 ut

251 3065 376 3106 eum
405 3051 750 3122 singulariter
776 3062 830 3107 et
857 3055 1182 3112 excellenter
1209 3057 1390 3113 dicant
1418 3059 1575 3116 deum
1597 3063 1834 3132 genium,

249 3155 410 3210 quem
438 3141 626 3196 dicunt
653 3143 834 3198 mundi
864 3146 1096 3200 animum
1119 3188 1134 3214 ,
1168 3163 1230 3203 ac
1259 3165 1351 3218 per
1377 3149 1476 3206 hoc
1497 3151 1705 3208 Jovem.

352 3231 586 3288 CAPUT
623 3233 764 3288 XIV.
797 3261 870 3276 —-—
895 3235 976 3290 De
1009 3237 1246 3292 :lfercurii
1274 3249 1322 3293 et
1345 3240 1524 3297 Martis
1544 3243 1734 3314 officiis.

315 3323 640 3379 Mercurium
673 3343 800 3381 vero
843 3336 898 3383 et
925 3327 1142 3384 Martem
1170 3331 1435 3400 quomodo
1464 3333 1726 3390 referrent
1765 3337 1832 3392 ad

245 3413 452 3485 aliquas
477 3427 657 3486 partes
687 3418 870 3472 mundi
906 3429 960 3474 ct
997 3435 1156 3490 opera
1193 3421 1280 3476 Dei
1306 3465 1320 3488 ,
1349 3439 1468 3493 quae
1493 3435 1616 3480 sunt
1639 3426 1690 3480 in
1717 3427 1832 3482 elc-

245 3505 442 3560 mentis
465 3548 481 3572 ,
511 3523 614 3560 non
643 3507 955 3564 invenerunt
981 3527 994 3574 ;
1024 3521 1076 3564 et
1099 3511 1220 3566 ideo
1247 3527 1340 3567 eos
1365 3515 1552 3570 saltem
1582 3517 1831 3586 operibus

245 3594 521 3650 hominum
577 3609 1014 3668 prmpomterunt,
1071 3605 1460 3660 sermocinandi
1511 3617 1566 3662 et
1607 3609 1830 3680 bellige-

243 3687 396 3742 randi
436 3689 780 3746 administras
809 3699 850 3744 ³.
884 3693 1116 3760 Quorum
1167 3695 1462 3754 Mercurius
1490 3701 1534 3754 si
1563 3705 1828 3759 sermonis

241 3779 404 3834 etiam
457 3781 676 3836 deorum
723 3795 1038 3856 potestatem
1087 3787 1256 3858 gerit,
1312 3789 1410 3859 ipsi
1459 3807 1672 3862 quoque
1715 3795 1826 3866 regi

241 3873 464 3927 deorum
493 3873 818 3941 dominatur,
851 3877 894 3930 si
927 3880 1216 3934 secundum
1263 3883 1380 3949 ejus
1418 3883 1693 3940 arbitrium
1731 3887 1828 3942 Ju-

243 3967 380 4034 piter
409 3967 663 4036 quuitur,
693 3981 780 4023 aut
819 3971 1066 4040 loquendi
1109 3973 1178 4026 ab
1223 3973 1314 4028 illo
1361 3978 1563 4048 accepit
1609 3979 1827 4035 faculta-

239 4065 384 4110 tem:
411 4058 553 4126 quod
580 4061 760 4130 utique
787 4061 1072 4116 absurdum
1097 4073 1196 4118 est.
1221 4063 1276 4119 Si
1304 4077 1478 4121 autem
1508 4067 1582 4123 illi
1609 4069 1826 4128 humani

237 4155 448 4202 tantum
495 4151 761 4206 sermonis
807 4163 1067 4222 postestas
1117 4157 1306 4212 tributa
1359 4159 1686 4228 perhibetur,
1717 4179 1822 4220 non

237 4249 321 4294 est
345 4239 604 4296 credibile
634 4242 699 4296 ad
731 4243 1004 4300 Iactandos
1031 4263 1258 4302 mamma
1283 4290 1297 4314 ,
1331 4266 1434 4306 non
1479 4253 1648 4308 solum
1694 4271 1824 4326 puc-

235 4347 362 4399 ros,
389 4333 486 4389 sed
515 4335 676 4390 etiam
709 4351 896 4406 pecora
917 4379 933 4404 ,
965 4338 1106 4393 unde
1131 4339 1389 4396 Ruminus
1421 4347 1821 4414 cognominatus

233 4435 350 4492 est,
391 4425 579 4482 Jovem
627 4428 956 4486 descendere
1004 4431 1272 4500 voluisse,
1321 4445 1374 4490 et
1426 4452 1606 4492 curam
1653 4441 1818 4496 nostri

233 4518 498 4572 sermonis
521 4559 538 4584 ,
567 4534 674 4588 quo
699 4521 981 4588 pecoribus
1020 4525 1388 4580 antecellimus
1411 4566 1425 4590 ,
1455 4527 1521 4582 ad
1558 4543 1616 4583 se
1655 4531 1818 4599 perti-

231 4613 362 4663 nere
389 4607 626 4664 noluisse
651 4625 664 4663 :
691 4625 754 4664 ac
785 4626 880 4679 per
921 4611 1021 4666 hoc
1051 4609 1189 4668 idem
1223 4615 1334 4685 ipse
1374 4625 1454 4671 est
1480 4617 1626 4673 Jovis
1656 4629 1816 4690 atque

229 4699 543 4754 Mamurius.
581 4699 733 4767 Quod
781 4701 826 4755 sl
868 4717 1046 4758 sermo
1089 4705 1200 4774 ipse
1231 4705 1423 4761 dicitur
1451 4723 1570 4764 esse
1607 4709 1814 4765 Mercu-

227 4791 372 4864 rius,
399 4792 538 4844 sicut
566 4805 628 4845 ea
657 4806 776 4862 qua:
807 4791 872 4848 de
905 4793 994 4848 illo
1022 4795 1456 4864 interpretantur,
1483 4801 1768 4856 ostendunt
1795 4819 1808 4857 :

223 4863 376 4950 (nam
407 4883 530 4939 ideo
557 4883 848 4939 Mercurius
871 4928 885 4948 ,
911 4888 1058 4957 quasi
1103 4889 1308 4944 medius
1353 4906 1573 4946 currens
1619 4892 1814 4950 dicitur

221 4977 566 5047 appellatus,
595 4976 736 5046 quod
782 4993 960 5033 sermo
1003 4989 1182 5034 currat
1227 4981 1364 5036 inter
1411 4981 1652 5038 homines
1693 4999 1809 5039 me—

222 5071 348 5125 dius
373 5070 488 5144 (a);
523 5071 644 5126 ideo
667 5067 832 5142 ἑρμῆς
877 5087 1046 5142 grmcc
1070 5114 1084 5137 ,
1115 5073 1252 5144 quod
1293 5087 1471 5129 sermo
1515 5076 1598 5129 vel
1641 5075 1808 5131 inter-

223 5163 471 5231 pretatio,
501 5179 624 5230 quae
650 5163 833 5233 utique
857 5163 922 5218 ad
945 5179 1245 5219 sermonem
1289 5165 1517 5234 pertinet
1537 5209 1552 5230 ,
1591 5173 1811 5237 ἑρμηνεία

219 5253 448 5318 dicitur;
477 5255 598 5309 ideo
635 5264 689 5310 et
733 5253 999 5310 mercibus
1039 5271 1301 5324 prmesse,
1335 5257 1457 5327 quia
1498 5257 1638 5314 inter
1674 5275 1806 5314 ven-

219 5343 414 5399 dentes
439 5355 493 5399 et
524 5355 765 5400 enitentes
795 5361 972 5400 sermo
1001 5345 1054 5399 fit
1085 5346 1292 5401 medius
1316 5363 1330 5412 ;
1357 5347 1470 5401 alas
1499 5349 1616 5417 ejus
1641 5349 1692 5404 in
1720 5359 1809 5404 ca-

219 5437 336 5506 pite
361 5447 414 5491 et
443 5437 664 5508 pedibus
709 5437 1008 5506 signiﬁcare
1033 5437 1054 5469 ³
1087 5439 1356 5492 volucrem
1401 5439 1523 5493 ferri
1563 5455 1657 5509 per
1683 5457 1806 5498 aera

285 5595 304 5668 ξ
333 5593 496 5668 tiores
516 5602 646 5668 ωεςη
671 5593 766 5668 ira“
787 5592 1078 5668 aeterm-*-

283 5657 304 5686 ς
329 5657 398 5706 alie
415 5663 514 5707 διεδ,
543 5667 597 5707 Αι
621 5657 1040 5726 αιῑιξκιηίηξδινοδε
1149 5715 1160 5726 _
1193 5715 1202 5726 _
1374 5723 1383 5726 _
1467 5723 1477 5726 _
1583 5717 1611 5726 ..

281 5718 306 5749 ³
331 5721 398 5766 sic
433 5725 536 5783 ams.
573 5727 642 5783 Al_
663 5718 783 5783 editi
807 5731 818 5764 :
851 5717 960 5766 Ideo
992 5715 1094 5766 alus
1116 5715 1160 5766 ei
1185 5715 1234 5766 in
1257 5723 1412 5779 capue
1432 5723 1478 5769 et
1501 5717 1698 5781 pedibus
1719 5732 1804 5783 po-

213 5785 354 5842 ssunt,
377 5780 574 5832 rotantes
597 5777 894 5842 significare.

281 5841 358 5900 (η)
385 5851 428 5905 AI
446 5843 507 5891 Iul
535 5839 714 5890 Arnob.
732 5839 908 5888 eontra
923 5847 1058 5890 Cant.
1080 5839 1162 5890 lib.
1181 5841 1232 5902 3,
1249 5854 1384 5902 quast
1407 5841 1662 5892 mcdtcurr

1633 377 1830 432 I.IBEI\
1861 377 2220 440 SEPTIMUS.

3453 419 3558 472 906

1979 511 2318 568 sermonem;
2341 509 2582 566 nuntium
2605 513 2826 584 dictum,
2850 521 3100 590 quoniam
3132 537 3227 596 per
3253 543 3554 590 serumnum

1977 591 2156 648 omnia
2183 595 2412 668 cogitata
2441 606 2800 682 enuntiantur)
2831 627 2844 664 :
2873 613 2918 666 si
2939 629 3066 685 ergo
3105 591 3396 678 Mercurius
3437 625 3554 694 ipsa

1976 695 2154 774 sermo
2181 695 2300 754 est,
2330 691 2488 748 etiam
2533 696 2662 765 ipsis
2689 703 3064 762 conﬁtentibus
3085 749 3100 774 ,
3135 710 3268 767 deus
3297 730 3402 770 non
3446 691 3550 774 est.

1972 772 2076 830 Sed
2107 791 2228 834 cum
2265 781 2366 838 sibi
2393 785 2524 842 deos
2567 790 2766 850 faciunt
2791 810 2922 864 eos,
2953 801 3044 870 qui
3085 772 3192 860 nec
3223 806 3240 836 ⁸
3279 772 3552 866 dromoncs

1971 877 2116 963 sunt,
2141 870 2428 931 immundis
2448 881 2792 948 supplicando
2807 888 3100 958 spiritibus,
3121 897 3457 963 possidentur
3481 903 3550 959 ab

1970 960 2048 1016 eis
2075 965 2166 1034 qui
2197 981 2300 1022 non
2326 967 2438 1034 dii,
2475 971 2570 1028 sed
2612 975 2886 1036 decuriones
2929 994 3074 1040 sunt.
3101 960 3230 1044 Item
3277 993 3400 1062 quia
3447 1011 3550 1052 nec

1969 1050 2118 1106 Marti
2146 1055 2360 1126 aliquod
2393 1061 2714 1132 elementum
2753 1070 2834 1124 vel
2865 1083 3066 1140 partem
3095 1081 3276 1136 mundi
3297 1050 3546 1142 invenire

1969 1152 2288 1212 potuerunt,
2323 1149 2408 1206 ubi
2450 1164 2632 1222 ageret
2669 1172 2829 1227 Opera
2857 1165 3266 1239 qualiacumque
3299 1185 3502 1230 natura:
3526 1219 3542 1242 ,

1965 1235 2122 1292 deum
2155 1239 2280 1295 belli
2305 1257 2426 1298 esse
2455 1246 2732 1316 dixerunt,
2773 1254 2914 1322 quod
2942 1271 3076 1326 opus
3107 1235 3196 1316 est
3229 1235 3542 1334 hominum,

1965 1335 2022 1422 et
2043 1333 2284 1422 optabile
2309 1335 2388 1390 eis
2417 1353 2520 1394 non
2548 1349 2648 1396 est.
2673 1341 2728 1398 Si
2753 1359 2884 1415 ergo
2904 1363 3086 1416 pacem
3115 1364 3420 1422 perpetuam
3448 1333 3548 1414 Fc?

1967 1417 2142 1476 licitas
2168 1421 2348 1490 daret,
2373 1427 2511 1484 Mars
2531 1432 2656 1498 quid
2683 1447 2864 1504 ageret
2889 1453 2994 1495 non
3023 1417 3258 1500 habet-et.
3287 1447 3344 1502 Si
3361 1463 3540 1508 autem

1963 1509 2134 1580 ipsum
2165 1513 2362 1571 bellum
2387 1529 2472 1574 est
2501 1521 2674 1590 Mars,
2705 1527 2844 1584 sicut
2865 1545 3045 1590 sermo
3071 1535 3402 1607 Mercurius;
3431 1547 3538 1600 uti-

1961 1617 2084 1657 nam
2127 1621 2284 1675 quam
2319 1612 2656 1672 manifestum
2699 1627 2784 1674 est
2823 1623 2964 1690 quod
2991 1641 3098 1681 non
3127 1627 3196 1682 sit
3233 1630 3403 1698 deus,
3433 1642 3540 1690 tam

1960 1711 2066 1750 non
2091 1698 2160 1753 sit
2189 1709 2244 1754 et
2273 1701 2472 1760 bellum
2494 1709 2634 1776 quod
2663 1715 2746 1766 vel
2775 1713 2908 1769 falso
2937 1728 3154 1776 vocetur
3179 1720 3333 1778 deus.

1957 1803 2186 1864 CAPUT
2223 1809 2338 1866 XV.
2363 1843 2438 1854 -—
2459 1815 2540 1870 De
2583 1819 2742 1874 stellis
2787 1821 3116 1892 quibusdam,
3163 1846 3290 1900 quas
3337 1833 3542 1906 Pagani

2168 1901 2376 1958 deorum
2403 1921 2608 1961 suorum
2629 1911 2911 1968 nominibus
2947 1933 3322 1988 nuncuparunt.

2025 2009 2134 2066 Nisi
2159 2014 2294 2069 forte
2323 2017 2426 2072 illa:
2455 2022 2622 2077 stellm
2643 2035 2767 2079 sunt
2791 2025 2842 2081 hi
2869 2029 2962 2096 dii,
2981 2047 3111 2101 quas
3137 2051 3318 2092 eorum
3349 2043 3536 2108 appel-

1956 2102 2133 2158 lavere
2163 2109 2497 2166 nominibus:
2519 2129 2638 2168 nam
2657 2118 2860 2172 stellam
2879 2123 3160 2191 quamdam
3189 2129 3534 2187 vocanthler-

1955 2195 2182 2260 corium,
2215 2201 2498 2270 quamdam
2545 2205 2725 2262 itidem
2767 2209 3005 2268 Martem.
3035 2213 3138 2270 Sed
3167 2219 3236 2274 ibi
3261 2231 3418 2276 estet
3441 2224 3534 2280 illa

1951 2301 2108 2356 quam
2127 2301 2315 2345 vocant
2341 2291 2544 2360 Jovem;
2561 2307 2614 2351 et
2629 2308 2800 2356 tamen
2825 2303 2901 2357 eis
2927 2307 3156 2363 mundus
3171 2321 3253 2364 est
3275 2309 3440 2367 Jovis:
3462 2314 3534 2370 ibi

1951 2393 2107 2446 quam
2131 2393 2320 2436 vocant
2347 2383 2664 2454 Saturnum;
2695 2400 2749 2445 et
2773 2401 2946 2449 tamen
2975 2397 3024 2451 ei
3071 2409 3324 2466 prmterea
3351 2405 3372 2436 '
3401 2405 3532 2461 dant

1953 2483 2056 2522 non
2077 2485 2288 2538 parvam
2319 2477 2684 2548 substantiam,
2713 2487 2948 2541 omnium
2970 2489 3214 2548 videlicet
3227 2497 3524 2554 seminum:

1951 2557 2021 2612 ibi
2049 2571 2130 2615 est
2156 2572 2210 2617 et
2239 2565 2328 2620 illa
2356 2569 2592 2624 omnium
2615 2572 2904 2630 clarissima
2927 2620 2940 2640 ,
2963 2595 3082 2650 qua:
3111 2581 3178 2636 ab
3234 2585 3311 2639 eis
3343 2590 3529 2657 appel-

1949 2649 2090 2708 latur
2119 2653 2329 2722 Venus;
2358 2669 2410 2714 et
2441 2669 2617 2718 tamen
2647 2667 2888 2722 eamdem
2920 2649 3180 2728 venerem
3213 2691 3332 2732 esse
3361 2681 3523 2736 etiam

1947 2741 2150 2800 Lunam
2199 2747 2386 2804 volunt
2413 2767 2426 2804 :
2454 2757 2696 2823 quamvis
2718 2756 2784 2812 de
2811 2759 2902 2814 illo
2929 2759 3316 2831 fulgentissima
3355 2769 3530 2826 sidere

1943 2837 2081 2904 apud
2104 2851 2196 2892 eos
2224 2849 2470 2910 tanquam
2497 2843 2564 2900 de
2585 2847 2727 2902 man
2752 2863 2914 2906 aureo
2935 2851 3074 2908 Juno
3095 2853 3378 2930 Venusque
3399 2875 3528 2917 con-

1945 2929 2186 2985 tendant.
2235 2931 2535 2990 Luciferum
2591 2939 2730 2994 enim
2768 2941 2980 3012 quidam
3017 2945 3236 3004 Veneris
3261 2991 3274 3013 ,
3297 2929 3518 3020 quidam

1941 3018 2126 3074 dicunt
2147 3037 2267 3077 esse
2285 3023 2545 3081 Junonis:
2578 3029 2694 3094 scd,
2715 3033 2950 3100 ntsolet,
2985 3033 3163 3094 Venus
3193 3018 3370 3094 vincit.
3393 3042 3524 3098 Nam

1940 3109 2105 3164 multo
2130 3113 2312 3182 plures
2339 3129 2454 3169 eam
2478 3118 2683 3174 stellam
2719 3119 2910 3178 Veneri
2951 3125 3223 3194 tribuunt,
3255 3129 3322 3185 ita
3351 3143 3406 3188 ut
3435 3135 3520 3190 viv

1937 3213 2122 3254 eorum
2155 3203 2432 3276 quisquam
2453 3209 2772 3278 reperiatur,
2797 3213 2884 3282 qui
2911 3215 3052 3270 aliud
3097 3219 3360 3287 opinetur.
3385 3225 3523 3293 Quis

1935 3301 2112 3346 autem
2140 3307 2244 3348 non
2275 3295 2466 3362 rideat,
2491 3312 2611 3353 eum
2633 3315 2812 3370 regem
2833 3305 3072 3360 omnium
3097 3307 3282 3364 Jovem
3303 3311 3508 3380 dicant,

1934 3383 2100 3451 quod'
2127 3383 2278 3440 stella
2307 3385 2424 3457 ejus
2444 3387 2511 3442 ab
2539 3391 2691 3445 stella
2715 3389 2940 3449 Veneris
2969 3405 3112 3452 tanta
3149 3399 3378 3456 vincitur
3403 3405 3518 3458 cla-

1933 3473 2089 3528 ritate
2114 3475 2138 3529 ?
2163 3485 2309 3532 tanto
2335 3479 2476 3535 enim
2502 3496 2624 3537 esse
2643 3481 2826 3539 debuit
2851 3487 3062 3544 caneris
3091 3491 3176 3546 illa
3207 3491 3512 3564 fulgentior,

1931 3577 2132 3634 quanto
2157 3577 2238 3622 est
2259 3569 2370 3638 ipse
2392 3573 2678 3639 potentior.
2705 3573 3047 3646 Respondent
3069 3581 3190 3638 ideo
3217 3586 3292 3638 sic
3309 3585 3512 3654 videri,

1931 3657 2055 3724 quia
2077 3657 2163 3711 illa
2189 3673 2307 3728 qua:
2335 3669 2552 3730 putatur
2572 3663 2870 3734 obscurior,
2893 3673 3138 3738 superior
3161 3683 3244 3728 est
3287 3683 3445 3746 atque
3481 3695 3512 3733 a

1932 3748 2088 3801 terris
2110 3747 2268 3819 longe
2295 3753 2574 3808 remotior.
2605 3757 2661 3809 Si
2693 3769 2820 3826 ergo
2841 3759 3172 3826 superiorem
3201 3763 3374 3818 locum
3401 3783 3514 3822 ma-

1925 3837 2014 3908 jor
2032 3839 2262 3910 dignitas
2289 3845 2515 3906 meruit,
2558 3861 2720 3916 quare
2745 3847 3007 3918 Saturnus
3035 3853 3102 3908 ibi
3141 3865 3224 3910 est
3266 3857 3396 3913 Jove
3416 3873 3510 3914 su-
3569 3915 3574 3918 .

1930 3933 2140 4002 periuri
2167 3951 2234 3988 an
2265 3935 2468 3992 vanitas
2493 3937 2616 3994 t'abu
2635 3941 2699 3994 la:
2717 3983 2731 4007 ,
2761 3957 2880 4012 qua:
2905 3959 3082 4015 regem
3130 3945 3316 4004 Jovem
3344 3949 3469 4006 facit
3487 3993 3502 4016 .

1927 4039 2034 4080 non
2059 4025 2226 4096 potuit
2249 4041 2416 4097 usque
2467 4029 2530 4084 ad
2562 4029 2734 4085 sidera
2773 4035 3088 4102 pervenire;
3117 4045 3172 4092 et
3215 4039 3356 4109 quod
3401 4055 3506 4096 non

1927 4115 2088 4170 valuit
2121 4115 2382 4173 Siturnus
2416 4119 2468 4173 in
2485 4135 2652 4190 regno
2673 4135 2790 4186 suo,
2826 4139 3000 4194 neque
3027 4126 3077 4180 in
3105 4127 3374 4198 Capitolio
3397 4133 3502 4204 (α),

1925 4209 2112 4264 saltem
2140 4219 2222 4266 est
2245 4213 2536 4282 permissus
2561 4213 2804 4270 obtinere
2829 4217 2880 4270 in
2915 4219 3096 4274 cutio?
3123 4221 3298 4289 Quare
3325 4233 3503 4280 autem

1923 4300 2087 4356 Janus
2111 4319 2213 4356 non
2236 4307 2442 4374 accepit
2465 4307 2698 4378 aliquam
2723 4310 2964 4365 stellam?
2991 4311 3047 4368 Si
3075 4325 3355 4386 propterea
3377 4321 3502 4387 quia

1923 4392 2150 4448 mundus
2193 4405 2374 4458 est,et
2402 4411 2590 4454 omnes
2617 4399 2668 4454 in
2697 4399 2785 4454 illo
2821 4415 2980 4470 sunt;
3009 4414 3065 4462 et
3105 4407 3253 4464 Jovis
3275 4411 3502 4465 mundus

1921 4493 2002 4538 est
2019 4525 2032 4549 ,
2057 4492 2110 4538 et
2131 4485 2286 4540 habet
2311 4495 2508 4542 tamen.
2539 4489 2618 4542 An
2639 4491 2738 4544 ista
2760 4506 2979 4549 causam
3001 4511 3151 4552 suam
3199 4503 3500 4570 composuit

1919 4583 1976 4628 ιιι
2001 4575 2206 4644 potuit,
2237 4589 2289 4631 et
2333 4591 2427 4646 pro
2457 4593 2557 4632 una
2589 4581 2744 4634 stella
2787 4597 2950 4652 quam
2997 4599 3102 4641 non
3151 4588 3313 4645 habet
3361 4591 3500 4647 inter

1919 4663 2092 4720 sidera
2113 4707 2126 4730 ,
2165 4675 2240 4720 tot
2265 4665 2428 4722 facies
2449 4669 2651 4738 accepit
2673 4671 2724 4725 in
2747 4673 2924 4728 terra?
2953 4675 3155 4734 Deinde
3184 4679 3228 4734 si
3281 4691 3502 4751 propter

1917 4755 2060 4810 solas
2087 4757 2268 4812 stellas
2295 4757 2610 4814 Mercurium
2645 4771 2700 4818 et
2729 4761 2950 4820 Martem
2985 4777 3162 4837 partes
3191 4773 3372 4826 numdl
3394 4787 3494 4843 pu-

1918 4853 2062 4912 tant,
2088 4857 2146 4902 ut
2169 4861 2262 4904 eos
2287 4849 2418 4905 deos
2449 4853 2646 4908 habere
2683 4855 2923 4924 possint,
2943 4859 3064 4930 quia
3089 4864 3272 4934 utique
3317 4879 3496 4918 sermo

1915 4949 1970 4993 et
1990 4939 2190 4996 bellum
2221 4957 2324 4996 non
2371 4951 2496 5000 sunt
2523 4955 2700 5013 partes
2747 4949 2960 5016 mundi,
2993 4951 3086 5007 sed
3135 4963 3284 5008 actus
3325 4955 3497 5010 homi-

1915 5047 2202 5096 num;eur
2226 5035 2392 5089 Arieti
2435 5045 2490 5091 et
2523 5036 2698 5092 Tauro
2745 5048 2800 5094 et
2849 5039 3054 5097 Cancro
3108 5051 3164 5098 et
3209 5043 3488 5116 Scorpioni

1913 5123 2228 5194 ueterisque
2253 5123 2550 5194 ltujusmodi
2567 5167 2584 5192 ,
2603 5143 2722 5198 quas
2749 5129 2986 5186 cmlestia
3005 5132 3154 5200 signa
3171 5147 3492 5202 numerant,

1913 5223 1968 5271 et
1986 5215 2156 5272 stellis
2183 5231 2288 5272 non
2315 5217 2536 5290 singulis
2555 5259 2570 5285 ,
2597 5219 2690 5276 sed
2715 5221 2918 5292 singula
2943 5221 3184 5292 pluribus
3212 5237 3488 5298 constant,
3527 5271 3530 5276 .

1978 5411 1994 5444 ⁸
2021 5411 2264 5475 Partieula,
2289 5425 2394 5472 nec,
2417 5414 2477 5462 ab
2509 5421 2582 5463 Er.
2610 5423 2662 5466 et
2697 5423 2804 5465 ιον.
2829 5428 3002 5467 omissa
3022 5419 3100 5470 hic
3123 5419 3212 5473 fuit
3237 5437 3250 5472 :
3271 5423 3488 5475 restitut-

1911 5481 1988 5522 ‘ur
2015 5488 2076 5524 ex
2102 5473 2235 5522 Vind.
2262 5484 2359 5522 sm.
2388 5483 2439 5524 et
2455 5483 2558 5526 Mss.
2887 5485 2900 5496 ‘

1974 5537 1994 5599 ὲ
2017 5537 2088 5599 sie
2109 5541 2214 5599 Mss.
2241 5537 2356 5584 Edil'l
2381 5549 2515 5596 vero,
2540 5545 2716 5599 printer
2737 5551 2859 5588 eant.

1977 5598 1996 5661 Ξ
2017 5597 2122 5661 sola
2145 5596 2294 5661 editio
2303 5604 2422 5661 Διιον.
2451 5596 2552 5658 pro;
2577 5600 2721 5661 quod,
2741 5601 2904 5657 habet.
2927 5615 3050 5654 cum.

1975 5659 2046 5728 (α)
2072 5657 2576 5728 manubiis-saturnus
2590 5657 2650 5710 ἰη
2671 5673 2936 5728 regnosuo.
2955 5679 3036 5728 qm
3054 5666 3288 5728 videlicet
3304 5681 3332 5715 ο
3348 5673 3486 5716 Creta

1911 5718 2080 5790 pulsus
2099 5731 2131 5790 ει
2149 5718 2257 5790 lilio‘
2269 5725 2386 5768 Jove
2392 5720 2575 5790 dicitur
2601 5735 2612 5770 :
2638 5718 2789 5790 neque
2807 5725 2856 5774 in
2880 5718 3130 5790 Capitolio,
3151 5731 3262 5790 quia
3284 5741 3394 5778 eum
3412 5731 3486 5778 in-

1913 5778 2139 5830 caluisset
2163 5778 2344 5850 collem
2384 5778 2830 5850 capitolinnm,"_tmi
2873 5778 3088 5840 Saturnia
3116 5778 3318 5841 'eo'udita
3363 5797 3488 5850 erat.

1915 5851 2080 5905 postea
2105 5841 2240 5892 collis
2263 5840 2346 5890 ille
2367 5840 2504 5892 sacer
2527 5843 2616 5895 fuit
2635 5840 2757 5896 Joii.
