4064 6582
488 411 624 467 ~20?

525 528 874 599 superiusque
897 527 1032 583 istis‘
1058 526 1110 581 in
1132 539 1340 580 summo
1364 524 1501 579 caelo
1523 527 1806 596 perhibent
1821 527 2105 592 collocata,

526 620 614 675 ubi
641 620 973 674 constantior
1000 625 1173 673 motus
1195 617 1535 672 iuerrahilem
1581 627 1813 673 meatum
1838 618 2106 675 sideribus

526 710 954 780 jirmliet,nuﬂas
979 723 1130 776 aras,
1157 708 1299 764 nulla
1334 709 1680 775 sacramulla
1712 709 1906 779 templa
1959 708 2105 765 lece-

523 812 682 868 rnnt;
711 817 813 858 nec
841 802 971 857 deos
991 844 1007 868 ,
1038 816 1146 856 non
1177 800 1461 856 dico'iuter
1480 800 1579 856 hos
1623 800 1883 867 selectos,
1912 800 2007 857 sed
2034 815 2104 857 ne

518 897 659 948 inter
688 894 808 952 illos
851 892 1068 963 quidem
1098 894 1249 964 quasi
1279 893 1517 965 plebeios
1545 893 1843 950 habuerunt
1867 895 1893 948 ἲ

518 984 745 1040 CAPUT
780 983 923 1038 XVI.
975 1014 1047 1026 --
1098 982 1179 1038 De
1226 984 1467 1054 Apolline
1511 995 1558 1039 et
1602 984 1773 1039 Diana
1815 986 2105 1057 ueterisque

646 1074 839 1129 selectis
858 1075 958 1130 diis
982 1117 997 1139 ,
1024 1091 1148 1146 quos
1179 1084 1344 1145 partes
1380 1076 1557 1132 mundi
1581 1093 1687 1131 esse
1713 1077 1994 1132 voluerunt.

588 1165 890 1235 Apollinem
916 1166 1163 1237 quamvis
1175 1165 1529 1223 divinatorem
1552 1176 1602 1223 et
1626 1168 1891 1223 medicum
1915 1167 2099 1235 velint,

519 1258 880 1312 tamen'ut‘iu
905 1257 1080 1328 a‘liqua
1133 1266 1284 1328 parte
1312 1258 1496 1313 mundi
1548 1267 1877 1325 statuerent,
1926 1259 2101 1329 ipsum

509 1345 672 1401 etiam
686 1347 853 1402 solem
871 1361 994 1402 esse
1009 1346 1279 1413 dixerunt;
1297 1348 1622 1419 Diauamque
1646 1363 1956 1418 germanam
1982 1348 2100 1419 ejus

510 1436 759 1491 similiter
785 1437 967 1493 lunam
990 1447 1045 1493 et
1070 1438 1270 1492 viarum
1289 1438 1592 1509 przcsidem.
1607 1438 1761 1496 Unde
1774 1439 2099 1510 etvirgiurm

513 1526 735 1591 volunt,
763 1529 907 1598 quod
937 1530 1016 1583 via
1042 1529 1174 1584 nihil
1202 1531 1394 1600 pariat‘
1415 1538 1498 1585 :et
1517 1528 1638 1585 ideo
1665 1532 1852 1586 ambos
1879 1531 2100 1602 sagittas

511 1617 745 1684 habere,
771 1621 914 1690 quod
944 1620 1055 1691 ipsa
1083 1621 1192 1675 dno
1215 1620 1391 1677 sidera
1419 1620 1488 1677 de
1524 1622 1667 1678 caelo
1702 1622 1881 1679 radius
1930 1632 2099 1679 terras

511 1726 683 1780 usque
707 1712 1048 1781 perteudant.
1081 1713 1372 1769 Vulcanum
1420 1714 1607 1769 volunt
1656 1714 1834 1786 ignem
1874 1716 2095 1784 mundi,

509 1803 815 1875 Neptunum
839 1822 1008 1878 aquas
1028 1807 1249 1875 mundi,
1280 1807 1451 1864 Ditem
1479 1817 1716 1880 patrem,
1744 1809 1845 1867 hoc
1889 1818 1971 1865 est
1999 1809 2099 1867 Or-

503 1911 632 1951 etim
654 1937 671 1964 ,
713 1906 979 1953 terrenam
1007 1907 1064 1953 et
1105 1897 1340 1954 intimam
1366 1908 1573 1971 partem
1618 1901 1821 1957 mundi.
1846 1901 2094 1957 Liberum

499 1985 834 2043 «Cererem
854 1998 1176 2059 pneponunt
1196 1991 1529 2063 seminibus,
1560 1992 1645 2047 vel
1688 1992 1836 2047 illum
1887 2009 2097 2050 mascu-

495 2076 676 2144 Jinis,
705 2078 850 2135 illam
883 2079 1288 2148 Ietuininis;vel
1319 2082 1467 2138 illum
1518 2083 1741 2155 liquori,
1768 2084 1912 2140 illam
1966 2101 2096 2141 vero

507 2169 741 2245 ariditati
766 2171 1033 2229 seminum
1077 2170 1176 2244 (a).
1201 2172 1269 2228 Et
1304 2172 1408 2230 hoc
1424 2174 1608 2246 utique
1638 2184 1807 2231 totum
1864 2174 2095 2232 refertur

509 2240 577 2316 ad
623 2262 905 2327 mundum,
929 2263 981 2319 id
1002 2240 1173 2320 estad
1195 2263 1426 2330 Jovem,
1451 2240 1542 2337 qui
1594 2277 1873 2339 propterea
1919 2267 2093 2324 dictus

500 2364 588 2410 est
615 2352 918 2426 ngenitor
936 2356 1269 2429 penuria-que,
1298 2358 1440 2429 quod
1466 2359 1644 2415 omnia
1674 2360 1877 2417 semina
1929 2376 1994 2417 ex
2032 2376 2092 2418 sc

499 2440 876 2513 emitieret,et
910 2446 964 2503 in
1004 2460 1070 2503 se
1113 2448 1396 2518 reciperet.
1445 2449 1884 2522 Quandoquidem
1928 2453 2088 2509 etiam

511 2531 735 2591 Matrem
784 2550 1032 2608 magnam
1068 2538 1313 2596 eamdem
1364 2539 1617 2598 Cererem
1658 2543 1877 2611 volunt,
1927 2560 2087 2616 quam

516 2626 652 2682 nihil
675 2626 821 2685 aliud
881 2627 1069 2686 dicunt
1095 2645 1238 2688 esse
1258 2647 1418 2703 quam
1442 2642 1638 2690 terram
1667 2677 1682 2705 ,
1704 2650 1928 2708 eamque
1969 2654 2089 2711 per-

504 2715 695 2777 hibent
714 2727 770 2774 et
787 2717 1073 2776 lunonem.
1093 2719 1166 2776 Et
1196 2721 1320 2779 ideo
1339 2722 1395 2780 ei
1413 2725 1679 2782 secundas
1706 2741 1892 2783 causas
1905 2743 2086 2785 rerum

500 2808 771 2866 tribuunt:
795 2826 921 2867 cum
967 2821 1143 2869 tamen
1170 2813 1286 2871 Jovi
1310 2816 1380 2873 sit
1400 2816 1628 2884 dictum,
1657 2817 1960 2893 Progenitor
2001 2840 2087 2894 ge-

506 2902 764 2974 nitriaque
786 2903 935 2958 datm
954 2922 977 2960 :
1001 2906 1125 2976 quia
1145 2907 1438 2964 secundum
1462 2924 1555 2966 eos
1590 2919 1733 2968 totus
1767 2914 1882 2985 ipse
1926 2931 2084 2971 mun-

499 2990 603 3047 dus
630 3001 715 3049 est
740 2992 911 3050 Jovis.
942 2994 1234 3052 Minervam
1274 2998 1434 3055 etiam
1459 3041 1474 3065 ,
1504 3002 1627 3072 quia
1673 3017 1793 3060 eam
1838 3004 2084 3062 humanis

498 3083 704 3140 artibus
733 3084 1208 3157 iprmposueruut,
1236 3105 1337 3147 nec
1375 3091 1695 3150 invenerunt
1744 3096 1825 3152 vel
1871 3098 2081 3154 stellam

495 3176 586 3231 ubi
613 3192 734 3234 eam
764 3189 1031 3250 ponerent
1052 3222 1068 3248 ,
1096 3182 1342 3240 eamdem
1373 3184 1455 3239 vel
1481 3199 1749 3242 summum
1771 3189 1970 3244 :ethera
1998 3191 2081 3245 vel

488 3266 650 3322 etiam
682 3264 861 3325 lunam
884 3284 1006 3327 esse
1033 3270 1283 3329 dixerunt
1311 3272 1406 3346 (ιι).
1443 3274 1656 3332 Vestam
1673 3292 1889 3350 quoque
1911 3280 2080 3352 ipsam

477 3368 773 3429 propterea
799 3359 1022 3419 dearum
1057 3364 1344 3420 maximam
1387 3376 1744 3439 putaverunt,
1775 3373 1917 3442 quod
1964 3373 2078 3444 ipsa

484 3449 557 3506 sit
586 3458 723 3506 terra
748 3466 765 3519 ;
789 3455 1033 3524 quamvis
1063 3454 1241 3526 ignem
1268 3457 1452 3513 mundi
1485 3458 1739 3517 leviorem
1776 3462 1868 3533 qui
1913 3464 2077 3535 pertio

487 3550 581 3598 net
607 3541 675 3599 ad
704 3559 835 3600 usus
858 3544 1131 3615 hominum
1158 3546 1377 3614 faciles,
1407 3565 1514 3605 non
1546 3551 1913 3611 violentiorcm
1941 3571 2071 3627 qua-

483 3634 553 3693 lis
575 3636 790 3694 γυιωά
808 3646 908 3706 est,
925 3639 974 3694 ei
1002 3639 1363 3711 deputandum
1383 3658 1504 3701 eSSc
1520 3644 1869 3703 crediderunt
1889 3648 1983 3722 (c).
2001 3653 2077 3706 Ac

484 3743 582 3797 per
612 3729 926 3787 hoeiomnes
946 3731 1079 3789 istos
1104 3733 1333 3790 selectos
1353 3735 1490 3792 deos
1506 3737 1646 3794 hunc
1672 3752 1794 3795 esse
1818 3741 2074 3797 mundum

484 3820 711 3886 volunt,
739 3822 797 3876 in
813 3823 1131 3891 quibusdam
1155 3826 1486 3892 universum,
1520 3829 1571 3884 in
1599 3830 1915 3901 quibusdam
1947 3849 2073 3905 ρειτ-

485 3920 567 3965 tes
608 3910 766 3980 ejus:
795 3913 1101 3969 universum
1156 3915 1292 3971 sicut
1335 3917 1559 3985 Jovem;
1591 3932 1767 3989 partes
1813 3922 1963 3993 ejus,
2016 3934 2074 3980 ut

483 4000 731 4064 Genium,
758 4012 816 4061 ut
833 4002 1053 4060 Matrem
1082 4020 1349 4077 magnam,
1373 4017 1430 4064 ut
1454 4008 1634 4065 Solem
1666 4020 1723 4083 et
1740 4012 1966 4079 Lunam,
1989 4015 2071 4070 vel

484 4092 1028 4163 luitius‘Apollincm
1074 4104 1130 4151 et
1174 4096 1416 4153 Dianam.
1463 4098 1533 4155 Et
1574 4101 1860 4172 aliquando
1906 4120 2071 4163 unum

482 4182 643 4237 deum
727 4198 819 4240 res
866 4185 1093 4254 plures,
1158 4189 1442 4258 aliquando
1521 4208 1679 4248 uuam
1750 4210 1863 4251 rem
1940 4196 2071 4253 deos

480 4274 664 4343 plures
712 4272 927 4331 Iaciunt.
982 4275 1115 4331 Nam
1165 4292 1301 4333 unus
1343 4279 1478 4336 deus
1547 4298 1633 4339 res
1688 4284 1872 4355 plures
1922 4297 2066 4354 sunt,

485 4364 627 4420 sicut
667 4364 781 4434 ipse
814 4365 1056 4436 Jupiter:
1079 4376 1134 4423 et
1163 4368 1394 4425 mundus
1418 4371 1559 4426 enim
1593 4380 1737 4429 totus
1759 4375 1985 4446 Jupiter,
2015 4388 2070 4435 ct

480 4453 653 4509 solmn
682 4455 875 4511 cmlum
894 4456 1117 4529 Jupiter,
1147 4467 1201 4515 et
1216 4460 1333 4515 sola
1356 4461 1509 4518 stella
1536 4462 1745 4535 Jupiter
1764 4465 1989 4524 habetur
2014 4481 2068 4527 ct

477 4543 693 4602 dicitur.
717 4545 952 4618 Itemque
975 4547 1117 4609 Juno
1132 4549 1489 4608 secundarum
1517 4568 1799 4612 causarum
1825 4558 2062 4629 domina,

479 4642 537 4690 et
566 4632 707 4691 Juno
734 4651 852 4706 aer,
877 4638 1096 4695 ctJuno
1123 4649 1263 4698 terra
1282 4682 1301 4711 ,
1329 4651 1383 4699 et
1422 4644 1468 4700 si
1495 4643 1758 4707 Venerem
1781 4649 2062 4721 vinceret“,

480 4724 622 4782 Juno
649 4726 825 4783 stella.
856 4728 1114 4787 Similiter
1136 4732 1371 4789 Minerva
1411 4750 1656 4794 summus
1678 4740 1867 4812 tetber,
1891 4754 1945 4801 et
1970 4745 2065 4802 Mi-
2094 4760 2097 4763 '

475 4832 642 4875 ncrva
673 4819 853 4876 itidem
875 4821 1024 4891 luna,
1051 4838 1210 4893 quam
1246 4840 1365 4882 esse
1406 4827 1462 4883 in
1519 4829 1738 4889 aetheris
1785 4835 1970 4894 intimo
1999 4839 2063 4895 li-

476 4909 610 4966 mite
651 4911 974 4969 existimant.
1032 4913 1201 4975 Unam
1260 4931 1388 4974 vero
1430 4934 1542 4976 rem
1595 4922 1728 4980 deos
1778 4927 1958 4998 plures
1990 4930 2060 4986 ita

537 5071 713 5139 ιιλονη
750 5068 844 5122 ista
889 5083 908 5122 :
944 5071 1345 5126 dissentientibus
1382 5077 1525 5129 editis
1568 5080 1673 5133 aliis
1712 5092 1763 5135 et
1800 5092 2060 5139 manuscri-

425 5230 445 5253 ,
655 5194 757 5245 sola
776 5194 994 5246 editione
1011 5200 1142 5256 Lov.,
1173 5197 1288 5262 quia
1308 5199 1429 5252 nillil
1448 5203 1610 5266 pariat
1634 5219 1651 5258 :
1675 5210 1854 5261 omisso
1888 5213 2057 5276 verbo,

468 5264 657 5378 mins.
680 5315 818 5378 sese,
842 5317 1091 5371 mentibus.
1157 5328 1212 5372 tu.

530 5376 553 5450 ξ
730 5376 952 5450 ut‘Solem
974 5381 1048 5450 pel
1065 5391 1277 5450 Lunam;
1300 5393 1351 5438 ut
1373 5388 1545 5450 potius,
1566 5399 1664 5442 etc.

528 5437 551 5468 ³
581 5437 816 5521 γὶιιςενει,
836 5449 948 5514 puta
972 5444 1022 5493 in
1042 5437 1354 5521 contentione
1373 5437 1677 5521 'dueLIucil'ero
1699 5454 1881 5517 sidere,
1907 5459 2055 5521 quod,

463 5506 536 5571 uti
572 5501 728 5564 capite
766 5501 1022 5565 superiore
1044 5505 1301 5570 observat,
1336 5511 1528 5574 quidam
1556 5501 1881 5569 dicunt—esse
1908 5501 2055 5572 E561

463 5574 559 5612 ωδ.

547 5657 578 5694 a
626 5644 728 5694 vid.
753 5652 1030 5708 Varronem,
1057 5648 1121 5701 de
1146 5654 1278 5716 Ling.
1304 5653 1388 5704 lat.
1428 5655 1515 5707 lib.
1539 5658 1588 5717 5,
1612 5659 1661 5722 §§
1678 5659 1757 5718 66.
1784 5662 1866 5713 59.

523 5644 599 5768 Eb;
617 5706 750 5758 coni.
774 5710 1051 5768 Eusebium,
1086 5721 1303 5768 Praeter-
1321 5723 1498 5768 Evana.
1536 5718 1622 5768 lib.
1647 5724 1696 5768 '5.
1717 5735 1824 5768 can.
1854 5726 1866 5768 1

470 5724 491 5789 ;.
523 5706 1303 5789 (Plcoefsﬁuﬁseésuzmnes
1321 5706 1511 5789 ενεηεέ
1536 5706 1930 5789 obsessis.
1954 5725 2052 5789 sal-

458 5768 556 5880 :ice
672 5770 813 5881 nobbi's
858 5768 1140 5826 translatum
1162 5768 1201 5838 ,’
1227 5768 1633 5835 Βέηιοπδιῖαιῠὸιιές
1653 5768 2047 5851 'iséép'i‘g'éiidu'éi',

481 5844 560 5879 Ol“
648 5868 660 5881 ι
800 5869 813 5881 α

481 5844 560 5879 om
618 5844 633 5879 l
648 5868 660 5881 .

521 5869 590 5948 δ’)
620 5869 719 5944 iiii.
738 5869 968 5959 lactant”
996 5898 1078 5950 lib.
1103 5901 1123 5950 I
1148 5902 1317 5962 lustit.,
1335 5916 1437 5963 cap.
1471 5906 1544 5955 1‘2.

1621 408 1708 464 DE
1737 407 2058 467 CIVITATE
2100 409 2232 472 DEI,
2272 411 2310 468 S
2372 413 2733 472 ACGITSTINI

3692 439 3798 494 ΞΜ

2213 526 2435 584 faciunt.
2468 530 2530 585 Et
2551 530 2718 588 Janus
2741 541 2825 590 est
2850 535 3102 606 mundus,
3130 550 3189 598 et
3214 542 3420 618 Jupiter
3443 566 3457 603 :
3479 550 3557 608 sic
3581 560 3637 609 rt
3658 555 3799 612 Juno

2211 628 2295 676 est
2312 628 2476 688 terra,
2499 632 2554 677 et
2576 623 2745 680 Mater
2763 642 2974 699 magna,
2996 640 3051 687 ot
3081 631 3267 693 Ceres.

2209 751 2437 810 CAPUT
2466 753 2628 810 XVII.
2655 788 2727 849 ‘—
2770 756 2920 826 Quod
2966 766 3118 820 etiam
3167 767 3275 839 ipse
3331 769 3493 829 Varro
3534 779 3799 849 opiniones

2487 862 2606 902 suas
2628 846 2693 903 de
2716 849 2813 906 diis
2842 857 3186 924 pronuntiarit
3208 863 3490 935 ambiguas.

2279 954 2348 1012 Et
2369 955 2511 1013 sicut
2532 958 2667 1030 haec,
2690 978 2811 1035 qua:
2842 969 3073 1040 exempli
3126 973 3294 1043 gratia
3338 986 3795 1052 commemoravi,

2207 1045 2278 1103 ita
2326 1058 2519 1108 caetera
2547 1068 2652 1109 non
2680 1057 2970 1127 explicant,
3001 1063 3096 1118 sed
3121 1068 3296 1135 potius
3318 1068 3627 1141 implicant;
3654 1045 3797 1135 sicut

2205 1139 2436 1209 impetus
2480 1146 2793 1209 errabunda:
2847 1152 3114 1222 opinionis
3172 1139 3492 1232 impulerit,
3539 1139 3621 1221 ita
3690 1169 3798 1227 huc

2203 1239 2362 1301 atque
2386 1234 2531 1299 illuc,
2559 1236 2685 1292 hinc
2711 1248 2874 1311 atque
2901 1242 3046 1300 illinc
3075 1246 3315 1307 insiliunt
3330 1262 3386 1308 et
3410 1257 3703 1315 resiliunt:
3736 1273 3799 1317 ut

2203 1323 2320 1393 ipse
2348 1326 2517 1383 Varro
2543 1329 2610 1386 de
2637 1333 2887 1391 omnibus
2906 1335 3174 1407 dubitare,
3216 1359 3377 1414 quam
3419 1348 3619 1421 aliquid
3645 1353 3797 1410 aflir-

2202 1431 2352 1473 mare
2381 1420 2647 1477 maluerit.
2675 1422 2808 1479 Nam
2840 1426 2998 1485 trium
3018 1440 3384 1497 extremorum
3406 1420 3635 1509 primum
3665 1460 3792 1507 cum

2202 1506 2270 1562 de
2294 1507 2397 1564 diis
2419 1512 2582 1567 certis
2625 1513 2941 1575 absolvisset
2980 1519 3216 1590 librum,
3247 1526 3301 1582 in
3359 1506 3531 1586 altero
3568 1532 3636 1590 de
3687 1506 3796 1592 is.

2201 1600 2420 1658 incertis
2462 1603 2644 1662 dicere
2683 1608 2977 1681 ingressus,
3002 1614 3113 1671 ait:
3141 1614 3270 1673 Cum
3290 1620 3344 1674 in
3372 1621 3468 1677 hoc
3495 1623 3664 1681 libello
3683 1628 3793 1683 du-

2200 1692 2308 1747 bias
2332 1693 2396 1747 de
2418 1694 2520 1750 diis
2542 1698 2806 1767 opiniones
2846 1718 3063 1772 posuero
3079 1745 3096 1774 ,
3121 1707 3425 1779 reprehendi
3479 1729 3581 1770 non
3609 1716 3789 1775 debeo.

2202 1782 2303 1851 Qui
2312 1785 2445 1839 enim
2464 1789 2657 1855 putabit
2671 1790 2900 1861 judicari
2916 1806 3151 1865 oportere
3167 1808 3213 1854 et
3229 1786 3394 1871 posse,
3416 1819 3529 1859 cum
3543 1809 3787 1879 audierit,

2197 1876 2349 1946 faciet
2372 1879 2483 1948 ipse
2497 1897 2518 1934 :
2541 1897 2633 1953 ego
2660 1884 2811 1941 citius
2832 1888 3047 1956 perduci
3072 1906 3294 1961 possunt,
3312 1904 3368 1950 ut
3384 1896 3439 1952 in
3467 1900 3631 1970 primo
3656 1876 3790 1959 libro

2196 1983 2309 2038 qua:
2328 1970 2437 2025 dixi
2468 1973 2521 2027 in
2569 1973 2932 2033 dubitationem
2957 1996 3200 2050 reuocem,
3224 2000 3377 2056 quam
3424 1989 3479 2044 in
3527 1992 3623 2047 hoc
3672 2011 3790 2063 ante

2196 2060 2500 2127 perscribam
2524 2065 2696 2119 omnia
2739 2075 2794 2121 ut
2833 2069 2903 2123 ad
2942 2070 3167 2142 aliquam
3221 2076 3441 2149 dirigam
3487 2060 3785 2142 summin‘.

2196 2149 2269 2212 Ita
2299 2166 2406 2207 non
2432 2154 2609 2210 solum
2639 2156 2797 2215 istum
2822 2159 2893 2217 de
2911 2161 3017 2219 diis
3040 2163 3260 2223 incertis
3284 2208 3301 2235 ,
3321 2169 3417 2227 sed
3436 2172 3598 2230 etiam
3630 2177 3785 2234 illum

2193 2239 2264 2296 de
2291 2244 2455 2299 certis
2477 2244 2899 2306 lecitincertum.
2934 2251 2992 2308 In
3022 2255 3185 2312 tertio
3209 2273 3375 2330 porro
3421 2262 3524 2320 isto
3565 2265 3634 2323 de
3679 2268 3786 2328 diis

2196 2331 2433 2398 selectis,
2455 2346 2808 2410 posteaquam
2837 2344 3159 2414 praelocutus
3187 2352 3423 2422 estquod
3454 2369 3518 2411 es
3549 2362 3783 2419 naturali

2193 2425 2458 2498 theologia
2487 2430 2925 2503 prmloquendum
2952 2440 3185 2507 putavit,
3230 2442 3572 2516 ingressurus
3621 2450 3784 2524 hujus

2188 2517 2361 2573 civilis
2385 2522 2667 2595 theologia:
2692 2527 2958 2585 vanitates
2980 2540 3036 2587 et
3065 2532 3301 2594 insanias
3350 2542 3643 2601 mendaces
3672 2517 3779 2619 (a),

2194 2609 2286 2664 ubi
2313 2627 2436 2667 eum
2458 2629 2564 2669 non
2589 2616 2763 2672 solum
2784 2633 2891 2676 non
2943 2620 3173 2680 ducebat
3214 2642 3393 2685 rerum
3432 2633 3650 2702 veritas,

2187 2701 2348 2757 etiam
2381 2705 2644 2774 majorum
2676 2712 2954 2779 premebat
2973 2717 3265 2773 auctoritas
3293 2738 3308 2775 :
3339 2721 3419 2777 De
3444 2724 3563 2792 diis,
3582 2726 3779 2799 inquit,

2186 2794 2367 2863 populi
2415 2794 2638 2853 Boviani
2690 2801 2905 2870 publicis
2924 2844 2943 2871 ,
2972 2806 3151 2875 quibus
3197 2811 3332 2865 (edes
3381 2794 3777 2885 dedicaverunt,

2184 2897 2365 2954 eosque
2386 2886 2624 2955 pluribus
2650 2890 2808 2962 signis
2831 2904 3036 2951 ornatos
3057 2909 3372 2970 notaverunt,
3403 2904 3455 2959 in
3508 2906 3603 2963 hoc
3643 2910 3777 2967 libro

2183 2976 2430 3044 scribam;
2483 2979 2573 3034 sed
2596 3021 2611 3044 ,
2667 2991 2726 3037 ut
2791 2983 3134 3059 XenOphanes
3178 2991 3525 3064 Colapltonius
3572 3001 3770 3070 scribit,

2182 3068 2305 3137 quid
2335 3080 2526 3137 putem,
2558 3089 2659 3128 non
2688 3077 2812 3145 quid
2838 3082 3160 3150 contendant,
3194 3102 3401 3155 ponam.
3436 3089 3675 3150 Hominis
3699 3108 3775 3153 est

2180 3160 2315 3213 enim
2367 3161 2474 3216 lucc
2501 3164 2723 3235 apinari,
2760 3168 2859 3224 Dei
2885 3172 3032 3228 scire.
3060 3174 3259 3231 Rerum
3290 3180 3450 3249 igitur
3478 3200 3583 3241 non
3619 3203 3774 3243 eom-
3842 3167 3859 3180 ⁸

2184 3251 2593 3320 prehensarutn,
2626 3273 2724 3313 uec
2755 3257 3061 3321 firmissime
3086 3267 3429 3340 creditarum,
3458 3277 3554 3330 sed
3584 3266 3773 3348 opina-

2182 3350 2355 3397 tarnm
2379 3354 2435 3399 et
2461 3346 3195 3415 duhitandarumscrmonem
3216 3346 3769 3439 trepiduSpollici-tur,

2182 3432 2428 3492 dicturus
2456 3452 2518 3493 ea
2538 3455 2659 3509 qua:
2681 3442 3070 3503 abhomiuihus
3088 3432 3338 3510 instituta
3390 3432 3534 3517 sunt.
3583 3432 3771 3536 Neque

2178 3526 2345 3593 enim,
2372 3528 2510 3585 sicut
2531 3532 2735 3588 sciebat
2762 3550 2883 3592 esse
2904 3541 3179 3612 nmudum,
3212 3561 3332 3603 esse
3357 3553 3549 3608 caelum
3581 3568 3634 3611 et
3660 3526 3771 3615 ter-

2178 3631 2330 3684 ram,
2355 3620 2547 3676 omium
2580 3623 2846 3681 sideribus
2895 3628 3155 3700 fulgidum
3176 3676 3192 3700 ,
3226 3646 3425 3695 terram
3472 3647 3769 3706 seminibus

2180 3707 2429 3777 fertilem,
2452 3722 2610 3783 atque
2634 3715 3151 3786 littjusniodicmtera
3174 3769 3190 3793 ,
3221 3730 3359 3786 sicut
3411 3734 3547 3792 hanc
3598 3748 3767 3799 totam

2177 3801 2378 3856 molem
2407 3815 2566 3876 atque
2596 3818 2840 3866 naturam
2865 3813 2915 3867 vi
2938 3817 3165 3885 quadam
3196 3822 3444 3882 invisibili
3470 3846 3533 3885 ac
3560 3848 3768 3904 praepo-

2178 3895 2306 3948 tenti
2337 3897 2444 3966 regi
2474 3910 2637 3969 atque
2686 3902 3057 3963 administrari
3102 3922 3246 3968 certa
3271 3918 3432 3973 animi
3480 3895 3768 3986 stabilitate

2174 3985 2455 4053 credebat;
2481 3990 2548 4044 ita
2580 4002 2789 4061 poterat
2811 3996 3078 4058 aﬂirmare
3104 4001 3172 4059 de
3195 4005 3350 4074 Jano,
3374 4012 3514 4081 quod
3534 4018 3767 4075 mundus

2174 4075 2287 4145 ipse
2316 4087 2493 4144 esset;
2517 4091 2608 4137 aut
2627 4082 2696 4139 de
2721 4086 2952 4145 Saturno
2973 4093 3230 4163 invenire,
3253 4075 3520 4168 quomodo
3537 4114 3591 4161 et
3613 4107 3767 4167 Jnvis

2173 4176 2325 4238 pater
2350 4181 2496 4227 esset
2520 4183 2575 4229 et
2591 4174 2713 4232 Jovi
2735 4184 3004 4251 regnanti’
3030 4186 3281 4247 subditus
3307 4192 3476 4251 Iactus
3499 4209 3678 4270 esset,
3702 4216 3763 4262 ct

2169 4271 2367 4317 caetera
2408 4263 2550 4319 talia.

2169 4393 2396 4453 CAPUT
2433 4397 2616 4456 XVIII.
2659 4434 2728 4444 —-
2769 4406 2896 4473 Qua:
2919 4410 3206 4468 credibilior
3235 4431 3390 4474 causa
3434 4422 3528 4489 sit,
3554 4440 3655 4494 qua
3674 4444 3765 4483 cr-

2608 4509 2696 4549 ror
2722 4495 3042 4571 Pagam'tatis
3066 4503 3343 4563 iuoleverit.

2241 4623 2317 4681 De
2354 4625 2548 4696 quibus
2583 4630 2891 4689 credibilior
2915 4635 3155 4693 redditur
3192 4642 3363 4707 ratio,
3409 4663 3530 4702 eum
3568 4654 3763 4720 perlu-

2166 4713 2359 4772 bcutur
2407 4719 2649 4776 homines
2678 4722 2871 4793 fuisse,
2926 4735 2981 4783 et
3014 4730 3299 4803 unicuique
3327 4751 3511 4792 cormn
3552 4741 3620 4794 ab
3673 4743 3765 4800 Itis

2165 4809 2256 4878 qui
2284 4825 2377 4866 eos
2402 4812 2669 4871 adulando
2696 4816 2827 4873 deos
2856 4833 2977 4877 esse
2991 4823 3295 4892 voluerunt,
3321 4844 3391 4885 ex
3422 4832 3571 4901 cjus’
3603 4835 3763 4908 iuge-

2165 4898 2291 4967 nio,
2332 4903 2597 4972 moribus,
2644 4907 2889 4977 actibus,
2939 4915 3189 4985 casibus,
3218 4933 3370 4975 sacra
3407 4933 3462 4977 ct
3492 4925 3761 4989 solemnia

2164 4991 2448 5045 constituta
2466 5034 2485 5060 ,
2509 5005 2669 5065 atque
2699 4998 2813 5054 lucc
2838 5003 3090 5071 paulatim
3120 5021 3214 5076 per
3237 5010 3443 5066 animas
3475 5013 3761 5078 hominum

2163 5080 2495 5141 daemonibus
2518 5088 2720 5146 similes
2749 5102 2804 5147 et
2832 5094 3159 5154 ludicrarum
3192 5118 3368 5159 rerum
3405 5107 3586 5165 avidas
3616 5111 3762 5172 irrc-

2162 5176 2367 5247 pendo,
2396 5178 2553 5251 longe
2593 5182 2805 5256 lateque
2829 5189 3040 5261 vulgata
3059 5191 3103 5259 ‘,
3156 5198 3467 5255 ornantibus
3509 5218 3572 5257 ea
3600 5220 3760 5264 men-

2160 5266 2331 5323 daciis
2359 5283 2636 5340 poetarum
2657 5314 2671 5338 ,
2702 5285 2757 5330 et
2782 5277 2850 5333 ad
2888 5294 2951 5335 ea
2979 5280 3251 5341 fallacibus
3289 5289 3564 5358 spiritibus
3591 5296 3760 5353 sedu-

2159 5362 2423 5419 centibus.
2450 5364 2679 5423 Facilius
2708 5369 2850 5427 enim
2896 5372 3012 5430 ﬁeri
3053 5378 3255 5466 potuit,
3307 5392 3365 5438 ut
3396 5383 3610 5454 juvenis
3650 5388 3760 5450 im-

2226 5541 2251 5613 ι,
2270 5548 2395 5600 ttss.,
2407 5541 2734 5628 praescribunt
2752 5548 2932 5610 atrotia,
2956 5556 3007 5601 ut
3023 5552 3237 5618 aliquam
3258 5558 3469 5623 dirigant
3489 5573 3765 5628 munitam,

2157 5604 2350 5659 omisso,
2371 5604 2454 5653 ad.
2916 5604 2927 5610 ’
3102 5604 3115 5618 '
3204 5604 3232 5605 7’
3489 5604 3761 5628 ’“”””””’“’

2220 5666 2242 5746 ἶ
2263 5667 2336 5746 ἕζίέ
2351 5667 2659 5746 [Ξίέἓιιῖίβοάάί-
2677 5675 2726 5746 ιιι
2743 5677 2813 5732 θη
2832 5680 2884 5746 εἰ
2901 5676 3122 5746 TW“
3134 5690 3152 5737 ς
3166 5681 3340 5746 omissa
3359 5695 3496 5746 meo.
3513 5685 3636 5737 Jovi.
3693 5697 3761 5744 δι.

2222 5727 2243 5798 ξ
2266 5732 2340 5799 Er.
2358 5736 2410 5779 et
2433 5735 2561 5792 Lov.,
2583 5745 2648 5783 ex
2669 5727 2852 5786 eorum.
2866 5727 3039 5788 Atilss.
3064 5727 3409 5808 eskjssfdiisd
3422 5727 3647 5800 iKréiitiE-

2156 5801 2428 5853 numaque.
3158 5801 3166 5802 '

2220 5853 2239 5917 ξ
2264 5853 2397 5917 miti.
2426 5853 2694 5917 vulgarunt.
2720 5859 3039 5910 mnendautur
3062 5875 3090 5914 a
3112 5870 3219 5917 Mss.

2219 5915 2292 5974 (ιι)
2320 5913 2487 5967 alludit
2505 5913 2564 5965 ad
2591 5919 2708 5968 I'sal.
2740 5933 2908 5983 xxxrx,
2933 5922 2987 5981 ἂ.
3008 5924 3056 5976 ὅ.
