4064 6472
298 366 392 424 509

299 485 410 554 pius
449 487 532 542 vel
559 489 634 544 ab
679 491 844 565 impio
885 507 1036 568 patre
1075 500 1302 562 interﬁci
1341 517 1585 567 metuens
1621 523 1678 569 et
1699 517 1884 573 avidus

297 577 440 646 regni
469 588 684 673 patrem
709 585 930 654 pelleret
963 605 1128 663 regno
1149 635 1166 662 ,
1207 611 1362 666 quam
1394 597 1479 665 id,
1505 605 1647 673 quod
1677 607 1776 662 iste
1803 609 1884 664 in-

297 675 640 738 terpretatur,
675 672 798 731 ideo
821 675 1106 768 satur-num
1135 694 1338 756 patrem
1366 705 1400 744 a
1422 672 1554 748 Jove
1583 695 1692 751 lilio
1719 712 1880 770 sape-

295 767 462 814 ratum
483 801 500 826 ,
521 764 668 832 quod
701 777 828 825 ante
865 757 946 828 est
977 789 1136 832 causa
1165 795 1283 850 qua:
1309 785 1542 852 pertinet
1567 789 1632 842 ad
1659 757 1842 847 Jovem
1862 835 1879 862 ,

293 865 450 940 quam
493 867 682 911 semen
711 861 852 929 quod
901 867 1132 934 pertinet
1176 871 1242 925 ad
1279 873 1588 933 Saturnum.
1641 861 1880 940 Si‘enim

297 939 398 994 hoc
423 941 496 996 ita
521 955 706 1015 esset,
751 967 1018 1024 nunquam
1053 959 1316 1019 Saturnus
1354 967 1499 1036 prior
1525 969 1752 1040 fuisset,
1785 991 1884 1032 nec

296 1035 446 1095 pater
469 1031 622 1092 iovis
659 1051 826 1100 esset.
857 1044 1080 1118 Semper
1103 1053 1246 1108 enim
1283 1031 1466 1114 semen
1493 1075 1654 1118 causa
1685 1080 1883 1135 praece-

293 1118 403 1187 dit,
432 1139 534 1180 nec
579 1143 816 1200 unquam
859 1151 1142 1206 generatur
1169 1159 1235 1200 ex
1261 1149 1484 1207 semine.
1515 1151 1620 1209 Sed
1647 1171 1766 1212 cum
1791 1173 1882 1215 co-

297 1221 492 1269 nantur
511 1219 832 1280 vanissimas
871 1228 1076 1289 fabulas
1115 1235 1228 1292 sive
1265 1238 1540 1299 hominum
1591 1262 1678 1302 res
1704 1259 1884 1320 gestas

296 1303 436 1358 velut
475 1312 810 1371 naturalibus
834 1319 1364 1392 interpretationibus
1397 1332 1692 1406 honorare,
1721 1340 1884 1396 etiam

297 1393 542 1453 homines
592 1405 886 1464 acutissimi
941 1421 1114 1472 tantas
1157 1421 1428 1487 patiuntur
1471 1393 1779 1498 angustias,
1827 1439 1884 1486 ut

293 1501 482 1544 eorum
511 1507 726 1565 quoque
751 1501 1034 1562 vanitatem
1061 1507 1244 1567 dolere
1265 1527 1540 1586 cogamur.

294 1597 528 1660 CAPUT
562 1605 708 1664 XIX.
737 1642 810 1652 —
827 1615 906 1671 De
929 1619 1422 1692 interpretationibus
1439 1672 1454 1698 ,
1480 1633 1658 1703 quibus
1682 1637 1881 1694 colendi

689 1701 907 1762 Saturni
930 1712 1059 1766 ratio
1083 1715 1472 1776 concinnatur‘.

363 1803 655 1866 Saturnum
675 1855 692 1880 ,
741 1815 938 1890 inquit,
986 1824 1274 1898 dixerunt,
1307 1849 1424 1904 qua:
1454 1848 1574 1892 nata
1605 1855 1672 1896 ex
1702 1857 1766 1898 eo
1796 1859 1880 1900 es-

293 1905 445 1964 sent,
479 1903 696 1960 solitum
723 1907 1016 1980 devorare;
1045 1921 1184 1989 quod
1232 1941 1298 1980 eo
1327 1929 1529 1986 semina
1552 1975 1568 1996 ,
1601 1935 1742 1989 unde
1781 1953 1876 1992 na-

294 1999 597 2058 scerentur,
647 1999 900 2060 redirent.
945 2008 1010 2062 Et
1053 2014 1192 2080 quod
1223 2015 1298 2070 illi
1331 2035 1425 2088 pro
1453 2019 1583 2080 Jove
1609 2025 1760 2096 gleba
1784 2029 1876 2082 ob-

287 2079 428 2148 jecta
455 2095 540 2140 est
563 2087 864 2150 devorando
887 2139 900 2162 ,
931 2079 1194 2171 significat
1215 2148 1230 2173 ,
1261 2079 1460 2182 inquit,
1493 2079 1736 2173 manibus
1775 2121 1876 2174 bu-

297 2174 468 2230 manis
513 2178 666 2235 obrui
715 2195 916 2256 emptas
941 2197 1168 2250 serendo
1207 2198 1418 2271 fruges,
1467 2215 1748 2278 antequam
1777 2212 1875 2266 uli-

292 2259 412 2318 litas
438 2269 626 2326 arandi
659 2287 802 2332 esset
831 2279 1064 2340 inventa.
1108 2287 1368 2350 Saturnus
1396 2309 1524 2366 ergo
1568 2299 1670 2354 dici
1696 2301 1877 2359 debuit

291 2351 404 2420 ipsa
445 2364 622 2429 terra,
673 2380 778 2420 non
817 2373 1020 2430 semina
1074 2395 1090 2431 :
1143 2379 1258 2449 ipsa
1301 2385 1442 2440 enim
1481 2390 1874 2457 quodammodo

291 2441 520 2503 devorat
543 2468 663 2522 qua:
683 2463 957 2530 genuerit,
986 2481 1106 2522 cmn
1130 2485 1192 2526 ex
1218 2487 1280 2528 ea
1307 2486 1427 2531 nata
1451 2481 1654 2538 semina
1682 2483 1730 2538 in
1755 2502 1872 2541 eam

291 2549 478 2594 rursus
511 2545 816 2614 recipienda
869 2555 1143 2617 redierint.
1173 2563 1240 2619 Et
1269 2567 1410 2637 quod
1451 2587 1546 2639 pro
1573 2571 1704 2630 Jove
1731 2592 1874 2632 acce-

289 2625 448 2736 pisse.
481 2629 678 2691 dicitur
727 2641 968 2712 glebam,
1021 2650 1146 2718 quid
1195 2625 1300 2710 hoc
1339 2659 1404 2714 ad
1447 2625 1498 2715 id
1520 2625 1701 2730 valet,
1731 2625 1873 2736 quod

288 2719 534 2777 manibus
556 2725 830 2787 hominum
855 2749 1036 2794 semen
1057 2743 1207 2812 gleba
1229 2760 1536 2822 coopertum
1565 2759 1690 2812 est?
1717 2759 1872 2814 Num-

286 2808 410 2921 ηειῙέ
462 2811 588 2868 ideo
639 2833 745 2874 non
791 2835 908 2888 est,
961 2838 1018 2884 ut
1061 2808 1256 2892 caetera
1282 2879 1298 2904 ,
1330 2808 1686 2914 devoratum,
1729 2853 1869 2921 quod

285 2896 438 2964 gleba
468 2915 782 2974 coopertum
811 2915 936 2970 est?
959 2917 1032 2972 ita
1058 2921 1202 2977 enim
1231 2896 1333 2982 hoc
1361 2929 1556 2988 dictum
1587 2896 1704 3004 est',
1735 2896 1868 3010 qua-

287 2990 330 3042 si
357 2991 446 3060 qui
467 2995 678 3094 glebam
723 3009 1002 3094 opposuit,
1038 3028 1220 3072 semen
1260 3021 1570 3094 abstulerit,
1603 2990 1868 3089 sicut'Sa-

193 3087 202 3098 '
286 3085 438 3182 utrno
466 3085 751 3184 perhibent
776 3093 951 3154 oblata
977 3101 1130 3170 gleba
1158 3106 1392 3166 ablatum
1414 3085 1598 3171 Jovem
1620 3134 1730 3184 ;.ae
1761 3085 1866 3178 non

287 3170 460 3282 potius
489 3176 648 3282 gleba
668 3195 850 3282 semen
871 3192 1163 3262 aperiendo
1199 3197 1394 3257 fecerit
1412 3203 1538 3260 illud

285 3259 552 3322 devorari.
603 3269 805 3332 Deinde
849 3279 953 3336 isto
979 3286 1140 3342 modo
1181 3305 1364 3348 semen
1401 3307 1482 3354 est
1502 3259 1729 3371 Jupitgr,
1758 3321 1866 3364 non

285 3358 724 3469 feminis‘cau'sa,
773 3372 913 3441 quod
945 3376 1100 3446 paulo
1127 3391 1252 3437 ante
1277 3358 1864 3469 dicebaturISed'qu—id

287 3445 478 3505 faciant
503 3451 770 3528 homines,
804 3465 894 3533 qui
918 3445 1038 3522 cum
1085 3487 1170 3527 res
1199 3476 1387 3534 stultas
1427 3445 1862 3558 interpretamur,

287 3555 388 3596 non
417 3543 696 3606 inveniunt
724 3554 848 3623 quid
872 3559 1140 3628 sapienter
1158 3565 1402 3625 dicatur?
1425 3543 1641 3632 Falcem
1669 3543 1858 3648 habet:

287 3629 490 3702 inquit,
547 3650 768 3709 propter
825 3647 1220 3717 agriculturam.
1261 3657 1414 3716 Certe
1467 3629 1864 3738 illoregnante

285 3725 518 3782 nondum
549 3739 669 3786 erat
693 3735 1034 3812 agricultura,
1055 3753 1111 3799 et
1133 3746 1252 3802 ideo
1279 3753 1452 3820 priora
1481 3756 1596 3827 ejus
1624 3768 1862 3832 tempore.

285 3815 652 3888 perhibentur,
691 3825 832 3881 sicut
871 3829 1012 3887 idem
1043 3834 1158 3905 ipse
1195 3815 1413 3898 fabellas
1458 3815 1858 3924 interpretatur,

282 3903 400 3972 quia
433 3907 590 3974 primi
623 3911 868 3973 homines
894 3935 960 3975 ex
988 3903 1075 3979 his
1103 3929 1350 3987 vivebant
1377 3903 1672 3996 seminibus
1695 3985 1710 4010 ,
1743 3903 1861 4016 qua;

285 4004 418 4051 terra
445 4011 640 4068 sponte
661 4005 930 4077 gignebat.
959 4015 1042 4070 An
1073 4019 1258 4076 falcem
1303 4037 1516 4096 sceptro
1541 4004 1862 4100 perdiio'ac-

280 4090 449 4157 «epit,
481 4101 574 4158 ut,
601 4096 690 4164 qui
719 4099 906 4168 primis
935 4111 1260 4178 temporibus
1287 4131 1379 4172 rex
1397 4090 1580 4176 fuerat
1612 4129 1815 4184 otiosus
1841 4173 1856 4198 ,

449 4197 454 4198 ί
654 4195 663 4198 _
756 4191 781 4198 _

1044 4177 1053 4178 ί
1620 4177 1637 4180 -
1654 4177 1814 4184 κ---π
1841 4177 1856 4198 .

282 4177 388 4232 lilio
443 4195 702 4252 regnante
751 4191 902 4248 fieret
953 4201 1230 4266 operarius
1273 4205 1612 4269 laboriosus?
1659 4217 1858 4279 Deinde

281 4269 399 4326 ideo
440 4273 572 4330 dicit
609 4293 638 4331 a
663 4282 976 4351 quibusdam
1026 4307 1221 4361 pueros
1265 4299 1312 4353 ei
1343 4303 1525 4362 solitos
1557 4307 1856 4384 immolari,

1637 4363 1818 4369 “""“"
1839 4363 1854 4384 Ι

281 4363 418 4418 sicut
449 4383 482 4421 a
529 4369 710 4428 Poenis
737 4376 810 4446 (a)
832 4419 847 4442 ,
880 4392 934 4436 et
967 4394 1006 4437 a'
1033 4387 1348 4456 quibusdam
1391 4398 1550 4454 etiam
1589 4406 1854 4480 majores,

281 4454 406 4480 ,τη-η
437 4473 462 4480 Δ
509 4459 642 4480 η...
817 4470 827 4480 .
1033 4475 1044 4480 -

279 4454 464 4510 sit-uta
508 4459 708 4532 Gallis,
740 4470 862 4537 quia
904 4454 1138 4532 omnium
1182 4483 1442 4540 seminum
1489 4454 1746 4560 optimtim
1775 4454 1858 4556 es;

276 4562 444 4613 genus
463 4549 778 4610 humanum.
820 4559 896 4617 De
925 4563 1022 4620 hac
1061 4571 1426 4631 crudelissima
1457 4583 1686 4640 vanitate
1729 4591 1854 4658 quid

275 4653 408 4704 opus
433 4653 512 4696 est
537 4645 688 4714 plura
723 4649 944 4710 dicere?
974 4657 1086 4715 Hoc
1105 4665 1279 4732 potius
1315 4671 1652 4732 advertamus
1698 4688 1854 4754 atque

277 4739 582 4800 trama-ms,
618 4739 714 4795 has
740 4743 1206 4818 interpretationes
1234 4775 1338 4812 non
1371 4763 1556 4819 referri
1578 4767 1644 4822 ad
1671 4739 1852 4829 verum

277 4821 480 4890 “eum,
527 4830 740 4900 vivam,
803 4837 1208 4914 incorporeum,
1262 4851 1854 4934 incommutabilemquc

275 4925 548 4984 naturam,
576 4935 608 4974 a
635 4937 741 4992 quo
772 4927 876 4982 vita
902 4930 954 4985 in
985 4943 1241 4993 mternum
1262 4942 1414 4999 beata
1445 4952 1710 5015 poscenda
1735 4965 1848 5024 est;

275 5019 286 5024 _
321 5003 364 5024 _,
394 5021 438 5024 μ
780 5017 803 5024 --

1446 5003 1460 5015 ⁵
1528 5003 1533 5004 ⁷
1556 5003 1567 5004 ί
1584 5003 1594 5004 ί
1610 5003 1634 5004 ”
1650 5003 1710 5008 ””“”
1738 5003 1816 5012 ⁷⁷*
1833 5003 1848 5024 1

271 5003 364 5056 sed
385 5021 570 5064 earum
615 5029 734 5071 esse
771 5017 904 5076 fines
939 5025 990 5080 in
1023 5030 1183 5086 rebus
1219 5041 1584 5106 corporalibus
1603 5085 1616 5110 ,
1641 5054 1850 5118 tempo-

273 5095 469 5118 -..ιῖιηΑ
536 5117 542 5118 ,
631 5115 640 5118 -
682 5107 694 5118 ι
721 5108 790 5118 ι...

273 5095 472 5198 ralibus
489 5141 506 5165 ,
533 5107 875 5168 mutabilibus
896 5125 1052 5188 atque
1081 5095 1412 5188 mortalibus.
1439 5095 1844 5210 Quod

271 5183 476 5300 inquit,
519 5204 724 5262 patrem
762 5183 1022 5264 Saturnus
1041 5222 1306 5274 casti-asse
1326 5221 1376 5276 in
1409 5183 1596 5282 fabulis
1619 5187 1848 5300 dicitur:

271 5275 372 5330 hoe
399 5281 667 5354 signiﬁcat
707 5307 870 5360 penes
894 5297 1212 5372 Saturnum,
1257 5325 1362 5365 non
1405 5329 1570 5384 penes
1603 5275 1843 5392 leum:

263 5382 452 5426 semen
481 5391 600 5432 esse
621 5379 876 5440 divinum.
909 5389 1020 5446 Hoc
1049 5407 1328 5466 propterea
1354 5445 1371 5468 ,
1402 5417 1658 5474 quantum
1689 5412 1846 5470 intel-

264 5460 360 5529 ligi
389 5463 564 5534 datur,
605 5475 726 5542 quia
765 5479 893 5534 nihil
927 5483 1140 5542 incedo
1167 5490 1234 5546 de
1273 5497 1563 5554 seminilms
1589 5506 1840 5562 nascitur.

259 5550 374 5610 Sed
401 5573 526 5616 cccc
549 5605 566 5630 ,
593 5565 854 5628 Saturnus
883 5575 926 5629 si
953 5575 1082 5634 Caeli
1108 5592 1190 5638 est
1209 5587 1348 5642 lilius
1367 5629 1382 5656 ,
1413 5591 1556 5648 Jovis
1583 5607 1660 5650 est
1687 5597 1844 5654 filius.

333 5729 553 5824 w-r-
587 5729 762 5794 Ense-’6:
781 5729 1438 5824 ‘Min?"seniumst..

257 5801 596 5854 ittmtstrutions
612 5801 963 5876 émngc‘liqués,
991 5801 1104 5866 twn.
1122 5801 1225 5866 7i.”-
1267 5801 1324 5872 ii";

1645 399 1844 457 LIBER
1883 403 2236 466 SEPTIMUS.

3419 465 3432 472 -
3463 437 3570 490 «ὲιο

1991 519 2200 580 (lanium
2235 527 2378 582 enim
2417 545 2538 588 esse
2566 533 2754 592 Jovem
2777 579 2791 605 ,
2835 539 3326 598 innumerabiliter‘
3367 555 3420 600 ct
3445 547 3570 602 dili-

1990 625 2180 682 genter
2205 619 2474 678 afﬁrmant
2501 626 2598 696 (a).
2627 628 2700 682 Ita
2729 632 2828 686 ista
2847 674 2862 700 ,
2891 649 3012 704 tmte
3035 651 3066 689 a
3091 635 3314 694 veritate
3341 653 3446 693 non
3473 655 3568 696 ve—

1991 707 2142 762 niunt
2161 751 2178 778 ,
2209 713 2520 786 plerumque
2547 727 2602 774 et
2629 721 2774 777 nullo
2802 723 3107 796 impellente
3133 743 3194 784 se
3213 729 3324 798 ipsa
3351 730 3572 787 subver-

1993 807 2127 854 tunt.
2193 811 2368 873 Κρόνον
2428 809 2750 878 appellatum
2793 813 2956 880 dicit,
3001 817 3142 887 quod
3183 833 3362 890 graece
3409 835 3571 876 voca-

1991 889 2118 945 bulo
2158 893 2418 964 signiﬁcat
2461 903 2718 970 temporis
2755 906 2982 974 spatium
3012 927 3026 962 :
3055 909 3172 965 sine
3209 925 3566 980 quosemem.

1991 982 2192 1052 inquit,
2237 1001 2342 1044 non
2383 1001 2557 1060 potest
2595 1008 2716 1051 esse
2755 996 3061 1056 fecundum.
3105 1001 3232 1059 Haec
3271 1013 3328 1060 et
3361 1003 3464 1058 alia
3502 1005 3572 1059 de

1991 1073 2220 1130 Saturno
2249 1079 2410 1134 multa
2431 1081 2700 1152 dicuntur,
2742 1096 2796 1142 et
2815 1087 2880 1142 ad
2909 1103 3092 1146 semen
3117 1094 3294 1148 omnia
3319 1093 3568 1150 referun-

1989 1171 2096 1219 tur.
2137 1165 2242 1222 Sed
2273 1171 2462 1226 saltem
2491 1173 2752 1234 Saturnus
2797 1181 3090 1240 seminibus
3131 1201 3252 1241 cum
3289 1197 3432 1244 tanta
3469 1190 3568 1246 ista

1989 1265 2251 1324 potestate
2279 1263 2578 1321 sufficeret:
2601 1269 2728 1339 quid
2755 1271 2820 1326 ad
2845 1272 2959 1330 haec
2982 1275 3055 1329 dii
3083 1275 3174 1332 alii
3203 1282 3566 1349 requiruntur,

1988 1350 2224 1407 maxime
2256 1353 2417 1409 Liber
2449 1367 2506 1412 et
2545 1360 2734 1416 Libera
2759 1403 2774 1426 ,
2817 1364 2872 1418 id
2913 1375 2998 1421 est
3039 1367 3242 1424 Ceres?
3269 1371 3344 1428 De
3375 1374 3570 1443 quibus

1987 1453 2208 1508 rursus,
2239 1447 2378 1514 quod
2413 1449 2479 1502 ad
2525 1463 2706 1506 semen
2749 1456 2976 1523 attinet,
3021 1467 3164 1514 tanta
3217 1462 3378 1530 dicit,
3417 1466 3567 1535 quasi

1987 1529 2054 1587 de
2079 1533 2308 1590 Saturno
2335 1539 2466 1594 nihil
2489 1541 2704 1599 dixerit.

2095 1645 2320 1704 CAPUT
2357 1649 2476 1706 XX.
2518 1683 2588 1696 --
2625 1655 2706 1711 De
2742 1661 2901 1715 sacris
2947 1659 3142 1719 Cereris
3181 1664 3458 1722 Eleusium.

2057 1757 2112 1814 In
2152 1761 2364 1820 Cereris
2407 1777 2582 1824 autem
2618 1773 2784 1828 sacris
2827 1775 3184 1845 przedicantur
3225 1779 3310 1835 illa
3353 1781 3563 1838 Eleusi-

1987 1851 2070 1906 nia
2091 1853 2136 1922 ’,
2169 1869 2288 1925 qua:
2314 1860 2450 1928 apud
2481 1863 2836 1922 Athenienses
2865 1870 3192 1926 nobilissima
3225 1873 3454 1927 fuerunt.
3491 1875 3570 1928 De

1983 1943 2174 2012 quibus
2213 1947 2310 2004 iste
2353 1951 2482 2006 nihil
2529 1953 2927 2026 interpretatur,
2976 1961 3076 2016 nisi
3102 1964 3242 2032 quod
3281 1965 3469 2018 attinet
3496 1965 3564 2018 ad

1985 2033 2304 2093 frumentum
2325 2082 2338 2106 ,
2365 2043 2505 2112 quod
2532 2043 2694 2100 Ceres
2725 2048 2957 2114 invenit,
2983 2063 3035 2106 et
3061 2052 3127 2106 ad
3149 2054 3559 2123 Proserpinam.

1982 2141 2138 2194 quam
2179 2131 2416 2198 rapiente
2448 2133 2588 2188 Orco
2633 2139 2878 2206 perdidit.
2923 2141 2989 2196 Et
3043 2141 3179 2198 hanc
3221 2144 3390 2214 ipsam
3437 2145 3567 2200 dicit

1981 2215 2282 2286 signiﬁcare
2313 2222 2684 2282 fecunditatem
2726 2233 2988 2286 seminum
3025 2251 3038 2288 :
3069 2249 3186 2304 qua:
3215 2251 3335 2290 cum
3360 2235 3562 2292 defuis-

1981 2318 2062 2361 set
2085 2309 2314 2379 quodam
2345 2323 2614 2386 tempore,
2637 2321 2936 2394 eademque
2963 2325 3244 2382 sterilitate
3261 2335 3398 2381 terra
3427 2343 3562 2382 monL

1982 2409 2127 2454 reret
2145 2442 2159 2464 ,
2189 2413 2431 2480 gsortam
2462 2423 2582 2462 esse
2607 2411 2946 2479 opinionem,
2975 2416 3112 2484 quod
3139 2415 3296 2470 tiliam
3323 2416 3556 2482 Cereris,
3623 2497 3630 2503 _

1983 2489 2033 2543 id
2064 2499 2144 2544 est
2172 2493 2338 2561 ipsam
2369 2497 2742 2556 fecumlitatem
2768 2543 2782 2565 ,
2814 2519 2933 2572 quae
2973 2521 3003 2558 a
3036 2507 3400 2576 proscrpendo
3427 2507 3558 2562 Pro-

1980 2584 2190 2653 serpina
2219 2585 2358 2640 dicta
2402 2600 2537 2646 esset
2567 2631 2582 2656 ,
2608 2591 2777 2648 Orcus
2805 2595 3124 2661 abstulerat,
3167 2607 3221 2652 ct
3245 2599 3384 2668 apud
3425 2597 3556 2654 infe-

1981 2689 2067 2730 ros
2105 2675 2400 2736 detinuerat
2437 2701 2450 2738 :
2481 2699 2600 2754 qua:
2651 2699 2737 2740 res
2777 2701 2898 2742 cum
2943 2687 3130 2744 fuisset
3165 2689 3305 2744 luctu
3345 2689 3560 2760 publico

1979 2767 2264 2836 celebrata,
2297 2773 2417 2840 quia
2449 2789 2632 2828 rursus
2659 2777 2844 2832 cadent
2874 2777 3168 2834 fecunditas
3209 2780 3387 2844 rediit,
3423 2779 3552 2835 Pro»-

1977 2859 2186 2927 serpina
2217 2862 2423 2916 reddita
2453 2875 2692 2920 exortam
2727 2883 2846 2922 esse
2874 2867 3132 2936 lmtitiam,
3159 2879 3212 2926 et
3241 2869 3435 2926 ett-.lioe
3462 2883 3555 2926 so-

1977 2948 2169 3006 ic-mnia
2199 2957 2505 3011 constituta.
2557 2957 2692 3013 Dicit
2737 2959 2931 3018 deinde
2974 2964 3137 3018 multa
3183 2965 3236 3018 in
3289 2963 3556 3036 mysteriis

1977 3043 2092 3112 ejus
2123 3045 2280 3114 tradi,
2307 3063 2426 3117 quae
2453 3050 2553 3105 nisi
2580 3051 2646 3106 ad
2677 3052 2884 3124 frugum
2917 3053 3276 3111 inventionem
3307 3071 3412 3112 non
3442 3071 3558 3128 pcr-

1975 3135 2198 3191 tineant.

1970 3247 2197 3306 CAPUT
2237 3249 2378 3309 XXI.
2407 3283 2476 3294 —
2503 3253 2582 3310 De
2608 3257 2918 3326 turpitudine
2939 3276 3218 3328 sacrarunt,
3246 3277 3357 3332 qua:
3374 3261 3555 3319 Libero

2553 3349 2954 3406 celebrabantur.

2041 3475 2314 3534 iam-vero
2335 3479 2512 3536 Liberi
2537 3495 2709 3546 sacra,
2732 3499 2892 3554 quem
2923 3485 3133 3555 liquidis
3153 3487 3464 3554 seminibus,
3485 3507 3548 3544 ae

1971 3585 2066 3640 per
2112 3571 2214 3628 hoc
2260 3587 2366 3626 non
2411 3575 2586 3628 solum
2628 3575 2922 3645 liquoribus
2963 3577 3262 3644 fructuum,
3315 3595 3544 3650 quorum

1967 3661 2360 3732 quodatnmodo
2391 3665 2676 3732 primatum
2719 3667 2900 3722 vinum
2945 3679 3110 3737 tenet,
3153 3687 3336 3724 verum
3385 3673 3545 3726 etiam

1967 3754 2262 3810 seminibus
2285 3755 2593 3811 animalium
2627 3757 3002 3828 pmfeeerutit,
3033 3763 3100 3816 ad
3129 3772 3384 3829 quantam
3435 3773 3544 3818 tur-

1969 3845 2259 3913 pitudinem
2289 3849 2650 3916 pervenerint,
2681 3849 2823 3918 piget
2851 3851 3066 3920 quidem
3096 3853 3295 3919 dicere,
3327 3865 3546 3924 propter

1966 3935 2231 3989 sermonis
2253 3931 2674 4006 longitudinem;
2715 3940 2808 3994 sed
2855 3949 3070 4010 propter
3107 3944 3390 4013 superbam
3420 3945 3546 3999 istu-

1967 4041 2085 4080 rum
2127 4023 2500 4084 bebetudinem
2531 4045 2637 4084 non
2669 4031 2830 4100 piget.
2874 4032 3016 4087 Inter
3039 4045 3230 4088 caetera
3259 4051 3378 4102 qua:
3405 4051 3542 4104 linu-

1965 4119 2278 4184 tet-‘miltere,
2305 4121 2555 4189 quoniam
2573 4121 2737 4175 multa
2763 4131 2908 4188 sunt,
2927 4139 3120 4192 cogor;
3145 4126 3198 4178 in
3221 4126 3382 4180 Italia:
3397 4141 3544 4180 conn

1965 4211 2092 4278 pitis
2115 4211 2359 4281 quiedam
2389 4211 2518 4268 dicit
2545 4229 2698 4269 saera
2727 4215 2902 4270 Liberi
2927 4217 3194 4272 celebrata
3237 4233 3358 4273 cum
3399 4227 3540 4274 tanta

1967 4299 2180 4355 licentia
2209 4301 2572 4371 turpitudinis,
2603 4305 2738 4359 utin
2759 4305 2876 4375 ejus
2899 4305 3158 4362 honorem
3194 4308 3436 4378 pudenda
3465 4311 3542 4364 vi-

1961 4391 2081 4446 rilia
2101 4391 2438 4456 colerentur;
2465 4409 2572 4450 non
2597 4395 2784 4452 saltem
2805 4397 3132 4468 aliquantum
3157 4401 3542 4457 verecundiam

1963 4491 2192 4550 secreto,
2229 4483 2326 4538 sed
2369 4485 2423 4538 in
2465 4487 2748 4556 propatulo
2787 4489 3088 4545 exsultante
3123 4493 3377 4562 nequitia.
3405 4493 3538 4548 Nam

1963 4573 2064 4630 hoc
2093 4585 2246 4646 turpe
2267 4579 2568 4632 membrum
2613 4593 2708 4647 per
2751 4579 2928 4636 Liberi
2955 4581 3069 4640 dies
3097 4583 3262 4640 festos
3287 4601 3408 4640 cum
3429 4586 3536 4640 ho-

1961 4683 2092 4724 nore
2119 4685 2311 4738 magno
2361 4670 2620 4739 plosteliis
2656 4672 2978 4742 impositum,
3009 4677 3156 4744 prius
3175 4693 3300 4733 rure
3319 4679 3372 4732 in
3387 4693 3536 4733 com-

1961 4762 2103 4831 pitis,
2133 4771 2188 4816 et
2215 4777 2380 4832 usque
2403 4763 2452 4817 in
2479 4765 2664 4820 urbem
2691 4775 2874 4836 postea
2902 4770 3226 4825 vectabatur.
3259 4769 3314 4826 in
3339 4772 3536 4840 oppido

1961 4862 2138 4908 autem
2189 4853 2442 4910 Lavinio‘
2471 4855 2564 4911 uni
2608 4856 2804 4912 Libero
2839 4867 2982 4913 totus
3021 4861 3218 4915 metuis
3267 4861 3533 4914 tribueba-

1959 4953 2070 5005 tur.
2115 4948 2268 5014 cujus
2311 4946 2506 5004 diebus
2529 4963 2718 5004 manes
2759 4950 2938 5004 verbis
2965 4949 3532 5020 ﬂagitiosissimisuto-

1959 5045 2162 5100 rentur,
2185 5037 2356 5092 donec
2385 5039 2512 5094 illud
2543 5039 2838 5094 membrum
2864 5055 2959 5108 per
2980 5041 3148 5094 forum
3175 5049 3530 5098 transvectum

1955 5137 2120 5192 esset,
2151 5137 2308 5200 atque
2339 5131 2392 5186 in
2419 5131 2537 5187 loco
2577 5147 2674 5186 suo
2696 5134 3012 5202 quiesceret.
3042 5130 3137 5188 Cui
3165 5134 3430 5190 membro.
3452 5137 3532 5190 in~

2021 5345 2034 5373 ι
2064 5349 2192 5409 ωτι,
2215 5345 2601 5409 immtabiiiter;
2623 5348 3024 5400 dissentientibus
3053 5349 3198 5400 editis
3227 5351 3408 5402 aliisut
3429 5369 3530 5404 ma-

1953 5406 2226 5484 “"§°i.‘P‘.iS-
3045 5473 3094 5484 .
3183 5473 3194 5484 .

2019 5467 2038 5497 ²
2062 5465 2132 5515 sic.
2155 5474 2226 5516 Er.
2250 5475 2300 5517 ct
2323 5475 2430 5519 Mss.
2457 5477 2510 5519 At
2531 5471 2665 5532 \find.
2689 5477 2786 5519 Am.
2812 5477 2864 5520 et
2885 5477 3013 5532 Lov.,
3039 5473 3275 5524 Eleusino.

2017 5528 2038 5559 ³
2061 5528 2248 5599 aliquot
2283 5537 2410 5607 311‘s,
2445 5531 2630 5581 Lavino.
2662 5532 2752 5603 sed
2776 5532 2922 5607 longe
2967 5528 3134 5596 plures
3171 5539 3336 5607 probzc
3360 5547 3529 5607 _uot:r,

1952 5589 2171 5639 Lamina.
2195 5599 2260 5639 Att
2273 5589 2405 5664 “forte
2429 5607 2529 5664 pro,
2559 5593 2810 5674 Ixt'tt'ttving.
2831 5589 2942 5674 Nalm
2959 5589 3077 5674 garo
3101 5589 3336 5674 inﬂigit?
3359 5599 3530 5674 legere

1955 5657 2026 5674 ηυι
2057 5651 2102 5674 in
2125 5658 2300 5674 ειη-ιιι..
2325 5661 2589 5674 η....-‹--.-..--ι.
2635 5669 2646 5674 -
2667 5669 2733 5674 -_..
2848 5669 2884 5674 ι.

1954 5657 2030 5722 est
2055 5651 2102 5698 in
2125 5653 2302 5732 iteratji
2325 5651 2815 5732 (‘stt't‘i-ljtttlttl‘rliiit‘uE,
2843 5651 3037 5732 Ξῖ,
3065 5673 3192 5732 vers.
3292 5651 3530 5732 [tetanu-

1953 5712 2014 5784 _vii
2042 5719 2094 5784 et
2125 5716 2310 5784 Lavinii
2335 5715 2493 5776 oppidi
2528 5712 2810 5768 differentia
2841 5719 2956 5770 dicit
2990 5712 3207 5784 Sigonius
3241 5723 3290 5770 in
3331 5724 3530 5782 Livium,

1951 5771 2036 5836 lib.
2060 5773 2107 5830 8,
2133 5777 2276 5836 cap.‘l
2293 5776 2332 5823 ι.

2019 5835 2090 5898 (tt)
2119 5837 2216 5884 vid.
2244 5837 2434 5900 κυδρὴ,
2462 5837 2552 5890 loc.
2579 5842 2676 5898 cit.,
2723 5839 2804 5891 lib.
2831 5841 2878 5902 3,
2903 5856 3036 5906 capp.
3065 5844 3116 5904 5,
3142 5843 3212 5893 l0.
3257 5851 3332 5892 51..
