4064 6468
468 431 571 486 ριι

475 547 703 602 honesto
728 527 1177 592 matremfamilias
1216 517 1639 576 honestissimam
1680 510 1849 579 palam
1889 518 2044 560 coru-

481 650 604 691 nam
632 641 853 685 necesse
868 630 988 680 erat
1013 620 1305 687 imponere.
1337 610 1425 666 Sic
1450 603 1701 661 videlicet
1727 598 1887 654 Liber
1914 594 2047 649 deus

479 686 773 797 placandus
801 716 970 772 fuerat
999 686 1343 781 proventibus
1371 699 1631 757 seminum
1650 693 1703 748 'z
1733 690 1812 746 sic
1826 687 1895 743 ab
1907 686 2048 756 agris

480 777 760 869 fascinatie
783 777 1109 875 repellenda,
1133 807 1191 852 ut
1219 803 1459 851 matrona
1486 789 1665 846 facere
1689 790 1969 854 cogeretur
1996 777 2047 832 in

480 902 712 973 publico,
742 893 884 967 quod
912 905 1011 948 nec
1054 885 1328 945 meretrix,
1350 881 1397 938 si
1426 887 1683 935 matrona;
1725 876 2048 943 spectarent,

481 964 716 1062 permitti
739 964 921 1042 debuit
941 982 995 1037 in
1020 978 1251 1036 theatro.
1283 975 1506 1042 Propter
1535 969 1651 1023 lucc
1676 964 1939 1023 Saturnus
1963 972 2051 1013 so.-

482 1083 566 1138 lus
592 1078 828 1137 creditus
852 1088 959 1130 non
980 1078 1064 1128 est
1082 1066 1331 1124 sufﬁcere
1354 1075 1513 1133 posse
1536 1054 1854 1118 seminibus,
1876 1058 1936 1105 ut
1960 1062 2055 1102 oc-

482 1174 722 1230 casiones
752 1160 1271 1236 multiplicandorum
1319 1154 1540 1211 deorum
1582 1143 1851 1204 immunda
1878 1141 2053 1195 anima

483 1267 764 1338 reperiret,
793 1270 848 1317 et
871 1260 942 1315 ab
963 1271 1070 1313 uno
1093 1268 1222 1310 vero
1249 1251 1361 1307 Deo
1386 1245 1577 1302 merito
1600 1235 1944 1297 immunditiee
1962 1232 2056 1287 dev

484 1329 687 1418 stituta.
704 1369 768 1410 ac
791 1369 887 1424 per
910 1350 1110 1409 multos
1130 1344 1290 1400 falsos
1304 1338 1552 1396 aviditate
1582 1331 1798 1403 majoris
1825 1329 2061 1384 immun-

488 1451 632 1505 ditite
649 1423 953 1518 prostituta,
982 1442 1081 1498 ista
1105 1433 1379 1503 sacrilegia
1400 1442 1551 1485 sacra
1575 1423 1895 1485 nominaret,
1914 1431 2061 1473 sese-

487 1557 593 1610 que
618 1504 947 1610 spurcorum'
976 1531 1276 1586 dzemonum
1317 1519 1486 1577 turbis
1513 1509 1915 1572 conviolandam
1946 1504 2062 1577 pol.

490 1630 844 1698 luendamque
870 1623 1148 1696 praeberet.

490 1740 713 1799 CAPUT
744 1736 909 1794 XXII.
936 1764 1005 1776 —
1036 1730 1110 1785 De
1144 1727 1400 1799 Neptuno,
1431 1730 1478 1776 et
1507 1716 1734 1783 Salacia,
1759 1728 1820 1767 ac
1847 1708 2062 1763 Venilia.

564 1855 679 1923 1pm
722 1851 903 1920 utique
938 1842 1158 1901 habebat
1197 1836 1455 1895 Salaciam
1492 1830 1766 1900 Neptunus
1803 1834 2024 1878 uxorem
2050 1857 2065 1879 .

497 1959 656 2015 quam
694 1941 998 1997 inferiorem
1025 1945 1217 2002 aquam
1241 1926 1404 1984 maris
1423 1937 1543 1979 esse
1570 1919 1855 1979 dixerunt;
1885 1908 2068 1981 utquid

496 2007 569 2091 illi
601 2034 847 2103 adjuncta
873 2036 960 2083 est
991 2033 1047 2082 et
1064 2021 1264 2079 Venilia
1280 2060 1296 2086 ,
1318 2017 1419 2072 nisi
1445 2022 1502 2071 ut
1525 2011 1641 2067 sine
1666 2007 1772 2064 ulla
1797 2016 1955 2061 causa
1976 2015 2072 2055 ne-

495 2123 845 2181 cessariorum
865 2130 1156 2179 sacrorum,
1178 2110 1288 2166 sola
1304 2105 1523 2163 libidine
1541 2102 1731 2157 animae
1753 2094 2068 2168 prostitutae,

496 2213 935 2283 multiplicaretur
957 2203 1195 2263 invitatio
1214 2193 1629 2256 daemoniorum?
1645 2188 1749 2247 Sed
1775 2184 2074 2258 proferatur

497 2276 868 2373 interpretatio
897 2295 1164 2368 prteclara:
1189 2286 1488 2358 theologize,
1516 2296 1636 2355 quze
1659 2293 1756 2333 nos
1774 2276 1841 2331 ab
1861 2276 1959 2330 ista
1983 2287 2071 2327 re-

500 2393 856 2465 prehensione
870 2363 1073 2444 reddita
1093 2382 1296 2440 ratione
1313 2367 1866 2447 compescat.\ienilia,
1880 2363 2071 2434 inquit,

502 2454 640 2543 unda
667 2493 779 2552 est,
804 2497 926 2554 qua:
955 2478 1023 2534 ad
1042 2479 1189 2533 littus
1210 2473 1387 2536 venit;
1414 2465 1619 2524 Salacia
1641 2503 1656 2529 ,
1684 2476 1802 2532 qua:
1823 2454 1873 2513 in
1903 2456 2074 2511 salum

502 2582 639 2638 redit
669 2546 777 2650 (τοί
794 2546 902 2631 (ξυι-
921 2589 1048 2644 ergo
1070 2571 1185 2627 dea:
1211 2567 1344 2623 ﬁunt
1366 2563 1512 2626 dum,
1545 2572 1664 2615 cum
1700 2555 1770 2611 sit
1807 2566 1909 2608 una
1937 2546 2076 2604 unda

504 2690 622 2743 qua:
644 2671 792 2726 venit
806 2678 862 2724 et
880 2641 1049 2725 redit?
1066 2663 1268 2731 Nempe
1291 2659 1405 2728 ipsa
1425 2662 1508 2710 est
1523 2659 1823 2708 exrcstuans
1837 2646 1889 2698 in
1909 2641 2079 2697 multa

506 2764 720 2821 numina
749 2760 913 2817 libido
939 2769 1153 2812 vesana.
1175 2747 1428 2819 Quamvis
1446 2743 1586 2801 enim
1612 2754 1747 2809 aqua
1778 2752 1882 2791 non
1910 2732 2079 2804 gemi-

509 2867 664 2913 natur
690 2868 810 2924 qua:
834 2851 877 2906 it
901 2858 956 2906 et
987 2846 1124 2904 redit
1148 2861 1165 2912 ;
1193 2842 1351 2911 hujus
1373 2847 1547 2894 tamen
1569 2831 1849 2889 occasione
1876 2825 2081 2880 vanita-

512 2949 602 3013 tis,
621 2922 830 3001 duobus
849 2936 1127 2996 daemoniis
1147 2932 1399 2997 invitatis,
1421 2925 1645 2996 amplius
1664 2922 1838 2976 anima
1858 2930 2085 2973 comma-

510 3039 738 3102 culatur,
762 3048 880 3104 qua:
898 3031 959 3098 it,
981 3038 1167 3085 etnon
1192 3022 1349 3080 redit.
1367 3019 1558 3089 Qumso
1577 3011 1844 3078 tc,Varro,
1862 3006 1949 3062 vel
1966 3020 2081 3069 vos,

512 3127 600 3198 qui
629 3096 736 3180 tam
763 3096 1039 3177 doctorum
1079 3114 1349 3170 hominum
1379 3108 1497 3163 talia
1528 3105 1722 3172 scripta
1766 3096 1968 3167 legistis
1987 3137 2001 3162 ,
2032 3103 2088 3149 et

514 3184 711 3288 aliquid
741 3224 989 3283 magnum
1010 3220 1106 3263 vos
1124 3202 1375 3260 didicisse
1392 3194 1605 3271 jactatis
1623 3234 1637 3257 ,
1670 3184 2085 3259 interpretamini

518 3311 649 3374 hoc,
673 3306 799 3362 nolo
819 3303 999 3359 dicere
1026 3295 1315 3354 secundum
1343 3292 1484 3346 illam
1514 3297 1765 3342 aeternam
1795 3283 2086 3335 incomntu.

516 3398 838 3466 tabilemque
864 3400 1107 3447 naturam
1128 3427 1145 3452 ,
1171 3384 1260 3455 qui
1287 3382 1431 3436 solus
1456 3387 1538 3433 est
1573 3378 1746 3436 Deus;
1775 3370 1869 3425 sed
1898 3368 2089 3422 saltem

516 3457 806 3543 secundum
834 3480 1067 3536 animam
1095 3472 1276 3530 mundi
1300 3512 1317 3539 ,
1344 3479 1399 3525 et
1424 3476 1603 3539 partes
1627 3464 1744 3534 ejus
1763 3503 1779 3527 ,
1807 3473 1944 3530 quos
1962 3457 2093 3512 deos

518 3591 677 3633 veros
713 3589 835 3630 esse
871 3566 1208 3628 existimatis.
1248 3563 1462 3619 Partem
1503 3557 1695 3613 animae
1736 3550 1949 3613 mundi,
1974 3564 2094 3619 qua:

520 3682 669 3723 mare
690 3670 951 3736 permeat,
973 3658 1132 3715 deum
1154 3654 1305 3710 vobis
1331 3650 1518 3706 fecisse
1536 3646 1834 3716 Neptunum
1849 3682 1865 3703 .
1889 3650 2094 3694 utcum-

523 3774 627 3829 que
656 3732 1028 3812 tolerabilioris
1052 3755 1136 3805 est
1161 3743 1379 3802 erroris.
1394 3741 1538 3796 Itane
1565 3735 1702 3793 unda
1730 3733 1798 3789 ad
1825 3732 1972 3788 littus
2000 3744 2095 3782 ve—

526 3848 678 3904 niens
704 3855 759 3900 et
786 3845 839 3899 in
867 3843 1037 3898 salum
1067 3837 1277 3894 rediens
1300 3876 1316 3903 ,
1357 3832 1478 3887 dum
1515 3836 1642 3884 sunt
1668 3834 1846 3897 partes
1876 3819 2095 3885 mundi,

525 3946 620 3991 aut
642 3933 763 3989 duae
788 3940 966 4002 partes
992 3928 1184 3983 animte
1209 3920 1432 3979 mundi?
1458 3917 1588 3986 Quis
1607 3923 1841 3970 vestrum
1866 3912 1934 3965 ita
1959 3908 2101 3964 desi-

528 4028 660 4098 piat,
691 4034 750 4079 ut
787 4000 891 4077 hoc
927 4017 1136 4090 sapiat?
1170 4016 1277 4071 Cur
1309 4026 1436 4083 ergo
1462 4009 1614 4064 vobis
1635 4007 1768 4062 duas
1796 4004 1923 4058 deas
1957 4000 2099 4056 fece-

531 4126 675 4184 runt,
711 4114 814 4169 nisi
836 4112 960 4183 quia
1002 4107 1271 4180 provisum
1294 4111 1378 4159 est
1402 4117 1430 4155 a
1459 4096 1785 4169 sapientibus
1815 4093 2102 4162 majoribus

532 4207 742 4270 vestris,
772 4219 880 4259 non
907 4212 965 4257 ut
989 4200 1065 4256 dii
1092 4199 1271 4269 plures
1289 4209 1384 4251 vos
1411 4197 1678 4261 regerent,
1704 4186 1798 4242 sed
1825 4194 1879 4240 ut
1898 4200 1960 4239 ea
1985 4200 2104 4253 qua:

533 4299 648 4355 istis
672 4293 989 4351 vanitatibus
1011 4299 1068 4347 et
1090 4287 1404 4345 falsitatibus
1427 4281 1678 4355 gaudent,
1706 4279 1853 4349 plura
1880 4291 1976 4332 vos
1998 4277 2108 4332 dte-

534 4389 710 4443 ntonia
755 4382 1121 4457 possiderent?
1148 4378 1256 4435 Cur
1293 4386 1470 4434 autem
1498 4373 1588 4430 illa
1615 4371 1818 4429 Salacia
1850 4384 1944 4440 per
1971 4366 2108 4421 banc

533 4478 1031 4555 interpretationem
1067 4472 1373 4532 inferiorem
1406 4468 1572 4525 maris
1602 4474 1801 4536 partem
1822 4504 1838 4529 ,
1866 4476 1970 4532 qua
1994 4460 2108 4515 viro

534 4585 651 4633 erat
674 4574 907 4639 subdita,
935 4566 1206 4642 perdidit?
1233 4578 1459 4635 namque
1487 4562 1629 4617 illam
1660 4556 1841 4623 modo,
1868 4570 1992 4611 cum
2018 4569 2106 4609 re-

536 4667 792 4722 tinentem
835 4663 1051 4718 fluctum
1097 4672 1217 4715 esse
1248 4653 1571 4726 perhibetis,
1607 4650 1659 4705 in
1702 4646 1982 4717 superﬁcie
2015 4658 2112 4715 p0-

535 4757 737 4812 suistis.
759 4755 845 4809 An
858 4752 979 4823 quia
995 4749 1255 4807 Veniliam
1275 4745 1516 4816 pellicem
1541 4739 1767 4811 accepit,
1797 4738 1927 4795 irata
1955 4750 2108 4792 suum

538 4847 788 4907 maritum
824 4843 892 4899 de
920 4840 1163 4911 supernis
1191 4836 1352 4895 maris
1373 4831 1630 4891 exclusit?

541 4957 769 5017 CAPUT
796 4949 983 5011 XXIII.
1021 4979 1093 4995 --
1132 4948 1208 5004 De
1232 4947 1390 5003 Terra
1410 4988 1424 5012 ,
1452 4960 1604 5017 quam
1649 4939 1812 4996 Varro
1837 4940 1983 4993 deum
2010 4950 2113 4991 me

611 5049 900 5119 conﬁrmat,
927 5060 986 5099 eo
1013 5036 1147 5112 quod
1171 5039 1257 5095 ille
1275 5037 1473 5091 animus
1492 5031 1687 5097 mundi,
1712 5045 1859 5100 quem
1879 5029 2116 5098 apiuatur

614 5140 763 5194 deum
782 5179 796 5204 ,
827 5138 977 5192 etiam
1000 5134 1131 5187 ham:
1156 5129 1381 5199 corporis
1408 5126 1486 5181 uti
1514 5123 1744 5193 inﬁmam
1776 5128 1967 5192 partem
1997 5133 2114 5189 per-

613 5241 762 5297 meet,
785 5226 924 5299 eique
950 5228 1048 5282 vim
1072 5224 1291 5278 divinam
1314 5217 1586 5289 impertiat.
1612 5248 1617 5253 -

622 5341 673 5396 1.
701 5339 901 5408 Nempe
917 5350 1018 5391 una
1037 5341 1120 5390 est
1138 5341 1301 5397 terra,
1323 5312 1480 5398 quam
1501 5323 1714 5395 quidem
1741 5321 1950 5391 plenam
1971 5318 2117 5373 vidc-

552 5447 673 5490 mus
722 5429 1037 5485 animalibus
1071 5426 1216 5490 suis;
1269 5429 1631 5477 verumtamen
1668 5417 1834 5485 ipsam
1872 5428 2117 5482 magnum

549 5537 745 5594 corpus
772 5522 823 5576 in
852 5518 1131 5575 elementis
1163 5512 1451 5580 mundique
1483 5506 1716 5564 inﬁmam
1750 5511 1951 5574 partem
1972 5544 1988 5571 ,
2026 5517 2121 5556 cur

551 5633 668 5672 eam
690 5612 872 5667 volunt
896 5606 1089 5664 deam?
1109 5609 1187 5660 An
1213 5605 1331 5675 quia
1361 5598 1584 5658 fecunda
1603 5596 1717 5654 est?
1743 5595 1848 5651 Cur
1869 5608 1995 5664 ergo
2016 5607 2118 5646 nou

617 5750 632 5779 ι
678 5743 809 5793 \iud.
834 5749 933 5790 Am.
959 5744 1033 5788 Er.
1061 5745 1112 5800 et
1132 5735 1471 5800 quidam_tt_tss.,
1495 5745 1583 5799 pro
1615 5727 1852 5783 eventibus
1873 5722 2102 5778 seminum

622 5807 693 5870 (ιι)
722 5803 890 5854 alludit
911 5802 968 5852 ad
993 5799 1111 5851 Psal.
1128 5798 1305 5858 sinu,
1324 5798 1401 5846 59.

1557 400 1645 455 DE
1684 389 2001 452 CIVITATE
2039 388 2172 456 DEI,
2199 385 2257 442 S.
2300 376 2663 439 AUGUSTINI
2722 401 2732 410 -

3613 351 3724 408 εις

2151 498 2320 568 magis
2343 494 2593 551 homines
2611 489 2685 545 dii
2711 493 2855 553 sunt,
2876 483 2965 555 qui
2991 493 3108 538 eam
3134 473 3498 535 fecundiorem
3524 466 3726 522 faciunt

2148 555 2480 651 excolendo;
2509 581 2603 638 sed
2641 593 2761 635 cum
2800 583 2993 641 arant,
3033 585 3142 626 non
3177 582 3299 623 cum
3325 559 3590 618 adorant?
3614 555 3721 612 Sed
3768 572 3773 575 τ

2154 694 2276 750 pars
2299 678 2491 731 animat
2516 670 2722 736 mundi,
2746 666 3010 745 inquiunt,
3031 676 3149 731 qua:
3174 673 3272 728 per
3292 655 3432 711 illam
3461 656 3725 722 permeat,

2154 773 2305 833 deam
2333 769 2474 824 facit.
2496 764 2656 835 Quasi
2684 778 2791 818 non
2812 741 3108 816 evidentior
3127 752 3197 807 sit
3214 751 3270 805 in
3287 744 3592 803 hominibus
3614 739 3729 795 ani-

2155 877 2261 928 mu,
2282 876 2398 932 qum
2414 833 2587 915 utrum
2604 857 2693 923 sit,
2707 852 2850 909 nulla
2865 845 3192 920 ﬁtquestio;
3214 850 3269 897 et
3288 849 3462 895 tamen
3486 833 3734 890 homines

2153 951 2230 1008 dii
2248 922 2359 1005 non
2379 949 2642 1005 habentur
2663 922 2685 997 :7
2700 954 2755 1000 et
2770 940 2915 1012 quod
2934 946 3020 996 est
3037 935 3273 1008 graviter
3291 927 3601 989 dolendum,
3624 922 3731 989 bis,

2154 1045 2247 1116 qui
2261 1044 2334 1100 dii
2359 1057 2465 1099 non
2492 1048 2643 1103 sunt,
2658 1045 2715 1095 et
2733 1035 2926 1107 quibus
2943 1031 3043 1103 ipsi
3068 1027 3317 1085 meliores
3333 1026 3478 1085 sunt,
3493 1013 3737 1074 colendis

2155 1110 2213 1193 et
2234 1133 2519 1192 aderandis
2544 1128 2773 1188 mirabili
2810 1134 2867 1183 et
2890 1120 3178 1181 miserabili
3204 1129 3386 1174 errore
3411 1110 3734 1169 subdantur.

2160 1229 2230 1285 Et
2264 1236 2412 1284 certe
2440 1225 2579 1280 idem
2606 1221 2776 1277 Varro
2802 1220 2855 1274 in
2891 1215 3081 1273 eodem
3099 1212 3168 1266 de
3188 1209 3289 1263 diis
3316 1202 3528 1261 selectis
3575 1199 3736 1264 libro,

2146 1328 2274 1375 .tres
2297 1333 2417 1377 esse
2443 1314 2677 1370 afﬁrmat
2697 1310 2887 1366 animae
2908 1304 3106 1377 gradus
3129 1301 3184 1357 in
3210 1296 3355 1354 omni
3380 1293 3737 1359 universaque

2162 1419 2350 1467 natura
2374 1426 2387 1462 :
2410 1421 2592 1469 unum,
2621 1403 2710 1474 qui
2730 1414 2917 1457 omnes
2939 1405 3115 1467 partes
3136 1389 3374 1461 corporis
3393 1400 3512 1457 quite
3532 1384 3737 1444 vivunt,

2166 1502 2372 1565 transit,
2394 1506 2449 1553 et
2467 1512 2571 1552 non
2593 1470 2752 1550 habet
2770 1503 3007 1553 sensum,
3029 1484 3121 1541 sed
3145 1490 3347 1537 tantum
3366 1476 3434 1532 ad
3455 1470 3767 1551 vivendumx

2166 1593 2517 1649 valetudinem
2548 1606 2562 1644 :
2590 1587 2725 1642 hanc
2745 1584 2851 1638 vim
2879 1583 2932 1636 in
2960 1586 3142 1635 nostro
3169 1583 3397 1640 corpore
3426 1574 3746 1638 permanare

2168 1684 2294 1739 dicit
2317 1684 2370 1737 in
2386 1696 2527 1744 ossa,
2552 1691 2772 1749 ungues,
2794 1671 3044 1743 capillos:
3067 1666 3202 1721 sicut
3222 1663 3277 1716 in
3303 1656 3499 1715 mundo
3522 1652 3749 1708 arbores

2169 1777 2284 1832 sine
2309 1789 2466 1829 sensu
2492 1772 2704 1826 aluntur
2724 1776 2778 1822 et
2799 1769 3075 1825 crescunt,
3111 1765 3165 1813 et
3200 1753 3359 1811 modo
3391 1748 3619 1820 quodam
3644 1756 3753 1809 suo

2172 1869 2370 1921 vivunt.
2400 1860 2701 1919 Secundum
2727 1855 2943 1929 gradum
2965 1851 3179 1915 animae,
3201 1846 3255 1902 in
3281 1858 3386 1921 quo
3414 1851 3603 1896 sensus
3621 1840 3708 1891 est
3730 1851 3748 1888 :

2170 1960 2311 2015 hanc
2330 1957 2434 2013 vim
2463 1952 2740 2026 pervenire
2768 1950 2819 2004 in
2845 1946 3064 2011 oculos,
3094 1954 3285 2002 aures,
3320 1946 3476 1989 nares
3495 1972 3511 1999 ,
3546 1940 3641 1995 os,
3669 1934 3755 1980 ta-

2171 2062 2337 2108 ctum.
2361 2049 2596 2104 Tertium
2634 2042 2853 2115 gradum
2890 2038 3083 2093 animae
3117 2047 3236 2088 esse
3270 2038 3533 2084 summum
3554 2062 3571 2090 ,
3601 2014 3749 2091 quod

2174 2151 2391 2198 vocatur
2407 2140 2614 2194 animus
2636 2137 2677 2202 ’,
2706 2134 2757 2189 in
2784 2147 2890 2207 quo
2918 2122 3256 2196 intelligentia
3277 2115 3621 2192 prateminet:
3641 2110 3749 2164 hoc

2177 2244 2366 2307 przeter
2379 2230 2648 2286 hominem
2661 2239 2848 2280 omnes
2861 2235 3043 2277 carere
3059 2213 3312 2271 mortales
3322 2212 3342 2242 ³
3360 2227 3373 2262 :
3394 2207 3530 2261 banc
3547 2212 3756 2274 partem

2176 2328 2367 2383 anima:
2397 2319 2576 2378 mundi
2614 2317 2743 2373 dicit
2778 2314 2935 2369 deum
2958 2352 2973 2377 ,
3016 2311 3068 2365 in
3114 2306 3267 2360 nobis
3308 2308 3484 2355 autem
3524 2293 3759 2352 Genium

2177 2417 2376 2474 vocari.
2401 2417 2531 2472 Esse
2551 2420 2727 2468 autem
2752 2409 2805 2465 in
2825 2404 3025 2462 mundo
3046 2399 3250 2471 lapides
3270 2410 3333 2451 ae
3351 2402 3566 2455 terram,
3592 2397 3764 2459 quam

2181 2511 2422 2567 videmus
2441 2550 2455 2574 ,
2486 2521 2593 2578 quo
2619 2519 2723 2559 non
2751 2504 3025 2572 permanat
3048 2505 3271 2556 sensus,
3305 2493 3362 2541 ut
3382 2498 3503 2540 ossa
3522 2522 3538 2545 .
3566 2489 3626 2534 ut
3652 2492 3765 2532 un-

2180 2618 2311 2674 gues
2342 2600 2428 2655 dci
2456 2617 2470 2653 :
2500 2596 2669 2652 solem
2699 2570 2844 2654 vero,
2872 2589 3073 2649 lunam,
3100 2582 3300 2645 stellas,
3331 2591 3448 2646 quae
3474 2570 3765 2631 sentimus,

2182 2694 2477 2765 quibusque
2502 2690 2615 2760 ipse
2640 2682 2820 2748 sentit,
2842 2691 3032 2736 sensus
3051 2688 3170 2730 esse
3186 2670 3322 2742 ejus.
3354 2666 3577 2725 Ethera
3598 2673 3772 2733 porro

2183 2787 2415 2842 animum
2453 2781 2568 2852 ejus
2600 2797 2613 2832 :
2644 2792 2708 2833 ex
2745 2773 2896 2844 cujus
2932 2769 3019 2836 vi,
3050 2781 3169 2838 qua:
3217 2758 3459 2835 pervenit
3488 2757 3540 2811 in
3571 2763 3716 2808 astra
3743 2788 3764 2829 ,

2186 2882 2353 2950 ipsam
2383 2849 2594 2947 quoque
2622 2870 2797 2926 facere
2822 2865 2986 2928 deos;
3019 2869 3074 2916 et
3098 2872 3192 2928 per
3218 2870 3280 2910 ea
3311 2849 3450 2923 quod
3481 2849 3535 2903 in
3562 2853 3772 2902 terram

2187 2932 2445 3041 permeat,
2463 2932 2617 3020 deam
2640 2958 2907 3015 Tellurem
2925 2969 2940 3020 ;
2958 2949 3100 3023 quod
3117 2955 3292 3001 autem
3309 2941 3430 2997 inde
3448 2942 3691 3012 permeat
3713 2932 3774 2990 in

2191 3078 2336 3117 mare
2361 3066 2518 3128 atque
2544 3065 2823 3113 oceanum,
2844 3047 3003 3102 deum
3032 3055 3152 3098 esse
3177 3037 3477 3106 Neptunum
3505 3029 3549 3083 ³.

2258 3153 2316 3208 2.
2355 3125 2555 3208 Redeat
2582 3160 2708 3216 ergo
2737 3141 2804 3197 ab
2852 3138 2983 3203 hac,
3009 3148 3168 3205 quam
3200 3125 3516 3195 theologiam
3549 3128 3777 3175 natura-

2193 3246 2297 3301 lem
2326 3249 2493 3315 putat,
2515 3253 2620 3310 quo
2645 3211 2793 3290 velut
2809 3222 3175 3300 requiescendi
3200 3233 3359 3276 causa
3385 3216 3451 3273 ab
3474 3213 3558 3269 bis
3582 3211 3777 3267 amba-

2192 3304 2344 3411 gibus
2363 3304 2519 3406 atque
2533 3304 2861 3386 anfractibus
2887 3321 3134 3392 fatigatus
3153 3326 3400 3387 egressus
3419 3316 3519 3365 est.
3545 3304 3778 3370 Redeat,

2195 3432 2407 3502 inquam
2434 3468 2448 3492 ,
2487 3424 2672 3480 redeat
2711 3418 2778 3475 ad
2807 3415 3017 3472 civilem
3047 3429 3061 3466 :
3091 3409 3178 3464 hic
3212 3422 3334 3462 eum
3373 3402 3547 3458 adhuc
3574 3408 3737 3454 teneo
3758 3436 3781 3460 ,

2198 3488 2450 3593 tantisper
2468 3518 2535 3574 de
2562 3517 2660 3573 hac
2680 3527 2798 3584 ago.
2815 3506 3059 3564 Nondum
3087 3501 3228 3567 dico,
3253 3499 3297 3556 si
3326 3506 3464 3553 terra
3490 3501 3544 3550 et
3568 3488 3783 3560 lapides

2200 3596 2393 3675 nostris
2420 3621 2544 3669 sunt
2565 3606 2774 3664 ossibus
2800 3611 2853 3660 et
2882 3597 3146 3670 unguibus
3172 3592 3393 3650 similes.
3416 3585 3662 3644 similiter
3680 3596 3784 3637 eos

2200 3705 2599 3778 intelligentiam
2627 3714 2733 3754 non
2763 3695 2959 3751 habere
2978 3733 2993 3757 ,
3025 3689 3163 3745 sicut
3187 3698 3346 3741 sensu
3370 3688 3583 3743 carent;
3610 3685 3705 3731 aut
3733 3676 3785 3733 si

2200 3803 2402 3861 idcirco
2430 3797 2627 3853 habere
2652 3792 2899 3847 dicuntur
2924 3799 3045 3855 ossa
3072 3790 3127 3838 et
3153 3792 3355 3849 ungues
3381 3772 3548 3830 nostri
3576 3768 3787 3825 intelli-

2201 3892 2431 3964 gentiam
2456 3929 2472 3954 ,
2507 3885 2628 3958 quia
2663 3882 2716 3937 in
2745 3878 2961 3935 homine
2988 3880 3113 3930 sunt
3148 3870 3240 3942 qui
3281 3866 3443 3922 habet
3476 3860 3786 3930 intelligen—

2205 3987 2365 4046 tam,
2404 3989 2510 4032 tam
2551 3974 2768 4030 stultum
2806 3983 2925 4026 esse
2966 3965 3056 4034 qui
3093 3962 3189 4017 hos
3217 3959 3346 4015 deos
3384 3955 3437 4008 in
3474 3948 3675 4008 mundo
3699 3947 3790 4001 di-

2205 4077 2296 4140 cit,
2325 4086 2480 4143 quam
2511 4068 2706 4124 stultus
2734 4070 2817 4118 est
2843 4060 2931 4131 qui
2962 4059 3014 4113 iu
3045 4054 3197 4110 nobis
3226 4063 3345 4106 ossa
3376 4056 3429 4100 et
3454 4056 3654 4113 ungues
3676 4039 3786 4093 ho-

2208 4132 2379 4221 mines
2399 4161 2545 4217 dicit.
2571 4157 2673 4215 Sed
2695 4156 2810 4210 haec
2829 4166 2950 4209 cum
2972 4144 3301 4220 philosophis
3321 4137 3563 4196 fortassis
3576 4132 3794 4205 agenda

2208 4265 2368 4313 sunt:
2395 4266 2536 4308 nunc
2560 4258 2737 4304 autem
2762 4246 2925 4300 istum
2947 4240 3121 4295 adhuc
3145 4233 3418 4307 politicum
3434 4228 3456 4261 ⁵
3473 4227 3612 4282 volo.
3641 4222 3794 4281 Fieri

2207 4351 2352 4406 enim
2380 4352 2592 4417 potest,
2619 4350 2694 4405 ut,
2723 4339 2847 4393 licet
2872 4337 2923 4391 in
2954 4333 3097 4388 illam
3123 4326 3378 4384 naturalis
3404 4318 3682 4388 theologia:
3704 4332 3799 4371 vc-

2211 4442 2306 4496 luti
2324 4407 2620 4494 libertatein
2639 4439 2797 4502 caput
2817 4427 3023 4497 erigere
3045 4420 3314 4494 paululum
3344 4413 3577 4469 voluisse
3601 4407 3792 4462 videa-

2212 4544 2329 4597 tur,
2370 4526 2542 4583 adhuc
2574 4534 2750 4579 tamen
2780 4520 2924 4577 hunc
2950 4515 3143 4571 librum
3170 4521 3388 4567 versans
3411 4547 3427 4571 ,
3453 4511 3506 4559 et
3529 4517 3587 4557 se
3614 4500 3668 4554 in
3698 4497 3804 4552 illo

2214 4622 2411 4679 versari
2441 4619 2679 4689 cogitans
2699 4604 2721 4682 ,'
2749 4626 2871 4669 eum
2909 4608 3069 4664 etiam
3108 4603 3231 4660 inde
3254 4595 3581 4669 respexerit;
3607 4600 3663 4646 ct
3688 4589 3803 4642 huc

2218 4723 2494 4788 propterea
2515 4709 2728 4773 dixerit,
2751 4722 2819 4763 ne
2846 4702 3076 4774 majores
3096 4698 3232 4768 ejus,
3256 4694 3367 4749 sive
3392 4690 3507 4745 alia:
3527 4686 3802 4748 civitates,

2283 4925 2297 4954 ι
2326 4927 2390 4970 tta
2413 4916 2563 4966 nostri
2588 4920 2691 4960 \tss.
2713 4916 2763 4958 tu
2781 4913 2850 4970 3.,
2871 4902 2953 4967 qui
2976 4904 3167 4969 vocatur
3191 4894 3396 4970 animus.
3460 4895 3541 4970 “at.

2280 4987 2301 5016 ¹
2784 4944 2953 5030 Εἶᾜιῖἇ
2973 4944 3197 5026 {ﬁlatim
3217 4944 3428 5005 Itamiues
3456 4960 3550 5000 Deo
3573 4944 3812 4997 ridentur

2216 5058 2317 5098 esse
2336 5039 2512 5092 timiLrs
2711 5033 2851 5082 abest
2872 5041 2899 5075 a
2923 5035 3029 5096 Mss.
3235 5077 3246 5087 _
3300 5078 3311 5089 .

2284 5109 2305 5140 ³
2329 5112 2377 5147 ιιι
2397 5109 2512 5147 ante
2619 5106 2679 5146 tts
2718 5098 2840 5147 test,
2872 5097 3066 5147 gemunt
3086 5092 3311 5147 uocari.)

2284 5070 2512 5153 ξιξίῖίῖἶέ
2872 5070 3066 5151 ᾖάῆἷᾶὶη
3084 5077 3365 5156 ροεςιτίἷηίιει
3402 5073 3660 5136 legebatur
3682 5070 3815 5156 :fic

2218 5137 2840 5231 ergn'féz'iyi'hiiiiiinltha'i
2854 5137 2951 5200 tres
2971 5143 3152 5212 gradus
3169 5139 3432 5195 instituens,
3451 5145 3593 5182 unam
3610 5137 3817 5200 partem

2432 5223 2442 5231 .
2466 5224 2477 5231 .
2691 5214 2785 5231 ιη’.
2818 5227 2837 5231 -
2894 5210 3018 5231 η....,.
3081 5212 3123 5231 ..ο
3147 5204 3267 5231 lam
3301 5207 3478 5231 rora-nn:
3502 5206 3645 5231 num
3667 5192 3817 5231 Μήτι-

3502 5192 3818 5287 meide-

2220 5265 2864 5350 i522,"}};}3'hazi'bg}mna¢
2897 5265 3061 5342 seruus
3087 5279 3104 5317 :
3127 5265 3273 5315 alitzm
3303 5267 3584 5350 vero'quapt
3604 5266 3815 5323 actuum

2797 5349 2802 5350 ’
2834 5343 2846 5350 ‘
2864 5339 3017 5350 “““““
3044 5340 3185 5350 ’νη-*Α
3226 5335 3365 5350 nun-II
3390 5335 3415 5350 θ
3466 5328 3672 5350 Illumne"
3695 5328 3815 5350 tu".

2376 5315 3204 5410 3153;.'SZ'Icﬁigfiz'Tiériiaiﬁ'pprro.
3224 5335 3366 5388 quam
3389 5326 3435 5371 et
3453 5315 3674 5367 animam
3694 5315 3819 5374 ejus

2801 5405 2812 5410 -
2881 5409 2886 5410 γ
2962 5398 3043 5410 ω--
3068 5403 3115 5410 η.
3145 5394 3272 5410 -..κω
3289 5399 3302 5410 .
3323 5394 3426 5410 an.“
3465 5389 3646 5410 alumno
3669 5389 3818 5410 ne“-

2222 5389 2619 5465 Eiiafiéii'diéé
2634 5389 2812 5453 scilicet
2833 5389 3052 5460 pen‘euit'
3066 5390 3117 5440 iu
3140 5394 3302 5465 (Istra;
3320 5394 3427 5465 eam
3463 5389 3646 5465 quoque
3668 5389 3818 5465 asse:

2306 5445 2846 5536 fdéasﬁiﬁiéf
2859 5469 2984 5512 eam,
3006 5450 3198 5536 quade
3234 5446 3284 5497 in
3321 5445 3817 5536 ter'rqmmpe'rpma'tmr,

2867 5524 3013 5536 ““““
3049 5528 3098 5536 ·“·
3144 5525 3163 5536 ’“
3186 5519 3379 5536 ’ων-ι’ιή
3421 5517 3467 5536 οι
3552 5514 3578 5536 η
3626 5535 3629 5536 ν
3658 5513 3687 5536 n
3709 5511 3817 5536 nua

2226 5505 2823 5588 ἓίἑαέιῗνίἕιιῦἷῖἦὶξὶμίὸᾰ
2858 5505 3031 5588 ὰιιιεὶιί
3049 5512 3397 5588 indeperqteat
3421 5505 3469 5554 in
3501 5511 3634 5551 mare
3658 5505 3820 5560 atque

2225 5569 2641 5651 Zizaizdnﬁéiiii
2657 5569 3242 5651 esseneptumanccti‘o
3263 5569 3373 5626 alia,
3389 5576 3536 5636 quam
3681 5573 3824 5622 pm.»

2229 5625 2254 5645 U
2297 5625 2305 5641 Τ
2438 5625 2451 5641 I
2496 5625 2639 5641 uvae"-
2659 5625 2757 5637 νν-ιν
2784 5625 2842 5633 ινν
2884 5625 3004 5629 -.ημν

2229 5625 2440 5713 tﬁia't‘iiiié',
2456 5627 2675 5713 ’omnium
2699 5652 2775 5696 est
2797 5625 2879 5713 ιιιῇ
2900 5626 3114 5713 melioris
3137 5640 3267 5713 uota:
3291 5625 3745 5713 manuscriptortuu.

2946 5708 2955 5713 -
3056 5711 3063 5713 λ
3102 5710 3159 5713 sua
3200 5702 3230 5713 ις
3256 5702 3435 5713 .--ΛΑ-κη
3460 5700 3522 5713 nn
3608 5697 3633 5713 σι
3656 5691 3745 5713 ulc!

2294 5686 2775 5769 Ψίἶῖιὲ
2798 5686 3181 5757 id'estcirilem.
3200 5686 3437 5744 Glossema
3459 5686 3585 5751 quad
3607 5686 3756 5736 abest
3787 5699 3821 5735 ει

2231 5779 2578 5840 manuszriptis.
