4064 6476
233 407 326 460 235

229 521 486 574 Tellurem
527 531 696 589 atque
732 521 1031 592 Neptunum
1062 522 1288 578 inaniter
1321 521 1551 578 coluisse
1579 523 1806 578 credan-

229 624 324 663 lttl'.
354 609 457 664 Sed
484 608 590 664 hoc
617 611 761 676 dico,
812 627 934 682 pars
962 612 1122 666 animi
1151 611 1398 667 mundani
1423 596 1541 682 quin
1570 629 1661 682 per
1705 621 1810 668 ter-

228 718 334 756 isn
365 710 628 769 permeat,
659 702 799 756 sicut
825 718 925 756 una
950 711 1031 756 est
1054 711 1214 765 terra,
1236 717 1332 756 cur
1351 717 1454 757 non
1472 702 1630 757 etiam
1655 719 1810 758 unam

227 795 343 844 fecit
368 791 546 856 deam,
574 807 738 862 quam
759 792 887 848 dicit
911 809 1029 848 esse
1051 793 1358 847 Tellurem?
1387 791 1537 860 Quod
1564 793 1610 847 si
1639 793 1708 848 ita
1737 793 1812 848 fe-

225 885 314 941 cit.
353 885 435 937 ubi
465 884 572 938 erit
596 885 790 950 Orcus,
821 885 982 940 frater
1005 885 1151 940 .Invis
1180 896 1337 957 atque
1366 886 1593 954 Neptuni
1616 927 1630 948 ,
1653 902 1810 956 quem

233 976 266 1027 lt
289 984 399 1029 tem
425 983 635 1046 patrem
663 986 854 1032 vocant
873 976 986 1046 (a)?
1008 977 1094 1031 ubi
1116 977 1232 1046 ejus
1251 977 1447 1045 conjux
1473 977 1807 1045 Proserpina,

229 1084 344 1133 qua:
371 1067 669 1122 secundum
699 1068 856 1122 aliam
887 1068 937 1122 in
965 1068 1166 1124 eisdem
1195 1068 1343 1123 libris
1365 1069 1586 1138 positam
1608 1068 1814 1138 opinio-

232 1175 372 1219 nem,
397 1174 504 1212 non
530 1169 688 1214 terrae
714 1158 1029 1226 fecunditas,
1051 1159 1144 1214 sed
1173 1175 1294 1229 pars
1323 1159 1542 1214 inferior
1567 1158 1812 1230 perbibe-

231 1260 312 1303 tur
346 1251 463 1322 (b)?
492 1251 644 1318 Quod
675 1252 718 1306 si
741 1251 943 1317 dicunt,
973 1251 1134 1305 animi
1160 1251 1410 1306 mundani
1439 1262 1661 1321 partem,
1691 1266 1812 1306 cum

233 1353 472 1412 permeat
501 1353 661 1398 terra:
691 1351 894 1412 partem
924 1344 1278 1412 superiorem,
1309 1344 1479 1398 Ditem
1506 1354 1708 1414 patrem
1736 1344 1815 1398 fa-

231 1450 351 1487 cere
374 1433 536 1488 deum
555 1450 576 1499 ;
595 1449 718 1488 cum
738 1450 862 1488 vero
883 1434 1206 1500 interiorem,
1231 1435 1600 1505 Proserpinam
1623 1434 1776 1489 deam
1797 1453 1812 1498 ;

233 1523 412 1578 Tellus
438 1523 528 1577 illa
559 1525 684 1593 quid
714 1524 855 1578 erit?
883 1523 958 1577 Ita
984 1523 1126 1578 enim
1157 1533 1348 1591 totum,
1377 1524 1515 1594 quod
1543 1525 1654 1594 ipsa
1676 1535 1814 1588 erat,

234 1620 282 1672 in
309 1619 448 1674 duas
481 1621 612 1674 istas
634 1629 808 1689 partes
826 1620 1059 1690 deosque
1075 1619 1300 1674 divisum
1327 1629 1429 1686 est,
1448 1629 1504 1673 ut
1529 1619 1639 1689 ipsa
1663 1619 1814 1673 tertia

233 1725 348 1779 qua
380 1712 474 1778 sit,
504 1721 598 1766 aut
620 1711 708 1767 ubi
735 1711 825 1778 sit,
853 1711 1075 1765 inveniri
1105 1726 1208 1765 non
1234 1710 1432 1780 possit:
1462 1710 1562 1764 nisi
1588 1710 1706 1779 quis
1733 1709 1816 1762 di-

233 1814 314 1857 t-at
343 1803 505 1864 simul
534 1804 665 1859 istos
687 1803 818 1859 deos
835 1803 1026 1858 Orcum
1056 1813 1216 1874 atque
1247 1802 1637 1872 Proserpinam,
1659 1816 1818 1856 unam

234 1894 266 1948 d
288 1911 386 1948 ~am
417 1909 543 1950 esse
569 1893 840 1950 Tellurem
866 1911 880 1961 ;
913 1904 964 1950 et
1006 1908 1108 1948 non
1146 1909 1262 1949 esse
1295 1894 1404 1963 jam
1436 1902 1575 1957 tres,
1607 1891 1700 1946 sed
1729 1899 1824 1944 aut

237 2001 414 2050 unam,
444 1995 538 2040 aut
567 1986 740 2040 duos:
773 1995 826 2040 et
849 1995 1024 2040 tamen
1057 1994 1164 2042 tres
1184 1984 1450 2047 dicuntur,
1479 1992 1586 2037 tres
1614 1981 1818 2035 haben-

238 2087 340 2142 tur,
374 2087 488 2132 tres
516 2077 767 2130 coluntur
785 2077 893 2130 aris
921 2077 1029 2131 Suis
1049 2118 1064 2142 ,
1087 2075 1323 2130 delubris
1349 2075 1457 2128 suis
1477 2114 1491 2138 ,
1519 2072 1684 2128 sacris
1703 2113 1717 2138 ,
1751 2072 1820 2125 si-

239 2167 512 2230 mulacris,
543 2166 910 2222 sacerdotibus
935 2168 1066 2231 suis,
1096 2176 1150 2220 et
1173 2182 1264 2234 per
1293 2166 1405 2219 haec
1433 2163 1593 2218 etiam
1625 2163 1823 2217 fallaci-

242 2260 335 2312 bus
365 2259 706 2329 prostitutam
735 2259 965 2312 animam
995 2255 1461 2326 constuprantihus
1489 2253 1821 2308 dmutouibus

241 2353 368 2405 suis.
401 2349 594 2406 Adhuc
634 2350 1037 2420 respondeatur,
1073 2365 1231 2420 quam
1268 2357 1470 2418 partem
1512 2357 1665 2401 terra:
1703 2361 1824 2416 per-

241 2453 382 2499 meet
399 2460 524 2514 pars
541 2443 794 2498 mundani
812 2443 994 2505 animi,
1014 2450 1069 2495 ut
1085 2443 1242 2495 deum
1263 2439 1418 2495 l'aciat
1434 2439 1820 2493 Tellumonem.

241 2535 375 2601 Non,
407 2535 601 2605 inquit,
633 2533 727 2590 sed
759 2549 858 2588 una
887 2533 1177 2602 eademque
1209 2542 1350 2586 terra
1379 2529 1539 2584 habet
1561 2528 1824 2599 geminant

244 2627 367 2691 vim,
396 2634 452 2681 et
478 2626 850 2687 masculinam,
883 2623 1023 2694 quod
1051 2623 1250 2678 semina
1274 2621 1564 2693 producat;
1593 2630 1647 2675 et
1675 2618 1826 2672 femi-

246 2719 421 2771 ninam
444 2760 458 2783 ,
495 2715 638 2786 quod
667 2716 888 2785 recipiat
913 2724 1072 2784 atque
1096 2712 1326 2768 enutriat
1352 2730 1364 2764 :
1398 2710 1520 2765 inde
1541 2725 1568 2762 a
1597 2710 1646 2763 vi
1676 2708 1825 2763 femi.

247 2809 364 2862 uina
391 2807 594 2863 dictam
621 2821 741 2862 esse
761 2805 1052 2871 Tellurem,
1073 2820 1100 2857 a
1129 2802 1417 2858 masculina
1437 2801 1836 2856 'l‘ellumonem-

245 2899 348 2952 Cur
375 2914 508 2968 ergo
539 2896 821 2968 pontiﬁces
843 2937 856 2962 ,
899 2906 952 2950 ut
986 2897 1097 2966 ipse
1125 2894 1319 2949 indicat
1339 2935 1354 2962 ,
1402 2892 1594 2946 additis
1619 2907 1828 2962 quoque

247 2992 360 3046 aliis
389 2990 602 3044 duobus
623 3030 638 3057 ,
671 2998 896 3059 quatuor
920 2989 1021 3043 diis
1050 2986 1246 3040 faciunt
1274 3001 1384 3039 rem
1413 2985 1673 3042 divinant.
1704 2983 1826 3037 1‘er

251 3081 378 3145 lmi,
411 3079 720 3135 Tellumoni
743 3121 756 3143 ,
784 3079 951 3132 Altori
973 3120 987 3142 ,
1019 3077 1248 3132 Rnsori?
1278 3075 1350 3129 De
1377 3074 1585 3129 Tellure
1621 3085 1674 3128 et
1710 3072 1829 3126 Tel-

249 3171 462 3226 iuznoue
477 3171 589 3239 jam
611 3168 808 3224 dictum
831 3176 912 3224 est
933 3186 946 3222 :
969 3167 1136 3222 Altori
1167 3167 1368 3237 quare?
1387 3164 1537 3233 Quod
1565 3179 1628 3218 ex
1661 3174 1824 3230 terra,

254 3264 449 3332 inquit,
481 3263 699 3317 aluntur
724 3261 900 3317 omnia
932 3277 1049 3331 qua:
1075 3269 1195 3315 nata
1231 3268 1374 3314 sunt.
1405 3257 1597 3312 llusori
1623 3257 1826 3328 quare?

252 3356 399 3424 Quod
425 3372 633 3420 rursus,
654 3355 841 3426 inquit,
867 3362 1055 3410 cuncta
1085 3353 1271 3410 eodem
1301 3352 1665 3407 revolvuntur.

251 3467 476 3524 CAPUT
507 3465 698 3522 XXIV.
728 3496 800 3506 —
821 3465 900 3519 De
928 3463 1143 3520 Telluris
1169 3462 1542 3535 cognominibus
1567 3477 1833 3531 eorumque

319 3555 798 3629 signiﬁcationibus,
828 3571 941 3623 qua:
965 3554 1158 3610 etiamsi
1186 3562 1328 3607 erant
1364 3555 1637 3606 multarum
1667 3568 1842 3605 rerum.

324 3651 537 3716 indices,
565 3665 668 3704 non
694 3647 967 3702 debuerunt
983 3648 1254 3702 multorum
1275 3646 1479 3700 deorum
1502 3645 1706 3714 ﬁrmare
1724 3644 1836 3713 ορὶο

325 3759 521 3795 11101188.

327 3855 379 3908 1.
426 3853 625 3909 Debuit
661 3867 790 3923 ergo
825 3867 925 3907 una
959 3860 1098 3908 terra
1126 3858 1344 3920 propter
1372 3849 1524 3903 istam
1550 3847 1835 3918 quadrige-

259 3947 456 4000 minant
482 3947 588 4000 vim
612 3947 628 3977 ⁸
656 3958 883 4015 quatuor
905 3944 1101 3999 habere
1125 3942 1462 4012 cognomina,
1486 3956 1588 3994 non
1611 3952 1837 4009 quatuor

261 4037 435 4092 lacere
462 4036 597 4090 deos
625 4054 640 4090 :
673 4035 810 4090 sicut
838 4043 914 4089 tot
935 4033 1340 4104 cognominibus
1372 4047 1508 4086 unus
1534 4031 1756 4100 Jupiter.
1783 4041 1838 4084 et

261 4135 338 4181 tut
359 4127 766 4196 cogmntiuibus
792 4141 894 4179 una
933 4124 1104 4188 Juno;
1148 4124 1198 4177 in
1235 4124 1430 4193 quibus
1473 4123 1722 4177 omnibus
1759 4123 1838 4175 vis

261 4219 535 4288 multiplex
559 4233 681 4273 esse
705 4217 900 4272 dicitur
924 4217 990 4270 ad
1023 4233 1184 4270 unum
1210 4215 1366 4269 deum
1394 4216 1475 4270 vel
1507 4230 1665 4268 unam
1685 4215 1836 4268 deant

263 4309 553 4376 pertinens,
577 4323 683 4363 non
712 4307 993 4361 multitudo
1014 4307 1408 4377 cognominem.
1438 4306 1657 4360 deorunt
1679 4306 1838 4359 etiam

263 4401 652 4454 multitudinem
696 4399 915 4454 faciens.
961 4397 1065 4453 Sed
1109 4398 1345 4467 profecto
1389 4397 1527 4451 sicut
1560 4396 1840 4466 aliquando

259 4494 418 4546 etiam
463 4493 608 4560 ipsas
633 4491 920 4546 vilissimas
954 4489 1180 4544 fetuinas
1210 4505 1393 4544 earum
1415 4531 1430 4554 ,
1462 4505 1595 4558 quas
1625 4488 1842 4543 libidine

257 4584 604 4652 quaesierunt,
621 4581 782 4635 taedet
806 4580 1133 4650 paenitetque
1171 4578 1444 4632 turbarum
1470 4595 1484 4632 :
1507 4579 1585 4632 sic
1610 4577 1840 4630 animant

262 4677 420 4730 vilem
445 4675 638 4731 factam
669 4684 722 4729 et
743 4673 1028 4729 immundis
1047 4671 1320 4741 spiritibus
1353 4671 1696 4740 prostitutam.
1712 4670 1843 4724 deos

259 4766 358 4820 sibi
388 4765 770 4835 multiplicare,
799 4764 991 4834 quibus
1036 4762 1441 4817 contaminanda
1487 4770 1844 4831 prosternere.

262 4868 366 4922 tur,
394 4857 531 4910 sicut
574 4856 858 4925 plurimum
903 4852 1091 4919 libuit,
1128 4853 1205 4908 sic
1251 4852 1534 4922 aliquando
1569 4859 1623 4906 et
1655 4851 1840 4920 piguit.

259 4948 393 5002 Nam
421 4956 476 5002 et
501 4947 616 5017 ipse
635 4945 804 5000 Varro
827 4945 978 5015 quasi
1007 4944 1073 5000 de
1102 4945 1214 5012 ipsa
1243 4944 1392 4998 turba
1433 4941 1842 5008 verecundatus,

263 5054 420 5092 unam
451 5038 609 5093 deam
640 5038 753 5092 vult
782 5052 901 5092 esse
924 5036 1212 5092 Tellurem.
1239 5035 1516 5097 Equidem,
1550 5033 1739 5103 inquit,
1761 5032 1846 5087 di-

259 5141 382 5182 cunt
413 5127 631 5182 Matrem
661 5144 917 5198 magnant,
949 5126 1083 5196 quod
1111 5136 1406 5196 tympanum
1426 5125 1626 5190 habeat,
1651 5125 1846 5193 signi/i-

256 5224 490 5276 cariesse
513 5222 682 5274 orbem
717 5230 861 5274 terra:
885 5236 904 5273 :
934 5219 1070 5290 quod
1101 5229 1261 5272 turres
1297 5218 1348 5272 in
1385 5217 1576 5287 capite,
1618 5218 1806 5288 Oppida
1827 5233 1847 5270 :

257 5312 396 5381 quod
419 5314 560 5366 sedes
589 5313 850 5382 ﬁngantur
877 5311 1013 5363 circa
1038 5325 1168 5374 eam,
1200 5326 1313 5362 cum
1340 5309 1510 5360 omnia
1535 5317 1843 5370 moveantur,

260 5405 424 5472 ipsam
450 5420 550 5456 non
574 5401 774 5455 moveri.
804 5401 953 5465 Quod
977 5399 1150 5454 Gallos
1171 5400 1288 5453 huic
1309 5400 1414 5453 dere
1438 5408 1491 5451 ut
1511 5398 1749 5451 servirent
1775 5400 1849 5468 [e-

260 5505 459 5552 cerunt.
475 5494 728 5561 signiﬁcat
744 5493 829 5561 qui
849 5493 1036 5544 semine
1051 5491 1324 5560 indigeant,
1346 5499 1529 5542 terram
1545 5487 1682 5558 sequi
1698 5503 1850 5556 opor-

301 5716 312 5724 ο
331 5656 348 5685 ι
373 5653 592 5715 Plerique.
618 5659 669 5701 et
694 5651 909 5713 potiores
939 5655 1042 5697 Mss.
1061 5646 1195 5695 Vind.
1217 5653 1267 5696 et
1304 5653 1422 5705 Am.,
1445 5639 1850 5707 quatergeminmn

263 5729 305 5762 rt
331 5730 380 5759 μέ.

337 5780 406 5828 ί.ρὲ
431 5783 592 5836 Supra,
617 5787 724 5834 cap.
753 5773 827 5820 16.

335 5861 339 5868 ι
361 5869 365 5872 -
397 5823 407 5874 ί
439 5823 556 5887 Ibid.
582 5823 689 5884 'Vid'
711 5844 990 5892 \arroueut,
1015 5830 1098 5880 lib.
1178 5829 1238 5881 de
1263 5831 1394 5891 Ling.
1422 5828 1526 5885 lat.,
1549 5827 1573 5888 ς
1596 5823 1671 5872 63.

1570 408 1766 464 LIBER
1806 408 2156 466 SEPTlilUS.

3387 416 3494 471 2M

1923 532 2046 588 tere;
2067 523 2120 576 in
2157 539 2217 578 ea
2255 525 2439 595 quippe
2477 527 2646 580 omnia
2688 527 2911 597 reperiri.
2946 527 3094 594 Quod
3120 544 3172 579 se
3206 529 3345 598 apud
3384 546 3494 581 eum

1907 612 2106 680 jactant
2126 655 2140 678 ,
2171 617 2481 686 prmeipitur,
2513 617 2700 688 inqttit,
2729 618 2814 688 qui
2839 628 3026 673 (errant
3053 617 3243 684 colunt,
3270 635 3330 672 ne
3351 619 3496 672 sede-

1916 714 2041 767 ant;
2062 722 2256 776 semper
2274 708 2405 760 enint
2426 724 2530 761 esse
2543 710 2678 779 quod
2703 718 2876 780 agant.
2901 709 3257 781 Cyntbaloruut
3275 711 3493 771 sonitus.

1919 800 2334 865 ferramentorum
2366 801 2725 870 jactandorum
2752 805 2766 832 ¹
2799 818 2858 854 ac
2901 820 3163 867 manuum,
3204 812 3248 857 et
3279 803 3386 871 eius
3426 805 3497 856 rei

1918 889 2152 958 crepitus,
2186 891 2238 944 in
2258 891 2465 946 colendo
2489 909 2616 961 agro
2644 893 2728 960 qui
2756 895 2843 961 ﬁt,
2875 895 3160 965 signiﬁcant
3186 911 3205 949 .'
3232 895 3343 949 ideo
3371 910 3494 958 utre,

1920 981 2054 1042 quod
2078 997 2188 1035 eam
2215 982 2409 1052 antiqui
2434 983 2658 1036 colebant
2681 999 2782 1036 orre
2799 1024 2813 1046 ,
2842 993 3107 1055 antequam
3151 985 3341 1054 [errant
3369 995 3497 1040 esset

1922 1071 2189 1124 inventum.
2212 1069 2427 1126 Leonem
2451 1114 2466 1137 ,
2499 1073 2686 1143 inquit,
2715 1073 2995 1146 adjungunt
3021 1076 3240 1128 solutum
3263 1093 3322 1130 ac
3348 1093 3495 1129 utan-

1921 1171 2134 1226 suetum,
2167 1173 2220 1215 ut
2258 1164 2522 1216 ostendant
2568 1179 2674 1218 esse
2711 1165 2905 1218 nullum
2932 1182 3087 1235 genus
3115 1177 3260 1220 terra:
3287 1176 3390 1220 tam
3419 1182 3499 1220 rc-

1922 1262 2110 1306 motum
2137 1270 2195 1307 ac
2221 1255 2528 1308 vehementer
2553 1259 2716 1325 ferum
2739 1296 2758 1322 ,
2795 1255 2932 1326 quod
2972 1272 3073 1309 non
3109 1256 3269 1328 subigi
3305 1257 3501 1325 colique

1923 1345 2198 1398 conveniat.
2222 1345 2419 1398 Deinde
2436 1345 2671 1416 adjungit
2686 1354 2740 1400 et
2758 1345 2905 1410 dicit,
2921 1346 3189 1402 Tellurem
3208 1358 3428 1404 matrem
3445 1361 3502 1404 et

1927 1438 2226 1493 n-mtinihus
2241 1439 2474 1506 pluribus
2491 1449 2544 1494 ct
2559 1441 2961 1510 cognominibus
2977 1442 3118 1510 quod
3141 1441 3498 1504 nominarunt.

1925 1529 2053 1582 deos
2082 1529 2407 1583 existimatos
2424 1545 2542 1585 esse
2560 1532 2876 1599 complures.
2898 1529 3172 1598 Tellurem,
3196 1531 3383 1602 inquit,
3409 1548 3505 1600 pu-

1926 1629 2032 1672 tant
2049 1637 2152 1673 esse
2168 1619 2345 1690 Opem,
2363 1623 2496 1690 quod
2511 1639 2658 1693 opere
2672 1623 2760 1692 ﬁat
2777 1623 2974 1686 melior;
2997 1621 3232 1688 Matrem,
3247 1624 3380 1693 quod
3395 1624 3505 1694 plu-

1926 1713 2052 1763 rima
2071 1713 2232 1781 pariat
2249 1729 2267 1777 ;
2289 1711 2546 1784 Magnam,
2566 1714 2699 1782 quod
2711 1713 2874 1766 cibum
2894 1715 3058 1783 pariat
3077 1729 3096 1776 ;
3117 1712 3504 1783 Proserpinam,

1926 1803 2061 1871 quod
2075 1819 2136 1856 ex
2152 1821 2208 1856 ea
2227 1814 2521 1874 proserpunt
2537 1809 2739 1875 fruges;
2770 1803 2970 1860 Vestam
2992 1806 3126 1874 quod
3144 1807 3378 1859 vestiatur
3393 1806 3506 1858 Iter-

1929 1898 2020 1948 bis.
2042 1896 2129 1949 Sic
2144 1897 2272 1950 alias
2287 1898 2426 1960 deus,
2449 1897 2633 1966 inquit,
2661 1914 2757 1950 non
2779 1896 2992 1950 absurde
3015 1897 3081 1948 ad
3103 1897 3232 1949 lianc
3251 1906 3504 1950 revocant.

1929 1990 1982 2041 Si
2010 2003 2138 2058 ergo
2165 2005 2264 2042 una
2293 1988 2390 2043 dea
2412 1997 2513 2054 est,
2537 2004 2652 2057 qme
2671 1987 2879 2056 quidem
2907 1987 3144 2041 consulta
3163 1987 3382 2041 veritate
3405 2002 3502 2040 nec

1931 2080 2038 2148 ipsa
2061 2088 2144 2134 est
2167 2121 2182 2145 ,
2210 2079 2420 2133 interim
2448 2078 2573 2148 quid
2605 2081 2708 2132 itur
2738 2079 2788 2132 in
2820 2078 3049 2132 multas?
3077 2077 3244 2132 Unius
3269 2078 3376 2131 sint
3405 2078 3503 2131 ista

1937 2171 2098 2223 multa
2123 2171 2354 2232 nomina,
2381 2185 2485 2224 non
2511 2179 2612 2222 tant
2635 2169 2750 2223 dea:
2777 2169 2954 2224 multa:
2973 2184 3130 2237 quam
3147 2169 3380 2222 nomina.
3400 2169 3516 2222 Sed.

1933 2260 2224 2313 errantium
2254 2261 2516 2328 majorum
2544 2259 2829 2312 auctoritas
2865 2258 3108 2327 deprimit
3133 2299 3149 2323 ,
3181 2267 3236 2312 et
3262 2258 3508 2312 eumdem

1936 2351 2225 2406 Varronem
2257 2361 2372 2421 post
2406 2351 2540 2406 hanc
2568 2351 2884 2406 sententiam
2919 2349 3180 2420 trepidare
3216 2349 3512 2419 compellit.

1934 2443 2184 2512 Adjungit
2204 2443 2345 2497 enim
2375 2453 2428 2496 et
2449 2441 2608 2496 dicit:
2639 2441 2762 2496 Cum
2787 2443 2962 2512 quibus
2984 2443 3153 2512 opinio
3176 2443 3425 2511 majorum
3447 2441 3512 2496 de

1934 2534 2011 2588 Itis
2036 2534 2242 2594 deabus,
2270 2534 2402 2602 quod
2425 2533 2594 2600 plures
2619 2548 2702 2586 eos
2725 2542 2964 2602 putarunt
2998 2547 3106 2584 esse
3124 2573 3138 2596 ,
3171 2548 3268 2584 non
3298 2541 3508 2601 pugnat.

1935 2625 2211 2692 Quomodo
2229 2640 2331 2679 non
2353 2635 2566 2694 pugnat,
2585 2640 2704 2680 cum
2727 2622 2876 2677 valde
2893 2621 3033 2676 aliud
3059 2623 3148 2688 sit,
3171 2637 3328 2675 unam
3354 2622 3514 2676 deam

1938 2717 2148 2770 nomina
2167 2715 2362 2769 habere
2383 2715 2565 2779 multa,
2581 2714 2740 2778 aliud,
2765 2727 2884 2767 esse
2899 2713 3026 2767 deas
3049 2711 3274 2766 multas?
3293 2711 3396 2766 Sed
3421 2727 3515 2780 po-

1939 2817 2056 2870 test,
2087 2807 2274 2877 inqnit,
2297 2807 2407 2862 ﬂeri
2432 2817 2487 2860 ιιι
2505 2807 2690 2862 eadem
2720 2820 2809 2860 res
2833 2815 2883 2859 et
2904 2820 3005 2859 una
3027 2805 3117 2870 sit,
3138 2814 3191 2858 et
3210 2804 3261 2856 in
3288 2817 3350 2857 ea
3371 2818 3516 2872 qua:-

1937 2900 2056 2952 tlam
2088 2915 2176 2954 res
2200 2901 2307 2954 sint
2335 2899 2533 2970 plures.
2562 2897 2806 2953 Concedo
2828 2895 2881 2950 in
2906 2911 3012 2950 uno
3041 2895 3256 2949 homine
3281 2908 3400 2948 esse
3429 2909 3515 2948 res

1941 2992 2136 3058 plures,
2166 2991 2416 3061 numquid
2439 2991 2556 3046 ideo
2576 2998 2630 3044 et
2647 2988 2889 3043 homines
2907 2988 3116 3056 plures?
3133 2989 3209 3040 sic
3225 2987 3276 3040 in
3294 3000 3397 3039 una
3414 2984 3520 3039 dea

1937 3099 2054 3138 esse
2078 3099 2161 3137 res
2189 3084 2384 3152 plures,
2415 3081 2666 3150 numquid
2696 3079 2816 3133 ideo
2843 3088 2896 3132 et
2921 3078 3048 3130 deas
3075 3077 3290 3146 plures?
3320 3075 3511 3130 Verum

1939 3178 2074 3231 sicut
2099 3176 2300 3237 volunt,
2333 3172 2606 3236 dividant,
2638 3170 2898 3234 conﬁunt,
2926 3169 3277 3237 multiplicent
3297 3207 3312 3232 ,
3346 3166 3505 3235 repli-

1939 3276 2082 3334 cent,
2111 3266 2399 3335 implicent.

2009 3360 2063 3413 2.
2119 3358 2241 3412 Ihec
2279 3363 2404 3410 sunt
2439 3353 2669 3408 Telluris
2707 3361 2762 3406 et
2796 3351 2973 3406 Matris
3014 3364 3217 3419 magnae
3259 3349 3513 3418 pneclara

1940 3451 2210 3520 mysteria,
2243 3447 2382 3502 unde
2410 3447 2587 3500 omnia
2610 3444 2913 3500 referuntur
2941 3441 3007 3496 ad
3036 3438 3276 3494 mortalia
3311 3439 3514 3493 semina

1941 3552 1995 3597 et
2045 3544 2109 3596 ad
2163 3539 2512 3596 exercendam
2561 3538 2956 3607 agriculturam.
3002 3533 3143 3588 Itane
3177 3531 3243 3586 ad
3286 3531 3397 3585 ltzt'c
3430 3547 3516 3584 re-

1943 3638 2043 3691 lata
2068 3645 2122 3691 et
2154 3635 2294 3689 hunc
2322 3634 2476 3687 linem
2504 3630 2750 3684 habentia
2783 3637 3109 3699 tympanum,
3141 3635 3334 3684 turres,
3359 3621 3518 3685 Galli,

1939 3730 2160 3799 jactatio
2202 3729 2382 3780 insana
2437 3722 2816 3779 membrorum,
2861 3718 3092 3786 crepitus
3129 3713 3517 3784 cymbalorum,

1944 3821 2192 3875 confictio
2220 3817 2452 3877 leonum,
2511 3813 2669 3866 vitam
2714 3811 2958 3879 cuiquam
2999 3806 3312 3876 pollicentur
3357 3813 3518 3855 auer-

1946 3911 2108 3966 nam?
2148 3911 2286 3963 itane
2314 3914 2589 3976 propterea
2617 3901 2752 3957 Galli
2787 3899 2975 3954 abscisi
3017 3897 3136 3950 huic
3164 3895 3365 3965 Magna:
3401 3894 3518 3946 dea:

1946 4004 2202 4069 serviunt,
2249 4010 2304 4055 ut
2329 3998 2624 4068 signiﬁcent
2650 3994 2738 4062 qui
2766 3992 2968 4046 semine
3008 3988 3293 4056 indigeant,
3323 3995 3516 4040 terram

1946 4098 2092 4168 quui
2119 4102 2396 4165 Oportere;
2425 4089 2572 4160 quasi
2595 4103 2697 4142 non
2727 4101 2820 4142 eos
2850 4086 2958 4152 ipsa
2979 4079 3398 4151 potius‘servitus
3431 4092 3520 4129 sc-

1950 4189 2091 4244 tnine
2144 4187 2300 4241 faciat
2349 4181 2617 4252 indigere?
2674 4179 2858 4234 Utrum
2899 4175 3040 4230 enim
3081 4171 3351 4242 sequendo
3385 4169 3524 4223 hanc

1948 4284 2123 4345 deant,
2175 4295 2294 4332 cntu
2335 4275 2619 4345 indigeant,
2667 4285 2848 4324 semen
2892 4266 3204 4335 acquirunt;
3244 4278 3309 4316 an
3349 4261 3524 4330 potius

1949 4373 2220 4445 sequendo
2243 4371 2377 4424 hanc
2403 4369 2576 4432 deant,
2604 4379 2724 4419 cum
2751 4362 2998 4423 habeant,
3030 4373 3210 4412 semen
3238 4356 3525 4409 amittunt?

1952 4444 2061 4522 Hoc
2092 4460 2427 4532 interpretari
2473 4466 2578 4521 est,
2612 4471 2678 4507 an
2719 4450 3014 4507 detestari?
3063 4447 3170 4502 Nec
3215 4444 3528 4506 attenditur,

1950 4565 2204 4628 quantum
2231 4551 2442 4620 maligni
2465 4549 2733 4601 dzemones
2755 4540 3149 4612 prmvalncrint,
3177 4537 3265 4607 qtti
3300 4550 3396 4589 nec
3429 4535 3527 4588 ali—

1953 4663 2051 4717 qua
2078 4659 2261 4714 magna
2289 4641 2370 4694 his
2408 4637 2575 4692 sacris
2609 4633 2840 4705 polliceri
2869 4631 2981 4685 ausi
3008 4637 3152 4694 sunt,
3180 4637 3234 4682 ct
3272 4638 3376 4681 tant
3403 4640 3527 4680 cru-

1951 4739 2086 4792 delia
2109 4735 2319 4802 exigerc
2347 4734 2646 4798 potuerunt.
2692 4724 2747 4778 Si
2774 4722 2870 4776 dea
2904 4731 3043 4774 terra
3081 4734 3182 4772 n0u
3212 4725 3374 4781 esset,
3405 4730 3522 4769 ma-

1955 4843 2052 4882 nus
2079 4827 2126 4880 ei
2158 4824 2399 4876 homines
2427 4815 2696 4888 opt-rando
2722 4813 2996 4878 inferrent,
3029 4820 3085 4865 ttt
3113 4811 3311 4864 semina
3337 4821 3528 4861 conse-

1953 4927 2239 4989 querentur
2271 4930 2364 4984 pcr
2416 4912 2594 4975 illaut;
2641 4923 2746 4963 non
2783 4907 2941 4962 etiam
2979 4905 3077 4958 sibi
3122 4899 3420 4964 saeviendo,
3471 4907 3530 4952 ut

1955 4988 2156 5064 semina
2181 5006 2462 5077 perderent
2487 5011 2705 5072 propter
2732 4999 2896 5053 illam.
2922 4996 2976 5051 Si
3003 4995 3099 5048 dea
3126 5008 3228 5046 non
3253 4997 3413 5053 esset,
3456 4988 3526 5041 ita

1956 5099 2174 5156 fecunda
2203 5099 2350 5151 lit-ret
2381 5093 2620 5147 mattibus
2645 5090 2849 5153 alienis,
2884 5096 2939 5142 ut
2976 5100 3077 5136 non
3115 5086 3329 5149 cogeret
3356 5077 3529 5134 homi-

1956 5208 2076 5248 nem
2112 5189 2342 5244 stcrilent
2384 5185 2495 5240 ﬁeri
2519 5183 2762 5237 manibus
2787 5180 2916 5233 suis.
2953 5177 3066 5229 Jam
3097 5172 3235 5242 quod
3268 5172 3318 5224 in
3351 5171 3526 5225 Liberi

1955 5285 2119 5340 sacris
2168 5283 2387 5336 honesta
2427 5287 2666 5331 matrona
2710 5268 2949 5342 pudenda
2998 5265 3164 5319 virilia
3217 5264 3528 5326 coronahat,

1956 5384 2228 5448 spectante
2269 5369 2620 5433 multitudine,
2670 5365 2754 5419 ubi
2799 5361 2998 5418 rubens
3028 5368 3080 5412 et
3118 5356 3334 5421 sudans,
3380 5358 3424 5410 si
3451 5365 3532 5410 est

2020 5573 2037 5604 ι
2066 5570 2220 5626 \‘i:ttl.,
2251 5569 2647 5631 ferramentorum
2687 5556 2804 5631 ritus
2831 5554 3529 5631 jact'nutorum:“timeri-5‘2,

1957 5614 2352 5704 [ert'tm‘tciit'oi'unt
2373 5614 2860 5684 ictusjuctandortnn.
2885 5626 2976 5665 sex
2997 5621 3122 5673 Mss,
3139 5614 3532 5676 ferramentorum

1948 5704 2208 5802 J“’;"iia'liii;
2232 5757 2333 5812 μηδι
2360 5746 2577 5810 plerique
2603 5750 2728 5804 Mss,
2753 5739 2835 5805 qui
2857 5737 2930 5803 ﬁt,
2953 5734 3240 5802 signiﬁcant.
3260 5741 3405 5782 Locus
3430 5742 3538 5791 rer.-

1963 5815 2134 5880 [luxus
2159 5822 2208 5864 ct
2226 5813 2434 5861 vitiatus.
