4064 6470
482 445 589 503 215

484 559 589 614 ulla
620 554 769 612 frons
797 554 851 610 in
888 548 1209 612 hominibus,
1246 541 1456 599 astabat
1480 541 1699 595 forsitan
1728 546 1784 594 et
1811 535 2067 598 maritus;

486 661 541 706 et
564 646 706 719 quod
740 645 794 701 in
824 641 1180 702 celebratione
1217 634 1542 707 nuptiarum,
1569 646 1729 701 super
1753 627 1926 698 Priapi
1953 639 2073 719 sca-

489 716 613 811 purn
636 752 771 795 nova
799 742 961 805 nupta
993 731 1182 789 sedere
1205 727 1491 800 jubebatur
1523 743 1538 781 :
1566 724 1723 794 longe
1751 716 2073 789 contempti—

490 833 677 886 biliora
701 838 860 899 atque
886 826 1083 882 leviora
1110 832 1232 878 sunt
1251 822 1267 852 ³
1315 834 1426 889 pra:
1460 817 1559 872 ista
1587 811 1911 887 turpitudine
1951 825 2075 865 cru-

489 922 761 977 delissima
798 918 881 974 vel
914 899 1226 972 crudelitate
1256 908 1578 980 turpissima,
1620 906 1708 962 ubi
1737 899 2079 960 dmmoniacis

490 1014 732 1069 :u-tibus'
778 1013 856 1068 sic
893 1019 1114 1079 uterque
1154 1018 1317 1061 sexus
1352 999 1611 1065 illuditur,
1661 1007 1718 1053 ut
1759 1004 1945 1052 neuter
1981 1007 2080 1048 suo

492 1107 713 1162 vulnere
767 1106 1074 1175 perimatur.
1126 1099 1203 1154 lbi
1246 1095 1523 1153 fascinatio
1560 1094 1773 1148 timetur
1806 1099 2075 1158 agrorum,
2118 1116 2121 1120 ι

494 1201 582 1255 hic
595 1198 955 1254 membrorum
981 1191 1274 1263 amputatio
1296 1203 1400 1244 non
1428 1188 1644 1243 timetur
1677 1201 1690 1236 :
1720 1181 1790 1237 ibi
1817 1180 1894 1234 sic
1914 1177 2083 1233 deho-

500 1299 741 1347 nestatur
786 1303 938 1344 nova:
965 1294 1141 1355 nuptre
1170 1280 1511 1341 verecundia,
1552 1287 1744 1332 utnon
1784 1272 1956 1329 solum
2001 1267 2084 1325 fe-

496 1381 760 1447 cunditas,
789 1378 884 1435 sed
911 1392 1008 1433 nec
1038 1374 1311 1446 virginitas
1335 1370 1630 1434 adimatur;
1659 1366 1745 1421 hic
1789 1366 1861 1420 ita
1893 1374 2086 1432 ampu-

497 1485 641 1531 tatur
691 1461 936 1535 virilitas.
988 1479 1045 1525 ut
1088 1484 1185 1525 nec
1211 1473 1552 1544 convertatur
1582 1462 1633 1516 in
1664 1459 1937 1524 feminam,
1985 1469 2087 1512 nec

500 1568 583 1621 vir
606 1565 957 1635 relinquatur.

500 1677 726 1734 CAPUT
747 1674 915 1730 XXV.
937 1706 1006 1715 ——
1033 1673 1199 1739 Quam
1223 1667 1683 1734 interpretationem
1716 1664 1779 1721 de
1816 1660 2091 1716 abscisione

610 1767 773 1822 Atidis
797 1767 817 1798 ³
837 1766 1126 1819 ercorum
1155 1760 1460 1831 sapientium
1488 1756 1714 1811 doctrina
1735 1754 1995 1824 repererit.

577 1881 643 1935 Et
671 1879 837 1951 Atys‘
884 1878 971 1932 ille
997 1892 1100 1931 non
1129 1884 1211 1930 est
1244 1879 1712 1935 commemoratus,
1741 1883 1840 1924 nec
1871 1869 1987 1939 ejus
2024 1868 2094 1925 ab

506 1973 608 2027 isto
650 1969 1015 2040 interpretatio
1053 1967 1305 2037 requisita
1346 1973 1456 2026 est.
1499 1963 1552 2019 in
1595 1962 1747 2031 cujus
1789 1959 2095 2016 dilectionis

507 2064 816 2121 memoriam
869 2061 1052 2118 Gallus
1100 2059 1391 2115 absciditur
1439 2055 1536 2128 (a).
1587 2054 1690 2111 Sed
1735 2053 1876 2110 docti
1919 2051 2094 2108 (ἐπ’ωοί

508 2169 668 2229 atque
719 2156 987 2226 sapientes
1029 2165 1359 2223 nequaquam
1403 2149 1665 2204 rationem
1715 2154 1820 2200 tam
1860 2155 2095 2199 sanctam

511 2249 927 2319 prmclaramque
971 2251 1273 2300 tacuerunt.
1333 2241 1561 2311 Propter
1602 2237 1870 2294 vernalem
1903 2236 2099 2306 quippe

510 2341 698 2395 taciem
726 2348 902 2406 terrae,
939 2352 1058 2407 qua:
1092 2335 1301 2391 cmteris
1337 2331 1665 2402 temporibus
1693 2338 1775 2386 est
1803 2328 2096 2399 pulchrior,

511 2429 856 2502 Porphyrius,
907 2425 1256 2498 phi|050phus
1294 2422 1505 2489 nobilis,
1544 2423 1684 2491 Atyn
1713 2420 1870 2474 liores
1897 2418 2102 2489 signiﬁ-

515 2539 639 2578 care
678 2521 980 2592 perhibuit;
1033 2526 1084 2573 et
1132 2517 1250 2572 ideo
1289 2515 1578 2581 abscisum,
1619 2511 1741 2582 quia
1770 2510 1868 2565 llos
1905 2508 2104 2564 decidit

513 2625 637 2670 ante
687 2613 914 2669 fructum
951 2610 1040 2682 (In
1070 2611 1197 2663 libro
1240 2609 1303 2662 de
1332 2607 1548 2662 Ratione
1584 2603 1806 2659 naturali
1849 2601 2102 2668 deorum).

517 2705 633 2761 Non
676 2720 805 2773 ergo
834 2704 1007 2773 ipsum
1042 2700 1334 2766 hominem,
1376 2698 1459 2753 vel
1501 2696 1651 2767 quasi
1684 2694 1974 2760 hominem,
2013 2693 2103 2762 qui

516 2806 739 2852 vocatus
763 2803 845 2851 est
872 2796 1024 2866 Atys,
1053 2792 1146 2848 sed
1177 2791 1343 2846 virilia
1363 2789 1479 2860 ejus
1504 2786 1624 2843 ﬂori
1644 2793 2104 2857 comparaverunt.

519 2889 637 2958 ipsa
677 2886 875 2958 quippe
916 2886 1010 2940 illo
1043 2886 1253 2940 vivente
1292 2880 1603 2937 deciderunt
1641 2896 1655 2932 :
1708 2879 1816 2933 imo
1843 2890 1970 2932 vero
2000 2890 2106 2930 non

523 2981 859 3048 deciderunt,
889 2994 1063 3050 neque
1084 2977 1357 3046 decerpta,
1376 2973 1469 3031 sed
1491 2973 1648 3045 plane
1666 2972 1933 3041 discerpta
1951 2977 2106 3034 sunt;

520 3090 623 3131 nec
669 3074 762 3129 illo
789 3072 921 3128 ﬂore
962 3071 1161 3126 amisso
1200 3069 1479 3141 quisquam
1521 3073 1705 3136 postea
1747 3062 1974 3129 fructus,
2013 3059 2110 3116 scd

520 3165 698 3237 potius
735 3164 986 3222 sterilitas
1033 3171 1319 3218 consecuta
1350 3167 1453 3217 est.
1502 3156 1642 3227 Quid
1664 3172 1792 3223 ergo
1830 3157 1946 3225 ipse
1979 3153 2111 3208 reli-

522 3256 699 3328 quus?
726 3264 781 3311 et
807 3254 1062 3326 quidquid
1090 3252 1345 3309 remansit
1370 3250 1600 3314 absciso,
1644 3246 1770 3320 quid
1804 3260 1870 3302 eo
1907 3244 2111 3316 signiﬁ-

521 3349 632 3405 cari
673 3347 909 3404 dicitur?
959 3363 1065 3418 quo
1104 3344 1377 3402 refertur?
1421 3357 1541 3414 quae
1582 3337 1952 3410 interpretatio
1990 3335 2115 3393 inde

525 3442 792 3511 profertur
806 3441 834 3495 ἲ
853 3456 920 3495 an
948 3439 1064 3494 haec
1087 3437 1278 3492 frustra
1301 3431 1571 3491 moliendo
1587 3430 1823 3501 nihilque
1844 3427 2117 3484 invenien-

526 3533 599 3589 do
627 3532 950 3603 persuadent
976 3530 1105 3585 illud
1131 3528 1308 3599 potius
1331 3539 1453 3582 esse
1486 3522 1832 3586 credendum,
1878 3518 2018 3591 quod
2048 3517 2116 3574 de

526 3624 749 3682 homine
777 3632 1012 3679 castrato
1035 3621 1173 3676 fama
1197 3618 1436 3689 jactavit,
1470 3615 1765 3685 litterisque
1804 3610 2115 3668 mandatum

458 3776 462 3781 ,
526 3718 645 3775 cst?
673 3715 858 3771 Merito
882 3713 1010 3769 hine
1043 3720 1320 3767 aversatus
1359 3708 1477 3764 est"
1504 3706 1674 3761 Varro
1702 3711 1905 3767 noster,
1946 3716 2119 3773 neque

530 3806 633 3863 hoc
651 3806 832 3862 dicere
852 3804 1064 3861 voluit:
1110 3817 1216 3858 non
1250 3794 1401 3856 enim
1439 3797 1710 3855 hominem
1749 3795 2117 3852 doctissimum

529 3897 704 3952 latuit.

583 4005 810 4065 CAPUT
835 4005 1028 4062 XXVI.
1055 4036 1124 4048 ——-
1156 4003 1231 4059 De
1255 4002 1566 4074 turpitudine
1587 4015 1847 4056 sacrorum
1877 3997 2062 4054 Matri:

1058 4108 1077 4119 ”
1214 4107 1432 4164 magnas.

605 4210 845 4278 Itemque
880 4208 947 4262 de
990 4206 1238 4262 mollibus
1266 4203 1439 4261 eidem
1487 4201 1641 4258 Matri
1682 4215 1888 4272 magnae
1933 4208 2119 4256 contra

533 4315 748 4355 onlnem
776 4301 1008 4352 virorum
1035 4296 1424 4364 mulierumque
1447 4291 1819 4347 verecundiam
1841 4304 2121 4345 consecra-

536 4391 625 4456 tis,
673 4388 762 4460 qui
790 4403 956 4459 usque
1005 4387 1058 4441 in
1103 4387 1410 4441 hesternum
1445 4382 1586 4437 diem
1626 4381 1852 4436 madidis
1893 4380 2118 4450 capillis,

534 4480 671 4536 facie
699 4479 961 4546 dealbata,
995 4477 1282 4533 ﬂuentibus
1320 4475 1597 4542 membris,
1636 4474 1855 4528 incessu
1889 4472 2121 4527 femineo

534 4587 632 4641 per
675 4570 875 4640 plateas
912 4570 1162 4639 vicosque
1207 4556 1575 4635 Carthaginis,
1626 4549 1796 4620 etiam
1832 4578 1860 4617 a
1914 4562 2122 4633 populis

535 4663 676 4718 unde
704 4663 927 4733 turpiter
951 4662 1190 4716 viverent
1221 4659 1506 4730 exigebant
1539 4657 1636 4729 (b),
1682 4655 1812 4710 nihil
1841 4654 2007 4709 Varro
2033 4653 2120 4709 di-

599 4797 615 4829 ¹
658 4795 791 4846 Vind.
838 4804 940 4844 Am.
976 4800 1030 4845 et
1065 4799 1145 4846 Er.
1213 4796 1354 4853 atque
1399 4785 1759 4852 confusibitiora
1799 4793 1927 4838 sum.
1973 4787 2124 4837 minus

534 4866 666 4921 apte.

598 4923 618 4951 ²
646 4919 813 4969 Mures
837 4926 962 4975 3:55.,
988 4914 1183 4966 ritibus.
1207 4919 1257 4963 Et
1282 4913 1494 4976 quidam,
1514 4911 1710 4963 retibus.

554 5030 557 5039 λ
598 4982 621 5014 ⁸
644 4983 719 5031 Sic
742 4980 1008 5042 legendum
1021 5040 1025 5042 Α
1048 4991 1112 5028 cx
1137 4976 1289 5042 M_ss.j[
1304 4977 1444 5038 δίζω]

562 5102 573 5115 ,
596 5042 620 5073 ⁸
640 5048 687 5115 in
706 5034 879 5115 v‘eterii
901 5052 959 5115 us
980 5038 1119 5115 libris
1140 5034 1387 5115 plerisque
1413 5034 1522 5087 cum
1539 5034 1713 5110 duplici
1738 5035 2013 5115 tscribliturl,

463 5139 466 5142 ~
534 5102 613 5154 tis.
646 5111 714 5152 ne
736 5103 879 5164 hujus
903 5103 1096 5151 historia
1121 5095 1227 5151 sive
1265 5095 1420 5148 fabula
1455 5095 1649 5149 Servius
1670 5099 1717 5146 in
1742 5096 1927 5146 ,λειωίώ
1954 5095 2036 5145 lib.
2056 5096 2119 5155 9;

534 5167 787 5225 Arnobius,
816 5164 901 5213 lib.
918 5165 969 5224 ii,
990 5169 1086 5213 etc.

576 5227 625 5336 τε
650 5219 785 5288 tidiai,
813 5224 925 5275 huic
956 5219 1247 5276 adversatus
1289 5228 1376 5274 est.
1419 5221 1740 5273 Emendantur
1783 5232 1811 5269 a
1854 5219 2116 5269 manuscri.

599 5301 656 5336 ιε.

542 5301 656 5350 pus.

602 5350 675 5425 (ρ)
702 5349 817 5398 vide
849 5362 1010 5412 supra,
1045 5348 1132 5401 lib.
1173 5347 1221 5408 Ξ,
1254 5360 1362 5409 cap.
1382 5349 1440 5409 7;
1483 5353 1535 5397 et
1573 5344 1716 5404 infra,
1740 5342 1825 5393 lib.
1851 5342 1900 5403 6,
1940 5355 2045 5404 cap.
2070 5343 2121 5402 7,

539 5424 589 5461 ιι.
623 5426 671 5458 ι).

604 5471 674 5534 (ὁ)
700 5470 839 5519 Gallis
858 5472 1019 5534 Matris
1038 5471 1186 5519 deum
1218 5469 1396 5520 licebat
1431 5471 1606 5534 stipem
1642 5480 1670 5517 a
1705 5466 1879 5529 [epulo
1919 5477 2123 5534 poscere

539 5525 705 5595 leue'a
732 5532 921 5595 \telello
944 5531 1054 5592 lata,
1073 5533 1208 5594 cujus
1229 5534 1449 5581 meminit
1469 5525 1681 5595 Ovidius,
1707 5525 1947 5595 Fastorum
1967 5525 2054 5576 lib.
2073 5526 2121 5587 4,

541 5592 670 5663 vers.
691 5594 951 5663 ἅὶοίςρίιειἶ
972 5590 1162 5663 (icero,
1184 5595 1250 5645 de
1289 5595 1512 5663 Legibus,
1539 5591 1822 5663 ξηραί).
1842 5590 1874 5639 9
1899 5603 1911 5638 :
1939 5597 2122 5663 Praeter

546 5657 676 5705 Idm:
702 5648 894 5724 Matris,
912 5648 996 5724 ait,
1015 5648 1231 5719 famulos,
1258 5648 1597 5724 eostfuejustis
1615 5648 1800 5724 diebus,
1825 5664 1886 5701 ne
1912 5648 2018 5721 quis
2041 5648 2124 5699 sti-

541 5731 647 5773 pem
671 5717 839 5781 rogito.
862 5711 1111 5781 Additque,
1131 5711 1237 5780 cap.
1260 5718 1319 5781 16
1343 5711 1360 5765 ε’
1382 5711 1560 5781 stipem
1578 5712 1875 5781 sustulimus,
1906 5711 1999 5762 nisi
2015 5723 2124 5781 eam

541 5772 685 5849 quam
702 5772 766 5849 (ᾄι
792 5793 968 5842 paucos
986 5772 1087 5849 dies
1104 5772 1350 5849 propriam
1368 5772 1506 5849 lacte.
1517 5773 1978 5849 Matrisexcepitnus
1996 5786 2012 5823 :
2029 5772 2121 5825 im-

540 5836 635 5902 13m
660 5836 1136 5903 mim'supcrstitione
1156 5836 1341 5891 animos
1362 5847 1409 5903 et
1420 5838 1649 5903 exhaurit
1670 5836 1851 5889 domos.
1878 5836 1991 5886 Vlde
2009 5844 2122 5885 't‘er-

545 5904 793 5955 tulliauuin
819 5902 869 5952 in
894 5904 1211 5964 apologctico.
1240 5916 1343 5955 cap.
1374 5902 1447 5949 l5.

1552 425 1638 484 DE
1675 419 1995 482 ClVlTATE
2035 416 2165 489 DEI,
2205 417 2261 479 S.
2304 410 2672 471 AUGUSTINI

3654 402 3763 461 216

2178 542 2303 585 cere
2332 527 2514 592 voluit,
2545 539 2644 583 nec
2671 523 2878 596 uspiam
2906 536 2994 579 me
3018 520 3208 593 legisse
3228 517 3589 576 commemini.
3612 516 3763 573 Defe-

2178 622 2253 675 cit
2277 619 2660 691 interpretatio,
2694 616 2903 672 erubuit
2930 610 3087 681 ratio,
3118 612 3372 668 conticuit
3393 610 3585 666 oratio.
3623 609 3762 665 Vicit

2180 714 2362 771 Matris
2390 728 2595 784 magna:
2622 726 2810 767 omnes
2832 708 2962 765 deos
2988 707 3148 775 ﬁlios,
3180 720 3286 761 non
3309 704 3543 760 numinis
3562 705 3759 775 magni-

2180 798 2329 867 tudo,
2352 797 2447 854 sed
2466 796 2725 853 criminis.
2748 794 2880 850 Huic
2900 800 3140 849 monstro
3178 805 3278 846 nec
3302 788 3423 846 Jani
3450 788 3763 847 monstrosi.

2182 901 2263 948 tas
2289 899 2645 962 comparatur.
2684 888 2778 945 llle
2808 889 2861 943 in
2887 883 3186 943 simulacris
3214 882 3442 939 habebat
3479 881 3647 937 solam
3670 880 3763 937 de-
3801 880 3841 962 δέ

2183 959 2527 1049 ςοηηίιειίεηι,
2554 981 2654 1037 ista
2677 981 2729 1035 in
2755 978 2921 1035 sacris
2940 977 3236 1033 deformem
3259 973 3627 1030 crudelitatem
3646 988 3663 1038 ;
3682 971 3759 1027 un
3806 959 3843 1015 ii

2184 1075 2423 1132 membra
2439 1076 2491 1130 in
2508 1071 2772 1148 lapidibus
2795 1071 2994 1139 addita,
3018 1070 3133 1125 haec
3152 1068 3205 1124 in
3223 1066 3528 1123 hominibus
3544 1064 3778 1138 perdita.

2188 1167 2300 1223 lloc
2336 1166 2568 1222 dedecus
2612 1175 2692 1222 tot
2743 1164 2889 1221 Jovis
2950 1160 3116 1234 ipsius
3162 1168 3217 1216 et
3260 1167 3404 1215 tanta
3442 1166 3626 1229 stupra
3668 1171 3775 1214 non

2186 1259 2443 1315 vincunt:
2490 1259 2578 1314 ille
2622 1257 2761 1313 inter
2802 1253 3062 1310 femineas
3090 1250 3420 1321 corruptelas
3454 1264 3558 1305 uno
3600 1246 3780 1320 Gany-

2189 1351 2344 1408 mede
2369 1351 2564 1407 caelum
2592 1347 2902 1414 infamavit;
2943 1346 3043 1402 ista
3071 1348 3150 1401 to!
3169 1343 3421 1400 mollibus
3443 1340 3700 1414 professis
3726 1349 3783 1396 et

2189 1443 2415 1515 publicis
2451 1452 2505 1499 et
2542 1441 2833 1514 inquinavit
2858 1448 3077 1505 terram,
3107 1446 3162 1493 et
3191 1436 3328 1494 caelo
3352 1435 3479 1492 feeit
3507 1433 3780 1506 injuriam.

2189 1535 2479 1593 Saturnum
2505 1533 2731 1589 fortasse
2756 1546 3036 1605 possemus
3076 1529 3198 1585 huic
3230 1529 3283 1584 in
3310 1529 3413 1584 isto
3440 1516 3786 1599 generetur-

2191 1630 2424 1703 pissimae
2452 1628 2777 1685 crudelitatis
2805 1627 2919 1682 sive
2946 1624 3211 1690 conferre,
3242 1622 3356 1678 sive
3387 1619 3662 1693 praeferre,
3688 1617 3783 1688 qui

2191 1731 2399 1795 patrem
2439 1730 2703 1779 castrasse
2751 1719 3108 1791 perhibetur:
3156 1716 3252 1772 sed
3293 1716 3346 1771 in
3373 1712 3588 1771 Saturni
3615 1710 3788 1768 sacris

2194 1814 2438 1870 homines
2483 1813 2671 1869 alienis
2715 1811 2960 1866 manibus
3011 1809 3185 1880 potius
3230 1805 3433 1873 occidi,
3472 1818 3631 1876 quam
3675 1801 3791 1857 suis

2195 1905 2397 1962 abscidi
2445 1912 2750 1978 potuerunt.
2801 1902 3079 1958 Devoravit
3130 1899 3222 1955 ille
3269 1897 3431 1967 ﬁlios,
3481 1903 3541 1951 ut
3616 1900 3794 1965 poene

2196 1997 2397 2065 ferunt,
2433 2007 2488 2053 et
2511 1996 2716 2068 physici
2738 2010 2803 2050 ex
2830 1994 2932 2050 hoc
2954 1993 3370 2063 interpretantur
3397 1986 3540 2060 quod
3563 1984 3794 2051 volunt;

2198 2102 2259 2148 ut
2276 2100 2451 2147 autem
2480 2089 2703 2146 historia
2749 2087 2945 2159 prodit,
2991 2084 3238 2142 necavit:
3266 2081 3365 2139 sed
3393 2079 3538 2153 quod
3562 2079 3611 2135 ei
3636 2076 3794 2134 Pceni

2200 2198 2326 2240 suos
2373 2182 2513 2238 filios
2559 2180 3031 2245 sacrificaverunt,
3081 2192 3188 2232 non
3251 2188 3505 2245 recepere
3540 2169 3796 2226 Romani.

2202 2276 2271 2330 At
2312 2289 2440 2329 vero
2484 2274 2584 2329 ista
2626 2288 2819 2344 magna
2859 2270 3081 2327 deorum
3130 2267 3301 2322 Mater
3337 2265 3497 2321 etiam
3538 2259 3800 2318 Romanis

2205 2366 2417 2436 templis
2458 2372 2719 2420 castratos
2751 2362 2948 2430 intulit,
2980 2370 3138 2432 atque
3180 2360 3337 2415 istam
3374 2355 3636 2413 saevitiam
3678 2366 3803 2409 mo-

2203 2471 2425 2528 remque
2448 2456 2711 2522 servavit;
2743 2453 2942 2510 credita
2965 2453 3106 2509 vires
3130 2451 3383 2522 adjuvare
3404 2448 3799 2515 Romanorum,

2206 2548 2507 2604 exsecnndo
2532 2547 2703 2604 virilia
2733 2547 2986 2601 virorum.
3021 2543 3157 2612 Quid
3195 2551 3322 2598 sunt
3354 2540 3422 2597 ad
3453 2540 3554 2595 hoc
3596 2537 3804 2595 malum

2207 2639 2453 2695 Mercurii
2472 2638 2631 2706 furta,
2648 2637 2873 2694 Veneris
2892 2635 3128 2702 lascivia,
3149 2642 3330 2704 stupra
3347 2646 3411 2687 ac
3447 2628 3807 2702 turpitudines

2208 2738 2547 2795 ca-terorum,
2578 2743 2697 2799 qua:
2724 2728 3086 2797 proferremus
3111 2724 3178 2780 de
3215 2723 3388 2788 libris,
3422 2721 3521 2776 nisi
3560 2717 3807 2791 quotidie

2209 2830 2553 2877 cantarentur
2581 2828 2636 2876 et
2663 2819 2987 2874 saltareutur
3029 2817 3082 2872 in
3123 2812 3380 2869 theatris?
3407 2811 3501 2867 sed
3532 2810 3649 2865 haec
3673 2807 3808 2881 quid

2212 2923 2339 2971 sunt
2388 2914 2455 2969 ad
2506 2921 2707 2969 tantum
2763 2911 2985 2979 malum,
3038 2908 3193 2980 cujus
3242 2903 3548 2977 magnitudo
3594 2915 3809 2974 magna:

2211 3006 2362 3062 Matri
2392 3002 2758 3061 tantummodo
2794 2993 3173 3073 competebat'!
3210 2997 3502 3070 praesertim
3544 2993 3687 3066 quod
3715 2992 3809 3048 illa

2214 3098 2462 3154 dicuntur
2485 3112 2516 3152 a
2546 3096 2717 3167 poetis
2741 3108 2861 3150 esse
2885 3093 3109 3149 conﬁcta
3142 3109 3155 3145 :
3183 3089 3335 3163 quasi
3361 3096 3534 3161 poetae
3562 3084 3810 3145 id-etiam

2217 3191 2488 3258 finxerint,
2518 3188 2661 3261 quod
2692 3204 2754 3244 ea
2784 3188 2892 3244 sint
2926 3185 3029 3241 diis
3060 3193 3210 3257 grata
3236 3191 3292 3239 et
3314 3189 3554 3252 accepta.
3580 3177 3651 3235 Ut
3678 3190 3813 3249 ergo

2214 3289 2533 3341 canerentur
2575 3280 2658 3336 vel
2697 3277 3079 3344 scriberentur,
3108 3274 3329 3330 audacia
3355 3272 3425 3328 sit
3453 3269 3539 3327 vel
3558 3266 3813 3343 petulan-

2217 3376 2288 3429 tia
2325 3382 2600 3444 poetarum
2632 3389 2648 3428 :
2689 3379 2748 3427 ut
2797 3383 2927 3426 vero
2967 3365 3162 3424 divinis
3212 3363 3374 3422 rebus
3414 3371 3469 3419 et
3517 3357 3815 3415 honoribus

2219 3465 2422 3521 eisdem
2468 3461 2857 3534 imperantibus
2904 3469 2961 3517 et
3015 3455 3454 3529 extorquentibus
3501 3448 3816 3507 numinibus

2220 3556 2563 3619 adderentur.
2594 3555 2719 3626 quid
2745 3563 2828 3610 est
2870 3551 2970 3608 nisi
3001 3551 3203 3606 crimen
3243 3546 3501 3610 deorum;
3533 3543 3642 3598 imo
3680 3554 3817 3596 vero

2220 3648 2487 3706 confessio
2521 3646 2931 3713 dazmoniorum,
2962 3651 3018 3699 et
3045 3639 3289 3711 deceptio
3309 3631 3672 3693 miserorum?
3699 3629 3816 3687 Ve-

2221 3757 2340 3797 rum
2386 3740 2512 3795 illud
2560 3737 2701 3809 quod
2739 3736 2809 3793 de
2851 3736 3184 3791 abscisurum
3211 3727 3617 3787 consecratione
3644 3722 3820 3779 Mater

2221 3832 2442 3888 deorum
2494 3829 2596 3886 coli
2647 3828 2861 3893 meruit,
2903 3840 3011 3881 non
3051 3832 3224 3895 poetae
3270 3819 3672 3880 confinxerunt,
3714 3811 3818 3868 sed

2223 3919 2443 3978 horiere
2468 3921 2636 3993 magis
2654 3935 2813 3992 quam
2835 3932 3028 3974 canere
3050 3914 3372 3971 maluerunt.
3400 3909 3567 3965 Hisne
3590 3905 3694 3962 diis
3719 3918 3819 3960 se-

2222 4014 2375 4070 lectis
2410 4015 2690 4084 quisquam
2732 4007 3129 4067 consecrandus
3172 4013 3273 4070 est,
3326 4012 3387 4059 ut
3424 4009 3543 4072 post
3583 4004 3820 4054 mortem

2156 4098 2165 4105 ’
2224 4109 2367 4163 vivat
2393 4108 2566 4171 beate,
2595 4106 2789 4176 quibus
2812 4109 3160 4158 consecratus
3183 4106 3309 4153 ante
3332 4100 3560 4150 mortem
3588 4090 3820 4144 honeste

2226 4215 2332 4255 non
2354 4206 2530 4269 potest
2546 4196 2749 4258 vivere,
2777 4205 2883 4249 tam
2907 4192 3063 4248 fwdis
3084 4184 3549 4260 superstitionibus
3568 4179 3823 4237 subditus

2225 4306 2279 4352 et
2318 4292 2607 4350 immundis
2632 4287 2965 4345 dtemonilnts
2997 4280 3301 4354 obligatus?
3335 4277 3441 4334 Sed
3467 4275 3585 4331 hate
3609 4272 3819 4337 omnia,

2227 4388 2418 4459 inquit,
2459 4385 2761 4441 referuntur
2797 4381 2863 4435 ad
2898 4377 3175 4434 mundum.
3208 4373 3394 4429 Videat
3426 4385 3495 4425 ne
3526 4367 3701 4440 potius
3741 4365 3814 4420 ad

2226 4458 2580 4537 immundum.
2628 4473 2764 4544 Quid
2804 4483 2981 4527 autem
3011 4483 3116 4524 non
3147 4473 3322 4537 potest
3350 4461 3536 4519 referri
3567 4458 3633 4515 ad
3660 4473 3825 4512 mun-

2227 4572 2376 4633 dum,
2395 4566 2539 4641 quod
2564 4579 2685 4623 esse
2707 4565 3104 4621 demonstratur
3127 4559 3180 4614 in
3208 4555 3406 4611 mundo
3424 4553 3480 4607 ιτ
3506 4550 3613 4607 Nos
3635 4556 3823 4603 autem

2228 4661 2462 4716 animum
2493 4658 2800 4731 quaerimus,
2849 4654 2937 4723 qui
2966 4666 3092 4707 vera
3120 4646 3376 4718 religione
3401 4643 3656 4703 conlisus,
3706 4653 3824 4693 non

2229 4761 2476 4822 tanquam
2502 4750 2662 4805 deum
2698 4760 2853 4803 suum
2897 4743 3085 4799 adoret
3117 4738 3396 4803 mundum,
3430 4734 3524 4790 sed
3567 4742 3825 4800 tanquam

2228 4862 2361 4917 opus
2391 4845 2483 4901 Dei
2512 4853 2729 4914 propter
2745 4840 2914 4896 Deum
2942 4835 3120 4891 laudet
3141 4831 3431 4893 mundum;
3458 4837 3512 4882 et
3534 4822 3829 4880 mundanis

2226 4912 2474 4993 sordibus
2514 4912 2781 5004 expiatus,
2823 4928 3051 4985 mundus
3080 4924 3354 4997 perveniat
3395 4921 3460 4975 ad
3492 4919 3679 4980 Deum,
3724 4912 3825 4985 qui

2227 5027 2465 5086 condidit
2492 5025 2771 5082 mundum.
2821 5018 2825 5024 ’

2290 5229 2309 5259 ι
2346 5226 2463 5274 Editt
2487 5223 2622 5272 vind.
2649 5230 2749 5270 Am.
2774 5228 2824 5270 et
2844 5226 2918 5269 Fr.
2943 5221 3110 5269 carent
3123 5215 3213 5264 hac
3232 5209 3506 5274 sententia:
3525 5201 3832 5274 quidanm):

2227 5300 2321 5337 non
2512 5270 2689 5349 rete—ni
2709 5284 2774 5349 ad
2812 5281 3046 5349 munitum
3077 5275 3203 5349 quod
3240 5286 3349 5349 esse
3380 5270 3735 5349 «έςῃιίξξξξςξξν
3762 5270 3833 5349 ,εἷς

2232 5327 2689 5408 ὖῖἱῖηᾶἷῗέἱιῖἑῖιῦἑ
2711 5327 3043 5408 Ῑᾷρᾶᾞέἱιῖὀῦἐ
3066 5327 3193 5408 {cui
3227 5334 3356 5408 εηίζη
3377 5327 3831 5408 ηἱε.,η³²1²ξ1¹3ε⁸

2231 5386 3159 5468 iZiiKréc'bBii‘h‘réinioiﬁéﬁsiii:
3177 5386 3276 5448 nec
3308 5396 3531 5468 honestus
3545 5386 3831 5468 ille.

2227 5449 3155 5522 iiéé"h&2d§ii"i€oé'iiiiéni'a}iiiizam‘
3184 5456 3463 5522 quam'mus.
3501 5453 3680 5522 Lectio
3694 5449 3828 5511 haec,

2230 5513 2698 5583 ὶξῖιῖῖρῖἑῖνιίῦἆῖᾖἱέξό⁷
2714 5513 3084 5579 νῖἑνέξηνὶέάεὶι
3124 5513 3314 5587 melior,
3341 5518 3478 5587 venit
3500 5513 3721 5587 profecto
3754 5525 3830 5587 rex

2228 5577 2794 5658 assessionem
2816 5590 2876 5658 es!
2895 5588 3012 5658 ίςειεςι
3032 5577 3831 5658 φρσρεευσφξιιιᾳίέςειρ,

2229 5634 3392 5711 ῧῖειᾜῖῖηῖἧιῖιῖιᾶἦνῆ-ξ*υῦἷὴἰὶἱίἶεὒὶήιιῑίξιιίςρτθ
3415 5634 3673 5703 oportebat
3696 5634 3832 5686 aliud

2231 5720 2341 5779 nisi,
2366 5718 2605 5784 spiritum,
2641 5716 2687 5767 id
2721 5723 2799 5768 est
2816 5714 3106 5765 daemonem.
