4064 6484
323 401 418 454 917

325 512 540 570 CAPUT
573 511 788 567 XXVII.
821 543 887 552 —
914 510 993 566 De
1031 510 1280 582 ﬁgmentis
1323 508 1771 580 physiologorum,
1815 507 1904 578 qui

390 622 476 659 nec
497 621 667 659 veram
711 605 1022 659 divinitatem
1059 604 1266 670 colunt,
1297 619 1386 656 nec
1412 619 1468 657 eo
1507 603 1644 656 cultu
1679 618 1779 673 quo
1813 617 1902 654 co-

391 698 540 751 lenda
563 708 638 750 est
669 713 785 750 vera
808 696 1062 750 divinitas.

389 813 438 865 l.
467 810 607 866 Istos
631 825 763 865 vero
786 809 917 865 deos
939 810 1168 864 selectos
1197 808 1439 864 videmus
1462 807 1678 879 quidem
1705 807 1901 862 clarius

325 905 618 961 innotuisse
647 918 807 973 quam
837 914 1094 967 exteros;
1122 918 1228 956 non
1261 912 1435 956 tamen
1464 911 1519 956 ut
1553 916 1736 956 eorum
1774 899 1899 954 illu-

322 1005 615 1052 strarentur
651 997 872 1060 merita,
907 995 1000 1049 sed
1037 1011 1104 1048 ne
1139 996 1532 1050 occultarentur
1567 993 1850 1062 Opprobria
1880 1008 1894 1045 :

321 1089 451 1143 unde
474 1089 644 1158 magis
664 1103 759 1144 eos
782 1087 1025 1142 homines
1043 1086 1210 1141 fuisse
1232 1085 1483 1140 credibile
1499 1093 1614 1148 est;
1637 1084 1771 1138 sicut
1791 1097 1896 1136 non
1923 1126 1952 1152 ,

319 1183 485 1237 solum
516 1181 737 1250 poetice
764 1179 987 1245 littcrm,
1022 1194 1208 1233 verum
1239 1179 1398 1233 etiam
1431 1176 1699 1232 historica:
1729 1173 1895 1228 tradi-

321 1273 586 1328 didcrunt.
621 1271 755 1325 Nam
785 1270 927 1340 quod
964 1270 1216 1339 Virgilius
1244 1269 1340 1335 ait,

404 1365 592 1412 Primus
613 1364 674 1411 ab
697 1362 916 1412 aethereo
943 1362 1072 1411 venit
1095 1368 1323 1410 Saturnus
1343 1358 1558 1422 olympo,

402 1432 542 1474 Arma
565 1425 696 1474 Jovis
719 1424 930 1485 fugiens,
956 1430 1006 1485 et
1027 1423 1195 1484 regnis
1219 1421 1360 1470 exsul
1382 1421 1652 1485 ademptis:

715 1482 924 1548 (inciti.
951 1484 1033 1534 lib.
1055 1482 1106 1544 8,
1120 1497 1226 1534 vers
1247 1485 1355 1544 519,
1379 1482 1512 1545 530).

315 1580 368 1626 ct
390 1586 511 1640 qua:
536 1570 605 1625 ad
634 1571 771 1625 hanc
796 1585 909 1624 rem
937 1568 1254 1639 pertinentia
1279 1573 1702 1636 consequuntur,
1732 1572 1894 1618 totam

314 1661 382 1717 de
405 1662 509 1717 hoc
540 1662 875 1716 Euhemerus
897 1662 913 1692 ¹
943 1659 1125 1729 pandit
1155 1659 1430 1712 historiam
1453 1699 1468 1722 ,
1497 1672 1654 1725 quam
1687 1655 1890 1708 Ennius

316 1754 366 1808 in
382 1754 605 1808 latinum
629 1753 791 1808 vertit
813 1751 1081 1821 eloquium
1107 1768 1120 1804 :
1144 1749 1287 1804 unde
1306 1748 1428 1816 quia
1451 1746 1676 1816 plurima
1701 1760 1894 1814 posue-

315 1853 469 1908 rut,
515 1845 608 1914 qui
651 1852 841 1898 contra
887 1840 1191 1910 huiusmodi
1238 1852 1452 1894 errores
1491 1845 1616 1890 ante
1662 1851 1759 1888 nos
1806 1834 1892 1889 vel

314 1951 488 2006 gnsco
533 1950 786 1992 sermone
837 1935 925 1989 vel
967 1934 1136 1988 latino
1179 1932 1538 2002 scripserunt,
1576 1944 1680 1982 non
1729 1928 1780 1981 in
1827 1942 1893 1982 eo

313 2029 439 2084 mihi
470 2029 670 2097 placuit
697 2026 992 2082 immorari.

380 2120 435 2175 2.
489 2118 754 2192 [XXVIL]
804 2119 950 2189 Ipsas
1000 2116 1357 2190 physiologias
1403 2130 1524 2170 eum
1577 2112 1889 2178 considero,

311 2214 505 2285 quibus
533 2212 680 2267 docti
729 2221 784 2268 et
819 2212 959 2266 acuti
986 2211 1231 2265 homines
1258 2209 1352 2263 has
1393 2222 1481 2262 res
1522 2208 1779 2261 humanas
1801 2220 1893 2260 co-

309 2317 508 2362 nantur
547 2314 766 2360 vertere
815 2304 867 2358 in
899 2317 984 2359 res
1021 2303 1260 2368 divinas,
1310 2301 1440 2356 nihil
1479 2301 1633 2355 video
1677 2300 1776 2353 nisi
1824 2297 1890 2352 ad

309 2397 626 2467 temporalia
660 2405 976 2466 terrenaque
995 2410 1156 2464 opera
1186 2402 1534 2463 naturamque
1553 2405 1889 2458 corpoream,

308 2491 388 2544 vel
416 2489 632 2545 etiamsi
656 2489 996 2552 invisibilem,
1027 2496 1202 2542 tamen
1227 2485 1530 2540 mutabilem
1552 2483 1788 2552 potuisse
1804 2498 1890 2537 re-

307 2584 486 2638 vocari
513 2601 527 2637 :
561 2583 703 2652 quod
729 2582 874 2636 nullo
897 2581 1054 2636 modo
1081 2588 1162 2635 est
1189 2595 1348 2634 verus
1379 2579 1538 2632 Deus.
1572 2577 1684 2631 [loc
1710 2583 1887 2630 autem

307 2676 351 2730 si
391 2676 583 2728 saltem
614 2673 946 2743 religiositati
985 2671 1233 2740 congruis
1260 2668 1733 2740 significationibus
1761 2681 1888 2734 age-

306 2778 475 2828 retur,
506 2774 654 2820 esset
679 2764 892 2834 quidem
919 2763 1206 2817 dolendum
1226 2802 1240 2826 ,
1275 2775 1380 2814 non
1411 2759 1493 2813 his
1514 2773 1697 2812 verum
1724 2757 1888 2810 Deum

306 2856 613 2912 annuntiari
653 2863 813 2925 atque
855 2852 1164 2924 przedieari;
1192 2859 1369 2906 tamen
1415 2850 1590 2918 aliquo
1629 2847 1787 2902 modo
1814 2847 1891 2901 fe-

306 2947 527 3002 rendum
561 2957 669 3000 tam
699 2945 839 3001 foeda
869 2954 924 3000 et
963 2943 1135 3014 turpia
1163 2958 1268 2997 non
1305 2941 1420 2997 fieri
1452 2957 1550 2996 nec
1587 2939 1757 3010 iuberi
1790 2955 1805 2993 :
1835 2946 1890 2994 at

306 3055 445 3096 nunc
472 3055 598 3093 cum
638 3053 734 3108 pro
764 3038 872 3092 Deo
909 3051 1060 3099 vero,
1096 3051 1202 3106 quo
1228 3035 1346 3090 solo
1374 3034 1552 3088 anima
1581 3047 1640 3087 se
1675 3030 1888 3086 inhabi-

307 3137 451 3185 tante
475 3130 549 3184 sit
579 3128 740 3192 felix,
772 3127 920 3182 nefas
959 3127 1030 3182 sit
1064 3126 1247 3181 colere
1285 3132 1376 3179 aut
1403 3138 1598 3193 corpus
1635 3130 1729 3176 aut
1769 3122 1888 3176 ani-

305 3237 483 3288 mam;
517 3229 720 3291 quanto
743 3219 910 3288 magis
945 3217 1208 3273 nefarium
1237 3224 1320 3272 est
1357 3215 1457 3271 ista
1483 3216 1562 3270 sic
1587 3213 1767 3271 colere
1785 3255 1802 3279 ,
1831 3220 1890 3268 ut

307 3326 403 3368 nec
433 3311 687 3373 salutem,
718 3323 818 3366 nec
852 3309 1017 3365 decus
1048 3308 1333 3362 humanum
1362 3321 1556 3376 corpus
1584 3312 1678 3360 aut
1710 3303 1887 3358 anima

306 3405 533 3462 colentis
557 3404 837 3462 obtineat?
861 3402 1218 3471 Quamobrem
1245 3402 1292 3458 si
1327 3400 1552 3470 templo,
1577 3397 1886 3465 sacerdote,

308 3496 573 3554 sacriﬁcio
593 3538 609 3563 ,
641 3495 784 3566 quod
833 3509 964 3550 vero
1008 3493 1120 3549 Deo
1145 3492 1398 3558 debetur,
1427 3491 1634 3546 colatur
1674 3485 1888 3559 aliquod

310 3586 634 3644 elementum
700 3583 926 3650 mundi,
971 3583 1058 3639 vel
1111 3590 1322 3638 creatus
1381 3580 1573 3652 aliquis
1633 3579 1886 3650 spiritus,

310 3677 516 3734 etiamsi
551 3691 659 3731 non
704 3674 1008 3731 immundus
1051 3684 1106 3730 et
1133 3673 1334 3738 malus;
1376 3687 1483 3727 non
1522 3670 1644 3728 ideo
1688 3671 1888 3726 malum

311 3777 408 3833 est,
435 3768 560 3838 quia
597 3766 683 3822 illa
712 3767 849 3820 mala
877 3773 1002 3820 sunt
1037 3764 1231 3836 quibus
1267 3764 1494 3830 colitur;
1529 3763 1622 3818 sed
1641 3761 1763 3832 quia
1792 3761 1883 3818 illa

311 3867 431 3914 sunt
455 3859 603 3924 talia,
628 3858 822 3928 quibus
842 3857 988 3911 solus
1014 3856 1105 3912 ille
1127 3854 1384 3911 colendus
1411 3855 1503 3920 sit,
1526 3854 1610 3909 cui
1633 3853 1754 3908 talis
1778 3853 1892 3908 cul-

314 3959 397 4006 tus
439 3951 784 4019 servitusque
831 3947 1074 4003 debetur.
1129 3946 1186 4002 Si
1238 3954 1415 4001 autem
1472 3944 1764 4000 stoliditate
1808 3943 1895 4002 vel

315 4040 716 4096 monstrositate
732 4038 1159 4102 simulacrorum,
1173 4035 1448 4092 sacrificiis
1462 4034 1889 4101 homicidiorum,

316 4129 660 4186 coronatione
689 4128 924 4183 virilium
957 4126 1327 4198 pudendorum
1348 4167 1364 4192 ,
1394 4124 1644 4181 mercede
1681 4132 1896 4194 stupro-

319 4233 450 4288 tum,
491 4221 730 4275 sectione
769 4219 1130 4274 membrorum
1153 4258 1168 4284 ,
1205 4217 1505 4272 abscisione
1547 4215 1892 4287 genitalium,

319 4311 721 4367 consecratione
767 4309 1046 4374 mollium,
1080 4306 1234 4364 festis
1273 4308 1600 4377 impurorum
1629 4306 1891 4361 obsceno-

320 4416 536 4474 rumque
560 4400 808 4456 ludorum
828 4440 843 4464 ,
879 4415 1044 4454 unum
1072 4413 1256 4453 verum
1284 4397 1450 4453 Deum
1471 4439 1485 4465 ,
1524 4397 1574 4452 id
1601 4405 1686 4452 est
1721 4397 1896 4452 omnis

320 4495 508 4548 anima:
560 4493 909 4563 corporisque
953 4501 1287 4556 creatorem,
1331 4489 1508 4544 colere
1543 4503 1628 4552 ,sc
1670 4488 1896 4558 quisque

320 4583 634 4647 contendat;
669 4599 772 4637 non
801 4582 920 4636 ideo
970 4589 1155 4650 peccat
1185 4620 1202 4647 ,
1224 4581 1348 4650 quia
1387 4594 1494 4634 non
1534 4587 1617 4634 est
1641 4578 1897 4634 colendus

321 4691 469 4744 quem
499 4677 662 4740 colit;
691 4673 784 4730 sed
811 4674 932 4744 quia
959 4671 1261 4738 colendum,
1292 4685 1396 4725 non
1418 4680 1478 4725 ut
1502 4669 1756 4725 colendus
1779 4677 1894 4735 est,

320 4767 462 4820 rolit.
485 4766 587 4834 Qui
620 4779 748 4820 vero
776 4773 828 4818 ct
848 4766 1006 4820 rebus
1032 4763 1246 4830 talibus,
1267 4762 1316 4817 id
1341 4771 1424 4818 est
1445 4761 1685 4832 turpibus
1714 4769 1768 4816 et
1782 4774 1900 4816 sce-

321 4859 486 4921 iestis,
510 4868 562 4911 et
584 4873 688 4912 non
719 4857 886 4912 Deum
908 4871 1117 4921 verum,
1152 4855 1203 4909 id
1230 4863 1314 4910 est
1337 4857 1531 4909 anima':
1551 4855 1898 4925 corporisque

320 4947 595 5013 factorem,
627 4948 722 5003 sed
750 4956 1046 5002 creaturam
1077 4947 1320 5016 quamvis
1342 4961 1446 5000 non
1475 4945 1720 5000 vitiosam
1747 4945 1896 5012 colit,

321 5041 428 5094 sive
456 5040 543 5094 illa
569 5040 639 5094 sit
679 5039 878 5104 anima,
907 5039 1018 5093 sive
1062 5052 1256 5108 corpus
1275 5078 1292 5104 ,
1318 5037 1432 5094 sive
1457 5036 1635 5091 anima
1663 5035 1821 5091 simul
1847 5045 1902 5091 et

323 5145 530 5202 wrpus,
561 5131 643 5186 his
672 5141 859 5201 peccat
887 5131 939 5186 in
989 5131 1155 5186 Deum
1175 5173 1190 5198 ,
1218 5131 1358 5201 quod
1386 5139 1440 5186 ct
1485 5146 1581 5200 pro
1608 5131 1724 5201 ipso
1750 5129 1898 5196 colit,

324 5223 455 5294 quod
484 5240 590 5279 non
637 5233 720 5278 est
765 5225 910 5294 ipse;
939 5233 992 5278 ct
1019 5224 1216 5278 talibus
1254 5223 1412 5277 rebus
1452 5223 1612 5287 colit,
1659 5223 1902 5292 qualibus

321 5332 417 5372 nec
437 5317 550 5388 ipse
582 5317 840 5372 colendus
871 5326 970 5381 est,
1001 5332 1099 5371 nec
1142 5333 1246 5370 non
1279 5315 1412 5385 ipse.
1451 5315 1555 5371 Sed
1585 5316 1638 5369 hi
1668 5331 1901 5386 quonam

323 5407 500 5474 modo,
529 5409 583 5463 id
610 5419 692 5463 est
719 5425 880 5478 quam
911 5410 1135 5477 turpiter
1162 5407 1491 5478 nefarieque,
1522 5409 1815 5474 coluerint,
1851 5409 1902 5462 in

323 5511 570 5572 promptu
608 5510 712 5558 est.
749 5501 887 5570 Quid
929 5511 1104 5558 autem
1135 5502 1216 5556 vel
1262 5518 1396 5572 quos
1439 5503 1731 5569 coluerint,
1763 5511 1906 5556 esset

326 5594 647 5661 obscurum,
691 5596 793 5650 nisi
840 5611 1024 5650 eorum
1075 5606 1360 5651 testaretur
1403 5596 1654 5663 historia,
1700 5611 1762 5651 ea
1793 5597 1904 5666 ipsa

386 5732 402 5762 ι
439 5730 574 5780 \‘intl.
599 5738 701 5779 Am.
729 5739 781 5779 et
804 5731 985 5794 aliquot
1009 5738 1134 5790 5155.,
1161 5741 1408 5781 Humatis.
1433 5731 1522 5781 Sed
1547 5733 1712 5780 verius
1740 5733 1907 5781 caeteri

327 5789 450 5851 libri,
478 5793 789 5857 Euhcmerus.
823 5789 905 5857 ttie
928 5797 1053 5842 enim
1076 5795 1263 5857 scripsit
1295 5808 1476 5846 sacram
1506 5795 1764 5845 historiam.
1794 5793 1907 5843 \idc

329 5869 485 5916 supra,
507 5856 589 5906 lib.
621 5855 666 5915 6,
692 5869 797 5916 mp.
823 5855 869 5911 7,
889 5869 934 5904 ιι.
971 5857 1008 5904 l.

1666 393 1863 451 LIBER
1905 391 2260 450 SEPTIMUS.
2358 450 2360 452 ,

3481 386 3585 440 228

2009 523 2128 576 qua:
2156 506 2295 562 fteda
2320 514 2374 561 et
2399 504 2573 577 turpia
2602 504 2925 560 conﬁtentur
2945 501 3250 557 numinibus
3279 500 3587 556 terribiliter

2007 597 2340 668 exigentibus
2381 596 2606 652 reddita.
2639 596 2792 654 Unde
2840 597 3064 652 remotis
3100 602 3310 649 constat
3349 594 3586 663 ambagi-

2006 690 2140 756 bus,
2173 690 2404 745 nefarios
2451 691 2721 745 daemones
2762 700 2924 761 atque
2972 689 3426 744 immundissimos
3474 687 3584 757 spi-

2005 781 2140 835 ritus
2177 781 2274 836 hac
2311 781 2458 836 onmi
2499 781 2641 836 civili
2670 782 2934 852 theologia
2985 783 3037 836 in
3081 781 3317 836 visendis
3373 780 3584 834 stolidis

2006 871 2322 941 imaginibus
2343 913 2358 936 ,
2387 881 2439 924 et
2461 886 2557 940 per
2583 886 2674 926 eas
2711 872 3044 942 possidendis
3064 872 3223 927 etiam
3253 870 3430 926 stultis
3457 885 3582 925 cor«

2002 960 2180 1026 dibus,
2211 962 2458 1016 invitatos
2492 961 2592 1032 (τι).

2000 1074 2224 1131 CAPUT
2244 1075 2474 1129 XXVIII.
2494 1105 2566 1115 —
2581 1075 2727 1142 Quod
2741 1074 2968 1128 doctrina
2989 1072 3230 1128 Varronis
3249 1075 3312 1128 de
3329 1073 3582 1144 theologia

2376 1167 2428 1220 in
2455 1167 2597 1219 nulla
2621 1165 2714 1219 sibi
2745 1175 2890 1236 parte
2915 1165 3202 1218 concordet.
3243 1153 3256 1166 ’

2069 1297 2205 1365 Quid
2256 1299 2416 1368 igitur
2442 1299 2583 1354 valet
2606 1341 2621 1363 ,
2649 1299 2790 1370 quod
2817 1300 2900 1354 vir
2937 1299 3273 1354 doctissimus
3299 1308 3352 1354 et
3379 1301 3578 1354 aeutis-

2001 1390 2167 1445 simus
2192 1392 2360 1446 Varro
2383 1393 2526 1447 velut
2546 1394 2723 1448 subtili
2745 1393 3106 1463 disputatione
3127 1392 3223 1446 hos
3244 1408 3430 1446 omnes
3447 1392 3578 1446 deos

2001 1481 2053 1536 in
2082 1484 2275 1537 caelum
2302 1494 2356 1539 et
2394 1486 2446 1539 in
2476 1495 2670 1540 terram
2717 1485 2959 1554 redigere
2999 1499 3061 1538 ac
3089 1484 3288 1538 referre
3315 1484 3578 1536 conatur?

1999 1576 2112 1632 Non
2144 1581 2391 1646 potest‘:
2426 1577 2594 1631 ﬂuunt
2622 1577 2690 1631 de
2721 1559 2996 1644 manibus,
3027 1577 3300 1639 resiliunt,
3332 1574 3577 1628 labuntur

1996 1678 2053 1724 et
2079 1668 2350 1724 decidunt.
2382 1669 2627 1723 Dicturus
2654 1669 2794 1722 enim
2821 1669 2889 1722 de
2930 1667 3169 1732 feminis,
3201 1666 3302 1720 hoc
3338 1674 3420 1719 est
3445 1664 3575 1717 dea-

2000 1759 2099 1814 bns
2131 1778 2186 1814 τι
2226 1761 2508 1828 Quoniam,
2545 1779 2563 1813 ι
2598 1761 2784 1830 inquit,
2814 1777 2832 1809 ι
2865 1768 2920 1813 ιιι
2949 1760 2999 1811 ἱιι
3029 1759 3200 1828 primo
3229 1757 3362 1810 libro
3383 1755 3489 1808 dixi
3511 1754 3577 1808 de

2001 1849 2132 1904 locis
2157 1891 2173 1916 ,
2231 1850 2338 1904 duo
2377 1859 2501 1905 sunt
2542 1849 2799 1919 principia
2835 1848 3055 1903 deorum
3097 1845 3468 1899 animadversa
3507 1844 3576 1897 de

1997 1941 2136 1996 caelo
2161 1949 2215 1995 et
2241 1952 2414 2006 terra,
2443 1956 2473 1993 a
2515 1955 2622 2010 quo
2663 1939 2736 1994 dii
2779 1940 2967 2009 partim
2997 1938 3245 1992 dicuntur
3291 1937 3573 1999 caelestes,

2002 2034 2190 2104 partim
2253 2043 2578 2088 terrestres:
2640 2040 2697 2086 ut
2745 2032 2797 2085 in
2850 2030 3214 2100 superioribus
3253 2027 3458 2082 initium
3498 2025 3576 2080 fe-

1999 2125 2172 2178 cimus
2212 2124 2386 2188 caalo,
2434 2138 2554 2177 cum
2592 2121 2824 2176 diximus
2864 2120 2931 2174 de
2966 2120 3121 2185 Jano,
3149 2134 3304 2188 quem
3331 2117 3420 2170 alii
3459 2130 3574 2171 (εω-

1997 2215 2128 2282 Ιιιιιι,
2171 2215 2261 2270 alii
2337 2216 2586 2270 dixerunt
2631 2229 2752 2268 esse
2790 2213 3080 2277 mundum;
3131 2211 3209 2265 sic
3249 2210 3318 2266 de
3362 2209 3574 2264 feminis

1997 2307 2204 2362 initium
2267 2307 2536 2362 scribendi
2607 2305 2832 2360 facimus
2893 2320 2923 2359 a
2993 2304 3228 2358 Tellure.
3301 2321 3320 2354 ι
3389 2300 3576 2356 Sentio

1995 2410 2245 2468 quantam
2286 2398 2584 2452 molestiam
2629 2396 2733 2450 tale
2778 2411 2840 2450 ac
2887 2403 3086 2448 tantum
3141 2392 3379 2463 patiatur
3423 2391 3570 2460 inge-

2002 2492 2168 2546 nium.
2203 2491 2420 2545 Ducitur
2456 2491 2600 2545 enim
2627 2488 2855 2558 quadam
2892 2487 3100 2541 ratione
3128 2483 3432 2548 verisimili,
3461 2496 3575 2537 ca:-

1999 2585 2106 2638 lum
2148 2599 2268 2639 esse
2297 2582 2437 2653 quod
2476 2583 2653 2648 faciat,
2687 2591 2882 2636 terram
2910 2596 3028 2650 quae
3068 2579 3324 2648 patiatur;
3356 2585 3412 2630 et
3451 2575 3573 2630 ideo

2000 2676 2073 2729 illi
2105 2675 2454 2730 masculinam
2486 2673 2591 2727 vim
2623 2672 2826 2733 tribuit,
2860 2670 2983 2724 huic
3011 2668 3316 2723 femininam
3346 2684 3360 2720 :
3389 2675 3443 2720 et
3469 2679 3576 2718 non

1997 2766 2222 2821 attendit
2250 2781 2372 2820 eum
2397 2765 2573 2834 potius
2597 2779 2718 2819 esse
2741 2762 2830 2833 qui
2854 2762 2969 2816 lucc
2988 2760 3132 2825 facit,
3166 2759 3254 2828 qui
3286 2767 3574 2826 utrumque

1997 2856 2142 2912 fecit.
2189 2857 2324 2911 llinc
2356 2857 2517 2912 etiam
2567 2853 2972 2910 Samotbracum
3010 2850 3205 2906 nobilia
3246 2847 3495 2921 mysteria
3522 2847 3576 2902 in

1996 2950 2270 3020 superiore
2301 2947 2438 3002 libro
2481 2947 2559 3001 sic
2586 2945 2964 3014 interpretatur
2983 2984 2999 3009 ,
3029 2957 3198 3012 eaque
3238 2955 3298 2994 se
3331 2954 3449 3011 quae
3478 2952 3578 2992 nec

1997 3039 2108 3093 suis
2131 3046 2254 3092 nota
2267 3045 2390 3092 sunt
2410 3035 2692 3091 scribendo
2708 3035 3073 3106 expositurum
3089 3033 3272 3101 eisque
3289 3032 3577 3086 missurum

2002 3130 2151 3202 quasi
2182 3128 2587 3199 religiosissime
2616 3127 2898 3198 pollicetur
2937 3124 3034 3197 (ὑ).
3076 3124 3212 3178 Dicit
3235 3122 3377 3178 enim
3418 3136 3477 3176 se
3506 3119 3579 3176 ibi

2001 3224 2182 3277 multis
2231 3221 2439 3276 indiciis
2467 3220 2747 3290 collegisse
2787 3219 2838 3273 in
2867 3217 3169 3271 simulacris
3195 3214 3336 3270 aliud
3377 3213 3580 3284 signiﬁ-

1998 3327 2123 3368 care
2143 3311 2360 3376 coalum,
2383 3309 2525 3365 aliud
2545 3291 2767 3375 terram,
2788 3308 2930 3362 aliud
2951 3307 3196 3376 exempla
3218 3321 3420 3370 rerum,
3444 3318 3582 3373 quas

1997 3405 2149 3462 Plato
2188 3404 2422 3476 appellat
2467 3402 2654 3457 ideas:
2681 3399 2876 3456 coelum
2915 3399 3133 3464 Jovem,
3185 3406 3378 3451 terram
3405 3395 3577 3451 Juno-

1999 3512 2119 3552 nem
2141 3539 2156 3565 ,
2187 3496 2334 3551 ideas
2379 3493 2664 3549 Minervam
2693 3491 2808 3546 vult
2845 3489 3069 3560 intelligi
3113 3505 3127 3543 :
3171 3487 3366 3542 caelum
3402 3501 3433 3542 a
3470 3499 3580 3556 quo

1999 3591 2092 3644 liat
2119 3588 2336 3659 aliquid,
2371 3597 2568 3642 terram
2595 3585 2663 3642 de
2689 3599 2791 3656 qua
2816 3583 2928 3648 iiat,
2955 3581 3258 3652 exemplum
3285 3579 3579 3635 secundum

1999 3678 2142 3750 quod
2177 3677 2290 3733 ﬁat.
2319 3677 2433 3745 Qua
2459 3677 2512 3732 in
2543 3691 2604 3732 re
2643 3675 2834 3730 omitto
2861 3673 3070 3737 dicere,
3097 3671 3238 3741 quod
3272 3669 3423 3724 Plato
3460 3668 3580 3723 illas

2001 3771 2148 3828 ideas
2177 3779 2377 3826 tantam
2414 3770 2523 3824 vim
2552 3767 2751 3824 habere
2775 3766 2906 3822 dicit
2937 3764 3034 3834 (c),
3079 3774 3137 3818 ιιι
3171 3760 3460 3819 secundum
3487 3774 3584 3816 eas

1998 3879 2106 3919 non
2151 3863 2344 3919 cmlum
2399 3859 2602 3932 aliquid
2656 3858 2860 3926 fecerit,
2909 3855 3004 3912 sed
3053 3855 3214 3912 etiam
3261 3852 3456 3908 ctelum
3503 3850 3582 3905 fa-

1999 3964 2110 4010 tum
2154 3954 2242 4010 sit.
2292 3953 2406 4009 Hoc
2452 3951 2596 4018 dico,
2644 3950 2802 4005 istum
2846 3949 2900 4002 in
2949 3948 3052 4002 hoc
3077 3944 3213 4000 libro
3259 3943 3581 3999 selectorum

1999 4048 2258 4114 deorum,
2316 4044 2579 4112 rationem
2646 4041 2791 4097 illam
2849 4039 3006 4095 trium
3072 4037 3332 4102 deorum,
3389 4034 3581 4106 quibus

1999 4140 2152 4212 quasi
2217 4147 2409 4194 cuncta
2480 4135 2791 4205 complexus
2861 4141 2977 4197 cst,
3051 4129 3366 4200 perdidisse.
3433 4125 3584 4182 leo

1999 4233 2141 4286 enim
2185 4229 2368 4284 tribuit
2411 4226 2676 4281 masculos
2721 4223 2884 4287 deos,
2933 4220 3158 4277 feminas
3205 4228 3361 4274 terra:
3395 4233 3410 4271 :
3444 4217 3582 4272 inter

2000 4337 2134 4394 quas
2177 4320 2358 4390 posuit
2400 4317 2721 4381 Minervam,
2750 4328 2910 4385 quam
2958 4327 3118 4383 supra
3162 4311 3332 4382 ipsum
3384 4309 3582 4365 ccelum

1999 4426 2124 4470 ante
2169 4421 2439 4484 posuerat.
2487 4409 2690 4466 Deinde
2731 4405 3001 4462 masculus
3033 4405 3166 4460 deus
3202 4402 3479 4473 Neptunus
3527 4401 3581 4456 in

2001 4507 2134 4563 mari
2183 4517 2300 4572 est,
2332 4503 2474 4574 quod
2513 4502 2578 4558 ad
2626 4510 2822 4557 terram
2866 4499 3044 4570 potius
3082 4513 3238 4569 quam
3280 4495 3346 4550 ad
3387 4493 3582 4550 uelum

2002 4599 2249 4669 pertinet:
2285 4596 2529 4664 Dispater
2548 4595 2568 4623 ¹
2597 4600 2868 4662 postremo
2888 4632 2902 4656 ,
2926 4591 3014 4660 qui
3042 4604 3214 4658 graece
3244 4593 3459 4641 Πλοὺτων
3487 4585 3573 4640 di-

2002 4690 2142 4744 citur
2160 4729 2176 4754 ,
2203 4687 2364 4741 etiam
2393 4685 2507 4753 ipse
2531 4681 2801 4737 masculus
2825 4678 2989 4734 frater
3009 4678 3313 4744 amborum,
3341 4689 3585 4730 terrenus

2005 4782 2138 4837 deus
2163 4794 2284 4835 esse
2315 4775 2664 4848 perhibetur;
2693 4773 3025 4844 superiorem
3054 4781 3251 4827 terram
3282 4780 3501 4834 tenens,
3531 4769 3582 4822 in

2005 4871 2256 4927 inferiore
2281 4868 2486 4924 habens
2523 4865 2899 4935 Proserpinam
2947 4863 3251 4933 conjugem.
3303 4858 3584 4926 Quomodo

2005 4979 2136 5034 ergo
2163 4963 2294 5017 deos
2323 4962 2390 5016 ad
2416 4959 2609 5015 coelum
2627 5000 2641 5025 ,
2671 4957 2799 5013 deas
2828 4956 2893 5011 ad
2923 4965 3118 5011 terram
3159 4953 3359 5009 referre
3383 4965 3583 5005 conan-

2009 5055 2160 5110 tur“?
2179 5053 2316 5120 Quid
2361 5049 2612 5117 solidum,
2661 5048 2790 5121 quid
2839 5057 3112 5111 constans,
3152 5043 3278 5114 quid
3323 5041 3585 5109 sobrium,

2072 5167 2090 5198 ³
2117 5173 2180 5215 tta
2203 5166 2251 5214 in
2276 5173 2380 5214 Mss.
2406 5170 2459 5212 At
2481 5163 2531 5211 in
2555 5161 2698 5210 editis
2713 5172 2857 5222 prava
2879 5159 2957 5207 hic
2979 5155 3066 5222 fuit
3081 5155 3421 5216 interpunctio,
3441 5162 3590 5218 atque

2009 5228 2167 5278 addita
2184 5287 2187 5288 ν
2204 5225 2432 5288 particula
2467 5220 2734 5287 copulativa
2771 5225 2858 5281 sic,
2892 5233 2949 5269 ac
2973 5220 3154 5280 referre
3179 5221 3374 5266 conatur
3411 5224 3458 5267 et
3495 5229 3590 5268 non

2008 5287 2538 5353 ικπεδιγῖίμιιιιιηιωιυ..
2600 5349 2610 5353 _
2853 5349 2862 5353 _
3087 5338 3158 5353 λ’,

2073 5355 2092 5382 ¹
2129 5352 2292 5399 Plures
2305 5340 2630 5410 manuscripti,
2651 5345 2770 5395 Ditis
2784 5340 3337 5410 paterLAliil‘lziispath:

2010 5423 2171 5462 -—Ms.
2208 5413 2328 5472 766,
2370 5400 2630 5474 Diispat'erl
2693 5400 2800 5455 Mss.
2848 5405 2995 5465 2030,
3037 5403 3159 5454 2052
3184 5400 3245 5454 'et
3288 5402 3437 5463 2035,
3480 5400 3591 5452 Iis-

2031 5483 2166 5525 :aler.
2229 5481 2288 5525 ll.

2010 5491 2402 5590 Pa:e’édit?i'uid.
2423 5541 2475 5582 et
2493 5541 2591 5580 Am.
2612 5545 2625 5580 :
2653 5529 2890 5590 Quomodo
2911 5541 3026 5590 ergo
3047 5527 3162 5580 deos
3176 5527 3226 5578 in
3245 5530 3383 5585 cado,
3408 5525 3524 5590 deus
3539 5537 3590 5590 ut

2013 5586 2282 5651 ieiunae
2306 5595 2586 5660 perhibent,
2610 5586 2699 5660 qui"
2719 5605 2887 5642 rursus
2911 5586 3024 5643 deos
3043 5591 3108 5642 ad
3145 5596 3346 5652 terram,
3384 5587 3501 5639 deus
3523 5586 3589 5640 ad

2014 5665 2188 5712 artum
2215 5655 2399 5712 referre
2422 5662 2654 5705 conantur
2676 5655 2700 5706 .’

2078 5726 2150 5783 (It)
2173 5716 2301 5772 Conl'.
2325 5716 2606 5783 Epist._102,
2631 5730 2681 5767 tt.
2699 5717 2776 5783 20.

2081 5733 2127 5783 (It
2173 5733 2301 5772 Cum.
2325 5733 2471 5782 EptSt.
2503 5733 2606 5774 tuz,
2631 5733 2681 5767 ιι.
2699 5733 2776 5765 zu.

2081 5733 2154 5847 (ὦ
2177 5785 2276 5835 \id.
2293 5783 2383 5832 Jib.
2408 5783 2440 5830 5
2460 5780 2522 5827 de
2548 5783 2678 5841 ling.
2706 5779 2810 5847 liti”
2833 5780 2856 5842 §
2879 5780 2957 5831 38.

2081 5843 2146 5906 (ε)
2177 5854 2222 5898 ιιι
2245 5848 2417 5896 Tillle
2444 5851 2490 5893 ct
2516 5843 2813 5894 I'armeuidc.
2898 5897 2908 5907 ο

2452 6097 2486 6127 Ι
