4064 6494
495 391 599 448 219

500 506 624 573 quid
655 505 931 564 definitum
969 511 1126 568 habet
1160 514 1274 570 hmc
1304 517 1591 590 disputatio
1612 524 1637 576 ’ἒ
1669 526 1756 579 llla
1787 537 1963 582 autem
1991 539 2072 583 est

501 598 681 652 'l‘ellus
712 600 917 655 initium
961 603 1176 659 dearum
1200 648 1212 671 ,
1245 607 1412 664 Mater
1443 613 1645 669 scilicet
1685 633 1899 687 magna,
1933 620 2071 688 apud

497 705 654 758 quam
690 693 925 747 mollium
953 705 1006 749 et
1035 697 1364 754 abscisurum
1411 718 1634 775 seseque
1662 710 1952 764 secantium
1984 720 2066 764 at-

493 796 596 849 que
635 781 946 850 jactantium
999 786 1179 842 insana
1237 795 1523 863 perstrepit
1579 800 1896 867 turpitudo:
1941 802 2066 871 quid

494 881 575 924 est
596 887 724 940 ergo
741 876 882 942 quod
909 876 1104 932 dicitur
1123 892 1284 950 caput
1307 882 1528 940 deorum
1555 886 1738 954 Janus,
1765 899 1922 962 caput
1942 893 2067 947 dca-

497 976 613 1014 rum
645 963 860 1019 Tellus?
883 965 992 1022 Nec
1024 969 1093 1023 ibi
1125 971 1246 1026 facit
1273 989 1434 1028 unum
1465 989 1621 1047 caput
1646 996 1817 1048 error,
1853 999 1949 1038 nec
1977 985 2065 1039 hic

493 1065 680 1105 sanum
713 1052 860 1109 furor
889 1056 984 1127 (α).
1012 1058 1120 1114 Cur
1147 1061 1260 1116 haec
1289 1063 1486 1121 frustra
1513 1068 1711 1126 referre
1737 1072 1977 1129 nituntur
1996 1077 2061 1130 ad

491 1145 792 1201 mundum?
818 1149 967 1216 Quod
999 1154 1096 1206 etsi
1127 1168 1364 1223 possent,
1397 1174 1492 1228 pro
1519 1162 1626 1217 Deo
1654 1181 1782 1219 vero
1809 1169 2061 1223 mundum

493 1250 653 1290 nemo
707 1239 823 1308 pius
862 1244 1031 1298 colit‘
1077 1264 1090 1300 :
1133 1256 1186 1302 ct
1231 1258 1404 1306 tamen
1452 1269 1545 1309 eos
1588 1273 1685 1312 nec
1729 1258 1834 1314 hoc
1879 1276 2056 1330 posse,

491 1328 691 1385 veritas
717 1326 900 1401 aperta
930 1338 1214 1394 convincit.
1249 1341 1501 1401 Referant
1525 1349 1636 1402 haec
1665 1351 1841 1418 potius
1869 1354 1934 1408 ad
1965 1355 2061 1409 ho.

489 1419 662 1474 mines
690 1434 931 1480 mortuos
955 1470 970 1493 ,
1011 1439 1064 1484 et
1102 1432 1168 1486 ad
1199 1433 1467 1493 dzemones
1510 1443 1770 1509 pessimos
1791 1487 1807 1513 ,
1837 1456 1892 1502 et
1918 1449 2059 1504 nulla

487 1512 712 1578 quaastiu
740 1518 1056 1574 remanebit.

485 1620 713 1680 CAPUT
756 1627 949 1685 XXIX.
992 1662 1064 1673 —
1109 1634 1258 1702 Quod
1301 1641 1470 1696 omnia
1513 1659 1628 1714 qua
1666 1647 1951 1721 physiologi
1992 1653 2060 1706 ad

555 1719 799 1773 mundum
823 1734 1087 1794 partesque
1115 1729 1269 1798 ipsius
1289 1734 1587 1805 retulerunt,
1613 1739 1682 1792 ad
1710 1757 1867 1796 unum
1891 1760 2058 1799 verum

489 1874 494 1878 '
552 1805 718 1864 Deum
747 1814 933 1882 referre
958 1817 1235 1874 debuerint.

551 1919 790 1992 Namque
816 1928 990 1980 omnia
1019 1945 1136 1999 qum
1158 1933 1226 1989 ab
1241 1935 1318 1991 eis
1331 1951 1395 1992 ex
1420 1939 1641 1996 istorum
1655 1941 1876 2000 deorum
1900 1947 2053 2004 theo-

481 2007 620 2078 logia
641 2013 781 2066 velut
801 2014 1032 2085 physicis
1053 2022 1346 2080 rationibus
1362 2027 1667 2087 referuntur
1685 2034 1752 2088 ad
1772 2037 2050 2106 mundum,

477 2112 640 2166 quam
684 2104 800 2159 sine
849 2108 957 2162 ullo
1006 2114 1256 2183 scrupulo
1305 2120 1576 2192 sacrilegae
1628 2126 1894 2195 opinionis
1945 2131 2053 2185 Deo

478 2189 657 2255 potius
682 2209 829 2261 vero,
858 2199 947 2267 qui
976 2199 1102 2256 fecit
1129 2206 1406 2275 mundum,
1436 2189 1609 2268 omnis
1637 2217 1829 2271 animae
1856 2229 1910 2274 et
1938 2236 2053 2274 om-

482 2279 566 2335 nis
610 2287 850 2354 corporis
893 2291 1154 2349 conditori
1189 2298 1521 2371 tribuantur,
1564 2305 1905 2365 advertamus
1951 2311 2051 2368 hoc

475 2372 676 2426 modo:
711 2377 815 2432 Nos
850 2381 1013 2438 Deum
1055 2387 1301 2456 colimus,
1333 2408 1439 2448 non
1481 2397 1674 2453 caelum
1721 2411 1776 2456 et
1819 2411 2046 2474 terram,

471 2466 666 2536 quibus
711 2471 916 2529 duabus
958 2479 1195 2545 partibus
1236 2489 1465 2541 mundus
1511 2489 1597 2544 hic
1638 2503 1899 2550 constat:
1949 2466 2048 2554 nec

472 2560 704 2616 animam
731 2565 813 2618 vel
841 2568 1048 2626 animas
1069 2589 1164 2641 per
1179 2576 1404 2632 viventia
1426 2596 1774 2656 quaecumque
1795 2588 2042 2656 diffusas;

469 2651 565 2705 sed
594 2653 758 2709 Deum
799 2661 886 2728 qui
930 2661 1053 2717 fecit
1080 2669 1272 2723 cadum
1317 2680 1370 2725 et
1412 2681 1606 2729 terram
1636 2687 1690 2732 et
1718 2681 1894 2734 omnia
1927 2700 2044 2752 quae

469 2741 522 2795 in
566 2743 646 2798 eis
673 2756 840 2802 sunt:
889 2753 976 2818 qui
1018 2755 1143 2811 fecit
1179 2774 1390 2815 omnem
1435 2765 1702 2833 animam,
1752 2771 1864 2826 sive
1907 2789 2042 2842 quo-

470 2845 699 2903 cumque
736 2840 896 2894 modo
933 2844 1199 2902 viventem
1245 2859 1299 2904 et
1343 2867 1534 2910 sensus
1574 2871 1638 2911 ac
1675 2861 1899 2918 rationis
1951 2882 2043 2918 ex-

473 2931 712 2990 pertem,
771 2930 884 2985 sive
934 2935 1094 2990 etiam
1157 2942 1514 3014 sentientem,
1571 2948 1683 3010 sive
1746 2955 1904 3008 etiam
1961 2957 2043 3011 ἰη-

467 3013 812 3084 telligentem.

465 3147 690 3207 CAPUT
718 3153 888 3212 XXX.
914 3190 987 3200 —
1015 3161 1130 3229 Qua
1171 3165 1350 3236 pietate
1379 3171 1694 3230 discernatur
1725 3194 1758 3232 a
1794 3184 2038 3238 creaturis

533 3241 761 3316 Creator,
792 3266 854 3304 ne
880 3269 974 3323 pro
1000 3271 1102 3310 uno
1127 3267 1198 3312 tot
1228 3261 1300 3315 dii
1319 3264 1579 3336 colantur,
1601 3281 1724 3340 quot
1742 3283 1860 3328 sunt
1884 3291 2038 3346 opera

528 3336 680 3392 unius
705 3346 947 3399 auctoris.

529 3447 598 3503 Et
615 3449 726 3519 jam
747 3463 804 3508 ut
827 3454 1076 3528 incipiam
1100 3461 1188 3516 illa
1211 3465 1368 3520 unius
1394 3476 1448 3522 et
1467 3463 1699 3528 veri’Dei
1724 3490 1886 3545 opera
1912 3493 2035 3549 per-

456 3553 707 3606 currere,
753 3557 971 3617 propter
1015 3567 1134 3622 quae
1172 3554 1259 3609 isti
1305 3557 1407 3613 sibi
1450 3559 1576 3616 dum
1615 3566 1769 3633 quasi
1807 3566 2033 3626 honeste

457 3640 716 3688 conantur
751 3650 1084 3696 sacramenta
1115 3646 1419 3715 turpissima
1462 3660 1516 3706 et
1544 3655 1923 3713 scelestissima
1950 3661 2032 3716 in-

455 3725 771 3793 terpretari,
815 3727 946 3784 deos
992 3734 1189 3790 multos
1235 3736 1504 3812 falsosque
1547 3742 1836 3803 fecerunt:
1880 3749 2028 3806 illum

453 3810 620 3866 Deum
649 3816 895 3887 colimus,
923 3824 1012 3893 qui
1037 3828 1240 3883 naturis
1268 3845 1298 3884 a
1326 3847 1385 3885 se
1410 3837 1605 3890 creatis
1625 3847 1679 3892 et
1704 3840 2025 3898 subsistendi

451 3911 506 3956 et
530 3907 775 3961 movendi
803 3910 946 3965 initia
975 3914 1214 3987 ﬁnesque
1243 3924 1548 3990 constituit;
1578 3930 1668 3996 qui
1699 3945 1878 3986 rerum
1898 3948 2026 3988 cau-

394 4029 398 4032 »
450 4005 539 4046 sas
568 3992 756 4062 habet,
801 4003 946 4056 novit
985 4014 1142 4076 atque
1181 4008 1448 4079 disponit;
1477 4017 1568 4085 qui
1597 3992 1717 4072 vim
1763 4024 2024 4080 seminum

457 4084 724 4152 condidit;
755 4090 842 4157 qui
884 4094 1195 4150 rationalem
1237 4084 1660 4176 animam,quod
1687 4108 1883 4166 dicitur
1906 4117 2024 4168 aui-

459 4187 579 4227 mus
600 4177 642 4241 ’,
665 4177 855 4246 quibus
884 4184 1053 4240 voluit
1077 4189 1376 4248 viventibus
1397 4194 1617 4264 indidit;
1649 4202 1736 4269 qui
1761 4206 2026 4260 sermonis

449 4261 754 4322 facultatem
797 4285 1059 4343 usumque
1085 4276 1335 4348 donavit;
1367 4285 1456 4354 qui
1495 4261 1687 4344 munus
1725 4291 1898 4348 futura
1945 4297 2027 4349 di-

450 4354 638 4423 cendi,
684 4359 878 4428 quibus
908 4363 1107 4433 placuit
1155 4370 1430 4439 Spiritibus
1477 4376 1790 4449 impertivit,
1834 4393 1888 4438 et
1929 4401 2023 4454 per

446 4461 582 4516 quos
613 4447 786 4520 placet
813 4451 926 4522 ipse
956 4454 1130 4514 futura
1169 4463 1437 4532 praedicit,
1467 4478 1522 4524 et
1549 4447 1644 4539 per
1687 4447 1820 4543 quos
1849 4447 2024 4546 pla-cet

448 4540 616 4595 malas
684 4544 1017 4604 valetudines
1067 4553 1253 4622 pellit;
1323 4560 1415 4628 qui
1485 4540 1747 4620 bellorum
1810 4540 2022 4639 quoque

441 4628 717 4700 ipsorum,
745 4649 867 4691 cum
911 4641 989 4697 sic
1033 4646 1422 4706 emendandum
1457 4663 1510 4708 et
1548 4658 1913 4729 castigandum
1941 4673 2024 4720 cst

440 4738 611 4790 genus
639 4726 928 4787 humanum
949 4776 965 4800 ,
999 4740 1259 4808 exordiis,
1285 4750 1683 4817 progressibus,
1718 4754 2014 4828 liuibusque

442 4815 776 4886 moderatur;
799 4825 888 4894 qui
913 4825 1071 4896 hujus
1088 4834 1270 4888 mundi
1295 4836 1467 4905 ignem
1485 4842 2013 4904 vehementissimum

444 4917 496 4963 et
538 4911 979 4974 violentissimum
1025 4937 1121 4991 pro
1173 4924 1451 4985 immensae
1509 4945 1711 4991 naturze
1756 4947 2016 5010 tempera-

449 5011 627 5057 mento
655 5015 708 5060 et
735 5010 933 5064 creavit
957 5020 1012 5066 et
1039 5015 1208 5084 regit;
1240 5020 1329 5088 qui
1369 5024 1732 5082 universarum
1760 5046 2014 5101 aquarum

441 5105 653 5150 creator
687 5106 741 5152 et
780 5099 1104 5170 gubernator
1131 5118 1244 5174 est;
1269 5111 1356 5181 qui
1377 5115 1543 5170 solem
1599 5118 1724 5175 fecit
1766 5099 2016 5194 corpora-

442 5185 567 5238 lium
618 5188 971 5249 clarissimum
1021 5195 1314 5260 luminum.
1365 5204 1521 5274 eique
1574 5209 1680 5264 vim
1725 5227 2010 5284 congruam

438 5280 496 5328 ct
547 5285 752 5334 motum
793 5285 971 5352 dedit;
1015 5303 1103 5358 qut
1149 5291 1279 5362 ipsis
1326 5297 1488 5354 etiam
1532 5296 1716 5359 inferis
1767 5280 2011 5365 domina-

441 5365 641 5421 tionem
693 5385 841 5448 suam
870 5384 1296 5451 potestatemque
1335 5403 1440 5442 non
1470 5389 1761 5461 subtrahit;
1793 5398 1883 5468 qui
1921 5415 2010 5456 se-

502 5521 988 5606 :nsiqatﬁ‘atediti,
1013 5533 1151 5594 quasi
1171 5538 1316 5598 possit
1338 5553 1428 5603 pro
1457 5554 1570 5594 vero
1590 5553 1690 5598 Deo
1709 5550 1916 5603 mundus
1938 5553 2012 5606 vel

434 5592 554 5646 opus
575 5587 854 5646 pro-factore
876 5587 986 5641 coli.

479 5644 621 5740 ῖξδιξιίξ
899 5660 956 5740 εἰ
974 5662 1079 5706 MSS.
1103 5683 1164 5693 —
1184 5661 1256 5710 sic
1279 5665 1421 5713 etiam
1439 5670 1587 5718 nostri
1612 5678 1716 5722 Mss.
1741 5679 1789 5722 tn
1809 5680 1875 5738 8.,
1901 5689 2010 5740 qam

434 5702 614 5755 dicitur
630 5708 832 5762 annuus.
897 5719 955 5764 Μ.

497 5766 1012 5853 ςςξλξξζξζξείιξρίξξῇῃ
1037 5785 1154 5829 Jano
1177 5782 1392 5850 bicipite,
1417 5790 1553 5853 furor
1593 5802 1754 5847 autem
1779 5798 1823 5847 in
1845 5814 2006 5852 sacer-

433 5826 622 5882 dotibus
646 5831 824 5885 insanis
848 5840 1001 5888 Matris
1024 5826 1227 5904 magna:

1548 409 1634 464 Dii
1674 411 1989 468 CIVITATE
2030 413 2158 483 DEI,
2199 417 2254 474 S.
2297 425 2659 484 AUGUSTINI

3645 457 3748 512 22)

2179 535 2318 590 mina
2381 548 2435 594 et
2478 542 2726 600 alimenta
2769 552 3075 607 mortalium
3107 595 3122 622 ,
3169 558 3283 612 sive
3327 561 3476 618 arida
3528 568 3638 624 sive
3686 573 3750 627 li-

2176 626 2369 696 quida,
2421 635 2624 689 naturis
2669 644 3092 708 competentibus
3132 650 3384 705 attributa
3431 657 3738 730 substituit;

2173 719 2261 786 qui
2307 729 2500 777 terram
2533 725 2716 783 fundat
2738 731 2755 761 ¹
2782 742 2941 802 atque
2969 734 3244 806 fecundat;
3274 745 3361 812 qui
3402 745 3600 805 fructus
3624 719 3745 820 ejus

2171 810 2490 870 animalibus
2534 816 2944 894 hominibusque
2991 827 3239 899 largitur;
3276 810 3367 903 qui
3410 851 3598 896 causas
3639 860 3744 899 non

2171 901 2341 956 solum
2370 906 2712 978 principales,
2745 914 2839 968 sed
2877 918 3036 972 etiam
3067 901 3454 994 subsequieutes
3486 933 3628 989 novit
3657 948 3741 991 at-

2169 1011 2272 1064 que
2313 999 2553 1068 ordinat;
2586 1009 2676 1076 qui
2720 1009 2859 1065 lunte
2902 1016 3085 1070 statuit
3135 1028 3335 1075 motum
3382 1030 3622 1094 suum‘;
3655 1032 3744 1100 qui

2169 1086 2283 1141 vias
2313 1091 2558 1149 cmlestes
2585 1107 2744 1167 atque
2775 1109 3058 1160 terrestres
3093 1107 3328 1166 locorum
3360 1118 3744 1175 mutationibus

2169 1179 2399 1246 praebet;
2450 1185 2539 1252 qui
2585 1185 2829 1245 humanis
2866 1193 3116 1264 ingeniis,
3148 1214 3266 1268 qua:
3308 1206 3526 1271 creavit,
3578 1209 3742 1265 etiam

2166 1269 2414 1326 scientias
2449 1276 2640 1331 artium
2672 1281 2937 1338 variarum
2983 1287 3048 1340 ad
3079 1289 3430 1358 adjuvandam
3457 1297 3616 1352 vitam
3644 1316 3743 1354 na-

2169 1371 2444 1434 turamque
2473 1373 2769 1439 concessit;
2801 1375 2891 1444 qui
2921 1378 3350 1448 conjunctionem
3376 1388 3539 1442 maris
3566 1399 3622 1444 et
3651 1391 3735 1446 fe-

2164 1455 2319 1508 minae
2351 1457 2416 1511 ad
2443 1460 2762 1527 adjutorium
2788 1471 3142 1537 propaganda:
3169 1474 3332 1541 prolis
3361 1476 3619 1543 instituit;
3646 1483 3738 1550 qui

2164 1543 2438 1601 hominum
2468 1553 2724 1618 coetibus,
2757 1572 2916 1625 quem
2948 1558 3080 1615 locis
3109 1569 3162 1616 ct
3191 1563 3481 1620 luminibus
3512 1568 3738 1625 adhibe-
3821 1605 3828 1610 ι

2161 1646 2300 1701 rent,
2329 1639 2394 1693 ad
2418 1638 2700 1699 facillimos
2727 1662 2853 1702 usus
2877 1665 3072 1706 munus
3099 1654 3296 1708 terreni
3327 1657 3461 1726 ignis
3490 1657 3736 1715 indulsit.

2161 1724 2264 1780 ista
2309 1737 2431 1784 sunt
2474 1743 2637 1796 certe,
2669 1751 2789 1804 qua:
2826 1737 2929 1792 diis
2952 1740 3193 1808 selectis,
3235 1724 3555 1813 perﬁnescio
3602 1766 3739 1819 quas

2158 1816 2405 1888 physicas
2443 1821 2910 1892 interpretationes
2935 1831 3014 1884 vir
3041 1833 3380 1890 acutissimus
3417 1847 3578 1907 atque
3601 1841 3739 1894 doc-

2159 1908 2396 1964 tissimus
2428 1911 2593 1968 Varro
2613 1955 2626 1979 ,
2654 1916 2766 1971 sive
2790 1934 2907 1987 qua:
2931 1921 3146 1977 aliunde
3195 1927 3434 1995 accepit,
3478 1929 3590 1985 sive
3614 1946 3740 2000 qua:

2157 1999 2270 2068 ipse
2313 2002 2576 2073 conjecit,
2621 2007 2938 2066 distribuere
2996 2013 3274 2070 laboravit.
3333 2016 3548 2091 [XXX.]
3597 1999 3736 2076 lla-c

2155 2099 2332 2146 autem
2384 2093 2509 2149 facit
2560 2107 2718 2166 atque
2771 2103 2878 2170 agit
2918 2119 3052 2158 unus
3082 2121 3240 2161 verus
3272 2108 3442 2174 Deus;
3475 2111 3568 2166 sed
3595 2123 3740 2168 suout.

2154 2182 2315 2249 Deus,
2335 2185 2384 2240 id
2409 2197 2492 2241 est
2512 2189 2706 2260 ubique
2728 2201 2868 2249 totus
2888 2195 2927 2258 ³,
2946 2197 3103 2253 nullis
3129 2199 3366 2254 inclusus
3389 2202 3542 2267 locis,
3569 2206 3736 2262 nulhs

2152 2276 2376 2333 vinculis
2401 2280 2646 2350 alligatus
2667 2325 2684 2350 ,
2712 2285 2764 2339 in
2791 2287 2964 2342 nullas
2988 2302 3167 2357 partes
3210 2293 3410 2348 sectilis
3428 2336 3444 2358 ,
3473 2311 3538 2350 ex
3581 2298 3730 2352 nulla

2152 2377 2300 2438 parte
2327 2372 2631 2438 mutabilis,
2664 2376 2889 2445 impleas
2917 2381 3110 2435 cmlutn
3139 2392 3194 2437 et
3223 2393 3418 2440 terram
3451 2398 3720 2455 praesente

2150 2461 2400 2528 potentia,
2434 2479 2537 2516 non
2566 2464 2870 2536 indigente‘
2897 2481 3104 2526 natura.
3156 2473 3242 2528 Sic
3272 2475 3450 2546 itaque
3494 2478 3729 2532 admini—

2147 2559 2280 2604 strat
2305 2553 2480 2608 omnia
2505 2570 2623 2624 qua:
2649 2559 2868 2625 creavit,
2887 2570 2943 2614 ut
2973 2563 3130 2616 etiam
3161 2565 3282 2632 ipsa.
3297 2568 3541 2635 proprios
3566 2585 3728 2625 exer-

2147 2654 2271 2694 cere
2302 2641 2322 2672 ⁸
2349 2652 2402 2694 et
2423 2658 2580 2712 agere
2611 2656 2784 2702 motus
2816 2649 2954 2703 sinat
2979 2649 3076 2722 (α).
3105 2652 3357 2720 Quamvis
3400 2657 3542 2712 enim
3589 2661 3728 2715 nihil

2143 2746 2262 2786 esse
2287 2735 2490 2801 possint
2517 2737 2631 2792 sine
2654 2737 2784 2806 ipso,
2821 2756 2923 2794 non
2951 2751 3076 2796 sunt
3102 2745 3242 2812 quod
3275 2746 3386 2814 ipse
3415 2748 3455 2802 ⁸.
3482 2750 3724 2817 Agitan-

2147 2830 2248 2873 tcm
2279 2824 2442 2877 multa
2471 2827 2628 2880 etiam
2663 2843 2756 2896 per
2782 2829 3012 2900 Angelos
3049 2849 3062 2885 :
3095 2834 3188 2888 sed
3241 2851 3348 2890 non
3404 2837 3505 2892 nisi
3553 2854 3619 2894 ex
3663 2856 3728 2895 se

2145 2911 2257 2980 ipso
2288 2913 2552 2970 beatiticat
2580 2919 2832 2988 Angelos.
2865 2921 2938 2976 lla
2972 2924 3214 2991 quamvis
3248 2937 3470 2996 prepter
3513 2930 3727 2998 aliquas

2141 3016 2327 3057 causas
2358 3005 2660 3062 hominibus
2687 3011 2916 3080 Angelos
2947 3015 3121 3068 mittat
3148 3032 3160 3066 :
3190 3031 3295 3069 non
3322 3027 3494 3072 tamen
3519 3034 3588 3074 ex
3614 3022 3725 3074 Au-

2139 3097 2272 3164 gz'lis
2297 3096 2540 3154 homines
2562 3141 2578 3167 ,
2607 3103 2698 3156 sed
2731 3120 2797 3158 ex
2830 3120 2888 3159 se
2915 3105 3032 3174 ipso
3055 3148 3069 3170 ,
3099 3108 3238 3162 sicut
3265 3110 3523 3180 Angelos,
3548 3113 3711 3168 beati-

2140 3189 2280 3242 ticat.
2334 3191 2416 3245 Ab
2458 3192 2559 3248 hoc
2609 3209 2714 3249 uno
2759 3207 2814 3250 et
2869 3213 2995 3252 vero
3052 3199 3164 3255 Deo
3218 3201 3380 3257 vitam
3435 3217 3726 3273 speramus

2138 3289 2415 3336 atternam.

2135 3391 2360 3448 CAPUT
2411 3394 2603 3450 XXXI.
2656 3427 2727 3438 —
2781 3399 2973 3465 Quibus
3025 3404 3227 3473 proprie
3277 3405 3529 3473 beneﬁciis
3579 3407 3713 3475 Dei,

2205 3493 2410 3554 excepta
2431 3488 2654 3556 generali
2680 3490 2928 3560 largitate,
2954 3503 3219 3550 sectatores
3237 3499 3455 3552 veritatis
3483 3509 3713 3555 utantur.

2204 3591 2473 3651 Habemus
2495 3599 2634 3653 enim
2670 3601 2736 3655 ab
2766 3601 2856 3656 illo
2877 3645 2890 3670 ,
2921 3614 3115 3673 praeter
3142 3606 3505 3676 hujuscemodi
3547 3611 3715 3666 bene-

2134 3685 2252 3741 tlcia
2277 3729 2290 3750 ,
2321 3703 2438 3758 qua:
2464 3706 2530 3744 ex
2567 3693 2698 3758 hac,
2735 3694 2800 3748 de
2820 3710 2922 3764 qua
2953 3699 3202 3751 nonnulla
3229 3697 3458 3756 diximus
3481 3744 3494 3765 ,
3535 3702 3712 3757 admi-

2133 3777 2446 3834 nistratione
2471 3789 2672 3836 natum
2702 3783 2855 3838 bonis
2882 3786 3140 3856 malisque
3169 3789 3404 3859 largitur,
3454 3807 3703 3861 magnum

2129 3878 2184 3923 et
2235 3870 2491 3925 bonorum
2525 3874 2792 3943 proprium
2840 3892 3042 3947 magna:
3088 3875 3398 3935 dilectionis
3433 3883 3722 3942 indicium.

2128 3960 2436 4033 Quanquam
2467 3965 2608 4018 euim
2629 4007 2644 4031 ,
2677 3967 2815 4036 quod
2845 3983 3026 4023 sumus
3047 4011 3064 4037 ,
3090 3971 3231 4040 quod
3269 3973 3496 4027 vivimus
3521 4015 3536 4040 ,
3564 3976 3706 4047 quod

2128 4051 2321 4105 caelum
2352 4061 2650 4124 terramque
2672 4058 3027 4127 conspicimus
3051 4101 3066 4126 ,
3094 4061 3234 4131 quod
3262 4061 3518 4119 habemus
3547 4080 3707 4121 men-

2129 4149 2233 4196 tem
2261 4152 2420 4212 atque
2447 4145 2704 4200 rationem
2722 4189 2736 4213 ,
2765 4163 2866 4219 qua
2899 4165 3018 4203 eum
3041 4150 3210 4220 ipsum
3232 4194 3247 4218 ,
3273 4155 3361 4222 qui
3389 4153 3500 4209 haec
3525 4159 3704 4211 omnia

2126 4231 2393 4299 condidit,
2422 4234 2783 4303 inquiramus,
2839 4253 3167 4310 nequaquam
3208 4244 3480 4300 valeamus
3507 4247 3713 4302 actioni-

2125 4321 2370 4378 sufticere
2408 4327 2694 4395 gratiarum
2728 4347 2742 4384 :
2774 4337 2948 4384 tamen
2975 4332 3114 4402 quod
3142 4349 3239 4390 nos
3265 4346 3511 4392 oneratos
3532 4337 3702 4393 obru-

2125 4419 2313 4482 tosque
2334 4417 2565 4483 peccatis
2584 4458 2598 4482 ,
2645 4425 2698 4472 et
2722 4433 2751 4472 a
2778 4422 3224 4491 contemplatione
3245 4439 3354 4478 suae
3384 4427 3516 4482 lucis
3543 4443 3702 4483 aver-

2124 4514 2248 4566 sos,
2299 4517 2361 4558 ac
2415 4507 2785 4576 tenebrarum,
2823 4509 2873 4564 id
2903 4519 2986 4564 est
3036 4512 3368 4582 iniquitatis,
3418 4516 3704 4575 dilectione

2123 4601 2348 4647 czrcatos
2372 4633 2387 4656 ,
2419 4610 2526 4649 non
2550 4598 2765 4653 omnino
2795 4599 3061 4669 deseruit,
3090 4604 3337 4675 misitque
3367 4607 3518 4662 nobis
3570 4609 3705 4665 Ver»

2121 4683 2245 4738 bum
2268 4700 2419 4741 suum
2440 4729 2453 4753 ,
2489 4689 2574 4757 qui
2600 4697 2682 4744 est
2701 4691 2818 4761 ejus
2843 4693 3030 4748 unicus
3057 4694 3219 4751 Filius
3244 4739 3259 4764 ,
3291 4713 3398 4768 quo
3424 4715 3518 4769 pro
3541 4701 3708 4756 nobis

2121 4785 2388 4847 assumpta
2416 4793 2578 4834 carne
2623 4790 2747 4836 nato
2774 4791 2933 4853 atque
2977 4801 3134 4854 passo
3160 4829 3175 4853 ,
3207 4790 3388 4857 quanti
3421 4792 3560 4845 Deus
3604 4791 3700 4845 ho-

2121 4868 2318 4923 minem
2369 4871 2626 4940 pcnderet
2661 4889 3044 4942 nosceremus,
3094 4887 3252 4948 atque
3292 4881 3382 4936 illo
3429 4884 3696 4938 sacrificio

2119 4957 2428 5028 singularia
2458 4963 2688 5030 peccatis
2735 4965 2980 5020 omnibus
3022 4969 3423 5038 mundaremur,
3470 4972 3704 5043 ejusque

2119 5048 2317 5116 Spiritu
2345 5051 2395 5104 in
2417 5051 2666 5108 cordibus
2700 5057 2898 5110 nostris
2918 5056 3201 5115 dilectione
3217 5060 3428 5128 dill‘usa,
3449 5065 3701 5118 omnibus

2119 5137 2519 5198 difﬁcultatibus
2549 5147 2811 5214 superatis
2837 5147 2891 5201 in
2916 5157 3168 5205 aeternam
3213 5155 3449 5224 requiem
3476 5164 3528 5210 et
3562 5171 3664 5210 con
3683 5187 3698 5198 -

2180 5253 2198 5325 ξ
2233 5260 2434 5325 δῖα-ΕΓ.
2455 5262 2506 5306 et
2528 5263 2658 5317 t.ov.,
2683 5258 2915 5325 fundauit.
2942 5263 3078 5314 Vind.
3104 5271 3154 5314 et
3178 5271 3305 5325 Mssa
3333 5267 3531 5325 ﬁmdat.

2178 5315 2198 5345 ³
2221 5315 2368 5386 .Vind.
2397 5327 2494 5366 am.
2531 5326 2581 5388 et
2616 5315 2781 5388 probae
2804 5330 2931 5388 nota;
2952 5328 3274 5388 titatmscripti,
3292 5315 3610 5379 'n'torlnntﬂsm
3627 5344 3696 5380 m.

2113 5376 2430 5445 T—Sieetiam
2459 5376 2654 5445 codices
2683 5382 2792 5445 766,
2817 5383 2937 5433 22032
2969 5394 3022 5437 et
3055 5376 3274 5438 animati
3307 5396 3389 5438 us.
3415 5376 3699 5444 sustam-'4

2113 5435 2206 5523 1'0:
2229 5435 2792 5523 Β¹ξῐζτὲδθίέ⁵3ηίὶ¹¹¹¹ξνῑ¹1¹¹οί
2827 5453 2938 5523 ἐξ.-
2987 5435 3092 5523 j..f
3183 5516 3240 5523 _.
3345 5519 3370 5523 _
3453 5513 3463 5523 .

2176 5500 2197 5531 ³
2228 5500 2345 5571 aliti
2369 5503 2497 5575 :._Sed
2520 5501 2642 5552 sicut
2665 5503 2795 5555 idem
2817 5514 2958 5566 Deus,
2983 5507 3155 5573 ubique
3177 5516 3317 5560 totus.
3339 5513 3646 5575 Corriguntur
3672 5532 3696 5561 ει

2111 5563 2464 5612 manuscrintis.

2271 5575 2279 5583 .
2408 5577 2415 5606 ἲ
2449 5598 2464 5612 .

2175 5575 2478 5706 inﬁgi-Fit;
2493 5626 2698 5676 absente.
2718 5633 2772 5676 At
2795 5641 2965 5678 omnes
2987 5634 3312 5704 manuscripti.
3325 5633 3693 5706 noniindigeutc.

2176 5683 2197 5747 ξ
2233 5682 2458 5747 Plerique
2486 5695 2611 5746 Mss.,
2636 5701 2877 5740 exserere.
2901 5720 2961 5729 —-—
2983 5695 3056 5741 Sic
3081 5682 3521 5747 etiaitt'uostrirals's.
3537 5682 3561 5700 ”
3588 5707 3644 5746 Μ.

2177 5743 2311 5822 “Istc.
2331 5743 2437 5796 MSS.
2464 5743 2670 5822 Alt-Editi,
2696 5749 2816 5801 nihil
2839 5765 2940 5803 esse
2964 5755 3109 5816 possit
3133 5757 3233 5808 sine
3255 5743 3521 5822 spinter?
3538 5743 3694 5809 tuun-u

2112 5811 2219 5855 sunt
2244 5803 2341 5855 ulla
2363 5809 2491 5915 quod
2513 5808 2630 5871 ipse.

2179 5867 2249 5915 (rt)
2273 5874 2366 5915 (Ion
2391 5905 2403 5915 .
2431 5870 2514 5915 lib.
2539 5872 2630 5915 Scr

2179 5867 2249 5930 (rt)
2273 5867 2403 5920 conf.
2431 5870 2514 5922 lib.
2532 5867 2570 5922 ’5
2585 5880 2713 5923 cont.
2741 5874 2928 5937 Juliau.,
2957 5889 3006 5927 ιι.
3026 5878 3082 5934 51
