4064 6476
271 381 362 436 εει

193 557 196 560 ,
279 489 638 562 tetnplatiouis
687 491 806 562 ejus
831 487 1148 546 ineffabilem
1175 484 1508 542 dulcedinem
1535 483 1857 544 veniremus,

283 603 397 656 quas
422 581 614 646 corda,
645 593 780 651 quot
809 581 998 650 linguai
1027 579 1092 634 ad
1117 577 1349 649 agendas
1393 576 1442 630 ei
1488 573 1685 644 gratias
1737 570 1865 626 satis

285 690 402 728 esse
429 671 846 728 contenderim?

287 805 508 861 (ZAI’UT
539 803 764 858 XXXII.
793 833 866 844 —
910 801 1058 870 Quod
1092 809 1458 856 sacramentum
1509 793 1867 865 redemptionis

357 895 544 950 Christi
569 895 728 948 nullis
749 903 882 948 retro
905 891 1204 962 temporibus
1230 888 1473 961 defuerit,
1501 901 1788 957 semperque
1807 883 1868 937 sit

357 988 568 1042 diuersis
595 985 1049 1057 significationibus
1081 981 1430 1054 praedicatum.

363 1121 476 1176 Hoc
499 1121 815 1194 mysterium
841 1119 962 1173 vitae
997 1125 1208 1172 aeterna:
1245 1115 1358 1186 jam
1393 1113 1514 1168 inde
1540 1111 1608 1166 ab
1649 1108 1874 1166 exordio

295 1213 503 1279 generis
531 1211 748 1264 humani
775 1225 872 1280 per
894 1207 1132 1279 quaedam
1155 1207 1301 1276 signa
1323 1215 1376 1261 et
1395 1209 1724 1260 sacramenta
1743 1209 1872 1254 tem-

299 1302 516 1370 poribus
541 1315 776 1372 congrua
793 1341 808 1368 ,
837 1299 1026 1369 quibus
1054 1297 1322 1368 oportuit,
1347 1311 1440 1364 per
1481 1293 1712 1363 Angelos
1739 1306 1875 1360 pra:-

298 1393 528 1448 dicatum
555 1403 642 1448 est
675 1395 774 1463 (a).
803 1389 1002 1446 Deinde
1047 1391 1274 1461 populus
1323 1389 1577 1444 Hebraeus
1621 1386 1672 1440 in
1718 1399 1874 1438 uuam

300 1486 584 1554 quamdam
617 1485 1021 1555 rempublicam,
1053 1499 1172 1553 quae
1203 1481 1304 1536 hoc
1333 1487 1722 1536 sacramentum
1753 1490 1878 1544 age-

227 1612 236 1618 ν
303 1587 384 1630 ret
405 1617 418 1638 ,
449 1586 802 1646 congregatus
829 1585 910 1630 est
937 1591 952 1640 ;
995 1574 1080 1628 ubi
1111 1589 1204 1643 per
1230 1571 1486 1643 quosdam
1513 1569 1762 1632 scientes,
1787 1581 1881 1636 per

301 1667 556 1736 quosdam
589 1667 888 1722 nescientes
907 1709 924 1732 ,
957 1665 1008 1720 id
1036 1665 1176 1736 quod
1207 1679 1274 1718 ex
1297 1663 1526 1718 adventu
1566 1657 1760 1714 Christi
1791 1671 1880 1710 us-

303 1773 404 1829 que
445 1774 590 1814 nunc
631 1767 686 1814 et
729 1759 984 1828 deinceps
1023 1757 1226 1828 agitur,
1274 1754 1718 1825 praenuntiarctur
1761 1763 1882 1804 esse

303 1860 586 1906 venturum
621 1869 636 1906 :
681 1865 868 1921 sparsa
891 1852 1050 1907 etiam
1097 1857 1281 1919 postea
1327 1847 1512 1904 eadem
1539 1854 1698 1916 gente
1727 1845 1744 1876 ¹
1787 1857 1882 1913 per

303 1952 488 2006 gentes
525 1953 750 2012 pr0pter
790 1942 1150 1998 testimonium
1199 1941 1594 2012 Scripturarum
1619 1979 1636 2005 ,
1691 1936 1884 2006 quibus

305 2043 498 2088 acterna
529 2035 676 2090 salus
711 2035 760 2088 in
785 2033 998 2090 Christo
1039 2035 1209 2088 futura
1259 2031 1508 2102 prtcdicta
1533 2037 1634 2085 est.
1686 2027 1885 2082 Omnes

305 2126 446 2178 enim
483 2142 590 2180 non
620 2125 790 2180 solum
823 2126 1110 2194 pr0pheti:e
1129 2165 1144 2190 ,
1168 2141 1286 2195 qua:
1317 2125 1368 2178 in
1397 2123 1576 2180 verbis
1601 2129 1722 2176 sunt
1747 2137 1760 2183 ;
1787 2134 1886 2174 nec

309 2225 512 2270 tantum
543 2223 806 2286 przccepta
829 2215 948 2270 vitae
971 2257 986 2281 ,
1031 2230 1150 2285 quas
1171 2227 1345 2270 mores
1375 2214 1730 2284 pietatemque
1755 2225 1884 2264 con-

309 2307 622 2374 formant’,
667 2317 830 2378 atque
879 2307 982 2364 illis
1037 2307 1230 2364 litteris
1269 2306 1644 2368 continentur;
1701 2317 1884 2358 verum

311 2403 468 2456 etiam
519 2417 670 2456 sacra
692 2444 708 2469 ,
739 2402 1032 2458 sacerdotia
1051 2445 1068 2470 ,
1114 2403 1542 2467 tabernaculum,
1583 2401 1702 2456 sive
1755 2409 1888 2454 tem-

311 2493 452 2560 plum
471 2535 488 2557 ,
519 2492 708 2547 altaria
733 2535 746 2556 ,
769 2493 1022 2549 sacriﬁcia
1042 2535 1058 2561 ,
1107 2493 1411 2548 cerimonias
1439 2535 1456 2560 ,
1513 2492 1627 2547 dies
1657 2490 1804 2556 festi,
1835 2499 1889 2544 et

311 2583 568 2653 quidquid
597 2584 742 2638 aliud
773 2584 838 2640 ad
865 2600 982 2639 eam
1021 2585 1326 2640 servitutem
1357 2583 1604 2654 pertinet,
1639 2597 1756 2654 qum
1781 2582 1890 2636 Deo

311 2675 568 2741 debetur,
609 2684 665 2732 et
708 2692 884 2747 graece
907 2679 1116 2748 proprie
1161 2683 1352 2750 λατρεία
1377 2677 1603 2747 dicitur,
1634 2692 1696 2734 ea
1723 2677 1889 2748 signi-

314 2766 603 2822 ﬁcaverunt
624 2777 678 2820 et
695 2769 1176 2836 prmmmtiaveruut
1191 2767 1211 2800 ³
1237 2783 1376 2840 (μην,
1399 2779 1618 2840 propter
1637 2777 1888 2824 aeternam

315 2860 474 2916 vitam
523 2861 760 2916 ﬁdelium
805 2863 856 2917 in
895 2863 1108 2918 Christo
1143 2871 1197 2918 et
1229 2863 1444 2933 impleta
1487 2863 1790 2926 credimus,
1837 2869 1894 2916 et

315 2953 519 3023 impleri
548 2955 846 3020 cernimus,
876 2963 932 3012 et
955 2955 1222 3025 implenda
1253 2954 1570 3010 conﬁdimus
1597 2952 1692 3025 (ὁ).

315 3085 540 3143 CAPUT
565 3087 806 3144 XXXIII.
833 3089 1056 3156 —Quod
1084 3108 1172 3160 per
1195 3092 1354 3146 solam
1401 3091 1728 3146 christianum
1769 3089 1893 3143 reli-

385 3180 586 3250 gionrm
615 3181 930 3248 manifestari
973 3185 1188 3252 potuerit
1213 3184 1418 3252 fallacia
1443 3183 1716 3252 spirituum
1741 3182 1894 3236 ntali-

383 3285 600 3338 gnorum
617 3310 634 3337 ,
667 3269 732 3322 de
758 3269 1017 3324 hominum
1043 3288 1210 3326 errore
1235 3273 1575 3344 gaudentium.

385 3381 492 3437 Per
514 3381 655 3436 hanc
682 3397 812 3452 ergo
847 3383 1158 3454 religionent
1201 3399 1361 3440 unam
1407 3393 1462 3438 et
1511 3399 1686 3440 veram
1730 3383 1897 3452 potuit

319 3472 510 3540 aperiri
531 3514 546 3536 ,
565 3471 700 3526 deos
717 3471 966 3528 Gentium
989 3489 1106 3530 esse
1131 3473 1582 3530 immundissimos
1601 3475 1892 3540 daemones,

319 3561 420 3615 sub
446 3561 818 3616 defuncturum
845 3563 1212 3618 occasionibus
1239 3565 1530 3618 animarum
1574 3564 1656 3618 vel
1684 3571 1895 3620 creatu-

319 3668 496 3706 rarum
513 3651 690 3721 specie
707 3652 1089 3708 mundanarum
1106 3653 1234 3710 deos
1263 3668 1322 3709 se
1343 3655 1512 3724 putari
1529 3655 1820 3723 cupientes,
1845 3660 1894 3708 et

319 3745 468 3814 quasi
497 3743 696 3800 divinis
723 3744 1011 3800 honoribus
1037 3746 1345 3814 eisdemque
1389 3747 1628 3802 scelestis
1649 3760 1710 3800 ac
1732 3745 1898 3814 turpi-

323 3833 422 3887 bus
451 3834 611 3888 rebus
637 3835 868 3904 superba
897 3836 1200 3904 impuritate
1235 3835 1476 3890 laetantes
1495 3877 1510 3902 ,
1539 3815 1699 3906 atque
1723 3837 1787 3889 ad
1811 3853 1900 3890 vc-

321 3939 440 3976 rum
473 3923 640 3978 Deum
666 3924 1068 3979 conversionem
1099 3925 1342 3980 humanis
1364 3925 1556 3980 animis
1579 3925 1895 3980 invidentes.

323 4014 402 4066 l-Ix
447 4029 673 4082 quorum
717 4013 1102 4070 immanissima
1146 4025 1199 4070 et
1245 4016 1558 4085 impiissimo
1625 4016 1898 4072 dominatu

323 4105 482 4157 homo
511 4104 783 4170 liberatur,
830 4120 950 4160 cum
978 4107 1148 4162 credit
1191 4107 1244 4162 in
1283 4123 1404 4162 cum
1447 4107 1536 4178 qui
1569 4109 1794 4179 prtebuit
1833 4109 1900 4164 ad

322 4195 712 4264 exsurgendum
745 4205 901 4250 tantae
933 4195 1242 4251 humilitatis
1261 4199 1580 4268 excinplum,
1608 4209 1802 4270 quanta
1825 4199 1901 4254 illi

323 4285 570 4354 superbia
587 4285 912 4340 ceciderunt.
931 4287 1064 4341 l-linc
1075 4296 1316 4344 suntnou
1333 4289 1504 4343 solum
1523 4289 1617 4352 illi.
1631 4291 1698 4346 de
1709 4291 1901 4360 quibus

325 4375 486 4429 multa
501 4375 612 4444 jam
630 4375 882 4442 diximus,
897 4389 952 4433 et
974 4379 1061 4432 alii
1083 4387 1240 4449 atque
1263 4380 1352 4434 alii
1369 4381 1572 4436 similes
1587 4391 1900 4439 ca'terarum

321 4466 556 4533 gentium
586 4477 747 4537 atque
768 4476 1048 4532 terrarum;
1071 4467 1164 4522 scd
1181 4469 1338 4523 etiam
1361 4469 1412 4523 hi
1430 4511 1444 4534 ,
1469 4469 1535 4525 de
1555 4469 1742 4540 quibus
1761 4487 1902 4528 nunc

321 4556 560 4625 agimus,
591 4565 836 4628 tanquam
885 4557 939 4612 in
987 4569 1226 4614 senatum
1287 4559 1504 4616 deorum
1561 4555 1775 4628 selecti;
1805 4565 1898 4620 sed

325 4647 480 4714 plane
505 4647 686 4702 selecti
715 4647 990 4704 nobilitate
1013 4651 1292 4706 criminum
1317 4692 1332 4716 ,
1363 4667 1466 4707 non
1510 4652 1763 4724 dignitate
1791 4656 1900 4711 vir-

325 4745 516 4790 tutum.
547 4738 782 4805 Quorum
813 4747 964 4796 saera
990 4740 1158 4797 Varro
1207 4743 1330 4798 dum
1359 4745 1508 4814 quasi
1539 4745 1604 4799 ad
1635 4747 1903 4804 naturales

325 4831 568 4885 rationes
587 4829 792 4888 referre
819 4843 1061 4900 conatur,
1099 4849 1342 4904 quaerens
1369 4835 1649 4892 honestare
1676 4853 1761 4892 res
1787 4847 1904 4892 tur-

325 4935 416 4990 pes
443 4963 458 4987 ,
485 4923 753 4992 quomodo
781 4923 866 4978 his
907 4923 1132 4994 quadret
1173 4935 1226 4980 ct
1272 4935 1558 4992 consonet,
1593 4941 1698 4984 non
1729 4937 1904 5000 potest

325 5014 602 5068 invenire:
635 5015 884 5084 quoniam
916 5031 1020 5070 non
1051 5025 1174 5071 sunt
1217 5018 1342 5086 ipsa:
1370 5018 1578 5074 illorum
1626 5035 1902 5076 sacrormn

321 5121 497 5161 causa:
525 5122 656 5177 quas
685 5116 836 5178 putat
857 5149 872 5174 ,
903 5108 988 5163 vel
1017 5108 1192 5178 potius
1215 5110 1324 5164 vult
1349 5111 1538 5180 putari.
1563 5111 1694 5167 Nam
1721 5113 1765 5168 si
1793 5130 1898 5168 non

383 5239 405 5306 ξ
439 5239 512 5306 sic
535 5241 683 5288 nostri
702 5245 841 5289 recte
864 5246 972 5306 Mss.
996 5247 1044 5289 tn
1064 5247 1132 5302 8.,
1157 5248 1259 5306 post
1280 5242 1448 5306 eadem
1469 5249 1650 5306 gente”
1670 5253 1746 5306 7M.

383 5301 406 5364 ξ
441 5298 631 5362 Aliquot
654 5307 781 5358 Mss,
807 5295 1194 5364 conﬁrmamf;
1215 5305 1288 5353 Sic
1322 5295 1571 5354 etiarn"Ms.
1595 5303 1705 5355 768.
1739 5295 1743 5296 ν
1771 5313 1828 5356 Μ.

355 5421 366 5432 ,
385 5363 407 5392 ³
437 5366 490 5432 ip
511 5363 862 5432 antiquioribus
893 5363 1184 5432 elitiouibus
1213 5365 1350 5432 vind.
1383 5378 1486 5432 am.
1524 5371 1598 5415 Er.
1624 5365 1818 5432 legitur,
1841 5381 1902 5418 ea

285 5471 294 5478 ,
319 5419 592 5496 signiﬁcata
621 5419 668 5496 ξε
689 5425 1012 5496 ρναζηηηιὶαζα
1033 5434 1158 5475 sunt.
1183 5427 1254 5475 sic
1287 5428 1432 5476 etiam
1469 5429 1520 5496 in
1551 5419 1772 5496 omnibus
1801 5419 1900 5479 ina-

321 5487 592 5554 nuscriptts.
627 5487 946 5554 Lovauinenses
969 5493 1130 5536 tamen
1165 5495 1485 5554 correxerunt
1520 5491 1820 5552 requirente,
1847 5499 1903 5542 ut

319 5548 475 5610 aiunt,
492 5545 666 5610 sensu,
687 5545 1160 5610 earsigniﬁcarnntiet
1181 5545 1633 5610 prtemmtiaverunt.

385 5607 462 5726 fit)
483 5607 607 5656 Conf.
633 5608 715 5656 lib.
741 5609 772 5656 9
789 5607 854 5657 de
877 5607 994 5659 Cen.
1013 5609 1068 5658 ad
1099 5607 1210 5668 littI,
1238 5623 1286 5658 ιι.
1311 5609 1478 5660 51-56.

407 5670 458 5726 b)
487 5677 552 5718 De
577 5671 649 5720 his
669 5671 808 5726 plura
843 5671 991 5718 habet
1017 5677 1209 5726 august.
1237 5673 1412 5726 passim
1455 5675 1478 5720 i1

407 5670 458 5728 ὁ)
487 5677 552 5718 De
577 5671 649 5720 his
669 5671 991 5732 pluraltabct
1017 5677 1209 5732 august.
1237 5673 1412 5732 passim
1455 5671 1590 5728 infra,
1630 5685 1656 5721 a
1697 5673 1780 5723 lib.
1825 5675 1898 5724 l7.

317 5735 495 5824 Earlier
521 5731 774 5782 etiam’lib.
809 5731 838 5779 4
861 5746 1024 5782 coura
1048 5731 1283 5794 Faustum,
1315 5746 1422 5796 cap.
1443 5733 1490 5794 ‘2,
1517 5743 1564 5784 ct
1585 5735 1668 5783 lib.
1694 5735 1768 5787 ‘22.
1793 5751 1896 5800 cap.

323 5813 402 5839 Zi-

1515 368 1718 426 LlBER
1756 363 2116 424 SEPTIMUS.

1967 481 2142 534 solum
2171 478 2330 548 ipsae,
2361 493 2544 534 verum
2571 478 2728 534 etiam
2751 477 2995 548 qum-libet
3013 477 3131 533 alia:
3161 477 3315 550 hujus
3339 483 3548 550 generis

1970 577 2150 624 essent
2167 610 2184 634 ,
2213 570 2453 639 quamvis
2475 570 2604 624 nihil
2625 569 2688 624 ad
2713 569 2876 624 Deum
2907 585 3088 623 verum
3111 571 3376 640 vitamque
3395 582 3550 628 teter-

1972 678 2124 730 nam,
2151 677 2270 732 qua:
2303 663 2352 716 in
2401 661 2658 730 religione
2701 661 2986 730 quaerenda
3016 671 3096 716 est
3121 703 3135 728 ,
3185 662 3544 731 pertinerent;

1975 761 2150 806 tamen
2179 753 2550 824 qttalicumqne
2577 751 2646 806 de
2671 767 2846 806 rerum
2876 761 3061 818 natura
3085 753 3292 808 reddita
3321 753 3548 822 ratione,

1973 847 2348 916 aliquantulum
2377 847 2677 916 mitigarent
2699 843 3080 912 oﬁ'ensionem,
3111 860 3269 914 quam
3321 861 3426 900 non
3473 846 3554 900 in—

1977 937 2183 990 tellecta
2215 937 2263 989 in
2295 939 2458 991 sacris
2484 938 2657 1008 aliqua
2684 937 2828 990 velut
2853 935 3120 1004 turpitudo
3143 944 3231 990 aut
3249 935 3552 990 absurditas

1975 1025 2208 1090 fecerat;
2242 1029 2376 1082 sicut
2426 1029 2477 1081 in
2531 1027 2847 1096 quibusdam
2893 1027 3216 1080 theatrorum
3249 1025 3440 1080 fabulis
3469 1025 3553 1080 vel

1975 1117 2314 1172 delubrorum
2369 1117 2634 1190 mysteriis
2681 1117 2853 1171 facere
2901 1127 3119 1171 conatus
3145 1126 3228 1172 est
3263 1134 3277 1172 :
3309 1117 3395 1170 ubi
3447 1132 3554 1171 non

1979 1208 2181 1263 theatra
2210 1207 2550 1262 delubrorum
2580 1205 2922 1262 similitudine
2966 1207 3226 1272 absolvit,
3266 1207 3358 1262 srd
3411 1207 3559 1261 thea-

1980 1306 2181 1351 trorum
2215 1297 2388 1366 potius
2419 1297 2765 1352 similitudine
2795 1295 3012 1350 delubra
3041 1295 3346 1360 damnavit;
3383 1305 3558 1350 tamen

1981 1399 2261 1457 utcumque
2288 1397 2508 1441 conatus
2533 1396 2614 1441 est
2633 1429 2648 1453 ,
2681 1397 2738 1442 ut
2766 1402 2979 1440 sensum
3012 1385 3351 1440 horribilibus
3399 1385 3560 1439 rebus

1982 1478 2239 1532 oll‘cnsum
2272 1479 2414 1534 velut
2443 1478 2760 1533 naturalium
2811 1491 3090 1532 causarum
3121 1477 3326 1532 ratione
3355 1474 3562 1530 reddita

1985 1569 2233 1624 delinirct
2262 1571 2300 1622 ί.

1983 1683 2206 1740 CAPUT
2233 1681 2474 1740 XXXIV.
2500 1712 2572 1722 —
2597 1681 2674 1736 De
2699 1679 2840 1736 libris
2891 1678 3078 1734 Numas
3115 1677 3398 1750 Pompilii,
3441 1693 3568 1746 quos

2053 1786 2256 1832 senatus
2275 1815 2291 1844 ,
2323 1792 2384 1828 ne
2409 1791 2666 1828 sacrorum
2691 1787 2876 1836 causw,
2907 1771 3080 1842 quales
3109 1772 3162 1826 in
3207 1773 3279 1826 eis
3309 1771 3564 1825 habeban-

2055 1878 2156 1932 tur,
2183 1869 2540 1922 inualescerent
2563 1906 2578 1932 ,
2609 1866 2752 1930 iussit
2783 1865 2998 1920 incendi.

2055 1983 2162 2039 Sed
2210 1989 2392 2038 contra
2443 1981 2774 2044 invenimus,
2806 1977 2944 2033 sicut
2971 1978 3082 2047 ipse
3104 1977 3186 2031 vir
3225 1975 3568 2031 doctissimus

1987 2073 2217 2144 prodidit
2241 2113 2256 2138 ,
2285 2073 2353 2126 de
2377 2071 2562 2126 Numa:
2589 2071 2832 2140 Pompilii
2862 2069 3010 2124 libris
3036 2067 3270 2122 redditas
3295 2081 3566 2122 sacrorum

1985 2181 2176 2222 causas
2203 2165 2350 2220 nullo
2379 2163 2540 2218 modo
2567 2163 2803 2234 potuisse
2831 2163 3042 2220 tolerari
3067 2199 3083 2227 ,
3112 2175 3211 2214 nec
3232 2161 3418 2230 dignas
3467 2157 3566 2212 ha-

1987 2259 2124 2313 bitas
2148 2299 2164 2325 ,
2193 2271 2314 2328 qua:
2341 2271 2444 2310 non
2475 2255 2644 2310 solum
2675 2255 2828 2310 lectae
2859 2256 3252 2309 innotescerent
3281 2249 3564 2321 religiosis,

1989 2352 2082 2407 sed
2130 2351 2320 2406 saltem
2369 2351 2578 2420 scriptae
2622 2348 3040 2404 reconderentur
3083 2347 3136 2400 iu
3169 2345 3419 2400 tenebris.
3451 2343 3568 2399 .lam

1987 2445 2130 2498 enim
2157 2443 2330 2500 dicam
2350 2485 2365 2508 ,
2394 2442 2534 2513 quod
2563 2442 2614 2496 in
2648 2441 2800 2496 tertio
2829 2439 2984 2508 hujus
3008 2438 3184 2508 Operis
3209 2437 3344 2490 libro
3366 2451 3449 2490 me
3470 2450 3569 2488 suo

1991 2537 2109 2592 loco
2137 2537 2398 2592 dicturum
2428 2549 2548 2589 esse
2579 2532 2922 2604 promiseram
2955 2529 3105 2600 (Cap.
3131 2526 3402 2596 tx).Nam,
3435 2526 3570 2578 sicut

1989 2627 2128 2698 apud
2145 2626 2388 2682 eumdem
2413 2623 2702 2678 Varronem
2725 2621 2916 2690 legitur
2941 2619 2992 2674 in
3021 2619 3156 2672 libro
3183 2617 3251 2672 de
3273 2615 3426 2669 Cultu
3444 2615 3572 2669 deo.

1995 2737 2131 2784 rum,
2159 2739 2178 2770 ι
2211 2717 2492 2774 Terentius
2513 2713 2724 2786 quidam
2751 2727 2871 2767 cum
2895 2711 3116 2766 haberet
3139 2711 3160 2740 ²
3186 2707 3249 2762 ad
3273 2705 3573 2762 laniculum

1995 2812 2252 2876 fundum,
2297 2819 2352 2866 ct
2394 2807 2650 2863 bubulcus
2695 2804 2808 2875 ejus
2855 2803 3004 2873 juxta
3055 2800 3354 2870 sepulcrum
3389 2795 3574 2851 Numa:

1993 2901 2242 2972 Pompilii
2293 2899 2564 2970 trujiciens
2598 2905 2833 2950 aratrum
2877 2891 3104 2948 eruisset
3131 2905 3196 2945 ex
3241 2899 3380 2944 terra
3411 2887 3575 2941 libros

1995 2995 2132 3064 ejus,
2161 2994 2249 3048 ubi
2271 3005 2543 3046 sacrorum
2569 2989 2928 3044 institutorum
2957 2986 3168 3053 scriptae
3193 2989 3346 3038 erant
3372 2993 3572 3046 causa,

1997 3087 2046 3140 iu
2089 3085 2284 3140 Urbem
2317 3082 2529 3152 pertulit
2583 3080 2650 3134 ad
2681 3088 2984 3150 praetorem.
3025 3078 3094 3130 At
3123 3075 3210 3128 ille
3235 3087 3355 3128 cum
3395 3073 3576 3141 inspe-

1995 3177 2162 3231 xisset
2207 3173 2500 3244 principia,
2555 3187 2668 3226 rem
2717 3177 2916 3225 tantam
2957 3167 3154 3222 detulit
3198 3165 3263 3220 ad
3313 3169 3573 3219 senatum.

1996 3267 2094 3324 Ubi
2121 3281 2244 3322 cum
2304 3266 2566 3335 primores
2611 3260 2866 3330 quasdam
2913 3271 3104 3312 causas
3153 3255 3437 3324 legissent,
3483 3267 3577 3307 cur

2002 3358 2234 3428 quidque
2263 3358 2314 3411 in
2363 3355 2528 3410 sacris
2569 3351 2726 3407 luerit
2765 3349 3098 3412 institutum,
3137 3345 3322 3400 Numa:
3365 3351 3577 3397 mortuo

1997 3461 2214 3507 senatus
2262 3461 2514 3504 assensus
2537 3453 2655 3512 est,
2703 3457 2904 3512 eosque
2947 3439 3114 3496 libros
3159 3447 3404 3505 tanquam
3451 3433 3578 3489 reli-

1997 3543 2132 3612 giosi
2173 3551 2350 3612 patres
2373 3535 2691 3605 conscripti,
2723 3541 2919 3604 prtetor
2961 3521 3020 3584 ut
3063 3528 3427 3590 combureret,
3451 3539 3577 3579 cen-

1997 3641 2221 3688 suerunt
2259 3651 2278 3684 s
2319 3629 2416 3700 (a).
2449 3625 2646 3682 Credat
2683 3623 2906 3694 quisque
2933 3619 3072 3690 quod
3107 3627 3288 3688 putat:
3311 3617 3420 3669 imo
3451 3627 3580 3668 vero

2001 3726 2144 3780 dicat
2168 3722 2309 3793 quod
2357 3717 2640 3775 dicendum
2689 3713 3012 3786 suggesserit
3051 3725 3244 3764 vesana
3273 3706 3608 3786 contentio,

1999 3815 2221 3885 quilibet
2249 3819 2410 3867 tanta:
2459 3807 2746 3878 impietatis
2793 3802 3046 3860 defensor
3088 3799 3350 3870 egregius.
3376 3797 3460 3852 Me
3486 3795 3580 3852 ad-

2002 3919 2220 3960 monere
2247 3901 2476 3957 Sufﬁciat
2501 3940 2514 3964 ,
2548 3911 2822 3952 sacrorum
2849 3908 3035 3950 causas
3064 3909 3095 3948 a
3125 3905 3248 3962 rege
3278 3888 3538 3960 Pompilio
3561 3929 3577 3955 ,

2005 3995 2360 4048 liotnanorum
2388 4003 2659 4046 sacrorum
2691 3987 2990 4042 institutore
3015 4025 3028 4046 ,
3059 3983 3423 4051 conscriptas,
3473 3993 3577 4034 nec

2003 4086 2196 4156 populo
2219 4125 2236 4150 ,
2269 4097 2367 4138 nec
2391 4080 2630 4144 senatui,
2661 4093 2760 4132 nec
2803 4077 2988 4130 saltem
3039 4073 3168 4143 ipsis
3217 4069 3581 4127 sacerdotibus

2003 4179 2337 4230 innotescere
2363 4171 2608 4227 debuisse
2629 4209 2642 4232 ,
2677 4169 2956 4238 ipsumque
2995 4164 3218 4218 Numam
3265 4161 3578 4231 Pompilium

2003 4265 2307 4322 curiositate
2335 4263 2517 4318 illicita
2536 4259 2602 4314 ad
2624 4273 2684 4314 ea
2707 4259 3004 4312 daemonum
3029 4253 3334 4324 pervenisse
3353 4261 3578 4314 secreta,

2003 4372 2122 4426 qua:
2147 4357 2260 4428 ipse
2289 4353 2501 4424 quidem
2529 4329 2790 4404 sdriberet
2813 4389 2828 4414 ,
2859 4354 2916 4400 ut
2943 4345 3164 4399 haberet
3191 4342 3332 4398 unde
3356 4341 3580 4411 legendo

2001 4453 2434 4502 commoneretur
2466 4457 2480 4494 :
2510 4440 2603 4496 sed
2630 4453 2692 4494 ea
2732 4447 2909 4493 tamen
2932 4477 2947 4502 ,
2997 4451 3118 4490 cum
3149 4449 3240 4490 rex
3283 4443 3458 4496 esset,
3491 4433 3580 4500 qui

2003 4536 2222 4591 minime
2275 4544 2594 4603 quemquam
2623 4534 2920 4590 metueret,
2952 4539 3051 4578 nec
3080 4523 3274 4578 docere
3311 4521 3537 4592 aliquem
3561 4560 3580 4586 ,

2004 4639 2102 4680 nec
2128 4621 2355 4678 dolendo
2380 4623 2462 4676 vel
2490 4631 2704 4690 quoquo
2755 4615 2914 4670 modo
2967 4612 3330 4669 consumendo
3361 4610 3582 4681 perdere

2003 4715 2252 4778 auderet;
2283 4712 2352 4766 ita
2381 4709 2522 4781 quod
2549 4709 2686 4764 scire
2713 4707 2978 4762 neminem
3007 4705 3207 4769 voluit,
3237 4719 3306 4759 ne
3333 4703 3580 4761 homines

2003 4805 2204 4862 nefaria
2233 4805 2478 4871 doceret,
2509 4801 2708 4858 violare
2734 4807 2912 4856 autem
2939 4798 3148 4862 timuit,
3194 4812 3262 4851 ne
3309 4795 3581 4850 daemones

2005 4899 2170 4953 iratos
2217 4897 2466 4962 haberet,
2493 4893 2672 4950 obruit
2719 4891 2808 4947 ubi
2843 4901 3010 4946 tututn
3062 4889 3294 4960 putavit,
3331 4885 3578 4954 sepulcro

2004 5003 2100 5043 suo
2129 4989 2483 5059 propinquare
2509 4994 2744 5040 aratrum
2771 4998 2928 5054 posse
2948 4997 3050 5036 non
3079 4979 3322 5034 credens.
3354 4974 3580 5030 Senatus

2004 5087 2178 5134 autem
2209 5093 2327 5132 cum
2356 5077 2640 5148 religiones
2683 5072 2990 5128 formidaret
3013 5071 3266 5124 damnare
3294 5066 3578 5135 majorum,

2005 5179 2054 5223 et
2087 5169 2206 5223 ideo
2233 5167 2418 5222 Numa:
2444 5165 2688 5222 assentiri
2715 5173 3031 5232 cogeretur;
3061 5159 3180 5211 illos
3207 5167 3380 5210 tamen
3411 5155 3582 5214 libros

2007 5269 2111 5312 tam
2139 5259 2465 5328 perniciosos
2491 5271 2610 5312 esse
2645 5253 2932 5325 judicavit,
2965 5259 3022 5328 ut
3067 5261 3168 5302 nec
3190 5247 3345 5301 obrui
3391 5262 3580 5300 rursus

2007 5327 2250 5418 iuberet,
2291 5364 2358 5402 ne
2407 5347 2635 5401 humana
2679 5343 2954 5398 curiositas
3005 5327 3170 5392 multo
3216 5338 3581 5392 vehementius

2006 5455 2118 5496 rem
2141 5439 2252 5508 jam
2279 5439 2538 5508 proditam
2569 5441 2859 5506 quaereret,
2889 5430 2980 5486 sed
3011 5430 3240 5485 ﬂammis
3265 5429 3464 5484 aboleri
3489 5443 3581 5482 ne-

2069 5553 2086 5583 ι
2123 5559 2249 5610 MSS.,
2273 5549 2396 5600 ratio
2417 5548 2610 5598 reddita
2633 5545 2870 5596 dclmiret.

2069 5615 2088 5644 ³
2121 5603 2316 5670 Quidam
2342 5619 2466 5668 Mss,
2489 5614 2670 5658 araret.
2685 5633 2744 5642 —
2759 5608 2906 5670 Nostri
2929 5607 3138 5670 codices,
3161 5603 3393 5670 Ιζαῦίενεε.Δ
3438 5609 3496 5670 at.

2073 5661 2275 5783 (αἱ-κὶα.
2303 5673 2396 5719 Liv.
2423 5661 2509 5719 ni).
2535 5670 2614 5728 40,
2633 5682 2738 5752 οεινἶ
2763 5667 2850 5728 29;
2877 5667 3032 5717 \alcr.
3059 5661 3144 5718 nn.
3164 5668 3219 5738 _i,
3243 5680 3347 5748 cap.
3379 5665 3395 5711 ι
3419 5677 3435 5747 Ξ
3461 5661 3578 5714 plin.

2073 5758 2092 5783 '-
2143 5751 2192 5783 ~3-
2217 5747 2322 5783 (⁸³1³.
2351 5733 2423 5783 15η
2450 5731 2512 5779 al.
2539 5731 2595 5780 97
2617 5745 2630 5783 :
2655 5737 2778 5782 Fest.
2805 5737 2857 5781 et
2893 5728 3108 5779 Plutarch
3161 5743 3209 5780 tu
3247 5735 3427 5783 hama,
3451 5729 3578 5776 Lact,

2010 5728 2092 5783 tibi
2117 5728 2192 5792 l5,
2217 5747 2322 5794 cap.
2351 5733 2423 5790 15,
2450 5731 2595 5796 at}?
2617 5745 2630 5792 ;
2655 5728 2778 5782 Fest.
2805 5737 2857 5781 ct
2893 5728 3108 5779 t'lutarcb
3161 5729 3209 5780 in
3247 5735 3396 5777 amna
3412 5737 3430 5785 ;
3451 5729 3580 5776 Lact.

2011 5796 2094 5846 lib.
2125 5797 2144 5844 I
2170 5793 2340 5855 Ittstit.,
2361 5805 2470 5856 cap.
2487 5793 2566 5844 ‘22.
