4064 6486
487 367 591 423 2'23

491 480 646 536 fanda
678 488 1015 536 monumenta
1050 498 1065 535 :
1097 487 1153 533 ut
1175 519 1191 545 ,
1221 477 1343 549 quia
1364 475 1475 547 jam
1506 492 1727 535 necesse
1745 492 1864 534 esse
1882 478 2069 533 existi-

491 573 708 627 mabant
727 587 878 627 sacra
909 572 1001 626 illa
1027 571 1222 635 facere,
1244 570 1571 625 tolerabilius
1595 579 1868 625 erraretur
1890 570 2067 626 causis

491 680 677 720 eorum
709 664 962 735 ignoratis
983 703 999 728 ,
1026 678 1184 733 quam
1213 662 1440 732 cognitis
1464 662 1649 717 civitas
1677 661 2003 717 turbaretur.

488 776 715 832 CAPUT
749 774 962 830 XXXV.
988 803 1061 815 —-
1078 773 1158 829 De
1181 774 1556 845 hydromantia,
1580 789 1669 843 per
1694 789 1849 842 quam
1870 771 2066 839 Numa,

543 867 660 921 uisis
683 864 977 936 quibusdam
1000 864 1285 918 damonum
1309 862 1626 935 imaginibus,
1658 863 2031 932 ludiﬁcabatur.

562 978 695 1033 Nam
721 985 775 1033 et
801 977 916 1047 ipse
942 976 1132 1042 Numa,
1171 976 1239 1032 ad
1277 991 1434 1046 quem
1463 975 1639 1031 nullus
1667 975 1760 1029 Dei
1790 973 2068 1045 propheta,

506 1069 683 1123 nullus
725 1077 942 1123 sanctus
983 1068 1203 1137 angelus
1255 1066 1598 1133 mittebatur,
1647 1065 2072 1137 hydromantiam

497 1159 671 1215 facere
690 1158 995 1229 compulsus
1014 1167 1115 1224 est,
1139 1158 1268 1212 utin
1297 1172 1431 1227 aqua
1447 1156 1650 1212 videret
1668 1155 1923 1226 imagines
1945 1154 2073 1212 deo.

492 1266 633 1317 rmn,
663 1251 746 1306 vel
773 1251 947 1320 potius
965 1250 1350 1304 ludiﬁcationes
1373 1249 1693 1311 dazmonnm.
1713 1264 1745 1303 a
1763 1248 1953 1319 quibus
1974 1264 2072 1302 au-

492 1341 630 1395 diret
656 1340 780 1409 quid
812 1341 863 1395 in
907 1339 1076 1395 sacris
1101 1341 1427 1394 constituere
1468 1348 1628 1409 atque
1656 1339 1940 1394 observare
1980 1337 2074 1393 dc-

499 1433 693 1487 beret.’
721 1430 874 1498 Quod
904 1445 1070 1501 genus
1111 1430 1450 1485 divinationis
1482 1430 1619 1485 idem
1650 1428 1818 1485 Varro
1845 1444 1874 1483 a
1898 1428 2076 1484 Persis

493 1521 622 1576 dicit
641 1520 852 1575 allatum
873 1562 887 1586 ,
921 1537 1028 1590 quo
1050 1522 1066 1552 ¹
1097 1528 1151 1575 et
1180 1522 1350 1590 ipsmn
1392 1519 1649 1586 Numam,
1679 1528 1734 1573 ct
1760 1528 1944 1588 postea
1970 1519 2074 1590 Py-

496 1611 774 1680 thagoram
821 1609 1200 1681 philosophum
1247 1625 1402 1665 usum
1443 1608 1607 1664 fuisse
1652 1616 2072 1663 commemorat:

504 1704 593 1759 nbi
632 1703 871 1758 adhibito
913 1704 1169 1773 sanguine
1194 1704 1353 1758 etiam
1382 1703 1582 1758 inferos
1629 1701 1869 1771 perhibet
1893 1700 2077 1756 scisci-

505 1795 603 1847 tari
633 1796 689 1858 ¹;
718 1803 773 1848 et
795 1805 1143 1866 νικρομαντιίαν
1182 1809 1355 1863 grmce
1398 1792 1526 1847 dicit
1562 1793 1736 1847 vocari
1767 1811 1782 1848 :
1813 1807 1931 1862 qua:
1967 1792 2080 1848 sive

507 1883 897 1954 hydromantis,
928 1885 1043 1939 sive
1072 1884 1434 1939 necromantia
1458 1883 1665 1938 dicatur
1682 1924 1697 1949 ,
1724 1882 1950 1952 idipsum
1973 1893 2076 1949 est,

494 1974 587 2030 nbi
635 1975 879 2030 videntur
928 1975 1122 2030 mortui
1163 1975 1418 2030 divinare.
1477 1974 1680 2042 Quibus
1721 1973 1835 2029 hac
1878 1973 2081 2029 artibus

500 2066 645 2129 tiant,
677 2065 775 2136 ipsi
798 2065 1045 2121 viderint.
1076 2065 1209 2121 Nolo
1241 2067 1384 2121 enim
1422 2065 1601 2121 dicere
1627 2064 1726 2120 bas
1752 2073 1896 2120 artes
1919 2069 2081 2119 etiam

500 2167 625 2213 ante
653 2159 821 2213 nostri
846 2158 1132 2214 Salvatoris
1178 2158 1463 2215 adventum
1511 2158 1565 2213 in
1609 2158 1740 2228 ipsis
1780 2157 2080 2213 civitatibus

496 2251 748 2321 ﬂentium
797 2251 1002 2321 legibus
1031 2251 1211 2307 solere
1249 2249 1553 2320 prohiberi,
1582 2257 1639 2304 et
1664 2264 1820 2320 ptena
1848 2250 2080 2305 severis-

499 2340 635 2395 sima
664 2340 943 2397 vindicari.
985 2341 1138 2406 Nolo,
1176 2342 1410 2410 inquam,
1450 2340 1552 2396 hoc
1576 2339 1757 2397 dicere
1800 2340 2082 2395 :t‘ortassis

500 2431 643 2487 enim
663 2432 785 2486 talia
808 2441 933 2487 tunc
962 2431 1211 2487 licebant.
1243 2432 1335 2491 llis
1363 2442 1535 2488 tamen
1563 2432 1766 2487 artibus
1782 2432 1911 2487 dicit
1933 2447 2083 2489 sacra

504 2523 594 2578 illa
616 2523 927 2596 Pompilius,
960 2540 1187 2594 quorum
1208 2538 1481 2580 sacrorum
1511 2525 1645 2579 facta
1675 2524 1927 2594 prodidit,
1954 2539 2082 2580 cau-

505 2629 595 2669 sas
620 2613 835 2680 obruit;
868 2615 936 2668 ita
970 2616 1143 2669 timuit
1185 2624 1242 2670 et
1270 2615 1385 2685 ipse
1410 2614 1550 2685 quod
1591 2615 1776 2671 didicit
1804 2635 1819 2671 :
1856 2632 2081 2687 quarum

504 2719 789 2761 causarum
817 2705 1056 2775 proditos
1081 2706 1248 2762 libros
1273 2716 1491 2763 senatus
1511 2707 1764 2764 incendit.
1786 2709 1924 2776 Quid
1953 2710 2082 2765 mihi

510 2810 642 2869 ergo
684 2794 855 2851 Varro
883 2795 1093 2851 illorum
1119 2810 1390 2852 sacrorum
1430 2797 1562 2853 alias
1590 2798 1775 2854 nescio
1797 2815 1929 2870 quas
1955 2815 2084 2854 cau-

504 2899 597 2942 sas
642 2886 786 2943 velut
813 2887 1061 2959 physicas
1102 2888 1515 2959 interpretatur;
1543 2888 1728 2960 quales
1767 2891 1811 2945 si
1846 2890 1964 2945 libri
2011 2890 2084 2946 illi

509 2976 843 3046 habuissent,
884 2994 989 3035 non
1013 2980 1196 3051 utique
1216 2980 1506 3046 arsissent;
1528 2988 1621 3036 aut
1660 2988 1719 3036 et
1744 2981 1874 3037 istos
1895 2981 2089 3038 Varro-

514 3068 599 3126 nis
639 3068 706 3125 ad
731 3069 996 3126 Cmsarem
1037 3070 1340 3142 pontificem
1366 3071 1596 3142 scriptos
1634 3071 1710 3143 (α)
1733 3081 1891 3144 atque
1917 3073 2088 3129 editos

507 3166 688 3229 patres
732 3161 1021 3232 conscripti
1053 3159 1298 3218 similiter
1336 3160 1733 3217 incendissent?
1776 3162 1931 3229 Quod
1957 3178 2087 3232 ergo

506 3266 701 3321 aquam
714 3252 990 3323 egesserit,
1013 3252 1065 3308 id
1079 3261 1164 3310 est
1180 3254 1560 3324 exportaverit,
1583 3252 1751 3310 Numa
1772 3254 2085 3325 Pompilius,

513 3340 656 3398 unde
685 3341 1109 3414 hydromantiam
1131 3342 1350 3413 faceret,
1374 3344 1495 3401 ideo
1528 3345 1816 3417 nympham
1844 3346 2087 3416 Egeriam

508 3431 786 3505 coniugem
804 3432 998 3495 dicitur
1023 3440 1291 3509 habuisse,
1330 3435 1776 3514 quemadmodum
1816 3436 1869 3499 in
1899 3452 2090 3515 supr..-

511 3521 655 3582 dicto
679 3526 815 3584 libro
832 3529 1085 3588 Varronis
1103 3533 1383 3605 exponitur
1412 3532 1507 3607 (to).
1530 3533 1606 3589 lta
1627 3535 1769 3591 enim
1810 3537 1988 3592 solent
2006 3552 2092 3591 res

511 3626 678 3688 gesta:
717 3622 1027 3690 aspersione
1075 3622 1475 3680 mendaciorum
1521 3624 1575 3682 in
1619 3625 1822 3682 fabulas
1849 3628 2004 3682 verti.
2033 3626 2090 3683 In

509 3749 1119 3929 “388%.;
1134 3824 1241 3881 Mss,
1264 3817 1491 3871 metari
1509 3832 1524 3869 :
1548 3831 1763 3885 moxque
1782 3819 1997 3872 nonnulli
2017 3834 2096 3874 eo-

513 3912 1288 4004 "'fi'n'hbﬁr'iiiiiféi'cepm
1308 3939 1449 4000 2050,
1473 3941 1649 3991 absunt
1682 3955 1847 4004 voces,
1880 3942 1977 3993 sive
2003 3942 2095 4007 Ity-

508 3989 805 4042 drmmtza.
828 4002 911 4042 Is.
946 3997 1061 4042 ΞΒΙ
1087 3999 1200 4042 fert.
1222 4002 1568 4042 nucrammnﬂu-
1635 4009 1692 4042 ιι-

828 4002 911 4046 Its.
946 3997 1063 4071 sust
1087 3997 1570 4072 fern‘ngcromantiu.
1634 4009 1693 4053 at.

576 4051 650 4176 iii
671 4056 1157 4176 ὶέἓίὲἳὲἓῗὶυέὲβῗ
1181 4062 1611 4176 artem.
1626 4124 1693 4174 at

513 4111 650 4223 2"(ita
671 4115 845 4178 Livius,
868 4116 953 4169 lib.
980 4120 1025 4180 l,
1049 4133 1155 4184 cap.
1183 4122 1267 4184 19;
1291 4111 1500 4184 Ovidius,
1516 4111 1611 4174 lib.
1626 4124 1816 4187 arm,
1835 4124 2092 4187 vers.273,

1539 364 1626 419 DE
1666 363 1981 420 CIVITATE
2023 365 2154 432 DEI,
2192 365 2246 421 S.
2290 364 2652 422 AUGUSTINI

3646 366 3752 423 ρει

2178 480 2265 534 illa
2314 480 2469 551 igitur
2499 477 2864 551 hydromantia
2906 480 3299 537 curiosissitnns
3328 480 3413 534 ille
3440 497 3531 535 rex
3554 481 3753 536 lloma-

2176 586 2276 625 nus
2312 580 2382 625 ‘et
2413 586 2562 625 sacra
2608 570 2813 635 didicit,
2869 586 2988 642 qua:
3031 571 3083 625 in
3131 570 3280 626 libris
3327 574 3437 626 suis
3480 572 3756 642 pontifices

2178 662 2431 717 haberent
2456 674 2544 729 ;et
2564 679 2749 719 eorum
2776 678 2986 729 causas,
3014 678 3145 733 quas
3177 674 3369 733 prmter
3392 679 3455 718 se
3484 665 3755 719 neminem

2178 753 2316 808 scire
2342 754 2524 807 voluit.
2554 754 2733 824 Itaque
2760 768 2850 809 eas
2892 768 3133 809 seorsum
3165 754 3393 825 scriptas
3420 770 3600 810 secum
3626 770 3759 826 quo-

2177 842 2462 899 dammodo
2496 845 2627 900 mori
2662 844 2803 907 fecit,
2835 845 3045 915 quando
3074 846 3143 898 ita
3173 846 3561 900 subtrahendas
3581 846 3756 902 Inomi-

2180 948 2306 988 num
2332 935 2528 989 notitim
2554 935 2997 1005 sepeliendasquc
3026 935 3249 990 curavit.
3276 938 3381 990 Aut
3406 952 3534 1007 ergo
3558 936 3768 993 dmino--

2180 1040 2306 1079 mnn
2356 1026 2462 1081 illic
2505 1034 2619 1080 tam
2656 1026 2886 1080 sordida:
2924 1036 2979 1081 et
3026 1027 3198 1080 noxia:
3249 1028 3566 1097 cupiditates
3605 1040 3761 1081 erant

2179 1116 2511 1184 conscriptzr,
2543 1124 2601 1169 ut
2627 1131 2692 1170 ex
2732 1116 2813 1170 his
2843 1125 2947 1170 tota
2975 1116 3060 1170 illa
3091 1116 3354 1187 theologia
3382 1118 3554 1173 civilis
3597 1120 3760 1173 etiam

2182 1206 2321 1275 apud
2353 1207 2485 1261 tales
2512 1206 2753 1261 homines
2795 1208 3141 1262 exsecrabilis
3176 1218 3478 1279 appareret,
3509 1210 3600 1280 qui
3654 1221 3761 1263 tam

2181 1295 2343 1348 multa
2372 1297 2423 1347 in
2450 1294 2579 1363 ipsis
2608 1296 2772 1349 sacris
2802 1296 3162 1351 erubescenda
3189 1305 3533 1366 susceperant
3562 1307 3656 1351 ant
3687 1297 3760 1351 illi

2181 1400 2369 1439 omnes
2394 1385 2520 1439 nihil
2547 1385 2688 1440 aliud
2709 1403 2866 1457 quam
2898 1386 3138 1443 homines
3155 1390 3346 1465 mortui
3373 1389 3760 1458 prodebantur,

2182 1491 2315 1545 quos
2342 1485 2446 1530 tam
2478 1479 2665 1547 prolixi
2691 1479 2705 1512 ⁸
2745 1479 2998 1548 temporis
3026 1488 3285 1535 vetustate
3314 1479 3424 1535 fere
3450 1496 3637 1535 onmes
3665 1496 3764 1551 po—
3795 1485 3820 1500 '

2186 1567 2289 1636 puli
2316 1566 2563 1621 Gentium
2593 1568 2722 1622 deos
2753 1569 3079 1624 immortales
3098 1585 3217 1625 esse
3237 1570 3610 1626 crediderant:
3640 1588 3763 1626 cum

2185 1664 2241 1710 et
2270 1657 2460 1712 talibus
2505 1659 2670 1712 sacris
2720 1658 2877 1713 iidem
2910 1660 2985 1721 illi
3029 1659 3300 1716 daemones
3341 1660 3766 1728 oblcctarcutnr,

2185 1747 2356 1816 quise
2381 1747 2633 1802 colendos
2676 1764 2770 1816 pro
2813 1749 2940 1818 ipsis
2983 1751 3229 1815 mortuis,
3258 1765 3392 1819 quos
3430 1750 3560 1806 deos
3591 1754 3766 1821 putari

2187 1837 2420 1893 fecerant
2447 1839 2759 1909 quibusdam
2789 1840 3049 1895 iallacium
3076 1841 3446 1897 miraculorum
3472 1843 3769 1898 attestatio-

2184 1929 2366 1993 nibus,
2397 1931 2786 2000 supponebant.
2819 1932 2924 1986 Sed
2968 1931 3170 1986 occulta
3207 1933 3297 1987 Dei
3338 1937 3449 1987 veri
3480 1933 3770 2002 providen-

2189 2022 2259 2077 tia
2285 2021 2478 2076 t‘actum
2508 2032 2609 2087 est,
2641 2032 2701 2077 ut
2728 2032 2779 2077 et
2817 2023 3076 2093 Pompilio
3100 2024 3272 2079 amico
3316 2039 3415 2078 suo
3443 2022 3549 2078 illis
3574 2023 3762 2079 conci-

2188 2114 2299 2168 liati
2326 2115 2547 2182 artibus,
2574 2117 2767 2187 quibus
2799 2115 3168 2187 hydromantia
3201 2116 3313 2171 tieri
3342 2117 3528 2187 potuit,
3574 2126 3768 2171 cuncta

2191 2206 2279 2260 illa
2303 2204 2546 2261 conﬁteri
2595 2207 3062 2277 permitterentur;
3110 2215 3188 2261 ett
3214 2221 3369 2261 amen
3399 2217 3455 2260 ut
3482 2207 3773 2261 moriturus

2189 2295 2498 2352 incenderet
2520 2312 2581 2351 ea
2611 2298 2807 2367 potius,
2841 2312 2998 2368 quam
3025 2298 3274 2352 obrueret
3291 2338 3307 2363 ,
3339 2297 3627 2352 admonere
3653 2313 3765 2353 non

2189 2386 2627 2457 permitterentur
2669 2405 2684 2443 :
2731 2388 2821 2459 qui
2869 2401 2939 2443 ne
2980 2387 3393 2453 innotescerent,
3441 2402 3539 2442 nec
3567 2398 3774 2451 aratro,

2191 2491 2297 2546 quo
2321 2485 2448 2531 sunt
2471 2487 2645 2543 eruta,
2676 2477 2937 2532 obsistere
2960 2485 3262 2548 potuerunt,
3288 2491 3389 2533 nec
3430 2477 3552 2532 stilo
3573 2477 3778 2532 Varro-

2191 2568 2295 2633 nis,
2318 2582 2423 2637 quo
2445 2582 2507 2623 ea
2528 2582 2649 2637 qua:
2676 2567 2745 2623 de
2769 2566 2868 2623 hac
2889 2583 2950 2623 re
2972 2575 3120 2639 gesta
3148 2576 3290 2639 sunt,
3320 2568 3374 2623 in
3401 2578 3633 2624 nostram
3662 2584 3781 2623 me-

2191 2660 2417 2714 moriam
2453 2667 2833 2729 pervenerunt.
2874 2657 2991 2713 Non
3044 2658 3185 2712 enim
3231 2667 3454 2728 possunt
3492 2658 3634 2728 quod
3662 2673 3777 2713 non

2193 2750 2444 2805 sinuntur
2484 2749 2699 2805 enicere
2744 2768 2760 2804 :
2802 2750 3047 2806 sinuntur
3083 2760 3260 2805 autem
3308 2751 3417 2806 alto
3461 2751 3550 2804 Dei
3578 2755 3777 2805 sunnni

2190 2840 2441 2911 justoque
2478 2840 2679 2911 judicio
2707 2853 2805 2910 pro
2832 2839 3038 2895 meritis
3079 2855 3263 2895 eorum
3284 2881 3299 2905 ,
3329 2855 3466 2910 quos
3487 2839 3556 2895 ab
3581 2841 3663 2895 eis
3691 2841 3782 2897 vel

2193 2929 2352 3001 afﬂigi
2381 2938 2605 2997 tantum,
2634 2930 2721 2987 vel
2741 2931 2905 2987 etiam
2929 2931 3116 3001 subjici
3141 2946 3204 2986 ac
3231 2931 3401 3001 decipi
3426 2931 3626 3000 justum
3653 2941 3741 2987 est
3761 2972 3778 2986 .

2193 3020 2363 3089 Quam
2407 3036 2535 3077 vero
2572 3021 2889 3092 perniciosa:
2930 3021 3072 3077 vela
3115 3022 3260 3077 cultu
3313 3037 3454 3076 vera:
3480 3021 3784 3078 divinitatis

2195 3114 2384 3168 aliena:
2413 3113 2518 3170 illa:
2541 3113 2732 3169 littera:
2748 3113 2996 3184 judicatze
3024 3114 3152 3181 sint,
3184 3112 3308 3169 hinc
3337 3113 3553 3184 intelligi
3577 3123 3782 3183 potest,

2196 3205 2337 3276 quod
2376 3219 2470 3261 eas
2510 3205 2700 3261 maluit
2727 3214 2946 3262 senatus
2976 3203 3293 3271 incendere,
3319 3220 3449 3275 quas
3485 3204 3785 3276 Pompilius

2196 3296 2501 3365 occuluivit,
2526 3312 2685 3368 quam
2713 3297 2902 3358 timere
2922 3301 3062 3372 quod
3086 3300 3260 3357 timuit
3285 3295 3374 3372 qui
3402 3294 3506 3355 hoc
3525 3296 3547 3332 ¹
3579 3295 3786 3354 audere

2197 3404 2307 3451 non
2357 3391 2547 3466 potuit.
2591 3395 2691 3464 Qui
2731 3409 2858 3465 ergo
2894 3394 3053 3449 vitam
3084 3408 3184 3449 nec
3231 3393 3389 3448 modo
3434 3391 3628 3447 habere
3667 3391 3786 3449 vult

2198 3488 2362 3558 piam,
2411 3486 2605 3542 talibus
2647 3487 2812 3542 sacris
2837 3492 3039 3556 quaerat
3081 3493 3335 3539 aeternam
3366 3483 3408 3538 ³.
3456 3482 3556 3551 Qui
3598 3492 3785 3539 autem

2198 3592 2319 3633 cum
2346 3576 2591 3648 malignis
2610 3576 2943 3633 daemonibus
2966 3591 3073 3631 non
3099 3576 3208 3630 vult
3225 3574 3422 3631 habere
3441 3573 3793 3639 societatem,

2200 3683 2305 3723 non
2338 3667 2789 3738 superstitionem,
2822 3680 2926 3737 qua
2951 3665 3199 3721 coluntur
3220 3706 3238 3733 ,
3278 3664 3490 3719 noxiam
3514 3663 3783 3733 pertime-

2200 3766 2351 3812 scat:
2383 3756 2475 3813 sed
2498 3771 2679 3813 veram
2701 3755 3033 3827 religionem,
3056 3769 3158 3827 qua
3179 3754 3476 3826 produntur
3493 3753 3788 3810 etvinctm-

2201 3860 2308 3916 tur,
2338 3858 2612 3921 agnoscat.

2264 3943 2284 3973 ι
2319 3950 2419 3989 Am.
2447 3946 2498 3990 et
2520 3948 2645 3999 Mss,
2667 3944 2765 3989 tam
2785 3936 2995 4001 prolixa.
3011 3963 3073 3974 —
3093 3937 3165 3986 sic
3187 3936 3333 3985 etiam
3355 3935 3506 3984 nostri
3529 3941 3634 3984 Mss.

2264 4004 2285 4034 ⁸
2318 4008 2401 4052 Ms.
2425 4001 2536 4062 766,
2562 4001 2684 4051 haec.
2802 4006 2859 4047 Ι.
3407 4053 3420 4065 ο
3552 4053 3565 4065 θ

2265 4066 2287 4095 ³
2318 4063 2391 4113 sic
2412 4069 2711 4126 omnes
2729 4067 2793 4126 _At
2813 4060 2957 4126 editi;
2982 4056 3072 4126 Qui
3090 4069 3206 4126 ergo
3225 4069 3314 4126 nec
3334 4052 3524 4126 felicem
3545 4067 3596 4104 in
3618 4055 3797 4126 futura

2199 4123 2362 4183 vitam,
2385 4137 2472 4173 nec
2493 4123 2635 4174 modo
2657 4122 2833 4173 habere
2868 4120 2967 4172 vult
3000 4117 3164 4183 piam;
3189 4117 3367 4170 talibus
3388 4117 3544 4168 sacris
3581 4122 3790 4166 mortem

2202 4191 2389 4249 quierat
2409 4192 2658 4236 (sternam.
2709 4188 2734 4207 ⁸

1495 4327 1989 4487 ἰιΒΕΒ
2060 4374 2803 4488 OCTAVUS.

516 4583 655 4633 Venit
678 4582 735 4632 ad
759 4584 954 4647 tertium
974 4594 1131 4647 genus
1146 4583 1551 4647 tlteologizeLqute
1569 4582 1741 4647 dicitur
1757 4581 2179 4644 naturalis,deqne
2201 4581 2294 4630 diis
2318 4593 2379 4630 eo
2403 4580 2761 4647 pertinentibus
2782 4578 3119 4647 quaestionem,
3143 4587 3204 4647 an
3219 4571 3793 4647 istorum_videlicetdeo-

574 4658 681 4693 rum
703 4644 863 4695 cultus
885 4644 1032 4707 prosit
1053 4644 1121 4707 ad,
1133 4644 1524 4707 consequendam
1535 4646 1682 4693 vitam
1694 4645 1905 4707 beatam,
1922 4656 2032 4707 qua:

574 4714 861 4767 cancrorum
885 4698 1283 4767 'philosOphorum
1298 4698 1411 4755 sunt
1436 4706 1579 4756 facile
1602 4706 1842 4767 principes
1880 4698 2015 4753 et'ad

2104 4634 2164 4692 ist
2188 4650 2393 4691 mortem
2405 4634 2568 4691 l’utura
2592 4648 2687 4700 est,
2707 4634 3055 4688 discutiendam
3075 4634 3275 4700 suscipit
3288 4649 3397 4684 cum
3415 4634 3681 4700 Platonieis,
3696 4646 3791 4695 qm

2114 4706 2159 4752 ei
2183 4703 2454 4753 christiana:
2480 4695 2735 4752 veritatem
2759 4701 2954 4763 propius
2974 4695 3284 4763 accedentes.
3311 4703 3464 4763 atque
3479 4695 3791 4763 hic_prin_mm

577 4755 1043 4829 refellitLApuleinm
1069 4755 1121 4815 et
1149 4768 1442 4829 quicumque
1466 4767 1546 4829 alii
1568 4755 2086 4829 cultum'da'monibus
2117 4772 2343 4829 tanquam
2379 4764 2689 4812 internuntiis
2712 4755 3133 4829 et'int'erpretibus
3168 4755 3445 4829 inter_de'qs
3480 4762 3532 4805 et
3563 4755 3797 4829 homines

575 4826 785 4888 impendi
801 4819 1006 4890 volunt;
1051 4819 1319 4890 ostendens
1337 4819 1463 4888 ipsos
1498 4828 1745 4877 diemones
1766 4840 1899 4890 quos
1922 4827 2047 4875 vitiis
2086 4819 2322 4890 obnpitios
2339 4837 2486 4890 esse,
2515 4832 2699 4890 etquae
2731 4822 2868 4890 probi
2910 4819 3273 4890 prudentesque
3295 4819 3516 4890 homines
3535 4827 3796 4890 aversan-

576 4884 655 4952 tur
687 4895 739 4938 et
780 4884 1044 4952 damnant,
1091 4888 1135 4937 id
1169 4896 1247 4939 est
1266 4923 1280 4947 ,
1310 4884 1552 4952 sacrilega
1576 4884 1843 4952 poetarum
1875 4887 2104 4948 ﬁgmenta
2123 4920 2138 4943 ,
2177 4884 2379 4952 ludibria
2418 4884 2649 4934 theatrica
2665 4916 2687 4952 _,

2810 4874 3008 4932 zicarum
3041 4874 3217 4930 artium
3238 4878 3469 4928 maleﬁcia
3501 4883 3553 4926 et
3593 4874 3796 4927 scelera

580 4951 883 5012 importasse,
910 4939 1065 5013 iisque
1082 4939 1278 5000 omnino
1298 4950 1463 5000 favere
1488 4939 1539 5000 Et
1560 4939 1795 4999 delectari
1826 4939 2134 5011 compertum
2152 4955 2246 5007 est,
2273 4947 2403 4995 nulla
2420 4959 2564 5009 posse
2586 4939 2774 4995 ratione
2796 4939 2889 4993 diis
2909 4943 3049 4993 bouis
3070 4942 3293 4992 homines
3314 4939 3590 4991 conciliare.

1947 5071 2351 5108 utrumn»

523 5164 741 5222 CAPUT
780 5165 1060 5222 PRIMUM.
1099 5193 1169 5206 --
1207 5164 1285 5220 De
1322 5165 1595 5235 quastione
1625 5165 1871 5219 naturalis
1897 5164 2093 5219 theolo-

587 5258 686 5328 gia:
720 5273 833 5311 cum
895 5258 1206 5330 philosophis
1254 5256 1616 5312 excellentiam
1666 5256 1888 5310 scientia:
1915 5255 2100 5310 'discu-

596 5348 784 5400 tienda.

595 5436 747 5492 Nunc
773 5437 1052 5493 intentiore
1079 5438 1228 5494 nobis
1256 5452 1388 5508 opus
1412 5445 1496 5493 est
1522 5435 1703 5491 animo
1732 5434 1903 5489 multo
1941 5448 2101 5505 quam

525 5538 632 5583 erat
643 5529 695 5582 in
707 5528 1037 5598 superiorum
1051 5528 1312 5584 solutione
1323 5528 1673 5599 qmestionum
1686 5535 1740 5581 et
1750 5524 2104 5595 explicatione

521 5619 793 5675 librorum.
824 5618 901 5673 De
928 5618 1187 5688 theologia
1216 5620 1408 5689 quippe
1437 5660 1453 5687 ,
1493 5633 1651 5688 quam
1679 5615 1975 5671 naturalem
2005 5630 2100 5669 vo-

519 5719 666 5780 cant,
694 5727 798 5766 non
837 5725 958 5765 cum
984 5710 1307 5782 quibuslibet
1350 5712 1651 5767 hominibus
1678 5710 1817 5782 (non
1841 5709 1984 5764 enim
2017 5707 2097 5763 la-

518 5804 704 5860 bulosa
722 5812 800 5860 est
824 5801 906 5858 vel
931 5801 1117 5869 civilis,
1145 5802 1242 5859 hoc
1260 5812 1339 5859 cst
1366 5804 1444 5859 vel
1482 5803 1737 5859 theatrica
1758 5801 1838 5856 vel
1862 5799 2062 5855 urbana
2086 5816 2098 5862 ;

2204 5181 2426 5238 quarum
2449 5163 2610 5218 altera
2628 5160 2831 5232 iactitat
2859 5159 3081 5215 deorum
3107 5155 3327 5213 crimina
3354 5196 3370 5222 ,
3398 5155 3562 5209 altera
3592 5150 3802 5206 indicat

2208 5257 2430 5312 deorum
2455 5253 2718 5310 desideria
2740 5250 3110 5307 criminosiora
3137 5289 3153 5314 ,
3181 5262 3245 5302 ac
3273 5261 3368 5316 per
3396 5246 3499 5299 hoc
3527 5241 3798 5311 maligno-

2205 5367 2322 5406 rum
2373 5348 2548 5419 potius
2592 5346 2894 5402 daemonum
2953 5357 3115 5412 quam
3163 5337 3463 5407 deorum);
3514 5334 3607 5391 sed
3665 5349 3800 5388 cmn

2209 5437 2539 5511 philosophis
2573 5445 2657 5492 est
2684 5433 2927 5491 habenda
2953 5432 3169 5488 collatio
3201 5449 3214 5486 :
3240 5443 3464 5500 quorum
3504 5427 3673 5497 ipsum
3700 5441 3804 5478 no-

2208 5546 2329 5586 men
2360 5530 2403 5584 si
2433 5528 2593 5583 latine
2624 5527 3053 5596 interpretemur,
3085 5537 3322 5577 amorem
3358 5517 3629 5589 sapientia:
3657 5531 3797 5586 pro—

2210 5621 2386 5676 ﬁtetur
2416 5620 2511 5689 (η).
2544 5618 2712 5673 Porro
2760 5616 2807 5672 si
2849 5614 3107 5686 sapientia
3159 5613 3299 5668 Deus
3338 5619 3441 5679 est,
3489 5622 3585 5679 per
3629 5620 3805 5678 quem

2270 5804 2340 5861 (.4)
2372 5800 2469 5851 για.
2494 5802 2645 5850 cicer.
2678 5799 2761 5848 lib.
2780 5797 2889 5848 ede
2907 5795 3054 5857 Oilic.,
3084 5807 3188 5855 cap.
3214 5791 3262 5841 ‘3.
3390 5822 3391 5829 η
3754 5818 3803 5881 [κ

3723 5880 3751 5901 ν’
