4064 6484
264 350 367 406 2‘25

271 467 409 520 facta
435 469 561 517 sunt
596 459 789 516 omnis
808 500 825 525 ,
854 456 992 513 sicut
1017 452 1195 510 divina
1238 464 1339 506 auc
1363 468 1377 501 t
1398 450 1530 504 r'tas
1555 448 1871 519 veritasque;

273 553 596 609 monstravit
626 550 784 621 (Sap.
805 564 899 615 vn,
929 544 1095 602 24-27
1122 562 1135 609 ;
1163 555 1206 596 et
1237 540 1394 596 Hebr.
1429 557 1467 605 t,
1497 539 1553 604 2,
1579 539 1672 609 5),
1701 553 1860 593 verus

276 642 630 716 philosophus
652 650 738 699 est
765 649 973 697 amator
998 638 1111 694 Dei.
1143 634 1248 692 Sed
1270 634 1391 705 quia
1416 649 1503 691 res
1528 633 1640 702 ipsa
1663 673 1679 699 ,
1707 631 1861 700 cujus

276 742 378 794 hoc
401 752 599 793 nomen
626 744 712 792 est
734 775 752 802 ,
783 749 892 790 non
933 739 1017 789 est
1049 731 1101 786 in
1129 728 1374 785 omnibus
1399 727 1487 798 qui
1516 726 1619 782 hoc
1647 725 1863 781 nomine

272 830 572 900 gloriantur
601 827 813 899 (neque
838 824 981 880 enim
1004 821 1257 879 continuo
1284 834 1419 875 verae
1444 817 1715 889 sapientia:
1739 824 1864 871 sunt

274 932 570 985 amatores,
627 920 951 991 quicumque
993 914 1328 986 appellantur
1373 907 1697 982 philosophi)
1738 905 1858 981 (ιι);

277 1013 521 1081 profecto
554 1027 622 1067 ex
668 1009 939 1075 omnibus,
961 1021 1184 1078 quorum
1232 1003 1524 1060 sententias
1572 1012 1625 1057 et
1673 1002 1863 1055 litteris

278 1119 441 1160 nosse
467 1102 766 1174 potuimus,
793 1099 1026 1172 eligendi
1062 1106 1188 1154 sunt
1213 1111 1335 1153 eum
1376 1095 1570 1167 quibus
1590 1109 1700 1149 non
1722 1092 1863 1147 iudi-

279 1211 385 1268 gne
429 1194 663 1266 qumstio
696 1192 796 1249 ista
844 1199 1120 1247 tractetur.
1164 1188 1350 1260 Neque
1386 1187 1529 1244 enim
1576 1184 1680 1240 hoc
1702 1197 1866 1254 opere

281 1302 475 1344 omnes
503 1285 745 1342 omnium
794 1281 1239 1355 philosophorum
1264 1294 1429 1335 vanas
1472 1276 1752 1347 opiniones
1777 1290 1867 1330 re-

285 1382 460 1436 tutare
480 1378 737 1448 suscepi,
779 1375 873 1432 sed
898 1390 990 1430 eas
1031 1382 1236 1430 tantum
1270 1386 1392 1443 quat
1433 1370 1500 1426 ad
1551 1367 1867 1437 theologiam

290 1471 589 1541 pertinent,
608 1484 713 1540 quo
734 1467 900 1523 verbo
923 1479 1101 1537 graeco
1127 1463 1411 1535 signiﬁcari
1441 1460 1780 1531 intelligimus
1802 1458 1871 1514 de

284 1563 568 1619 divinitate
582 1561 847 1616 rationem
867 1558 981 1614 sive
998 1570 1302 1613 sermonem
1332 1572 1346 1609 :
1374 1568 1477 1611 nec
1496 1567 1589 1609 eos
1608 1550 1867 1618 omnium,

199 1645 204 1649 ’
288 1637 604 1710 sedent-um
654 1661 882 1718 tantum,
919 1649 1011 1720 qui
1051 1664 1174 1705 cum
1219 1656 1276 1705 et
1300 1660 1420 1703 esse
1442 1644 1773 1701 divinitatem
1818 1651 1875 1699 et

290 1746 528 1802 humana
576 1758 769 1800 curare
816 1742 1190 1807 consentiant,
1247 1753 1353 1794 non
1405 1746 1583 1793 tamen
1626 1734 1874 1791 sufﬁcere

290 1837 454 1893 unius
475 1832 927 1890 incommutabilis
947 1830 1038 1887 Dei
1066 1830 1268 1887 cultum
1295 1827 1362 1883 ad
1387 1827 1550 1883 vitam
1570 1824 1873 1896 adipiscen-

288 1930 442 1995 dam,
489 1929 656 1985 etiam
704 1934 827 1997 post
870 1934 1133 1989 mortem,
1160 1920 1408 1987 beatam,
1439 1918 1534 1977 sed
1564 1916 1782 1983 multos,
1807 1916 1877 1973 ab

292 2023 391 2080 illo
412 2037 546 2078 sane
571 2034 683 2077 uno
721 2017 968 2075 conditos
992 2025 1153 2087 atque
1178 2013 1471 2079 institutos,
1502 2011 1573 2067 ob
1599 2025 1719 2067 eam
1750 2023 1878 2065 eau-

291 2130 415 2171 satn
439 2110 704 2171 colendos
731 2119 938 2182 putant.
961 2107 1024 2163 lli
1046 2106 1162 2179 jam
1187 2105 1350 2163 etiam
1381 2102 1636 2160 Varronis
1661 2102 1876 2173 opinio-

297 2221 424 2261 nem
448 2203 694 2259 veritatis
745 2198 1138 2271 propinquitate
1167 2194 1549 2253 transcendunt
1573 2211 1588 2249 :
1615 2192 1879 2264 siquidem

299 2298 394 2355 ille
434 2304 602 2353 totam
644 2292 966 2364 theologiam
1009 2288 1307 2346 naturalem
1336 2300 1506 2357 usque
1527 2284 1595 2341 ad
1624 2283 1879 2340 mundum

300 2389 461 2446 istum
484 2386 571 2443 vel
618 2386 736 2456 ejus
762 2385 995 2441 animam
1032 2379 1322 2438 extendere
1361 2377 1536 2450 potuit
1574 2393 1592 2433 :
1638 2376 1725 2433 isti
1752 2389 1882 2433 vero

276 2494 460 2550 supra
487 2492 705 2534 omnem
733 2474 929 2531 animm
954 2482 1197 2529 naturam
1221 2471 1544 2527 conﬁtentur
1580 2467 1770 2533 Deum,
1790 2466 1883 2538 qui

301 2545 408 2623 non
427 2566 603 2623 solum
632 2565 889 2623 mundum
935 2563 1095 2621 istum
1138 2560 1424 2628 visibilem,
1453 2560 1547 2631 qui
1573 2574 1719 2631 saepe
1760 2559 1881 2615 cmli
1905 2545 1921 2571 ⁸

298 2670 355 2716 et
378 2669 541 2716 terra
565 2658 785 2714 nomine
820 2663 1177 2726 nuncupatur,
1205 2653 1301 2711 sed
1327 2653 1492 2709 etiam
1520 2665 1736 2708 omnem
1760 2665 1883 2706 om-

300 2753 431 2807 nino
453 2750 688 2807 animam
726 2749 915 2806 fecerit
949 2764 967 2815 ;
1017 2755 1073 2804 et
1112 2746 1204 2818 qui
1243 2745 1555 2802 rationalem
1583 2755 1640 2801 et
1677 2743 1885 2800 intelle-

301 2846 555 2911 ctualem,
578 2845 733 2915 cujus
758 2843 972 2914 generis
993 2843 1171 2898 anima
1192 2840 1423 2897 humana
1458 2848 1572 2909 est,
1599 2838 1886 2911 participa-

304 2938 452 2993 tione
471 2937 554 2991 sui
575 2935 794 2992 luminis
814 2934 1262 2991 incommutabilis
1275 2944 1332 2989 et
1350 2933 1651 3003 incorporei
1672 2934 1882 2989 beatam

302 3029 447 3085 facit.
478 3029 588 3084 llos
627 3027 976 3101 philosophos
1005 3026 1309 3083 Platonicos
1341 3025 1675 3096 appellatos,
1701 3038 1733 3079 a
1766 3023 1887 3078 Pla-

304 3132 430 3176 tone
455 3121 680 3176 doctore
709 3119 967 3174 vocabulo
1011 3119 1276 3181 derivato.
1328 3118 1509 3173 nullus
1540 3118 1631 3188 qui
1656 3116 1771 3173 lucc
1798 3116 1884 3172 vel

303 3214 537 3274 tenuiter
562 3213 791 3284 audivit,
816 3212 1042 3287 ignorat.
1064 3213 1141 3272 De
1164 3211 1266 3272 hoc
1294 3211 1453 3287 igitur
1478 3211 1698 3271 Platone
1718 3251 1735 3281 ,
1766 3226 1885 3285 qua:

280 3309 606 3364 .Anccessaria
646 3308 898 3379 presenti
937 3308 1217 3379 quicstioni
1238 3307 1518 3373 existimo,
1549 3306 1784 3363 breviter
1806 3314 1887 3362 at-

304 3404 527 3471 tingam,
553 3402 703 3471 prius
729 3401 849 3457 illos
875 3415 1322 3468 commemorans,
1349 3401 1439 3472 qui
1464 3415 1587 3455 eum
1615 3400 1669 3455 in
1695 3398 1884 3455 eodem

301 3508 500 3563 genere
523 3492 823 3548 litterarum
855 3501 1095 3563 tempore
1120 3500 1529 3562 praecesserunt.

301 3603 529 3664 CAPUT
556 3607 621 3663 11.
650 3639 726 3649 -
750 3608 825 3663 De
850 3608 1045 3664 duobus
1070 3607 1482 3679 philosophorum
1507 3607 1769 3680 generibus
1787 3650 1802 3675 ,
1832 3608 1888 3663 id

481 3710 577 3761 est,
607 3697 792 3753 Italico
815 3709 861 3754 et
886 3698 1083 3766 Ionico,
1115 3715 1385 3771 eorumque
1408 3698 1714 3755 auctoribus.
1848 3712 1853 3719 '

371 3812 641 3879 Quantum
668 3812 810 3866 enim
840 3813 1027 3867 attinet
1053 3812 1121 3867 ad
1155 3813 1358 3868 litteras
1385 3826 1607 3881 gnecas,
1638 3828 1755 3882 qua:
1784 3812 1886 3867 liti-

302 3916 405 3970 gna
441 3902 844 3957 interea-teras
882 3901 1118 3973 gentium
1152 3902 1347 3957 clarior
1387 3901 1613 3957 habetur
1641 3901 1748 3975 (lt),
1777 3902 1886 3957 duo

306 3992 745 4064 philosophorum
777 4008 970 4063 genera
997 3993 1307 4060 traduntur;
1335 4010 1499 4050 unum
1530 3994 1786 4060 ltalicum,
1817 4010 1885 4050 ex
1926 4064 1929 4067 ἢ
1960 4035 1970 4045 .

302 4098 366 4137 ea
394 4092 542 4152 parte
571 4081 757 4149 Italizr,
786 4099 903 4153 quae
926 4084 1191 4153 quondam
1229 4100 1417 4156 magna
1445 4084 1647 4140 Grmcia
1678 4100 1876 4141 nuncu-

302 4182 427 4244 pata
453 4183 574 4241 est;
606 4174 833 4231 alterum
864 4175 1116 4242 Ionicum,
1148 4177 1200 4232 in
1229 4176 1311 4231 eis
1337 4177 1514 4245 terris,
1545 4177 1632 4233 ubi
1662 4188 1711 4234 et
1745 4195 1886 4236 nunc

303 4264 508 4320 Gmcia
546 4265 872 4320 nominatur.
915 4264 1150 4330 ltalicum
1187 4282 1356 4338 genus
1391 4276 1662 4324 auctorem
1704 4269 1886 4325 habuit

306 4355 660 4427 Pythagoram
688 4354 926 4411 Samium
945 4397 960 4421 ,
989 4371 1018 4410 a
1046 4372 1152 4427 quo
1180 4356 1339 4412 etiam
1365 4356 1540 4414 ferunt
1566 4358 1734 4429 ipsum
1763 4360 1883 4431 phi~

304 4447 561 4517 Iosophia:
590 4462 785 4503 nomen
813 4459 1079 4507 exortum.
1108 4449 1238 4504 Nam
1266 4465 1388 4506 cum
1415 4460 1569 4507 antea
1606 4451 1885 4519 Sapientes

302 4538 731 4607 appellarentur,
758 4539 846 4608 qui
882 4538 1041 4594 modo
1064 4539 1292 4610 quodam
1321 4540 1595 4597 laudabilis
1624 4543 1744 4597 vita:
1766 4543 1885 4597 aliis

307 4638 559 4697 praestare
586 4628 930 4695 videbantur;
962 4630 1061 4685 iste
1092 4632 1479 4701 interrogatus,
1507 4633 1628 4703 quid
1671 4634 1884 4702 proﬁte-

296 4731 473 4783 retur,
495 4721 876 4794 Philosophum
897 4738 957 4778 se
975 4737 1094 4778 esse
1112 4724 1400 4793 respondit,
1422 4724 1471 4778 id
1492 4735 1571 4783 est
1592 4726 1882 4781 studiosum

302 4810 390 4866 vel
428 4820 721 4867 amatorem
760 4813 1033 4882 sapientia:
1062 4832 1076 4868 :
1104 4815 1352 4885 quoniam
1387 4815 1679 4884 sapientein
1718 4818 1886 4886 proﬁ-

305 4902 437 4968 teri,
466 4902 959 4973 arrogantissimum
995 4904 1271 4959 videbatur
1308 4906 1402 4976 (c).
1442 4905 1600 4960 lonici
1639 4921 1764 4960 vero
1788 4921 1883 4975 ge-

305 4996 451 5050 neris
480 4997 728 5067 princeps
756 4996 855 5052 t'uit
878 4997 1073 5055 Thales
1107 5000 1365 5068 Milesius,
1395 5017 1532 5057 unus
1559 5002 1765 5059 illorum
1794 5018 1881 5059 se-

304 5095 451 5155 ptem
475 5088 565 5157 qui
587 5088 832 5158 appellati
857 5098 982 5145 sunt
1003 5090 1278 5161 Sapientes
1301 5092 1402 5166 (ά).
1427 5093 1530 5151 Sed
1558 5095 1633 5151 illi
1652 5111 1743 5152 sex
1764 5098 1885 5152 vitae

301 5193 503 5245 genere
539 5179 1033 5253 distinguebantur,
1062 5192 1114 5239 ct
1152 5184 1465 5255 quibusdam
1503 5189 1782 5257 prirceptis
1816 5189 1884 5245 ad

303 5268 444 5325 bene
466 5270 745 5327 vivendum
774 5274 1186 5333 accommodatis
1209 5293 1225 5332 :
1252 5277 1353 5335 iste
1379 5287 1559 5336 autem
1584 5279 1798 5350 Thales,
1829 5291 1887 5338 ut

386 5404 442 5456 α)
464 5408 671 5455 lauant.
695 5404 782 5456 lib.
806 5405 856 5456 5.

386 5415 420 5451 a
464 5408 671 5455 lactant.
695 5404 782 5456 lib.
806 5405 856 5456 5.

387 5462 419 5512 b
466 5466 565 5514 vid.
588 5475 765 5528 quaest.
788 5469 849 5517 57
867 5468 919 5517 in
941 5468 1113 5530 Judic.,
1136 5479 1253 5522 tom.
1272 5473 1323 5524 5.

393 5538 422 5573 ι·
466 5528 647 5585 Cicero,
672 5527 760 5578 lib.
779 5529 812 5579 δ
827 5530 1018 5581 Tttscul.
1042 5539 1237 5593 Qu:est.,
1264 5548 1323 5584 ca

433 5587 546 5645 )Hic
564 5588 759 5639 Romulo
778 5599 1019 5646 regnante
1043 5595 1223 5644 vixisse
1237 5596 1323 5646 dici

466 5527 647 5598 ﬁcere,
672 5527 760 5598 lib.
779 5529 812 5579 δ
827 5530 1018 5581 Tttscul.
1042 5527 1237 5598 Qu:est.,
1257 5548 1368 5598 cap.
1394 5536 1443 5589 5.

433 5587 1019 5668 Litt-cnomulgregnante
1036 5587 1412 5668 jﬁixisse'dici'tur
1429 5587 1568 5663 infra,
1581 5601 1665 5653 lib.
1688 5602 1763 5666 18,
1779 5615 1886 5668 cap.

301 5642 388 5721 αξξ
651 5652 806 5722 ipsius
825 5642 916 5701 sex
934 5653 1021 5722 alii
1028 5642 1285 5722 sapientes
1293 5642 1421 5709 ’έὶέῆι
1485 5642 1511 5710 ἰ’
1522 5642 1570 5710 7.}
1582 5642 1885 5715 -|..;;‘t;t‘li’t'::il’:

1012 5711 1114 5788 [iia's
1129 5719 1386 5788 Prienzeus,
1398 5721 1459 5788 _Cl
1494 5711 1665 5776 obuius
1684 5711 1884 5788 limitis,

305 5769 566 5822 Periander
583 5769 868 5836 carinuiius,
898 5781 947 5825 et
968 5769 1104 5827 Solon
1133 5769 1453 5835 Atheniensis.

1614 329 1814 387 Lllllill
1853 325 2186 386 OCTAVUS.

3426 344 3532 401 9.20

1960 455 2295 500 successores
2320 446 2478 502 etiam
2509 461 2855 523 propagaret,
2885 468 3062 510 rerum
3103 465 3346 515 natumut
3383 476 3535 519 scru-

1960 540 2100 588 tatus
2122 549 2349 607 suasque
2372 538 2754 609 disputationes
2783 544 2973 601 litteris
2996 547 3253 606 mandans
3276 551 3533 621 eminuit;

1960 626 2294 695 maximeque
2320 631 2645 688 admirabilis
2668 636 2900 704 exstitit,
2927 639 3068 710 quod
3106 643 3409 714 astrologia:
3437 660 3539 700 nu-

1962 717 2125 771 meris
2145 722 2563 790 comprehensis,
2585 724 2821 782 defectus
2840 729 2970 784 solis
2990 739 3044 785 et
3063 730 3203 786 luna:
3223 733 3383 788 etiam
3404 749 3540 805 prato

1962 805 2143 862 dicere
2180 813 2345 879 potuit
2379 812 2474 881 (ιι).
2516 817 2719 885 Aquam
2750 828 2923 876 tamen
2967 824 3167 891 putavit
3204 840 3382 883 rerum
3420 843 3541 883 esse

1963 899 2303 971 principium,
2329 915 2384 960 et
2414 906 2536 961 hinc
2560 910 2735 964 omnia
2760 910 3021 969 elementa
3050 917 3235 973 mundi
3264 920 3542 991 ipsumque

1965 993 2242 1060 mundum,
2272 1004 2327 1050 et
2351 1011 2470 1066 qua:
2498 998 2552 1052 in
2581 1014 2647 1054 eo
2673 1001 2978 1072 gignuntur,
3008 1008 3256 1065 existere.
3284 1010 3421 1066 Nihil
3447 1028 3543 1066 au-

1967 1091 2073 1141 tem
2116 1086 2237 1141 huic
2268 1090 2450 1157 operi,
2478 1091 2619 1161 quod
2657 1095 2855 1150 mundo
2880 1098 3215 1156 considerato
3242 1112 3347 1157 tam
3376 1103 3546 1159 admi-

1969 1177 2135 1233 rabile
2172 1180 2491 1250 aspicimus,
2533 1198 2598 1238 ex
2634 1184 2814 1241 divina
2846 1199 3027 1245 mente
3067 1196 3371 1263 praeposuit.
3411 1194 3545 1251 lluic

1970 1272 2227 1325 Successit
2261 1272 2671 1342 Anaximander,
2710 1276 2826 1348 ejus
2860 1278 3090 1346 auditor,
3123 1286 3445 1358 mutavitque
3476 1288 3548 1343 de

1970 1375 2147 1416 rerum
2184 1371 2369 1419 natura
2398 1366 2722 1435 Opinionem.
2748 1368 2863 1425 Non
2889 1372 3029 1427 enim
3055 1388 3126 1429 ex
3161 1390 3262 1431 una
3292 1392 3382 1442 re,
3411 1379 3551 1433 sicut

1972 1452 2168 1509 Thales
2206 1471 2274 1511 ex
2316 1455 2569 1526 humore,
2606 1458 2703 1515 sed
2746 1476 2810 1517 ex
2857 1464 2971 1519 suis
3012 1466 3242 1536 propriis
3278 1468 3551 1539 principiis

1974 1560 2209 1616 quasque
2237 1563 2323 1604 res
2348 1549 2492 1605 nasci
2527 1552 2748 1621 putavit.
2783 1553 2914 1621 Qua:
2942 1570 3118 1611 rerum
3157 1558 3413 1630 principia
3439 1561 3554 1615 sin-

1973 1637 2217 1707 gularum
2240 1653 2360 1694 esse
2379 1640 2608 1697 credidit
2633 1642 2855 1709 inﬁnita,
2885 1655 2939 1701 et
2965 1646 3377 1706 innumerabiles
3401 1667 3556 1707 mun-

1975 1725 2074 1783 dos
2102 1728 2318 1798 gignere
2337 1768 2353 1795 ,
2381 1739 2437 1786 et
2470 1746 2818 1804 quaecumque
2850 1735 2903 1790 in
2936 1736 3015 1792 eis
3047 1738 3324 1806 oriuntur;
3355 1755 3557 1813 eosque

1976 1818 2207 1875 mundos
2223 1820 2385 1877 modo
2398 1821 2636 1887 dissolvi.
2660 1825 2818 1881 modo
2839 1826 3030 1884 iterum
3049 1830 3192 1900 gigni
3211 1832 3556 1899 existimavit,

1976 1918 2172 1979 quanta
2197 1911 2423 1982 quisque
2444 1923 2603 1971 astate
2630 1930 2726 1970 sua
2764 1932 2978 1974 manere
3016 1921 3281 1990 potuerit;
3313 1938 3413 1979 nec
3442 1924 3560 1996 ipse

1977 2000 2175 2072 aliquid
2199 2002 2395 2059 divinae
2422 2006 2587 2061 menti
2626 2006 2678 2062 iti
2706 2008 2791 2064 his
2815 2025 2993 2067 rerum
3018 2014 3272 2084 operibus
3298 2017 3558 2074 tribuens.

1978 2088 2084 2149 Iste
2123 2093 2508 2153 Anaximettem
2532 2098 2548 2130 ¹
2585 2097 2901 2171 discipulum
2938 2114 2994 2160 et
3028 2089 3391 2163 successorem
3432 2109 3563 2166 reli.

1981 2185 2133 2254 quit:
2155 2186 2244 2256 qtti
2271 2202 2458 2244 omnes
2482 2205 2659 2245 rerum
2683 2208 2872 2251 causas
2896 2196 3102 2253 lnﬁnito
3123 2200 3233 2255 aeri
3254 2199 3438 2257 dedit:
3460 2216 3561 2259 nec

1980 2272 2112 2330 deos
2139 2277 2380 2347 negarit,
2419 2289 2511 2333 aut
2543 2282 2735 2347 tacuit;
2767 2299 2872 2340 non
2909 2294 3084 2342 tamen
3123 2288 3192 2344 ab
3220 2288 3348 2363 ipsis
3380 2305 3561 2347 aerem

1982 2365 2176 2422 factum
2197 2410 2212 2433 ,
2242 2369 2336 2425 sed
2363 2371 2506 2441 ipsos
2528 2388 2594 2428 ex
2625 2388 2751 2430 aere
2777 2385 2925 2433 ortos
2947 2380 3188 2436 credidit.
3214 2382 3562 2457 Anaxagoras

1985 2474 2134 2526 vero,
2162 2461 2278 2531 ejus
2301 2463 2528 2532 auditor,
2553 2464 2739 2523 harum
2765 2485 2942 2525 rerum
2966 2473 3226 2540 omnium,
3253 2490 3385 2547 quas
3417 2476 3563 2533 vide—

1984 2564 2103 2606 mus
2120 2591 2136 2617 ,
2163 2551 2464 2612 edcctorem
2491 2556 2726 2613 divinum
2762 2560 3000 2635 animum
3031 2565 3229 2630 sensit;
3257 2577 3310 2621 et
3335 2567 3468 2627 dixit
3495 2584 3563 2626 ex

1986 2642 2188 2699 inﬁnita
2230 2648 2480 2716 materia,
2519 2664 2639 2721 qnze
2678 2645 2945 2710 constaret
2986 2656 3286 2715 similibus‘
3330 2659 3466 2716 inter
3503 2675 3566 2718 se

1983 2736 2280 2807 particulis,
2302 2755 2479 2796 rerum
2504 2744 2739 2800 omnium
2767 2761 2962 2817 genera
2992 2763 3089 2819 pro
3114 2751 3344 2807 modulis
3366 2760 3421 2808 et
3444 2731 3565 2825 spe-

1984 2828 2168 2885 ciebus
2195 2832 2422 2901 propriis
2455 2834 2659 2906 singula
2696 2837 2812 2894 ﬁeri
2834 2840 2876 2902 ',
2908 2839 3002 2895 sed
3030 2843 3212 2897 animo
3239 2843 3460 2899 faciente
3484 2844 3567 2900 di-

1985 2920 2130 2978 vino.
2162 2923 2423 2995 Diogenes
2444 2942 2655 2997 quoque
2681 2927 2778 3001 (θ),
2811 2931 3152 2988 Anaximenis
3176 2934 3312 2989 alter
3333 2934 3564 3003 auditor,

1986 3027 2164 3068 aerem
2203 3016 2415 3085 quidem
2453 3018 2586 3075 dixit
2628 3036 2803 3076 rerum
2847 3036 2966 3079 esse
3002 3026 3311 3093 materiam,
3354 3025 3423 3084 de
3460 3043 3565 3098 qua

1985 3106 2162 3160 omnia
2195 3106 2411 3173 ﬁerent;
2443 3109 2538 3164 sed
2565 3125 2685 3164 eum
2712 3127 2831 3167 esse
2856 3124 3154 3184 compotem
3180 3117 3372 3173 divinae
3397 3118 3565 3173 ratio-

1988 3196 2092 3261 nis,
2119 3196 2236 3251 sine
2260 3212 2361 3268 qua
2390 3199 2519 3254 nihil
2543 3215 2608 3255 ex
2638 3217 2702 3254 co
2731 3204 2841 3257 ﬁeri
2871 3216 3065 3274 posset.
3095 3208 3422 3279 Anaxagora:
3444 3224 3563 3266 suc-

1985 3286 2149 3345 cessit
2171 3287 2380 3342 auditor
2399 3289 2514 3358 ejus
2536 3291 2828 3346 Archelaus
2853 3311 2865 3344 :
2887 3296 3046 3350 etiam
3072 3297 3185 3367 ipse
3204 3297 3271 3353 de
3293 3301 3563 3368 particulis

1988 3382 2128 3438 inter
2153 3397 2212 3438 se
2239 3373 2519 3447 similibus,
2548 3383 2741 3452 quibus
2770 3385 3226 3459 singula‘qumque
3257 3390 3460 3456 iterent,
3493 3393 3562 3446 ita

1896 3505 1906 3516 .
1987 3474 2195 3544 putavit
2217 3485 2463 3533 constare
2486 3474 2661 3528 omnia
2684 3516 2699 3545 ,
2754 3487 2805 3528 ιιι
2835 3477 3008 3535 inesse
3030 3481 3188 3535 etiam
3217 3490 3446 3535 mentem
3477 3483 3561 3536 tli-

1986 3574 2166 3631 ccrct,
2197 3584 2316 3638 qua:
2344 3572 2563 3640 corpora
2603 3581 2799 3627 :uterna
2823 3572 2875 3639 ³,
2908 3574 2956 3628 id
2986 3584 3067 3629 est
3098 3576 3213 3629 illas
3242 3576 3560 3646 particulas,

1986 3659 2357 3729 conjungendo
2402 3670 2457 3715 et
2498 3661 2803 3732 dissipando
2843 3677 3025 3734 ageret
3070 3668 3267 3722 omnia.
3315 3669 3562 3723 Set-rates

1988 3750 2147 3821 hujus
2170 3752 2459 3823 discipulus
2490 3755 2650 3810 fuisse
2677 3758 2998 3825 perhibetur,
3025 3760 3274 3830 magister
3302 3761 3560 3828 Platonis,

1987 3851 2205 3915 prepter
2228 3859 2385 3915 quem
2415 3845 2646 3901 breviter
2679 3858 2864 3903 cuncta
2894 3849 2991 3904 ista
3027 3834 3264 3906 rccolui.’

2197 3957 2421 4016 CAPUT
2450 3959 2535 4016 111.
2564 3991 2632 4001 --
2662 3961 2739 4017 De
2767 3942 3028 4019 Socratico
3059 3966 3347 4037 disciplina.

2056 4071 2303 4131 Socrates
2335 4091 2464 4146 ergo
2498 4078 2702 4147 primus
2738 4079 3038 4134 universam
3080 4079 3467 4151 philosophiam
3495 4084 3562 4139 ad

1985 4167 2329 4238 corrigendos
2361 4168 2865 4240 componendosque
2902 4185 3078 4226 mores
3111 4169 3319 4227 ﬂexisse
3355 4188 3579 4227 meum."

1985 4268 2162 4324 ratur;
2189 4277 2307 4315 cum
2337 4270 2463 4317 ante
2500 4263 2645 4316 illum
2671 4278 2856 4318 omnes
2879 4264 3047 4334 magis
3076 4263 3337 4336 physicis,
3369 4264 3419 4320 id
3448 4277 3524 4322 est
3542 4306 3560 4332 ,

1988 4353 2349 4420 naturalibus,
2391 4348 2979 4424 rebus'pcrscrutandis
3016 4373 3231 4427 operam
3276 4359 3560 4415 maximam

1989 4443 2355 4513 impenderent
2393 4444 2488 4514 (c).
2530 4445 2643 4500 Non
2685 4446 2811 4500 mihi
2855 4457 3030 4501 autem
3069 4448 3277 4503 videtur
3314 4465 3469 4518 posse
3495 4452 3560 4506 ad

1986 4536 2241 4605 liquidum
2271 4537 2464 4607 colligi,
2499 4546 2674 4591 utrum
2703 4538 2970 4603 Socrates,
3004 4548 3060 4592 ut
3093 4539 3194 4595 hoc
3224 4540 3437 4603 i'arerct,
3473 4552 3561 4595 toe-

1987 4625 2077 4680 dio
2105 4640 2276 4680 rerum
2303 4626 2645 4679 obscurarum
2667 4635 2722 4680 et
2748 4627 3066 4682 incertarum
3096 4628 3160 4683 ad
3186 4631 3384 4700 aliqttid
3411 4644 3563 4702 aper-

1989 4725 2100 4770 tum
2131 4725 2185 4771 et
2207 4724 2409 4771 certum
2438 4717 2805 4787 reperiendum
2832 4717 3065 4774 animum
3088 4716 3394 4788 intenderit,
3422 4722 3563 4791 quod

1988 4817 2131 4863 esset
2171 4807 2340 4863 beata:
2377 4808 2499 4862 vita:
2536 4812 2929 4874 necessarium;
2972 4822 3185 4881 propter
3211 4828 3367 4883 quam
3404 4828 3562 4866 uuam

1988 4899 2226 4953 omnium
2252 4899 2685 4971 philosophorum
2715 4901 3016 4973 invigilasse
3040 4915 3103 4957 ac
3131 4903 3398 4957 laborasse
3426 4903 3566 4960 vide-

1988 5055 2068 5168 ωι
2105 5054 2240 5106 \‘ind.
2273 5062 2374 5103 Am.
2397 5060 2493 5115 ειη,
2519 5053 2847 5108 dissimilibus.
2869 5057 2941 5105 sic
2961 5069 3130 5106 rursus
3147 5054 3267 5104 infra
3288 5055 3411 5116 loco,
3435 5055 3570 5111 sinti-

2054 5130 2127 5168 us.

2054 5130 2127 5169 :18.

2050 5180 2084 5246 ξ.
2102 5188 2293 5246 omnes
2304 5193 2456 5246 prope
2479 5187 2609 5239 Mss,
2636 5193 2803 5231 rerum
2822 5180 3035 5246 mimum
3063 5178 3234 5244 quibus
3254 5179 3356 5246 suis
3383 5186 3430 5232 et
3453 5195 3568 5246 pro-

1986 5237 2110 5317 priis
2133 5237 2323 5312 singula
2334 5237 2466 5317 fieri.
2490 5237 2858 5317 Q'giranuens‘is
2888 5250 3018 5317 μετ’
3043 5237 3208 5317 rerum
3228 5237 3572 5317 nuntiantem-

1986 5299 2166 5374 basque
2181 5299 2286 5374 suis
2300 5299 2578 5374 ei_proprii§
2585 5299 3089 5374 sinqttlaﬁeriq—Mss:
3100 5307 3256 5374 nostri
3280 5299 3576 5374 legunu'ﬁe-

1986 5361 2236 5473 asapia,
2250 5361 2376 5473 ﬁeri,
2402 5361 2646 5419 et'caatera
2669 5361 2799 5418 Sicut
2817 5361 3041 5427 plerique
3064 5371 3144 5415 Pl’.
3161 5361 3575 5420 Benedictiudr'um

2080 5435 2197 5475 I008.
2261 5434 2322 5477 Il.

2055 5488 2077 5516 ι
2109 5486 2245 5533 Vino.
2272 5492 2370 5531 am.
2398 5487 2449 5530 et
2469 5489 2564 5540 ειη,
2589 5479 2860 5535 diminutio.
2948 5529 2959 5535 ,

2076 5546 2127 5607 n)
2147 5545 2262 5593 Vide
2284 5545 2582 5607 Ciceronem,
2604 5542 2669 5592 de
2691 5542 3009 5607 Divinatione,
3029 5542 3191 5607 libat,
3219 5560 3324 5607 cap.
3348 5545 3426 5596 49.

2076 5558 2106 5592 a
2147 5546 2262 5593 \‘idc
2284 5546 2582 5600 Ciceronem,
2604 5546 2669 5592 de
2691 5546 3009 5602 Divinatione,
3029 5546 3118 5594 lib.
3149 5546 3191 5604 1.
3219 5560 3324 5607 cap.
3348 5546 3426 5596 49.

2054 5546 2127 5670 Eb;
2151 5608 2392 5670 Diogenes
2411 5603 2516 5662 ille,
2542 5603 2887 5670 non_Cytticus,
2910 5604 3363 5670 sedgltpolloniates,
3387 5609 3449 5657 de
3474 5619 3571 5669 quo

1988 5664 2169 5725 cicero,
2198 5664 2282 5715 lib.
2309 5664 2418 5729 ide
2441 5664 2853 5729 Nratura‘deOrum,
2871 5679 2978 5729 cap.
3005 5664 3082 5717 12'.

1974 5729 2129 5841 iuba?
2145 5730 2331 5841 (ἓξὲξ-οὶ
2355 5725 2478 5776 Iib.t
2509 5725 2729 5777 Academ.
2749 5725 2946 5791 Quaest;
2964 5739 3071 5793 cap.
3090 5728 3147 5794 4;
3185 5729 3373 5781 Tuscul.
3394 5735 3551 5789 ρυειιδι

1974 5793 2078 5842 ‘lib.
2098 5791 2144 5851 ii,
2169 5802 2273 5848 cap.
2298 5791 2348 5837 4.
