4064 6468
499 334 604 391 227

499 456 588 503 tur
624 446 882 503 industria
912 463 929 501 :
957 460 1025 502 an
1065 456 1226 513 vero,
1256 445 1393 500 sicut
1430 443 1498 500 de
1535 444 1629 500 illo
1664 445 1877 516 quidam
1917 444 2083 499 bene-

496 537 763 594 volentius
805 537 1200 608 suspicantur‘,
1248 536 1464 591 nolebat
1508 535 1810 590 immundos
1857 535 2082 590 terrenis

496 631 870 702 cupiditatibus
905 629 1111 685 animos
1143 642 1204 685 se
1230 628 1521 684 extendere
1550 628 1603 682 in
1632 627 1808 683 divina
1836 626 2016 683 conari
2037 629 2079 679 ³.

497 720 935 792 Quandoquidem
975 719 1042 775 ab
1077 716 1158 774 eis
1190 733 1378 774 causas
1406 733 1584 774 rerum
1614 717 1826 772 videbat
1853 716 2079 787 inquiri,

495 826 629 883 quas
652 812 846 882 primas
863 819 1023 881 atque
1047 823 1283 865 summas
1303 808 1511 865 nonnisi
1537 808 1591 864 in
1617 809 1773 865 unius
1799 824 1862 863 ac
1885 807 2076 864 summi

497 903 588 957 Ilei
611 902 632 933 ³
658 901 922 956 voluntate
949 915 1068 957 esse
1094 900 1348 957 credebat
1376 917 1390 954 :
1422 900 1567 957 unde
1596 917 1701 955 non
1732 915 1824 956 eas
1863 900 2084 971 putabat

495 991 592 1046 nisi
624 991 874 1045 mundata
907 1000 1087 1046 mente
1108 1004 1267 1062 posse
1291 989 1708 1060 comprehendi;
1735 999 1791 1045 et
1819 990 1937 1045 ideo
1961 1005 2085 1060 pur-

494 1079 682 1149 gandae
726 1080 880 1135 bonis
920 1080 1162 1136 moribus
1202 1079 1328 1135 vitae
1365 1081 1617 1136 censebat
1653 1079 1954 1137 instandum
1980 1122 1995 1147 ,
2026 1088 2084 1134 ιιι

492 1170 919 1241 deprimentibus
943 1171 1247 1227 libidinibus
1275 1178 1593 1228 exoneratus
1620 1171 1830 1226 animus
1856 1170 2081 1225 naturali

491 1262 672 1331 vigore
701 1262 754 1315 in
782 1271 980 1317 asterna
1005 1276 1066 1317 se
1094 1262 1380 1329 attolleret,
1405 1271 1755 1332 naturamque
1780 1261 2080 1331 incorporei

492 1361 547 1406 et
576 1352 1024 1409 incommutabilis
1053 1354 1300 1420 luminis,
1332 1354 1418 1409 ubi
1445 1366 1618 1409 causa:
1642 1354 1885 1408 omnium
1917 1351 2082 1408 facta~

493 1458 611 1497 rum
652 1452 962 1499 naturarum
992 1444 1253 1499 stabiliter
1282 1445 1498 1509 vivunt,
1531 1444 1895 1515 intelligentia:
1935 1443 2082 1513 puri-

498 1543 608 1589 tate
634 1539 969 1605 conspiceret
997 1534 1096 1607 (a).
1128 1537 1345 1592 Constat
1370 1551 1490 1591 eum
1518 1544 1692 1591 tamen
1719 1537 2080 1606 imperitorum

494 1626 772 1682 stultitiam
802 1629 941 1683 scire
972 1644 1033 1683 se
1064 1628 1262 1700 aliquid
1293 1629 1619 1699 opinantium
1638 1670 1653 1697 ,
1685 1631 1844 1685 etiam
1871 1630 1925 1685 in
1955 1631 2084 1700 ipsis

494 1716 785 1772 moralibus
802 1718 1204 1788 qumstionibus,
1221 1734 1324 1788 quo
1346 1727 1514 1775 totum
1534 1721 1768 1774 animum
1791 1720 2083 1777 intendisse

490 1805 791 1873 videbatur,
813 1808 895 1862 vel
915 1808 1159 1863 confessa
1186 1809 1482 1879 ignorantia
1509 1824 1626 1874 sua,
1649 1810 1730 1864 vel
1752 1809 2081 1866 dissimulata

491 1898 745 1964 scientia,
773 1900 959 1971 lepore
984 1901 1213 1957 mirabili
1238 1902 1532 1958 disserendi
1563 1912 1617 1958 et
1653 1904 1958 1958 acutissima
1987 1916 2079 1959 ur“.

491 1989 726 2047 bonitate
761 1993 990 2062 agitasse
1030 2004 1189 2063 atque
1227 2009 1489 2049 versasse.
1524 1994 1679 2050 Unde
1712 2004 1765 2049 et
1805 1996 2081 2050 concitatis

491 2079 782 2136 inimicitiis
808 2082 1133 2138 calumniosa
1162 2083 1533 2139 criminatione
1563 2083 1875 2148 damnatus,
1909 2095 2083 2141 morte

490 2172 778 2228 mulctatus
817 2181 917 2228 est.
953 2172 1055 2229 Sed
1082 2189 1202 2229 eum
1233 2183 1415 2244 postea
1446 2175 1533 2228 illa
1563 2175 1696 2245 ipsa,
1726 2190 1844 2245 qua:
1873 2175 2083 2245 publice

489 2262 865 2330 damnaverat,
908 2264 1308 2319 Atheniensium
1350 2265 1535 2319 civitas
1574 2264 1788 2335 publice
1823 2266 1990 2331 luxit,
2022 2267 2077 2320 in

487 2353 622 2408 duos
644 2363 983 2410 accusatores
1004 2354 1118 2423 ejus
1144 2354 1218 2424 (lt)
1247 2369 1415 2425 usque
1439 2355 1572 2409 adeo
1612 2355 1794 2426 populi
1837 2354 2079 2425 indigna-

491 2445 636 2500 tione
662 2459 919 2500 couversa
940 2485 955 2509 ,
989 2454 1047 2500 ut
1071 2459 1207 2499 unus
1230 2460 1413 2499 eorum
1444 2460 1735 2515 oppressus
1761 2446 1813 2499 vi
1839 2447 2080 2500 multitu-

489 2535 628 2590 dinis
656 2535 932 2602 interiret,
960 2536 1149 2591 exsilio
1174 2545 1351 2590 autem
1379 2536 1673 2590 voluntario
1698 2545 1858 2607 atque
1895 2552 2081 2608 perpe-
2136 2532 2145 2545 “

488 2637 581 2681 tuo
625 2641 835 2696 pmnam
880 2627 1109 2682 similem
1156 2628 1294 2683 alter
1338 2626 1610 2683 evaderet.
1649 2626 1781 2682 Tam
1825 2629 2077 2698 pnnclara

492 2708 651 2788 igitur
679 2723 800 2774 vice
828 2719 1121 2788 mortisque
1147 2719 1283 2774 fama
1310 2719 1558 2775 Socrates
1586 2720 1794 2790 reliquit
1824 2721 2080 2790 plurimos

490 2826 600 2865 sua:
621 2810 972 2880 philosophia:
996 2819 1307 2876 sectatores,
1328 2826 1552 2881 quorum
1576 2813 1818 2868 certatim
1841 2806 2076 2870 studium

492 2900 671 2955 fuitin
700 2902 1054 2970 quaestionum
1100 2903 1381 2959 muralium
1415 2902 1801 2973 disceptatione
1838 2906 2036 2961 versari
2059 2950 2074 2974 ,

491 2990 578 3045 ubi
607 2982 872 3060 agitur'de
898 3006 1108 3047 summo
1132 2991 1295 3057 bono,
1323 3006 1429 3062 quo
1456 2992 1568 3047 fieri
1591 2992 1753 3048 homo
1777 2993 1963 3050 beatus
1982 3010 2080 3066 po-

491 3090 594 3137 test
612 3080 654 3138 ⁸.
683 3081 833 3150 Quod
864 3082 914 3137 in
957 3081 1195 3137 Socratis
1235 3083 1716 3153 disputationibus,
1748 3085 1871 3141 dum
1900 3089 2078 3141 omuia

491 3180 700 3238 movet,
728 3172 945 3237 asserit,
978 3171 1239 3239 destruit,
1268 3174 1517 3244 quoniam
1549 3189 1655 3229 non
1681 3176 1958 3233 evidenter
1981 3192 2080 3247 ap-

491 3264 702 3333 paruit;
729 3262 870 3334 quod
896 3264 1088 3334 cuique
1118 3264 1331 3334 placuit,
1361 3264 1485 3321 inde
1514 3277 1878 3336 sumpserunt,
1906 3278 1961 3324 et
1990 3270 2079 3325 ubi

490 3355 681 3425 cuique
725 3354 895 3409 visum
941 3364 1059 3419 est,
1104 3356 1495 3412 constituerunt
1541 3355 1699 3412 ﬁnem
1745 3359 1890 3415 boni.
1933 3361 2080 3415 Finis

494 3456 674 3504 autem
704 3449 829 3505 boni
856 3449 1172 3519 appellatur,
1200 3465 1306 3519 quo
1335 3452 1559 3521 quisque
1583 3466 1703 3506 cum
1743 3453 2077 3522 pervenerit,

494 3539 682 3595 beatus
706 3548 810 3595 est.
842 3539 933 3596 Sic
971 3549 1148 3595 autem
1187 3540 1425 3597 diversas
1463 3542 1603 3597 inter
1634 3557 1693 3597 se
1733 3542 1987 3599 Socratici
2013 3543 2080 3599 de

491 3631 595 3686 isto
622 3631 727 3686 line
750 3631 1041 3687 sententias
1066 3632 1401 3699 habuerunt,
1432 3641 1492 3689 ut
1524 3634 1686 3705 (quod
1712 3636 1797 3691 vix
1826 3635 2080 3692 credibile

490 3732 594 3789 est,
616 3724 777 3779 unius
802 3723 1041 3795 magistri
1067 3725 1302 3794 potuisse
1327 3723 1501 3782 facere
1529 3728 1843 3800 sectatores)
1864 3729 2077 3800 quidam

490 3829 759 3868 summum
789 3813 986 3869 bonum
1015 3829 1136 3870 esse
1161 3815 1400 3871 dicerent
1424 3816 1773 3887 voluptatem,
1801 3820 1937 3874 sicut
1961 3820 2080 3875 Ari-

492 3906 696 3974 stippus
721 3920 737 3968 ;
770 3904 981 3974 quidam
1007 3905 1257 3960 virtutem
1280 3946 1295 3971 ,
1326 3906 1460 3961 sicut
1492 3908 1854 3965 Antisthenes.
1883 3910 1969 3966 Sic
1992 3912 2080 3966 alii

492 4004 653 4065 utque
674 3992 759 4048 alii
781 3994 923 4049 aliud
944 4004 1102 4065 atque
1125 3995 1268 4063 aliud
1288 3997 1491 4067 Opinati
1513 4008 1635 4054 sunt
1658 4015 1671 4053 :
1695 4015 1829 4072 quos
1848 4016 2082 4059 comme-

494 4100 705 4140 morare
730 4084 944 4156 lougnm
974 4094 1057 4141 est
1083 4084 1172 4158 (ε).
1196 4127 1204 4134 .

494 4199 716 4256 CAPUT
742 4199 833 4257 iV.
865 4231 937 4241 —
972 4194 1052 4255 De
1090 4202 1344 4272 praecipuo
1383 4202 1512 4256 inter
1551 4202 1779 4259 Socratis
1809 4206 2082 4277 discipulos

564 4288 816 4358 Platone,
846 4291 932 4363 qui
956 4306 1152 4346 onmem
1180 4292 1561 4363 philosOpltiam
1590 4294 1779 4367 triplici
1814 4299 2083 4368 partitione

568 4384 817 4440 distinxit.

567 4496 675 4553 Sed
706 4497 844 4552 inter
868 4494 1156 4566 discipulos
1194 4495 1462 4566 Socratis,
1494 4491 1599 4553 non
1638 4500 1853 4570 quidem
1894 4501 2082 4558 imme-

493 4592 598 4646 rito
615 4630 631 4653 ,
664 4589 1102 4644 excellentissima
1128 4589 1294 4659 gloria
1321 4590 1544 4659 claruit,
1570 4592 1662 4661 qui
1684 4592 1706 4623 ⁵
1733 4594 1950 4649 omnino
1973 4610 2077 4650 ca:-

496 4689 640 4738 tcros
663 4680 1005 4743 obscuraret,
1035 4680 1209 4736 Plato.
1241 4680 1341 4749 Qui
1367 4696 1490 4737 cum
1521 4692 1664 4737 esset
1698 4685 2076 4754 Atheniensis,

498 4778 725 4829 honesto
745 4771 882 4842 apud
913 4786 1040 4826 suos
1063 4772 1180 4826 loco
1207 4782 1382 4839 natus,
1405 4784 1459 4828 et
1479 4775 1694 4845 ingenio
1715 4776 1941 4834 mirabili
1966 4779 2081 4833 ιοιμ

495 4881 561 4933 ge
586 4856 714 4919 suos
738 4862 1133 4931 condiscipulos
1162 4864 1426 4929 anteiret;
1458 4881 1643 4933 parum
1674 4874 1851 4922 tamen
1889 4877 2079 4937 putans

495 4953 832 5026 perﬁciendae
860 4952 1208 5024 philosophiae
1240 4954 1491 5011 suflicere
1517 4970 1576 5011 se
1603 4958 1773 5028 ipsum
1800 4974 1861 5015 ac
1891 4960 2076 5017 Socra-

561 5064 578 5097 ⁸
613 5070 697 5115 Ms.
729 5062 841 5121 vos,
866 5061 1158 5126 suspicatur.
1222 5069 1281 5113 Μ.

560 5127 582 5184 '_
614 5134 742 5176 Unus
764 5130 811 5174 et
838 5123 962 5175 alter
985 5132 1087 5184 tus"
1114 5130 1158 5175 et
1178 5123 1361 5175 conari.

561 5182 585 5260 ξ
615 5187 749 5260 editi,
774 5184 917 5237 unius
933 5183 1034 5237 veri
1070 5182 1130 5237 ac
1163 5185 1339 5238 διεπιιηί
1381 5185 1483 5237 Dei.
1505 5186 1667 5250 Abest,
1686 5188 1803 5253 veri,
1838 5203 1867 5242 a
1903 5205 2073 5243 mann-

495 5248 702 5384 έῗξψὲᾷ
720 5313 924 5384 etiam,
941 5308 1044 5384 sine
1062 5320 1156 5384 quo
1183 5304 1295 5384 ﬁeri
1312 5309 1451 5382 [tumo
1469 5309 1629 5384 beatus
1655 5326 1747 5364 non
1762 5320 1932 5381 pateat.
1958 5317 2075 5367 Editi

497 5369 597 5428 alii,
624 5376 674 5418 et
691 5373 941 5432 manuscrit
960 5372 994 5422 ti
1017 5369 1258 5431 omittunt,
1280 5371 1418 5431 sine;
1438 5378 1505 5430 et,
1532 5386 1641 5425 non.

560 5433 931 5502 {Asianuscr‘ipth
955 5441 1083 5502 qum.
1102 5439 1184 5502 γει
1208 5436 1386 5485 nostris
1409 5442 1512 5484 Mss.
1537 5437 1630 5486 766
1666 5447 1718 5489 et
1757 5436 1898 5499 2053,
1935 5448 2076 5501 (nuc;

497 5486 621 5541 20in
647 5499 698 5543 et
718 5486 861 5554 2033,
888 5486 988 5554 qui.
1073 5501 1132 5544 lu.

561 5554 634 5617 (It)
664 5553 789 5617 Apud
813 5553 1072 5611 Platonem,
1096 5555 1143 5603 in
1163 5554 1417 5617 l’hzcdoue.

559 5613 631 5677 (b)
657 5613 867 5664 M'elitum
893 5621 944 5663 et
981 5622 1178 5678 austum
1209 5615 1453 5684 intelligit,
1488 5634 1692 5684 quorum
1730 5621 1813 5684 ille
1845 5621 2076 5674 multatus

497 5685 697 5747 piorte,
742 5684 1053 5747 Anytttsvero
1084 5678 1321 5747 ΔειςειιιςιιὊ
1362 5678 1554 5733 coactus
1585 5692 1679 5736 cst.
1720 5683 1847 5736 Plato
1869 5686 1917 5735 iu
1958 5694 2076 5747 Λιο-

498 5730 622 5797 Iogia
644 5730 863 5795 socratis,
890 5744 940 5786 et
963 5744 1119 5787 taert.
1145 5740 1194 5787 in
1214 5748 1421 5793 Socrate.

564 5799 633 5861 (r)
661 5806 681 5845 \
695 5798 772 5849 ide
788 5800 1083 5861 Ciceronem,
1108 5799 1189 5851 lii).
1213 5801 1242 5851 2
1262 5803 1324 5853 de
1348 5806 1551 5855 Finibus.

1532 334 1617 389 DE
1655 333 1971 390 ClVlTATE
2013 333 2144 402 DEI,
2185 335 2239 389 S.
2282 332 2645 389 ACCUSTINI

3662 350 3765 411 228

2192 445 2348 520 ticam
2375 443 2738 514 disciplinam,
2766 461 2924 517 quam
2955 448 3109 521 longe
3151 450 3362 525 lateque
3396 458 3567 527 potuit
3610 475 3767 529 pere.

2186 533 2424 604 grinattts
2463 542 2574 600 est,
2614 551 3035 606 quaquaversum
3074 556 3197 598 eum
3234 545 3458 616 alicujus
3494 551 3769 609 nobilitate

2186 624 2423 716 scientia:
2438 626 2791 696 pereipiendic
2816 627 2952 683 fama
2977 633 3234 702 rapiebat.
3253 634 3432 708 Itaque
3456 649 3509 696 et
3533 641 3589 697 in
3609 644 3770 716 Egy-

2188 722 2279 806 pto
2303 715 2486 771 didicit
2508 732 2856 790 qumcumque
2891 721 3002 777 illic
3035 738 3224 795 magna
3252 726 3586 788 habebantur
3609 715 3770 806 atque

2186 805 2550 876 docebantur,
2580 817 2635 865 et
2662 810 2785 866 inde
2812 812 2864 866 in
2893 828 2985 869 eas
3024 815 3186 872 italite
3223 829 3403 889 partes
3429 825 3648 881 veniens
3677 805 3769 883 ubi

2187 895 2653 968 Pythagora-orum
2689 901 2828 957 fama
2857 903 3261 974 celebrabatur,
3291 911 3546 983 quidquid
3574 915 3769 973 ltalicn:

2189 986 2538 1069 philosophiae
2574 1000 2702 1048 tunc
2738 993 2993 1061 ﬂorebat,
3020 998 3216 1055 auditis
3249 1003 3687 1063 eminentioribus
3715 1012 3768 1063 in

2186 1092 2248 1133 ea
2273 1078 2581 1172 doctoribus
2608 1082 2858 1142 facillime
2884 1091 3309 1161 comprehendit.
3338 1095 3407 1150 Et
3436 1097 3557 1167 quia
3594 1104 3768 1172 magi-

2185 1180 2354 1261 strum
2375 1171 2648 1230 Socratem
2674 1177 3008 1248 singulariter
3028 1181 3300 1255 diligebat,
3322 1201 3442 1244 eum
3465 1190 3768 1261 loquentem

2187 1260 2299 1317 fere
2323 1263 2377 1317 in
2406 1267 2655 1321 omnibus
2689 1272 3025 1328 sermonibus
3065 1276 3177 1331 suis
3214 1277 3449 1348 faciens,
3480 1260 3638 1338 etiam
3678 1286 3770 1340 illa

2186 1369 2305 1425 quae
2337 1358 2417 1412 vel
2461 1359 2529 1414 ab
2562 1360 2681 1416 aliis
2718 1362 3008 1431 didicerat,
3042 1369 3122 1424 vel
3163 1371 3274 1441 ipse
3300 1382 3493 1443 quanta
3523 1384 3772 1446 potuerat

2187 1446 2531 1519 intelligentia
2559 1452 2803 1521 viderat,
2833 1470 2955 1511 cum
2997 1459 3138 1515 illius
3176 1462 3358 1531 lepore
3390 1475 3444 1521 et
3481 1470 3771 1524 moralibus

2185 1536 2630 1607 disputationibus
2668 1549 3000 1615 temperavit.
3044 1550 3224 1621 Itaque
3256 1569 3376 1609 cum
3415 1558 3645 1614 studium
3675 1577 3771 1616 sa-

2186 1629 2400 1696 pientiae
2436 1630 2489 1685 in
2531 1634 2739 1691 actione
2767 1645 2821 1692 et
2857 1643 3304 1712 contemplatione
3336 1658 3594 1714 versetur,
3625 1652 3771 1705 unde

2186 1734 2290 1776 una
2312 1736 2435 1791 pars
2454 1723 2571 1793 ejus
2593 1727 2783 1793 activa,
2812 1731 2977 1786 altera
3004 1738 3409 1808 contemplativa
3432 1741 3532 1795 dici
3558 1751 3769 1814 potest;

2184 1825 2406 1880 quarum
2434 1818 2604 1873 activa
2643 1817 2709 1874 ad
2747 1821 3005 1892 agendam
3039 1826 3233 1892 vitam,
3269 1829 3319 1884 id
3349 1842 3462 1898 est,
3492 1833 3557 1887 ad
3589 1849 3773 1890 mores

2184 1902 2573 1976 instituendos,
2604 1911 2862 1979 pertinet,
2891 1918 3295 1986 contemplativa
3325 1932 3500 1978 autem
3534 1924 3604 1979 ad
3637 1940 3773 1980 eon-

2183 1993 2487 2063 spieiendas
2505 2006 2707 2056 naturae
2730 2016 2918 2058 causas
2939 2015 2995 2060 et
3016 2007 3431 2066 sincerissimam
3452 2015 3730 2071 veritatem
3751 2035 3768 2071 :

2184 2082 2435 2142 Socrates
2458 2088 2511 2141 in
2535 2090 2704 2145 activa
2725 2095 3041 2153 cxcelluisse
3061 2113 3415 2167 memoratur;
3442 2105 3773 2177 Pythagoras

2182 2189 2312 2232 vero
2335 2179 2503 2250 magis
2526 2184 2973 2255 contemplativa,
2994 2190 3184 2259 quibus
3210 2194 3380 2262 potuit
3404 2195 3773 2267 intelligentia:

2181 2269 2417 2339 viribus,
2450 2273 2708 2333 institisse
2737 2278 2832 2350 (a).
2869 2279 3099 2339 Proinde
3136 2286 3284 2342 Plato
3321 2297 3605 2362 utrumque
3635 2292 3770 2362 jun-

2180 2365 2356 2433 gendo
2385 2367 2769 2441 philosophiam
2795 2376 3083 2445 perfecisse
3110 2380 3371 2448 laudatur,
3393 2398 3553 2454 quam
3580 2376 3647 2439 ἰδ’
3659 2394 3774 2441 tres

2184 2465 2361 2524 partes
2400 2458 2667 2517 distribuit
2699 2479 2714 2519 :
2745 2471 2904 2520 unam
2945 2472 3197 2524 moralem
3222 2514 3237 2537 ,
3281 2489 3398 2542 qtue
3439 2478 3673 2533 maxime
3714 2479 3775 2534 in

2180 2550 2392 2604 actione
2414 2562 2691 2622 versatur;
2717 2560 2941 2614 alteram
2969 2565 3281 2629 naturalem,
3306 2582 3427 2638 qu:c
3446 2574 3776 2642 contempia-
3875 2586 3888 2595 '

2182 2639 2309 2694 tioni
2352 2641 2601 2712 deputata
2638 2658 2754 2712 est;
2797 2654 3004 2707 tertiam
3049 2656 3394 2723 rationalem,
3436 2676 3537 2731 qua
3579 2639 3772 2719 verum

2179 2728 2579 2790 disterminntur
2597 2752 2626 2792 a
2654 2738 2788 2794 falso
2813 2759 2826 2794 :
2850 2758 2966 2811 qua:
2991 2744 3115 2801 licet
3139 2749 3365 2819 utrique,
3390 2728 3549 2807 idest
3570 2756 3772 2812 actioni

2174 2830 2237 2876 et
2260 2828 2713 2897 contemplationi,
2737 2833 2806 2887 sit
2832 2838 3151 2900 necessaria,
3182 2842 3411 2896 maxime
3436 2851 3612 2899 tamen
3640 2860 3775 2900 cou-

2182 2917 2456 2985 templatio
2497 2925 2915 2994 perspectioncm
2955 2929 3055 2983 sibi
3084 2930 3317 2986 vindicat
3346 2935 3602 2991 veritatis.
3642 2935 3773 2991 Ideo

2182 3006 2297 3063 haec
2326 3009 2611 3077 tripartitio
2640 3030 2744 3071 non
2771 3028 2855 3072 est
2881 3023 3145 3076 contraria
3177 3025 3249 3078 illi
3279 3018 3630 3095 distinctioni,
3662 3046 3772 3100 qua

2182 3098 2493 3171 intelligitur
2516 3119 2676 3160 omne
2698 3108 2929 3183 studium
2958 3114 3233 3182 sapientia:
3256 3117 3306 3171 in
3334 3120 3543 3175 actione
3567 3131 3621 3176 et
3638 3098 3774 3177 cnu-

2182 3193 2527 3261 templatione
2561 3197 2873 3256 consistere.
2900 3202 3035 3269 Quid
3064 3216 3240 3262 autem
3271 3213 3333 3263 itr
3366 3210 3448 3266 his
3474 3213 3556 3267 vel
3584 3213 3653 3269 de
3682 3212 3773 3270 his

2178 3282 2404 3352 singulis
2449 3288 2688 3356 partibus
2729 3291 2878 3347 Plato
2919 3298 3181 3364 senserit,
3225 3299 3275 3353 id
3320 3310 3436 3369 est,
3478 3303 3566 3358 ubi
3607 3306 3772 3362 linem

2179 3378 2416 3433 onmium
2447 3381 2747 3451 actionum,
2779 3386 2867 3442 ubi
2894 3403 3109 3445 causam
3142 3392 3379 3448 omnium
3420 3407 3731 3454 naturarum
3753 3441 3771 3465 ,

2181 3468 2270 3522 ubi
2301 3470 2476 3524 lumen
2506 3474 2741 3529 omnium
2776 3478 3039 3535 rationum
3066 3495 3185 3538 esse
3213 3488 3518 3554 cognoverit
3543 3490 3623 3545 vel
3651 3504 3774 3545 crc-

2181 3558 2399 3628 didcrit,
2426 3563 2739 3624 disserendo
2766 3571 3031 3642 explicare
3056 3584 3110 3629 et
3135 3575 3350 3646 longum
3372 3594 3490 3634 esse
3514 3581 3772 3649 arbitror,

2183 3659 2237 3704 et
2263 3659 2462 3710 temere
2490 3654 2860 3716 afﬁrntandum
2890 3678 3012 3720 esse
3040 3681 3144 3720 non
3182 3669 3431 3723 arbitror.
3461 3670 3592 3729 Cum
3620 3672 3771 3726 enim

2183 3742 2421 3812 magistri
2451 3747 2532 3801 sui
2560 3747 2794 3805 Socratis
2812 3792 2826 3816 ,
2853 3767 3011 3823 quem
3040 3753 3162 3811 facit
3193 3756 3244 3811 in
3274 3757 3385 3814 suis
3412 3759 3775 3815 voluminibus

2183 3831 2561 3904 disputantem,
2588 3840 2918 3898 notissimum
2948 3861 3149 3901 morem
3174 3847 3570 3905 dissimulanda:
3593 3852 3774 3906 scien-

2185 3924 2272 3981 tiae
2296 3927 2379 3981 vei
2403 3929 2668 3997 opinionis
2691 3948 2803 3987 suae
2830 3948 3044 3992 servare
3067 3937 3297 4006 allectat,
3326 3942 3444 4010 quia
3472 3951 3526 3996 et
3554 3941 3625 3996 illi
3655 3943 3773 4014 ipse

2183 4031 2299 4072 mos
2340 4019 2562 4088 placuit,
2595 4023 2787 4078 factum
2829 4034 2911 4080 cst
2948 4037 3002 4082 ut
3042 4029 3201 4083 etiam
3243 4030 3408 4100 ipsius
3438 4032 3672 4087 Platonis
3700 4033 3774 4088 tle

2183 4108 2343 4165 rebus
2384 4114 2589 4183 magnis
2624 4118 2900 4173 sententiae
2939 4134 3043 4174 non
3083 4120 3234 4178 facile
3271 4124 3494 4193 perSpici
3539 4126 3771 4195 possint.

2184 4198 2259 4254 Ex
2283 4200 2367 4256 his
2387 4210 2563 4258 tamen
2584 4221 2702 4277 qua:
2721 4208 2859 4276 apud
2880 4224 3000 4264 eum
3025 4211 3285 4282 leguntur,
3310 4214 3421 4270 sive
3441 4230 3558 4285 qua:
3577 4216 3704 4271 dixit
3726 4218 3769 4285 ί,

2183 4290 2294 4345 sive
2318 4309 2433 4362 qua:
2455 4295 2522 4348 ab
2545 4297 2664 4351 aliis
2689 4299 2830 4355 dicta
2854 4300 2973 4357 esse
2993 4307 3225 4359 narravit
3248 4314 3407 4377 atque
3425 4309 3769 4378 conscripsit,

2183 4396 2301 4451 qua:
2328 4383 2426 4438 sibi
2454 4386 2641 4455 placita
2664 4390 2989 4457 viderentur,
3013 4396 3253 4465 qna-dam
3278 4401 3685 4457 commemorari
3714 4413 3774 4457 ιιι

2185 4473 2305 4530 huic
2332 4480 2478 4547 operi
2514 4481 2674 4538 inseri
2701 4495 2908 4554 oportet
2935 4503 2964 4540 a
2994 4489 3178 4556 nobis,
3208 4491 3290 4545 vel
3321 4492 3408 4547 ubi
3446 4492 3775 4564 suil‘ragatur

2182 4570 2423 4641 religioni
2446 4590 2606 4643 verte,
2633 4590 2789 4647 quam
2816 4580 2945 4636 fides
2973 4592 3149 4638 nostra
3176 4582 3395 4654 suscipit
3419 4602 3481 4641 ac
3504 4586 3768 4653 defendit,

2182 4663 2266 4717 vel
2293 4663 2378 4720 ubi
2405 4667 2452 4721 ei
2483 4669 2692 4725 videtur
2722 4687 2843 4728 esse
2877 4678 3203 4742 contrarius,
3229 4690 3482 4750 quantum
3513 4681 3577 4736 ad
3608 4682 3771 4737 istam

2180 4755 2251 4813 de
2280 4775 2384 4814 uno
2414 4758 2523 4817 Deo
2548 4773 2599 4819 et
2626 4764 2864 4834 pluribus
2893 4770 3123 4838 pertinet
3151 4767 3518 4841 quresﬁonem,
3547 4784 3775 4844 propter

2180 4851 2363 4918 vitam,
2382 4871 2499 4924 qum
2518 4866 2635 4924 post
2652 4870 2874 4914 mortem
2901 4859 3072 4916 futura
3095 4872 3195 4929 est,
3219 4866 3481 4920 veraciter
3502 4867 3704 4921 beatam
3720 4871 3770 4923 '.

2184 4944 2444 5004 Fortassis
2466 4951 2608 5005 enim
2631 4956 2717 5022 qui
2747 4950 3021 5009 Platonem
3047 4955 3256 5011 caeteris
3284 4957 3612 5029 philosophis
3633 4946 3772 5029 gen-

2183 5038 2310 5092 tium
2341 5038 2496 5111 longe
2525 5052 2771 5114 recteque
2800 5046 3074 5115 prmlatum
3104 5047 3310 5105 acutius
3337 5058 3496 5120 atque
3522 5049 3772 5106 veracius

2180 5131 2506 5189 intellexisse
2531 5144 2689 5207 atque
2713 5139 2879 5193 secuti
2906 5153 3026 5195 esse
3053 5139 3191 5195 fama
3218 5140 3510 5198 celebriora
3537 5141 3770 5197 laudan-

2182 5235 2287 5289 tur,
2315 5225 2514 5298 aiiquid
2544 5228 2645 5285 tale
2669 5230 2737 5288 dc
2767 5231 2874 5287 Deo
2900 5234 3154 5297 sentiunt,
3178 5242 3237 5289 ιιι
3266 5235 3317 5289 in
3344 5235 3435 5290 illo
3464 5235 3772 5291 inveniatur

2179 5327 2234 5373 et
2254 5332 2413 5373 causa
2443 5319 2783 5389 subsistendi,
2817 5332 2870 5378 et
2896 5323 3035 5379 ratio
3063 5324 3411 5397 intelligendi,
3441 5336 3496 5383 et
3520 5326 3653 5383 ordo
3680 5328 3767 5381 vi-

2243 5495 2261 5564 ξ
2295 5502 2345 5564 In
2366 5501 2416 5545 Β.
2438 5495 2803 5564 omissa-verba,
2827 5499 2924 5551 sive
2946 5514 3057 5564 qua:
3078 5501 3223 5553 dixit.
3267 5510 3321 5551 at.

2241 5558 2262 5589 ³
2294 5558 2366 5628 sic
2389 5565 2586 5628 veteres
2605 5558 2734 5628 libri=
2751 5568 2804 5610 At
2828 5558 3067 5628 impressi,
3087 5572 3314 5628 quantum:
3334 5565 3401 5615 ad
3420 5563 3562 5615 istaut
3583 5563 3646 5628 de
3667 5576 3712 5611 it:
3734 5574 3770 5613 ο

2179 5627 2279 5670 Ι)ρο
2300 5624 2347 5668 et
2368 5616 2587 5690 pluribus
2609 5622 2813 5690 pertinet
2854 5616 3177 5690 (μὶωδιὶοἱιέιη,
3202 5640 3343 5690 quem
3370 5635 3574 5690 pmptcr_
3589 5622 3760 5690 vitam,

2178 5692 2288 5743 qua:
2308 5687 2410 5745 post
2443 5689 2641 5745 mortem
2665 5683 2829 5741 futura
2850 5683 2936 5741 est,
2971 5683 3225 5737 νει-νήιον
3242 5683 3425 5739 beatam
3444 5683 3465 5737 .”
3504 5686 3589 5736 col:
3602 5687 3758 5739 ntmn

2179 5742 2279 5815 esse
2295 5742 2548 5815 pollicitique
2571 5743 2811 5815 religionis
2833 5749 3002 5798 asserit
3025 5749 3298 5815 divin/itm.
3325 5750 3576 5815 Fortassis,
3601 5756 3701 5801 Cic.

2241 5803 2313 5868 (α)
2335 5805 2464 5855 Conf.
2490 5805 2574 5856 lib.
2602 5805 2619 5857 I
2649 5803 2711 5859 de
2732 5815 2870 5859 Cons.
2894 5815 3052 5874 Evang
3073 5846 3088 5870 ,
3106 5825 3156 5862 n.
3182 5811 3260 5865 ii.
