4064 6492
292 323 416 379 L829.

295 434 450 489 vendi
482 452 496 486 :
527 447 756 504 quorum
790 433 944 486 trium
965 472 979 495 ,
1005 445 1169 486 unum
1197 429 1263 485 ad
1292 429 1580 484 naturalem
1600 469 1616 494 ,
1647 429 1870 482 alterum

292 527 359 580 ad
384 526 724 589 rationalem,
753 524 963 578 tertimn
985 523 1050 577 ad
1072 523 1324 578 moralem
1351 533 1550 592 partem
1573 521 1878 590 intelligitur

293 619 584 687 lwrtincre.
629 616 686 671 Si
728 616 870 670 enim
914 615 1070 668 homo
1113 614 1183 668 ita
1223 623 1433 668 creatus
1463 623 1578 680 est,
1607 625 1664 667 ut
1700 628 1795 683 per
1825 612 1876 667 id

291 706 435 774 quod
465 707 517 760 in
547 721 612 760 eo
639 705 913 775 praecellit,
938 705 1160 774 attingat
1184 703 1331 769 illud,
1360 703 1500 773 quod
1527 713 1712 758 cuncta
1743 718 1877 769 prae-

292 798 461 862 cellit,
495 797 548 851 id
577 807 679 860 est,
715 811 878 850 unum
914 811 1092 850 verum
1122 796 1379 864 Optimum
1413 795 1599 860 Deum,
1629 795 1742 850 sine
1771 808 1876 862 quo

293 891 440 943 nulla
469 899 657 944 natura
691 889 952 951 subsistit,
985 887 1124 942 nulla
1155 887 1394 942 doctrina
1437 887 1666 952 instruit,
1699 885 1875 940 nullus

294 996 425 1034 usus
452 980 671 1049 expedit
695 998 708 1034 :
735 975 848 1050 ipse
873 989 1170 1050 quieralur,
1203 978 1289 1032 tibi
1325 978 1476 1032 nobis
1504 992 1690 1032 secura
1710 979 1725 1008 ¹
1753 985 1877 1030 sunt

293 1072 510 1138 onmia;
543 1072 657 1140 ipse
685 1080 969 1134 cernatur,
1003 1069 1090 1123 ubi
1131 1069 1283 1122 nobis
1323 1076 1465 1123 certa
1507 1076 1629 1121 sunt
1664 1065 1871 1129 omnia;

293 1162 410 1229 ipse
438 1162 711 1232 diligatur,
742 1161 828 1215 ubi
857 1161 1008 1218 nobis
1033 1169 1175 1215 recta
1202 1168 1326 1214 sunt
1347 1158 1546 1214 omnia.

292 1270 524 1326 CAPUT
564 1270 632 1322 V.
651 1299 722 1310 —
754 1269 903 1335 Quod
927 1271 988 1324 de
1014 1270 1265 1339 theologia
1280 1285 1391 1322 cum
1411 1267 1690 1322 Platonici:
1717 1269 1873 1336 potir-

363 1363 550 1415 simum
579 1362 961 1431 disceptandum
1011 1363 1095 1426 sit,
1141 1377 1352 1433 quarunt
1398 1361 1624 1430 opinioni
1651 1360 1872 1414 omnium

365 1451 786 1520 philowpIiorum
816 1450 1157 1521 postpoueuda
1183 1451 1282 1504 sint
1310 1450 1564 1520 dogmata.

364 1559 424 1613 Si
463 1573 592 1630 ergo
621 1559 773 1613 Plato
805 1559 894 1614 Dei
925 1559 1082 1629 hujus
1123 1559 1474 1626 imitatorem,
1519 1560 1867 1630 cognitorem,

291 1660 588 1703 amatorem
616 1649 747 1703 dixit
771 1664 891 1704 esse
929 1652 1240 1719 sapientem,
1283 1649 1433 1719 cujus
1470 1649 1872 1720 participatione

292 1741 364 1792 sit
401 1738 610 1806 beatus,
636 1739 763 1809 quid
793 1755 926 1810 opus
949 1750 1031 1794 est
1056 1750 1304 1794 excutere
1328 1740 1586 1794 exteros?
1609 1740 1747 1795 Nulli
1778 1758 1873 1795 nn-

291 1828 400 1896 bis,
421 1845 579 1900 quam
607 1831 712 1896 isti,
745 1833 960 1900 prepius
980 1840 1317 1885 accesserunt
1346 1830 1440 1902 (a).
1476 1830 1641 1886 Cedat
1664 1833 1742 1888 eis
1771 1833 1871 1902 igi-

294 1929 384 1975 tur
413 1937 517 1976 non
546 1923 720 1977 solum
754 1923 1015 1994 theologia
1042 1924 1130 1978 illa
1163 1923 1399 1978 fabulosa
1428 1924 1646 1979 deorum
1688 1926 1870 1980 crimi-

292 2013 453 2069 nibus
485 2014 762 2070 oblectans
799 2017 1005 2070 animos
1035 2016 1346 2086 impiorum;
1376 2033 1476 2072 nec
1513 2016 1681 2072 solum
1711 2019 1870 2073 etiam

294 2105 383 2157 illa
409 2105 598 2169 civilis,
644 2105 730 2160 ubi
777 2106 965 2175 impuri
997 2106 1264 2162 dzemones
1306 2109 1643 2164 terrestribus
1667 2109 1872 2180 gaudiis

291 2194 499 2249 deditos
522 2197 746 2265 populos
767 2197 984 2251 deorum
1010 2198 1223 2253 nomine
1247 2198 1579 2266 sednccntes,
1609 2201 1869 2257 humanos

291 2301 510 2341 errores
539 2296 791 2356 tanquam
815 2302 942 2342 suos
971 2287 1180 2342 divinos
1207 2290 1437 2343 honores
1465 2289 1662 2346 habere
1687 2277 1870 2348 voluev

293 2387 439 2442 lunt,
465 2377 532 2432 ad
561 2379 880 2447 spectandos
904 2395 1118 2433 suorum
1147 2380 1426 2434 criminum
1453 2380 1606 2436 ludos
1633 2383 1868 2438 cultores

288 2483 418 2523 suos
439 2479 688 2540 tanquam
713 2471 778 2525 ad
804 2485 958 2524 smuu
987 2471 1184 2526 cultum
1214 2473 1400 2527 studiis
1431 2473 1868 2528 immundissimis

289 2561 586 2616 excitantes
605 2563 647 2625 ³,
676 2570 731 2616 et
755 2561 856 2617 sibi
886 2561 1304 2617 delectabiliorcs
1330 2562 1481 2617 ludos
1509 2563 1574 2619 de
1604 2564 1732 2634 ipsis
1753 2579 1874 2634 spe-

287 2652 585 2706 ctaloribus
609 2653 953 2707 exhibentes:
981 2654 1066 2707 ubi
1093 2655 1134 2707 si
1159 2669 1256 2723 qua
1282 2655 1422 2710 velut
1441 2654 1657 2711 honesta
1678 2671 1872 2728 gelun-

290 2752 374 2796 tur
402 2742 452 2795 in
484 2743 719 2812 templis,
753 2743 1032 2814 conjuncta
1058 2745 1158 2798 sibi
1191 2739 1510 2800 theatrorum
1543 2746 1870 2802 obscenitate

289 2844 597 2902 turpantur;
630 2845 682 2890 et
711 2852 1057 2906 qumcumquc
1080 2838 1246 2906 turpia
1271 2849 1525 2907 geruntur
1549 2840 1597 2892 in
1623 2839 1866 2906 theatris,

287 2937 591 2994 comparata
623 2927 724 2981 sibi
767 2928 1080 2997 templorum
1112 2928 1348 2983 laaditate
1376 2929 1670 2983 laudantur.
1712 2930 1778 2983 Et
1805 2947 1865 2984 ea

288 3033 408 3087 qua:
437 3016 610 3071 Varro
636 3033 701 3072 ex
732 3018 811 3071 his
842 3019 1027 3083 sacris,
1055 3018 1205 3087 quasi
1243 3018 1307 3072 ad
1347 3019 1539 3074 uelum
1578 3029 1630 3074 et
1672 3030 1865 3074 terram

288 3111 894 3179 rerumquemortalium
919 3110 1117 3164 semina
1139 3119 1192 3164 et
1211 3119 1360 3164 actus
1378 3112 1750 3177 interpretatus
1765 3121 1864 3175 est;

287 3200 410 3270 quia
435 3216 534 3254 nec
559 3201 670 3268 ipsa
701 3201 803 3254 illis
837 3200 1023 3254 ritibus
1047 3200 1430 3267 significantur,
1455 3219 1573 3269 ιιυίυ
1598 3202 1709 3270 ipse
1737 3203 1867 3255 insi-

289 3305 453 3344 nuare
491 3300 748 3354 conatur;
779 3297 834 3344 et
862 3289 980 3342 ideo
1008 3290 1206 3343 veritas
1236 3302 1512 3344 conantem
1545 3307 1650 3344 non
1693 3291 1870 3361 sequi-

287 3391 408 3436 tur:
437 3393 489 3436 et
519 3382 564 3435 si
592 3381 705 3452 ipsa
735 3389 933 3445 essent,
966 3390 1140 3436 tamen
1168 3381 1357 3436 anima:
1380 3384 1620 3438 rationali
1649 3400 1731 3448 ea,
1751 3402 1866 3454 qua:

288 3471 420 3524 infra
442 3472 584 3524 ilium
605 3469 830 3524 naturali
854 3470 1038 3525 ordine
1054 3472 1335 3525 constituta
1355 3481 1496 3536 sunt,
1527 3489 1620 3542 pro
1645 3473 1745 3527 deo
1768 3490 1864 3529 suo

287 3561 510 3614 colenda
528 3576 634 3615 non
651 3568 830 3614 essent
847 3575 862 3624 ;
887 3575 983 3614 nec
998 3559 1094 3614 sibi
1116 3559 1365 3630 praeferre
1389 3560 1588 3626 debuit,
1618 3572 1863 3631 tanquam

288 3649 442 3716 deos,
482 3664 574 3705 cas
600 3663 710 3716 res,
741 3648 931 3718 quibus
959 3649 1124 3717 ipsam
1157 3651 1386 3718 prietulit
1412 3665 1570 3704 verus
1614 3650 1772 3706 Deus.
1803 3651 1867 3707 lit

286 3756 372 3806 ea,
403 3756 524 3811 qua:
554 3740 724 3795 Numa
754 3741 1040 3812 Pompilius
1079 3755 1265 3795 revera
1304 3740 1369 3795 ad
1415 3756 1562 3796 sacra
1601 3743 1862 3812 ejusmodi

288 3830 606 3898 pertinentia
629 3844 808 3884 secum
824 3828 1130 3899 sepeliendo
1148 3831 1352 3886 curavit
1373 3831 1644 3899 abscondi,
1671 3841 1725 3888 et
1743 3850 1866 3887 ara-

287 3930 372 3975 tro
401 3931 550 3976 eruta
591 3929 809 3976 senatus
842 3920 999 3990 jussit
1036 3921 1264 3976 incendi.
1306 3921 1362 3975 ln
1403 3937 1468 3977 eo
1509 3939 1703 3993 genere
1743 3935 1868 3983 sunt

285 4016 446 4068 etiam
472 4014 581 4078 illa,
612 4012 888 4082 ut'aliquid
914 4013 981 4068 de
1000 4012 1167 4068 Numa
1184 4013 1363 4068 mitius
1381 4015 1728 4084 suspicemur,
1745 4034 1865 4089 qua:

285 4105 590 4160 Alexander
628 4105 845 4160 Macedo
885 4105 1071 4160 scribit
1107 4105 1174 4160 ad
1212 4116 1457 4169 matrem,
1489 4109 1588 4163 sibi
1615 4124 1644 4163 a
1673 4126 1864 4181 magno

286 4199 525 4252 antistite
551 4212 827 4252 sacrorum
853 4196 1225 4268 Egyptiorum
1251 4197 1480 4267 quodam
1510 4198 1686 4256 Leone
1719 4212 1867 4271 pate-

288 4289 424 4342 facta
456 4287 567 4361 (b):
601 4287 691 4342 ubi
721 4304 825 4342 non
857 4287 1013 4342 Picus
1039 4295 1094 4343 et
1122 4287 1337 4343 Faunus
1371 4298 1425 4343 ct
1449 4288 1648 4344 Encas
1675 4301 1729 4346 et
1756 4292 1865 4347 Ro-

289 4382 483 4446 mulus,
513 4381 598 4434 vel
626 4381 784 4435 etiam
814 4380 1065 4436 Hercules
1088 4389 1140 4435 et
1168 4379 1500 4451 Aisculapius
1521 4392 1573 4438 et
1591 4383 1748 4438 Liber
1767 4385 1865 4440 Se-

286 4474 459 4526 mela‘
488 4481 663 4538 natus,
693 4480 747 4526 et
766 4471 1080 4542 Tyndarida:
1100 4472 1312 4538 fratres,
1341 4475 1461 4529 etsi
1485 4490 1617 4544 quos
1642 4477 1774 4530 alios
1793 4493 1862 4533 ex

284 4562 602 4618 mortalibus
628 4577 724 4632 pro
750 4562 851 4617 diis
873 4562 1088 4628 habent,
1119 4563 1210 4618 sed
1243 4565 1339 4633 ipsi
1366 4565 1525 4620 etiam
1555 4567 1810 4634 majorum
1839 4572 1860 4602 ί

283 4655 522 4722 gentium
557 4653 651 4720 dii,
684 4667 820 4723 quos
843 4652 1030 4709 Cicero
1058 4654 1109 4708 in
1152 4654 1462 4710 Tusculanis
1492 4658 1662 4713 tacitis
1691 4659 1862 4714 nomi-

345 4835 362 4862 ι
402 4837 748 4894 ωοοιεεσᾳτα,
763 4828 953 4891 quidam
968 4835 1075 4877 Mss.
1099 4827 1520 4894 babent,_diserta.
1544 4829 1860 4894 Oolbertinus,

282 4892 482 4953 inserta.
507 4893 587 4940 Alii
615 4890 855 4953 plerique,
877 4897 1009 4953 certa
1033 4903 1050 4938 :
1071 4890 1197 4951 quod
1223 4891 1602 4953 verbumaltero
1621 4890 1861 4943 uihilomi-l

284 4967 375 5001 nus
399 4952 502 5002 loco
511 4950 743 5015 repetunt
757 4950 882 5012 post,
901 4950 1001 5013 ipse
1021 4950 1263 5015 canatur.
1280 4950 1577 5004 Nullibivero
1594 4955 1864 5006 invenimus

287 5015 563 5072 lectionem,
577 5014 735 5077 ’quam
749 5019 970 5077 veterum
993 5014 1422 5077 manusu'iptorum
1447 5027 1558 5077 esse
1578 5016 1690 5064 dicit
1711 5019 1860 5066 Ludo-

285 5079 423 5125 vicus
447 5073 620 5135 vives;
637 5073 858 5125 scilicet:
894 5073 992 5136 ipse
1029 5073 1291 5133 quatiatur,
1316 5073 1394 5123 ubi
1431 5076 1563 5125 nobis
1596 5084 1726 5126 certa
1754 5085 1862 5129 sunt

283 5137 478 5194 omnia;
508 5134 610 5199 ipse
640 5142 882 5199 cernatur,
913 5134 994 5184 ubi
1016 5135 1148 5199 nobis
1173 5147 1284 5199 uera
1304 5139 1607 5196 sunt'oumia,
1632 5145 1730 5188 etc.

353 5201 374 5230 ³
408 5194 546 5260 Editi',
569 5197 748 5260 habere
767 5196 1044 5256 voluerunt;
1067 5194 1146 5246 ubi
1168 5197 1231 5246 ad
1253 5199 1534 5260 spectandos
1555 5194 1751 5249 sitorum
1768 5201 1864 5252 cri-

285 5257 469 5307 minum
490 5258 648 5324 ludos,
671 5258 874 5324 cultores
896 5272 1004 5324 suos
1027 5265 1252 5320 tanquam
1272 5257 1385 5324 sua:
1415 5259 1632 5310 vanitatis
1653 5261 1862 5312 admini-

283 5319 797 5382 s_;ratoresgltabuerwit
826 5319 955 5382 {ubi
991 5333 1076 5382 per
1099 5332 1178 5368 cos
1217 5319 1281 5368 ad
1318 5333 1455 5369 suum
1480 5324 1658 5371 cultam
1689 5324 1863 5374 studiis

282 5379 682 5490 {)mmlulndissimis
705 5381 824 5433 alios
847 5379 1126 5442 excitantes,
1154 5386 1252 5431 etc.
1273 5384 1569 5445 castigantur
1594 5397 1658 5433 ex
1682 5388 1862 5434 veteri-

323 5455 380 5488 llS
421 5457 550 5490 ιδιίδ.

323 5455 380 5488 IIS
403 5455 550 5492 lllWlS.

353 5504 374 5533 ³
410 5504 541 5553 tind.
566 5511 668 5570 4m.
693 5511 746 5570 et
766 5510 867 5570 Er.,_
895 5503 1118 5570 maiores.
1154 5501 1320 5570 Melius
1356 5510 1464 5570 nov.
1490 5513 1545 5570 et
1566 5513 1693 5565 Mss.,
1714 5507 1864 5570 majo-

285 5576 419 5627 rum.
445 5571 552 5615 Mm
574 5567 638 5615 ita
660 5567 832 5615 Cicero
856 5567 905 5614 in
925 5566 1068 5627 citato
1093 5565 1214 5623 loco,
1246 5563 1331 5616 lib.
1367 5567 1390 5616 1
1432 5568 1569 5618 Acad.
1592 5563 1768 5627 Quaest.

353 5625 429 5685 (ο)
455 5633 660 5688 Devera
684 5627 857 5688 Itelig.,
881 5640 930 5675 n.
954 5624 1003 5674 7.

356 5688 430 5748 (b)
456 5687 553 5753 vid.
575 5689 715 5753 infra,
737 5688 904 5753 in_li_ne
928 5688 1068 5748 hujus
1090 5687 1219 5753 libri,
1242 5696 1292 5739 et
1317 5688 1400 5740 lib.
1423 5689 1496 5752 12,
1515 5702 1621 5753 cap.
1641 5690 1715 5751 lO,
1734 5704 1785 5740 n.
1810 5691 1857 5751 2;

289 5748 651 5811 iacniqpriaui,
670 5749 735 5799 de
761 5748 992 5797 Idolorum
1018 5751 1244 5798 vanitate.

1628 314 1823 370 LIBER
1863 313 2194 373 OCTAVUS.

3436 337 3540 396 9.59

1979 433 2133 488 uibus
2152 433 2360 492 videtur
2386 440 2641 511 attingere
2673 439 2807 513 (Lib.
2840 460 2878 510 ι,
2903 460 3019 516 cap.
3046 446 3157 518 l3),
3188 447 3411 520 Jupiter,
3439 453 3537 507 Ju-

1976 538 2067 613 no,
2106 525 2383 595 Saturnus,
2413 529 2696 601 Vulcanus,
2738 534 2919 611 Vesta,
2945 545 2998 593 et
3024 539 3112 592 alii
3142 539 3370 609 plurimi,
3403 559 3538 613 quos

1977 612 2144 669 Varro
2170 625 2389 671 conatur
2416 619 2480 674 ad
2520 623 2697 677 mundi
2736 635 2912 694 partes
2937 628 3048 683 sive
3073 628 3332 685 elementa
3364 612 3539 687 trans-

1977 705 2133 772 ferre,
2161 708 2402 766 homines
2431 712 2587 769 fuisse
2617 717 2927 786 produntur.
2962 721 3178 777 Timens
3202 723 3341 777 enim
3373 733 3426 778 et
3452 725 3540 780 ille

1975 797 2122 866 quasi
2142 800 2370 855 revelata
2391 805 2659 873 mysteria,
2683 815 2867 876 petens
2890 810 3137 867 admonet
3159 812 3534 877 Alexandrum,

1977 895 2033 942 ut
2058 904 2176 943 cum
2204 906 2264 945 ea
2291 896 2442 948 matri
2472 897 2765 967 conscripta
2803 898 3164 967 insinuaverit,
3204 903 3430 960 ﬂammis
3450 905 3546 975 jn-.

1973 976 2095 1033 beat
2122 985 2466 1039 concremari.
2491 985 2605 1040 Non
2631 988 2798 1043 solum
2819 1005 2944 1061 ergo
2964 992 3084 1060 ista,
3111 1010 3227 1064 qua:
3250 995 3368 1050 dum
3388 995 3540 1051 theo-

1974 1069 2148 1140 logiae,
2179 1072 2412 1130 fabulosa
2441 1078 2674 1133 continet
2700 1087 2754 1135 et
2780 1081 2967 1148 civilis,
3003 1083 3281 1140 l’latonicis
3306 1087 3534 1157 philoso-

1976 1165 2094 1233 phis
2123 1166 2330 1231 cedant,
2362 1170 2450 1239 qui
2477 1187 2655 1227 vcrum
2681 1173 2867 1241 Deum,
2897 1183 2950 1230 et
2971 1193 3144 1232 rerum
3167 1191 3456 1247 auctorem,
3483 1191 3538 1236 et

1974 1255 2210 1312 veritatis
2239 1259 2631 1327 illustratorem,
2660 1274 2712 1319 ct
2738 1265 3073 1322 beatitudinis
3094 1268 3395 1346 largitorem
3417 1289 3537 1328 esse

1973 1348 2252 1405 dixerunt:
2284 1353 2377 1408 sed
2421 1355 2508 1409 alii
2537 1372 2744 1428 quoque
2776 1358 3096 1430 philosophi,
3127 1361 3217 1431 qui
3242 1366 3536 1434 corporalia

1974 1450 2176 1495 natura:
2218 1443 2470 1514 principia
2518 1448 2725 1517 corpori
2783 1449 2975 1504 deditis
3025 1453 3287 1507 mentibus
3338 1458 3539 1525 opinati

1973 1540 2113 1595 sunt,
2138 1533 2326 1587 cedant
2345 1535 2424 1590 his
2445 1537 2604 1592 tantis
2631 1547 2684 1592 et
2711 1540 2839 1594 tanti
2863 1540 2954 1594 Dei
2977 1541 3335 1611 cognitoribus
3353 1545 3479 1600 viris
3497 1547 3537 1609 ‘,

1973 1629 2030 1674 ut
2060 1621 2248 1678 Thales
2275 1624 2326 1678 in
2357 1624 2596 1694 humore,
2637 1631 2992 1687 Anaximenes
3030 1635 3082 1688 in
3111 1648 3257 1703 aere,
3296 1635 3458 1692 Stoici
3489 1637 3538 1692 in

1973 1713 2114 1783 igne,
2145 1716 2398 1784 Epicurus
2426 1719 2477 1772 in
2518 1723 2728 1786 atomis,
2761 1723 2861 1776 hoc
2891 1735 2971 1777 est
3001 1726 3368 1783 minutissimis
3413 1743 3538 1783 cor-

1973 1807 2230 1874 pusculis,
2261 1824 2378 1878 qua:
2407 1826 2502 1865 nec
2539 1811 2700 1866 dividi
2742 1829 2838 1867 nec
2867 1817 3051 1870 sentiri
3095 1829 3311 1886 queunt,
3338 1829 3389 1873 et
3418 1819 3534 1889 qui-

1970 1913 2196 1968 cumque
2220 1901 2329 1966 alii,
2362 1918 2584 1972 quorum
2624 1908 3005 1960 enumerationi
3037 1909 3302 1963 immorari
3329 1926 3432 1966 non
3459 1919 3542 1966 est

1971 2003 2209 2053 necesse,
2239 1993 2350 2045 sive
2378 1993 2656 2061 simplicia,
2687 1995 2803 2050 sive
2847 1998 3122 2067 conjuncta
3151 2015 3392 2070 corpora,
3426 2003 3539 2057 sive

1973 2080 2076 2134 vita
2107 2082 2363 2145 carentia,
2394 2082 2508 2137 sive
2538 2085 2785 2151 viventia,
2811 2087 2903 2140 sed
2933 2095 3107 2142 tamen
3133 2103 3377 2158 corpora,
3409 2106 3540 2144 cau-

1970 2183 2081 2223 sam
2106 2171 2525 2242 principiumque
2544 2189 2720 2229 rerum
2745 2189 2862 2231 esse
2878 2175 3143 2232 dixerunt.
3166 2177 3296 2234 Nam
3322 2180 3534 2251 quidam

1970 2278 2152 2316 eorum
2180 2278 2207 2315 a
2231 2263 2387 2317 rebus
2414 2279 2516 2318 non
2547 2264 2678 2320 vivis
2703 2281 2787 2321 res
2811 2267 2961 2322 vivas
2989 2269 3100 2323 ﬁeri
3125 2284 3280 2339 posse
3301 2271 3540 2326 credide—
3615 2269 3618 2271 ⁴

1971 2365 2113 2418 runt,
2138 2354 2272 2408 sicut
2293 2355 2535 2424 Epicurei
2556 2374 2569 2410 :
2593 2357 2804 2434 quidam
2825 2374 2950 2413 vero
2973 2374 3002 2412 a
3027 2361 3232 2416 vivente
3252 2363 3461 2432 quidem
3484 2373 3538 2417 et

1971 2444 2197 2498 viventia
2225 2454 2278 2499 et
2305 2461 2408 2498 non
2437 2447 2684 2512 viventia,
2712 2447 2804 2501 sed
2835 2457 3010 2503 tamen
3039 2465 3070 2504 a
3095 2465 3322 2520 corpore
3346 2467 3538 2521 corpo-

1971 2551 2049 2587 ra.
2079 2535 2207 2588 Nam
2239 2536 2399 2590 Stoici
2427 2537 2622 2606 ignem,
2653 2537 2704 2592 id
2726 2546 2808 2592 est
2827 2553 3018 2608 corpus
3043 2555 3204 2595 unum
3231 2557 3295 2595 ex
3315 2541 3396 2596 his
3412 2559 3541 2613 qua-

1971 2636 2088 2678 tuor
2104 2625 2399 2692 elementis,
2423 2627 2612 2694 quibus
2643 2627 2863 2683 visibilis
2884 2631 3111 2685 mundus
3135 2631 3218 2685 hic
3241 2641 3465 2698 constat,
3487 2645 3541 2688 ω

1970 2710 2253 2782 viventem,
2277 2725 2331 2772 et
2351 2718 2664 2787 sapientem,
2694 2727 2750 2774 et
2774 2720 2937 2790 ipsius
2962 2720 3140 2776 mundi
3169 2721 3539 2777 fabricatorem

1967 2816 2124 2878 atque
2153 2809 2385 2863 omnium
2415 2826 2532 2881 qua:
2556 2812 2608 2865 in
2630 2827 2694 2866 eo
2716 2821 2859 2880 sunt,
2879 2827 3106 2884 eumque
3126 2815 3342 2870 omnino
3367 2815 3539 2885 ignem

1968 2900 2124 2954 deum
2153 2917 2270 2956 esse
2297 2912 2628 2972 putaverunt.
2656 2904 2715 2958 Hi
2755 2914 2808 2959 et
2845 2907 3021 2960 caeteri
3048 2906 3246 2961 similes
3275 2923 3456 2962 eorum
3488 2909 3537 2962 id

1969 2994 2137 3047 solum
2161 2997 2394 3064 cogitare
2417 3007 2720 3066 potuerunt,
2748 2999 2886 3069 quod
2916 3015 3034 3053 cum
3062 3000 3139 3053 eis
3163 3000 3320 3054 corda
3352 3016 3535 3056 eorum

1968 3085 2223 3140 obstricta
2247 3089 2421 3141 carnis
2448 3089 2690 3143 sensibus
2727 3089 2952 3144 fabulata
2983 3101 3123 3144 sunt.
3167 3091 3223 3145 lu
3255 3107 3314 3146 se
3343 3093 3537 3163 quippe

1970 3176 2232 3231 habebant
2260 3179 2396 3248 quod
2423 3195 2525 3234 non
2555 3181 2818 3246 videbant,
2849 3191 2901 3236 et
2925 3183 3061 3251 apud
3087 3198 3144 3238 se
3173 3185 3534 3253 imaginabun-

1970 3278 2052 3322 tur
2081 3269 2220 3340 quod
2253 3270 2382 3325 luris
2407 3272 2666 3338 viderant,
2691 3275 2848 3327 etiam
2877 3275 3087 3342 quando
3126 3291 3233 3330 non
3261 3278 3532 3343 videbant,

1966 3361 2059 3415 sed
2090 3362 2455 3416 tantummodo
2480 3363 2798 3433 cogitabant.
2829 3363 2939 3418 lloc
2967 3373 3145 3418 autem
3173 3365 3224 3419 in
3246 3376 3530 3434 conSpectu

1969 3452 2086 3506 talis
2114 3453 2446 3522 cogitationis
2471 3453 2580 3522 jam
2623 3470 2726 3508 non
2758 3462 2840 3508 est
2867 3470 3081 3523 corpus,
3121 3455 3211 3509 sed
3243 3457 3532 3510 similitudo

1965 3544 2223 3611 corporis.
2257 3543 2384 3598 lllud
2415 3553 2589 3598 autem
2620 3545 2756 3599 unde
2785 3544 2992 3600 videtur
3020 3547 3070 3599 in
3097 3545 3272 3598 animo
3304 3546 3418 3601 lucc
3458 3549 3534 3601 si-

1968 3633 2206 3685 tttiltltttln
2231 3636 2488 3702 corporis,
2514 3650 2611 3689 nec
2637 3651 2828 3702 corpus
2846 3646 2947 3698 est,
2979 3651 3077 3691 nec
3098 3637 3386 3691 similitudo
3415 3653 3534 3691 cor-

1969 3725 2142 3789 poris;
2168 3734 2221 3776 et
2256 3724 2392 3778 unde
2433 3725 2658 3790 videtur,
2689 3736 2844 3793 atque
2877 3736 3050 3780 utrum
3083 3727 3297 3794 pulchra
3338 3742 3404 3779 an
3432 3727 3531 3781 dc-

1967 3815 2148 3866 formis
2184 3817 2252 3868 sit
2277 3814 2560 3882 judicatur,
2605 3815 2840 3883 profecto
2865 3827 2945 3869 est
2984 3816 3173 3870 melius
3215 3831 3372 3885 quam
3419 3817 3532 3887 ipsa
3595 3863 3597 3866 t

1964 3923 2080 3974 qua:
2103 3907 2388 3975 jmlicatur.
2416 3907 2537 3960 ll.ec
2565 3924 2714 3961 mens
2742 3907 2971 3962 hominis
2995 3912 3083 3963 et‘
3115 3895 3388 3964 rationalis
3412 3912 3530 3962 ani-

1963 4010 2064 4049 ma:
2092 4005 2402 4059 natura’est,
2434 4013 2551 4067 qua:
2574 3998 2750 4068 utique
2775 4013 2964 4068 corpus
2994 4013 3094 4052 non
3120 4010 3235 4062 est;
3260 3998 3424 4068 sijarn
3443 4001 3529 4054 illa

1963 4088 2201 4155 corporis
2225 4087 2530 4155 similitudo,
2558 4103 2676 4142 cum
2700 4092 2750 4142 in
2777 4089 2952 4142 animo
2973 4090 3247 4158 cogitantis
3277 4090 3534 4158 aspicitur

1961 4192 2118 4253 atque
2138 4184 2419 4254 judicatur,
2450 4199 2548 4238 nec
2576 4185 2685 4254 ipsa
2707 4199 2898 4255 corpus
2919 4193 3017 4237 est.
3043 4183 3154 4238 Non
3181 4193 3262 4238 est
3285 4199 3410 4254 ergo
3431 4201 3529 4239 nec

1965 4283 2122 4339 terra,
2166 4291 2262 4329 nec
2290 4290 2447 4345 aqua,
2476 4291 2572 4331 nec
2599 4291 2707 4338 aer,
2741 4289 2837 4329 nec
2867 4275 2998 4344 ignis
3025 4292 3036 4326 :
3071 4275 3261 4343 quibus
3301 4284 3530 4345 quatuor

1961 4379 2109 4436 corpt
2127 4366 2289 4431 ribus,
2317 4383 2434 4438 quae
2457 4367 2700 4421 dicuntur
2727 4377 2952 4437 quatuor
2970 4367 3247 4430 elementa,
3275 4368 3523 4422 mundum

1962 4473 2274 4527 Corporeum
2299 4460 2534 4512 videmus
2557 4474 2674 4512 esse
2698 4467 3050 4530 compactum.
3079 4458 3244 4513 Porro
3270 4460 3313 4512 si
3345 4470 3523 4514 noster

1961 4550 2166 4601 animus
2191 4563 2382 4617 corpus
2408 4563 2512 4601 non
2538 4556 2639 4611 est,
2670 4547 2936 4617 quomodo
2963 4547 3100 4602 Deus
3124 4559 3334 4604 creator
3364 4551 3526 4607 animi

1962 4655 2152 4708 corpus
2177 4641 2292 4694 est?
2319 4640 2518 4694 Cedant
2546 4655 2673 4709 ergo
2702 4649 2755 4693 et
2784 4639 2891 4703 isti,
2923 4651 2982 4693 ut
3009 4641 3206 4694 dictum
3237 4650 3319 4696 est
3350 4643 3529 4697 Plato-

1962 4731 2124 4784 nicis:
2148 4731 2339 4786 cedant
2362 4738 2417 4786 et
2441 4730 2536 4798 illi,
2558 4745 2690 4802 quos
2711 4729 2927 4802 quidem
2952 4731 3139 4802 puduit
3158 4732 3340 4788 dicere
3362 4735 3525 4787 Deum

1960 4837 2154 4894 corpus
2188 4837 2327 4888 esse,
2357 4831 2720 4878 verumtamen
2753 4824 2987 4892 ejusdem
3013 4835 3235 4892 naturae,
3267 4824 3415 4895 cujus
3442 4827 3532 4880 ille

1961 4926 2062 4983 est,
2091 4915 2293 4970 animos
2319 4924 2529 4970 nostros
2552 4931 2670 4971 esse
2697 4925 3033 4988 putaverunt.
3061 4916 3134 4972 lta
3163 4933 3264 4970 non
3290 4931 3383 4971 eos
3404 4930 3524 4970 mo-

1963 5009 2036 5060 vit
2068 5017 2208 5060 tanta
2255 5008 2575 5061 Inutabililas
2617 5010 2827 5069 animae,
2871 5025 3026 5078 quam
3061 5010 3150 5061 Dei
3183 5017 3382 5060 naturm
3427 5007 3523 5061 tri-

1964 5100 2127 5153 buere
2158 5097 2302 5153 nefas
2331 5109 2432 5154 est.
2462 5097 2565 5153 Sed
2593 5099 2796 5162 dicunt,
2823 5099 3056 5166 Corpore
3083 5104 3313 5148 mutatur
3332 5097 3526 5151 animae

1965 5200 2181 5252 natura;
2211 5205 2328 5242 nam
2358 5205 2450 5258 per
2491 5204 2548 5242 se
2574 5189 2738 5257 ipsam
2781 5186 3221 5240 incommutabilis
3245 5195 3345 5240 est.
3371 5187 3520 5241 Poto-

1963 5290 2082 5334 rant
2112 5281 2192 5334 isti
2223 5281 2419 5340 dicere.
2451 5280 2684 5347 Corpore
2709 5278 2887 5346 aliquo
2913 5278 3211 5331 vulneratur
3227 5293 3379 5340 caro;
3401 5292 3523 5330 nam

1962 5388 2058 5443 per
2085 5387 2142 5424 se
2171 5372 2334 5440 ipsam
2365 5369 2758 5426 invulnerabilis
2786 5375 2892 5423 est.
2918 5369 3142 5422 Prorsus
3165 5367 3302 5438 quod
3332 5369 3524 5422 mutari

1963 5480 2068 5519 non
2093 5471 2282 5536 potest,
2317 5463 2454 5518 nulla
2483 5477 2540 5517 re
2571 5469 2775 5532 potest:
2799 5474 2862 5515 ac
2887 5474 2982 5529 per
3010 5459 3106 5514 hoc
3134 5460 3272 5530 quod
3301 5472 3525 5529 corpora

2026 5673 2041 5700 ί
2079 5668 2212 5732 Vind.
2239 5675 2335 5732 Am,
2361 5671 2409 5713 et
2433 5669 2527 5732 En,
2551 5660 2693 5732 reris.

2025 5733 2044 5761 ί
2080 5731 2193 5781 Εαίίί
2217 5765 2230 5790 ,
2257 5733 2299 5778 et
2319 5727 2440 5790 ipsa.
2467 5727 2625 5784 Abest,
2650 5727 2773 5786 ipsa,
2798 5738 2824 5774 a
2851 5732 2957 5773 Msa.
