4064 6472
471 324 567 385 ἳὸὶ

472 441 669 499 mutari
710 445 906 511 potest,
934 434 1111 505 aliqua
1149 446 1207 487 re
1237 435 1435 500 potest,
1462 434 1517 483 et
1546 427 1666 483 ideo
1699 427 2056 482 incommuta-

475 534 582 590 bile
610 543 757 587 reete
779 529 883 586 dici
910 542 1017 583 non
1045 530 1238 596 potest.

476 641 705 713 CAPUT
744 641 834 697 Vl.
851 636 1019 691 —-‘De
1046 631 1432 689 Platonicorum
1459 642 1606 684 senm
1625 627 1679 682 in
1705 640 1762 682 ea
1785 633 1927 697 parte
1946 623 2061 695 phi-

775 730 1037 801 losophiae,
1069 741 1183 797 qua:
1218 722 1428 795 physica
1452 720 1764 775 nominatur.

550 844 811 904 Viderunt
833 856 962 912 ergo
988 839 1073 895 isti
1100 834 1422 910 philosophi,
1452 846 1587 904 quos
1611 828 1820 887 caneris
1840 843 1947 883 non
1971 827 2063 882 im-

477 924 671 997 merito
706 938 843 992 fama
876 940 1036 1003 atque
1073 929 1239 1002 gloria
1276 926 1525 999 prmlatos
1561 912 1827 988 videmus,
1856 920 2063 976 nullum

476 1043 673 1102 corpus
702 1042 824 1084 esse
856 1026 1057 1081 Deum:
1087 1029 1142 1076 et
1180 1020 1302 1075 ideo
1324 1026 1514 1073 cuncta
1536 1028 1762 1084 corpora
1788 1020 2063 1067 transcen-

477 1100 672 1179 derunt
699 1124 999 1191 quaerentes
1024 1114 1219 1169 Deum.
1249 1108 1511 1165 Viderunt
1529 1103 1785 1177 quidquid
1808 1100 2063 1173 mutabile

477 1224 581 1282 est,
611 1228 720 1270 non
750 1225 869 1268 esse
913 1196 1183 1264 summum
1227 1201 1433 1258 Deum:
1462 1208 1519 1255 et
1546 1198 1668 1255 ideo
1694 1209 1908 1251 omnem
1947 1191 2065 1247 ani-

478 1322 623 1366 mam
659 1302 1052 1370 mutabilesque
1099 1310 1288 1353 omnes
1331 1289 1565 1364 spiritus,
1599 1285 2062 1351 transcenderunt,

478 1407 784 1473 quaerentes
811 1405 1081 1451 summum
1110 1389 1298 1444 Deum.
1330 1381 1531 1441 Deinde
1558 1379 1805 1436 viderunt
1850 1389 2062 1473 omnem

479 1462 716 1562 speciem
740 1487 794 1543 in
818 1500 879 1541 re
915 1492 1250 1555 quacumque
1276 1471 1541 1542 mutabili,
1570 1486 1675 1543 qua
1702 1478 1786 1526 est
1809 1462 2067 1539 quidquid

480 1581 610 1641 illud
638 1588 740 1647 est,
785 1589 1000 1649 quoquo
1047 1570 1208 1628 modo
1233 1576 1288 1625 et
1314 1564 1717 1639 qualiscumque
1743 1569 1931 1616 natura
1958 1565 2063 1624 est,

479 1689 588 1735 non
618 1686 739 1729 esse
765 1683 922 1741 posse
947 1665 1051 1723 nisi
1079 1663 1147 1719 ab
1175 1662 1265 1717 illo
1293 1658 1387 1731 qui
1427 1672 1555 1713 vere
1578 1663 1679 1721 est,
1712 1653 1834 1725 quia
1865 1651 2068 1706 incom-

481 1763 810 1823 mutabiliter
833 1769 936 1817 est.
963 1760 1041 1814 Ac
1068 1771 1163 1827 per
1189 1754 1291 1809 hoc
1316 1753 1431 1807 sive
1473 1750 1705 1805 universi
1737 1744 1919 1801 mundi
1946 1755 2069 1798 cor—

480 1871 605 1928 pus,
633 1854 847 1926 ﬁguras,
873 1850 1175 1923 qualitates,
1197 1844 1605 1913 ordinatumque
1634 1847 1859 1903 motum,
1888 1842 1943 1891 et
1960 1834 2071 1891 ele-

480 1954 662 2002 menta
690 1941 945 2015 disposita
974 1954 1004 1994 a
1031 1938 1170 1994 coelo
1197 1949 1365 2006 usque
1388 1932 1453 1988 ad
1475 1941 1698 1993 terram,
1721 1938 1776 1983 et
1797 1940 2069 1998 quaecum-

483 2050 588 2108 que
612 2047 837 2105 corpora
872 2031 925 2085 in
956 2030 1034 2087 eis
1059 2037 1209 2092 sunt;
1239 2026 1354 2081 sive
1380 2037 1597 2078 omnem
1623 2019 1810 2085 vitam,
1836 2015 1921 2069 vel
1948 2029 2068 2085 qua:

482 2106 654 2183 nutrit
693 2135 751 2180 et
775 2121 1036 2188 continet,
1066 2117 1237 2190 qualis
1265 2125 1348 2171 est
1386 2113 1440 2168 in
1480 2108 1791 2173 arboribus;
1833 2106 1918 2162 vel
1946 2118 2069 2176 quae

481 2227 539 2275 et
565 2218 669 2273 hoc
709 2214 871 2271 habet
910 2221 967 2268 et
1008 2209 1191 2272 sentit,
1224 2202 1397 2277 qualis
1425 2212 1508 2259 est
1538 2202 1590 2256 in
1624 2198 1935 2272 pecoribus;
1983 2192 2069 2250 vel

483 2324 605 2381 qua:
631 2315 687 2362 et
711 2305 827 2361 haec
853 2298 1014 2358 habet
1040 2308 1096 2356 et
1123 2296 1390 2366 intelligit,
1421 2293 1595 2364 qualis
1634 2298 1718 2347 est
1757 2288 1809 2343 in
1841 2285 2071 2341 homini-

483 2375 614 2467 bus;
654 2398 742 2454 vel
786 2410 904 2467 qtne
942 2388 1230 2449 nutritorio
1272 2383 1511 2442 subsidio
1557 2397 1662 2437 non
1708 2377 1929 2449 indiget,
1973 2375 2072 2433 sed

483 2499 691 2549 tantum
710 2488 971 2553 continet,
998 2482 1180 2548 sentit,
1212 2475 1476 2547 intelligit,
1506 2473 1679 2544 qualis
1706 2479 1790 2527 est
1815 2470 1867 2525 in
1895 2470 2072 2539 Ange—

483 2586 572 2653 lis,
601 2583 705 2641 nisi
731 2582 800 2637 ab
829 2580 921 2635 illo
963 2591 1084 2633 esse
1129 2588 1234 2629 non
1283 2583 1441 2642 posse
1483 2566 1575 2638 qui
1603 2563 1919 2635 simpliciter
1947 2568 2068 2653 est:

483 2677 609 2748 quia
638 2689 744 2730 non
768 2669 912 2726 aliud
943 2668 1017 2722 illi
1046 2674 1131 2722 est
1155 2678 1295 2729 esse,
1320 2658 1463 2716 aliud
1493 2660 1691 2724 vivere,
1723 2654 1872 2727 quasi
1897 2652 2068 2724 possit

483 2745 606 2825 esse
632 2781 739 2821 non
769 2763 987 2826 vivens;
1020 2773 1122 2815 nec
1147 2754 1288 2811 aliud
1311 2753 1385 2809 illi
1405 2760 1491 2808 est
1508 2751 1708 2817 vivere,
1739 2746 1882 2803 aliud
1913 2745 2071 2801 intel-

483 2858 668 2929 ligere,
698 2853 847 2925 quasi
876 2849 1046 2923 possit
1072 2849 1254 2903 vivere
1298 2858 1405 2899 non
1435 2841 1765 2912 intelligens;
1804 2852 1902 2893 nec
1927 2833 2071 2891 aliud

484 2927 563 3001 illi
584 2954 669 3002 est
694 2943 1006 3013 intelligere,
1037 2937 1180 2993 aliud
1210 2936 1426 2991 beatum
1455 2947 1595 2998 esse,
1619 2930 1769 3001 quasi
1802 2929 1970 2998 possit
1989 2927 2073 2981 iu-

484 3037 725 3107 telligere
752 3042 807 3090 et
834 3048 939 3088 non
969 3032 1159 3101 beatus,
1184 3041 1339 3091 csse;
1370 3023 1465 3081 sed
1493 3021 1636 3094 quod
1658 3030 1740 3077 est
1766 3018 1841 3075 illi
1867 3018 2069 3085 vivere,

484 3131 803 3201 intelligere,
834 3127 1047 3183 beatum
1098 3136 1239 3187 esse,
1285 3119 1386 3174 hoc
1425 3126 1509 3172 est
1546 3115 1625 3170 illi
1663 3128 1804 3170 esse.
1845 3111 2072 3181 Propter

470 3225 626 3281 -hanc
665 3214 1248 3286 incommutabilitatem
1286 3223 1341 3268 et
1373 3206 1765 3279 simplicitatem
1796 3203 2073 3260 intellexe-

488 3325 617 3374 runt
643 3330 763 3371 eum
794 3322 850 3368 et
872 3309 1051 3367 omnia
1080 3309 1178 3364 ista
1203 3305 1414 3372 fecisse,
1441 3312 1498 3359 et
1517 3301 1691 3385 ipsum
1719 3313 1750 3353 a
1776 3294 1923 3353 nullo
1953 3295 2071 3351 ﬁeri

486 3410 743 3483 potuisse.
790 3403 1278 3463 Consideraveruut
1312 3396 1478 3463 enim,
1527 3391 1781 3466 quidquid
1822 3398 1940 3458 est,
1983 3390 2072 3447 vel

485 3517 681 3573 corpus
708 3513 849 3564 esse,
875 3496 961 3552 vel
984 3496 1176 3559 vitam;
1200 3490 1497 3559 meliusque
1516 3484 1718 3556 aliquid
1744 3484 1907 3538 vitam
1927 3495 2069 3551 esse,

486 3571 647 3666 quam
676 3603 900 3660 corpus;
937 3588 1277 3657 speciemque
1314 3577 1557 3651 corporis
1591 3590 1712 3632 esse
1738 3571 2068 3639 sensibilem,

487 3664 870 3755 intelligibilem
924 3679 1070 3734 vitae.
1122 3672 1354 3732 Proinde
1401 3668 1787 3740 intelligibilem
1835 3664 2072 3755 speciem

487 3754 726 3833 sensibili
767 3770 1132 3843 praetulerunt.
1175 3762 1460 3821 Sensibilia
1500 3759 1748 3825 dicimus,
1796 3770 1915 3827 quae
1954 3754 2074 3809 visu

490 3877 737 3934 tactuque
782 3859 1024 3930 corporis
1070 3854 1256 3912 sentiri
1284 3859 1521 3925 queunt:
1547 3845 1921 3917 intelligibilia,
1951 3858 2073 3916 qua:

489 3961 778 4024 conspectu
808 3949 1003 4005 mentis
1050 3945 1275 4015 intelligi
1321 3940 1600 4015 possunt‘.
1631 3938 1784 4001 Nulla
1809 3946 1893 3993 est
1928 3936 2073 3992 enim

491 4043 827 4121 pulchritudo
854 4040 1169 4119 corporalis,
1217 4037 1332 4093 sive
1371 4036 1428 4090 in
1470 4040 1613 4090 statu
1641 4030 1906 4101 corporis,
1936 4029 2075 4085 sicut

493 4118 577 4194 est
607 4137 797 4207 ﬁgura,
826 4134 940 4188 sive
967 4131 1020 4186 in
1049 4136 1220 4195 motu,
1266 4126 1406 4181 sicut
1433 4132 1516 4181 est
1539 4121 1826 4183 cantilena,
1866 4118 1936 4174 de
1971 4133 2075 4189 qua

493 4247 600 4287 non
628 4229 841 4284 animus
876 4224 1100 4296 iudicet.
1141 4218 1296 4288 Quod
1322 4216 1564 4289 profecto
1592 4228 1699 4270 non
1736 4220 1938 4284 posset,
1972 4210 2077 4265 nisi

493 4324 687 4381 melior
710 4322 763 4377 in
793 4320 883 4375 illo
911 4327 1055 4373 esset
1081 4315 1197 4370 haec
1237 4310 1467 4382 species,
1512 4307 1629 4363 sine
1659 4315 1867 4361 tumore
1897 4303 2075 4369 molis,

495 4417 613 4472 sine
637 4411 866 4482 strepitu
892 4408 1062 4471 vocis,
1091 4405 1210 4461 sine
1237 4401 1411 4474 spatio
1443 4399 1528 4455 vel
1551 4397 1656 4454 loci
1687 4397 1768 4451 vel
1798 4395 2076 4466 temporis.

496 4509 602 4564 Sed
624 4507 694 4563 ibi
716 4516 929 4575 quoque
948 4500 1050 4555 nisi
1071 4495 1341 4553 mutabilis
1363 4498 1528 4560 esset,
1554 4504 1661 4545 non
1687 4488 1824 4544 alius
1842 4486 1951 4541 alio
1969 4500 2081 4541 me-

498 4599 603 4655 lius
629 4596 697 4652 de
718 4593 900 4665 specie
927 4588 1166 4646 sensibili
1207 4584 1509 4658 iudicaret:
1534 4580 1725 4638 melius
1753 4576 2080 4649 ingeniosior

496 4705 657 4762 quam
700 4686 921 4750 tardior,
966 4670 1159 4738 melius
1187 4678 1411 4751 peritior
1433 4689 1591 4747 quam
1620 4670 1937 4742 imperitior,
1964 4682 2081 4723 me-

498 4760 602 4841 lius
644 4778 986 4838 exercitatior
1024 4790 1182 4845 quam
1227 4772 1406 4825 minus
1445 4766 1797 4829 exercitatus,
1844 4770 1899 4817 et
1940 4760 2083 4815 idem

499 4878 616 4949 ipse
659 4886 797 4930 unus
838 4883 959 4926 cum
1009 4864 1236 4937 prolicit,
1282 4860 1475 4917 melius
1514 4857 1698 4927 utique
1735 4861 2083 4924 posteaquam

499 4941 670 5039 prius.
695 4962 848 5034 Quod
876 4968 1052 5018 autem
1080 4955 1272 5026 recipit
1300 4951 1504 5022 magis'
1528 4958 1584 5004 et
1612 4948 1810 5011 minus,
1839 4944 1955 5000 sine
1979 4941 2083 4998 du-

500 5036 755 5117 bitatione
780 5052 1033 5113 mutabile
1057 5056 1160 5106 est.
1207 5046 1362 5103 Unde
1387 5040 1647 5114 ingeniosi
1673 5046 1731 5095 et
1755 5037 1899 5094 docti
1947 5044 2002 5091 et
2032 5036 2085 5089 in

505 5152 591 5207 his
611 5149 887 5206 exercitati
914 5144 1161 5201 homines
1180 5138 1337 5195 facile
1362 5136 1713 5207 collegerunt,
1742 5145 1852 5187 non
1883 5143 2004 5186 esse
2033 5128 2087 5182 in

504 5259 584 5299 ets
612 5243 772 5297 rebus
792 5240 1015 5310 primam
1044 5233 1303 5305 speciem,
1322 5227 1413 5284 ubi
1436 5224 1708 5282 mutabilis
1728 5236 1851 5279 esse
1871 5220 2090 5277 convin-

506 5336 666 5392 citur.
697 5334 831 5388 Cum
862 5332 1021 5402 igitur
1059 5328 1115 5383 in
1150 5338 1335 5383 eorum
1383 5326 1676 5390 conspectu
1708 5326 1764 5373 et
1800 5330 1996 5385 corpus
2036 5321 2090 5402 et

505 5427 733 5484 animus-
773 5400 940 5493 magis
996 5420 1281 5487 minusque
1347 5411 1590 5484 speciosa
1637 5416 1818 5464 essent
1846 5447 1862 5474 ,
1928 5412 1983 5460 et
2042 5400 2090 5457 si

507 5520 653 5577 omni
678 5516 858 5588 specie
877 5528 1063 5569 carere
1089 5516 1326 5582 possent,
1358 5504 1579 5561 omnino
1609 5501 1750 5557 nulla
1782 5505 1985 5562 essent,
2012 5497 2092 5550 vi—

508 5587 846 5670 dertmtesse
879 5603 1079 5676 aliquid
1103 5603 1192 5658 ubi
1230 5600 1399 5672 prima
1427 5604 1653 5655 essetet
1681 5587 2092 5649 incommutabi-

573 5728 590 5758 ί
625 5727 915 5780 NoslrlMss.,
931 5722 1141 5780 excepto
1155 5712 1294 5780 2052,
1319 5715 1544 5765 omittunt
1567 5708 1788 5767 verbum,
1803 5707 2011 5767 possunt.
2031 5707 2089 5751 tt.

572 5789 593 5819 ²
625 5787 696 5836 sic
718 5790 823 5834 Mss.
850 5776 910 5835 Δι’
926 5776 1071 5839 editi,
1083 5776 1255 5838 majus.

1573 312 1662 369 DE
1699 307 2016 369 CIVITATE
2061 310 2191 379 DEI,
2222 312 2279 370 S.
2322 312 2686 373 AUGUSTINI

3640 310 3749 369 239.

2168 426 2235 483 lis
2261 427 2360 501 (a),
2383 437 2436 484 et
2457 429 2576 484 ideo
2603 443 2699 484 nec
2720 424 3129 497 comparabilis:
3150 433 3309 497 atque
3330 424 3400 480 ibi
3425 438 3547 482 esse
3567 440 3747 482 rerum

2167 521 2484 590 principium
2512 519 2809 575 rectissime
2838 518 3201 585 crediderunt,
3241 517 3389 589 quod
3416 516 3611 573 factum
3640 531 3749 573 non

2165 620 2332 677 esset,
2355 621 2411 666 et
2439 626 2505 666 ex
2535 626 2641 681 quo
2667 610 2804 665 facta
2831 618 3019 666 cuncta
3046 618 3251 665 essent.
3283 608 3360 663 ita
3389 609 3531 681 quod
3558 616 3748 663 notum

2167 711 2249 757 est
2276 700 2388 765 Dei,
2414 700 2527 771 ipse
2559 700 2914 756 manifestavit
2953 700 3053 765 eis,
3097 716 3218 755 cum
3255 700 3324 755 ab
3357 701 3434 755 eis
3462 698 3748 754 invisibilia

2165 791 2302 861 ejus,
2328 807 2423 861 per
2447 808 2509 848 ea
2538 808 2656 862 quae
2678 790 2813 847 facta
2844 801 2969 847 sunt
2999 791 3268 847 intellecta
3294 799 3578 863 conspecta
3600 798 3747 853 sunt;

2166 884 2488 953 sempiterna
2509 899 2721 954 quoque
2750 884 2922 938 virtus
2949 887 3067 952 ejus
3091 894 3146 938 et
3181 882 3431 938 divinitas
3479 881 3652 954 (Rom.
3708 897 3749 945 ι,

2167 975 2257 1041 19,
2285 974 2414 1044 20):
2447 989 2475 1028 a
2502 989 2608 1043 quo
2645 975 2807 1030 etiam
2848 975 3075 1030 visibilia
3117 984 3172 1031 et
3212 974 3526 1044 temporalia
3556 984 3750 1030 cuneta

2166 1074 2344 1119 creata
2370 1067 2544 1120 sunt‘.
2574 1065 2697 1122 Haec
2722 1066 2791 1122 de
2816 1066 2902 1120 illa
2921 1074 3071 1137 parte
3095 1081 3252 1137 quam
3277 1065 3572 1138 physicam,
3596 1065 3752 1121 idest

2168 1157 2483 1223 naturalem,
2514 1167 2840 1228 nuncupant,
2866 1158 3005 1213 dicta
3029 1158 3156 1213 sint.

2168 1267 2394 1325 CAPUT
2421 1269 2531 1324 ΥΠ.
2549 1300 2621 1310 -
2641 1270 2841 1336 Quanto
2864 1270 3237 1345 excellentior“
3263 1272 3457 1326 cretei-is
3483 1270 3538 1325 in
3562 1268 3750 1341 logica,

2254 1361 2310 1415 id
2324 1368 2396 1415 est
2419 1361 2656 1416 rationali
2682 1362 3021 1433 philosophia,
3040 1362 3292 1418 Platonici
3313 1363 3411 1418 sint
3439 1363 3675 1419 habendi.

2239 1473 2388 1540 Quod
2419 1483 2594 1529 autem
2619 1475 2808 1529 attinet
2831 1474 2899 1529 ad
2934 1474 3252 1539 doctrinam,
3286 1473 3377 1531 ubi
3418 1475 3585 1532 altera
3627 1489 3756 1545 pars

2169 1574 2432 1632 versatur,
2451 1580 2571 1635 quae
2598 1563 2665 1620 ab
2693 1566 2773 1620 cis
2800 1564 2989 1635 logica,
3010 1566 3059 1621 id
3087 1576 3170 1622 est
3189 1567 3480 1635 rationalis,
3494 1575 3753 1631 vocatur;

2170 1656 2309 1711 absit
2345 1664 2401 1711 ut
2440 1655 2524 1711 his
2564 1656 2907 1727 comparandi
2960 1656 3272 1724 videantur,
3322 1657 3413 1728 qui
3462 1665 3760 1728 posuerunt

2166 1747 2424 1818 judicium
2475 1747 2715 1802 veritatis
2751 1747 2803 1801 in
2846 1747 3091 1803 sensibus
3140 1749 3421 1819 corporis,
3460 1762 3759 1818 eorumque

2172 1837 2349 1894 infidis
2373 1847 2428 1893 et
2455 1837 2728 1893 fallacibus
2753 1838 2950 1908 regulis
2978 1838 3158 1893 omnia
3182 1854 3302 1909 quae
3330 1838 3610 1894 discuntur
3633 1851 3757 1893 me.

2174 1929 2349 1985 tienda
2387 1941 2510 1985 esse
2545 1937 2890 1995 censuerunt,
2929 1937 2987 1983 ut
3017 1928 3297 1999 Epicurei,
3339 1937 3396 1984 et
3433 1930 3762 1999 quicumque

2171 2020 2261 2075 alii
2316 2020 2478 2086 tales;
2509 2028 2568 2075 ut
2590 2019 2751 2075 etiam
2783 2019 2883 2090 ipsi
2904 2017 3090 2085 Stoici,
3120 2020 3212 2090 qui
3250 2033 3373 2075 eum
3410 2018 3764 2075 vehementer

2172 2112 2472 2167 amaverint
2531 2112 2801 2167 solertiam
2840 2110 3174 2181 disputandi,
3215 2126 3374 2183 quam
3422 2110 3760 2167 dialecticus:

2173 2203 2471 2270 nominant,
2493 2217 2524 2257 a
2544 2202 2784 2273 corporis
2812 2202 3059 2257 sensibus
3097 2214 3217 2257 eam
3254 2199 3552 2257 ducendam
3596 2210 3764 2271 pota

2172 2303 2329 2362 runt;
2362 2293 2487 2349 hinc
2513 2303 2883 2351 asseverantes
2904 2293 3140 2348 animum
3163 2292 3448 2362 concipere
3487 2291 3760 2357 notiones,

2171 2402 2306 2458 quas
2347 2386 2617 2458 appellant
2657 2392 2829 2449 Mota;
2856 2399 3037 2441 earum
3073 2399 3253 2441 rerum
3282 2382 3486 2441 scilicet
3513 2396 3648 2455 quas
3669 2381 3766 2439 de.

2174 2480 2408 2536 liniendo
2443 2480 2742 2551 explicant;
2792 2479 2916 2534 hinc
2956 2478 3234 2549 propagari
3290 2487 3450 2547 atque
3511 2460 3781 2533 connecti

2175 2582 2339 2629 totam
2365 2573 2601 2630 discendi
2629 2572 2960 2643 docendique
2985 2571 3266 2628 rationem.
3290 2570 3391 2628 Ubi
3416 2585 3520 2642 ego
3533 2569 3767 2626 multum

2175 2667 2356 2722 mirari
2401 2666 2587 2732 soleo,
2634 2682 2753 2721 cum
2814 2665 3066 2736 pulchros
3111 2664 3292 2720 dicant
3340 2677 3446 2720 non
3496 2659 3768 2718 esse'nlsl

2175 2760 2442 2829 Sapientes
2465 2799 2482 2826 ,
2524 2758 2715 2828 quibus
2750 2757 2995 2813 sensibus
3039 2756 3281 2827 corporis
3320 2755 3477 2809 istam
3518 2752 3768 2823 pulchri-

2178 2852 2414 2907 tudinem
2460 2849 2709 2913 viderint,
2754 2849 3002 2920 qualibus
3026 2847 3192 2902 oculis
3221 2847 3399 2901 carnis
3424 2844 3649 2900 formam
3674 2857 3772 2898 sa-

2176 2943 2390 3014 pientia:
2461 2943 2730 3012 decusque
2799 2939 3195 3011 conspexerint.
3267 2938 3329 2992 lli
3402 2951 3567 2997 vero.
3614 2948 3760 3005 quos

2177 3036 2368 3090 merito
2426 3032 2636 3089 caeteris
2681 3032 3054 3103 anteponimus
3085 3070 3100 3092 ,
3136 3029 3507 3083 discreverunt
3546 3039 3608 3080 ea
3643 3040 3771 3096 quae

2176 3132 2354 3183 mente
2401 3124 2923 3196 conspiciuntur,ab
2947 3123 3013 3177 iis
3038 3136 3157 3194 qua:
3204 3119 3451 3179 sensibus
3488 3120 3768 3189 attingnn-
3812 3150 3815 3151 ν

2177 3228 2290 3285 tur;
2321 3233 2419 3274 nec
2459 3219 2703 3274 sensibus
2735 3216 3032 3273 adimentcs
3077 3213 3219 3286 quod
3263 3222 3502 3285 possunt,
3547 3227 3648 3267 nec
3682 3212 3773 3267 eis

2178 3310 2370 3366 dantes
2392 3310 2528 3364 ultra
2557 3324 2716 3380 quam
2746 3319 2990 3380 possunt.
3036 3307 3244 3361 Lumen
3285 3313 3461 3359 autem
3506 3304 3769 3359 mentium

2176 3418 2296 3458 esse
2337 3402 2585 3457 dixerunt
2629 3401 2696 3456 ad
2731 3399 2984 3456 discenda
3027 3398 3207 3456 omnia
3236 3439 3254 3466 ,
3294 3385 3542 3453 eumdem
3586 3394 3768 3465 ipsum

2178 3496 2343 3553 Deum
2370 3513 2399 3551 a
2426 3511 2533 3567 quo
2563 3495 2695 3550 facta
2723 3503 2847 3550 sunt
2870 3494 3068 3549 omnia.
3553 3469 3570 3489 ’

2177 3611 2400 3669 CAPUT
2429 3610 2562 3667 Vlll.
2583 3641 2653 3652 -—
2672 3609 2821 3676 Quod
2840 3608 2990 3663 etiam
3010 3607 3063 3661 in
3087 3605 3272 3660 morali
3300 3602 3621 3673 philosophia
3637 3599 3773 3656 Pla-

2581 3702 2733 3758 tonici
2756 3701 3008 3757 obtineant
3033 3700 3392 3771 principatum.

2249 3817 2472 3887 Reliqua
2523 3824 2607 3871 est
2644 3830 2767 3885 pars
2794 3812 3011 3868 moralis
3035 3853 3049 3876 ,
3090 3826 3249 3881 quam
3294 3824 3468 3880 ωτι-ρο
3504 3806 3775 3862 vocabulo

2178 3909 2363 3966 dicunt
2409 3916 2574 3970 ἠθικήν
2612 3947 2626 3971 ,
2656 3906 2746 3961 ubi
2787 3905 3042 3976 qumritur
3065 3904 3134 3959 de
3177 3919 3389 3959 summo
3430 3902 3606 3965 bono,
3658 3916 3775 3971 quo

2179 4002 2474 4059 referentes
2502 4001 2678 4055 omnia
2721 4015 2840 4070 qum
2881 3999 3104 4069 agimus,
3130 4006 3189 4051 et
3217 3996 3357 4069 quod
3406 4011 3509 4050 non
3550 4004 3776 4064 preptr-r

2179 4093 2341 4157 aliud,
2372 4092 2464 4147 sed
2495 4100 2714 4162 propter
2739 4106 2798 4146 sc
2823 4089 2995 4160 ipsum
3032 4097 3363 4159 appetentes,
3395 4085 3553 4156 idque
3591 4085 3773 4154 adipi-

2181 4196 2409 4250 scentcs,
2443 4185 2571 4240 nihil
2599 4201 2706 4255 quo
2746 4184 2882 4240 beati
2925 4184 3114 4249 simus,
3152 4182 3375 4237 ulterius
3414 4181 3772 4250 requiramus.

2183 4278 2306 4334 Ideo
2348 4277 2542 4348 quippe
2580 4285 2634 4330 et
2679 4275 2798 4330 linis
2842 4283 2923 4328 est
2955 4273 3161 4340 dictus,
3187 4273 3311 4342 quia
3361 4282 3576 4341 propter
3627 4269 3780 4328 hunc

2182 4380 2376 4426 caetera
2399 4369 2662 4430 volumus,
2678 4367 2850 4437 ipsum
2879 4374 3056 4420 autem
3088 4364 3296 4418 nonnisi
3326 4373 3542 4432 propter
3570 4362 3773 4432 ipsum.

2182 4462 2296 4518 Hoc
2314 4475 2442 4531 ergo
2458 4459 2759 4514 beatificnm
2776 4458 2971 4511 bonum
2994 4454 3079 4511 alii
3093 4472 3123 4510 a
3136 4455 3473 4523 corporc,alii
3486 4454 3773 4520 ahauimo,

2183 4552 2273 4607 alii
2300 4551 2370 4607 ab
2397 4560 2621 4620 utroque
2657 4550 2709 4603 in
2758 4548 2973 4603 homine
3021 4560 3144 4602 esse
3185 4544 3485 4600 dixerunt’.
3510 4542 3781 4600 Videbam

2183 4646 2378 4717 quippe
2402 4646 2572 4717 ipsum
2601 4642 2868 4698 hominem
2890 4649 3135 4697 constare
3159 4655 3223 4694 ex
3243 4637 3425 4694 animo
3445 4648 3498 4695 et
3521 4652 3777 4708 corpore,

2186 4746 2240 4792 et
2280 4736 2400 4791 ideo
2448 4736 2516 4790 ab
2541 4736 2797 4789 alterutro
2826 4733 3046 4787 istorum
3076 4731 3238 4787 duum
3270 4771 3286 4796 ,
3314 4738 3405 4784 aut
3448 4730 3515 4785 ab
3544 4739 3780 4798 utroque

2187 4828 2325 4882 bene
2353 4826 2451 4880 sibi
2476 4840 2595 4881 esse
2624 4840 2782 4895 posse
2806 4823 3117 4887 credebant,
3148 4822 3289 4877 ﬁnali
3330 4819 3561 4892 quodam
3604 4819 3780 4885 bono,

2188 4934 2294 4990 quo
2323 4918 2460 4974 beati
2489 4926 2690 4982 essent,
2720 4932 2824 4986 quo
2850 4924 3041 4970 cuncta
3071 4929 3189 4984 qua:
3231 4911 3459 4983 agebant
3486 4910 3779 4976 referrent,

2190 5019 2349 5078 atque
2370 5008 2421 5061 id
2440 5008 2460 5039 ³
2486 5023 2593 5077 quo
2620 5005 2961 5063 referendum
2985 5013 3130 5060 esset
3160 5020 3263 5058 non
3291 5003 3429 5059 ultra
3449 5014 3780 5074 quaererent.

2195 5098 2343 5157 Unde
2372 5098 2445 5155 illi
2468 5099 2558 5168 qui
2580 5098 2828 5153 dicuntur
2847 5096 3117 5152 addidisse
3160 5096 3375 5152 tertium
3403 5110 3572 5166 genus
3600 5095 3783 5149 bono-

2191 5207 2329 5258 rum,
2360 5190 2501 5262 quod
2526 5189 2822 5262 appellatur
2866 5188 3220 5255 extrinsecus,
3259 5185 3414 5243 sicuti
3455 5194 3540 5244 est
3581 5186 3783 5255 honor,

2258 5389 2276 5421 ι
2310 5386 2612 5448 Manuscripti
2647 5383 2816 5447 plures
2854 5383 2976 5445 loco,
3015 5379 3233 5448 t‘istbilt'q,
3259 5379 3470 5448 ὶιδβεῼῐρ,
3490 5378 3785 5448 immitt-

2193 5451 2389 5510 Quidam
2412 5462 2530 5500 vero
2544 5441 2822 5509 'utrumque
2844 5449 2914 5497 sic
2938 5441 2970 5496 ε’
2986 5460 3018 5496 a
3034 5458 3128 5510 quo
3147 5441 3570 5510 etiaminyidbilia
3600 5448 3647 5492 et
3667 5444 3788 5495 visi-

2194 5503 2309 5562 liilia
2327 5517 2499 5561 cuncta
2520 5514 2682 5559 creata
2697 5503 2824 5558 sunt.
2848 5535 2911 5545 --
2933 5516 3013 5559 Ms.
3035 5503 3146 5564 766,
3170 5503 3439 5557 itttisibilia.
3503 5511 3561 5553 tt.

2259 5576 2297 5686 :8
2311 5571 2800 5686 766,3050,
2819 5569 2935 5621 205!
2956 5578 3008 5621 et
3026 5569 3166 5629 2035,
3188 5566 3276 5620 alii
3295 5569 3357 5619 ab
3379 5574 3577 5630 utroque
3598 5564 3789 5620 hommi

2196 5649 2297 5687 esse
2313 5641 2556 5686 dixerunt.
2642 5641 2703 5685 Μ.

2262 5699 2283 5730 ³
2315 5699 2396 5747 Hic
2417 5699 2467 5747 in
2489 5697 2604 5747 soils
2637 5696 2780 5745 editis
2802 5694 3013 5746 additum
3042 5700 3134 5755 est,
3160 5705 3269 5744 cum
3298 5692 3450 5756 forent
3472 5690 3652 5752 adepti.

2268 5760 2340 5823 (α)
2362 5760 2553 5825 Supple,
2574 5758 2771 5823 species.

2286 5933 2325 5966 Ἰ
