4064 6488
270 440 384 498 235

268 554 458 628 gloria,
491 553 745 624 pecunia,
787 552 921 608 et.si
948 551 1074 624 quid
1119 551 1443 622 hujusmodi,
1475 567 1582 610 non
1616 555 1694 610 sic
1718 557 1870 612 addi-

267 645 489 713 derunt,
522 655 584 702 ut
613 645 774 700 finale
800 653 966 709 esset,
1002 645 1053 700 id
1080 654 1164 699 est
1189 655 1407 716 propter
1436 661 1496 702 se
1517 646 1687 716 ipsum
1705 663 1868 719 appe-

268 741 528 803 tendum,
582 737 679 794 sed
734 748 954 810 propter
1001 737 1193 804 aliud;
1231 738 1534 809 bonumque
1579 750 1721 796 esset
1765 740 1868 797 hoc

265 846 439 905 genus
465 829 656 886 bonis‘
674 873 691 898 ,
714 829 916 885 malum
954 839 1133 885 autem
1162 830 1337 886 malis.
1362 829 1438 885 Ita
1463 830 1661 886 bonum
1689 831 1866 888 homi-

266 926 374 992 nis,
410 925 501 995 qui
527 923 614 979 vel
643 923 713 980 ab
741 923 942 992 animo,
970 924 1055 980 vel
1080 940 1110 979 a
1136 939 1385 995 corpore,
1417 924 1503 980 vel
1527 925 1595 980 ab
1639 935 1868 996 utroque

265 1018 671 1088 expetiverunt,
690 1015 822 1072 nihil
843 1017 991 1072 aliud
1010 1032 1170 1088 quam
1183 1018 1251 1071 ab
1271 1016 1487 1072 homine
1511 1017 1869 1088 expetendum

264 1125 386 1167 esse
410 1117 756 1181 putaverunt.
794 1108 900 1163 Sed
931 1108 1019 1179 qui
1042 1108 1094 1163 id
1121 1108 1493 1179 appetiverunt
1514 1123 1546 1164 a
1569 1123 1812 1179 corpore,
1836 1124 1868 1164 a

264 1212 419 1274 parte
456 1201 696 1257 hominis
735 1200 1033 1266 deteriore;
1065 1201 1154 1271 qui
1192 1217 1319 1256 vero
1343 1201 1410 1257 ab
1435 1202 1634 1269 animo,
1665 1216 1696 1256 a
1719 1211 1869 1272 parte

263 1297 529 1361 meliore;
552 1295 646 1366 qui
684 1304 866 1350 autem
893 1294 960 1350 ab
987 1303 1236 1365 utroque,
1263 1311 1292 1348 a
1327 1304 1438 1351 toto
1465 1294 1699 1350 homine.
1744 1295 1870 1352 Sive

263 1403 439 1460 ergoa
456 1396 612 1458 parte
640 1386 898 1456 qualibet,
921 1386 1034 1442 sive
1061 1402 1089 1438 a
1113 1395 1247 1454 toto,
1267 1403 1371 1442 non
1399 1387 1501 1443 nisi
1527 1386 1595 1442 ah
1621 1386 1858 1443 homine.

261 1481 376 1538 Nec
421 1481 542 1537 istse
589 1479 925 1545 differentiae,
964 1481 1218 1551 quoniam
1266 1489 1376 1536 tres
1409 1489 1555 1548 sunt,
1576 1481 1694 1537 ideo
1735 1491 1864 1550 tres,

263 1572 363 1629 sed
411 1573 616 1628 multas
655 1572 1022 1628 dissensiones
1083 1572 1524 1642 phil050phorum
1586 1583 1869 1645 sectasque

261 1665 511 1724 fecerunt
551 1683 566 1720 :
604 1664 728 1735 quia
768 1674 823 1720 et
862 1665 930 1719 de
986 1665 1126 1720 bono
1177 1667 1418 1735 corporis
1442 1705 1459 1732 ,
1513 1675 1568 1721 et
1611 1666 1678 1722 de
1708 1651 1870 1724 ’δοηο

261 1759 524 1825 animi,et
550 1755 622 1812 de
667 1757 807 1811 bono
852 1756 1127 1828 utriusque
1165 1757 1362 1812 diversi
1409 1759 1619 1830 diuersa
1669 1760 1867 1829 opinati

261 1859 392 1907 sunt
445 1849 542 1924 (α).
587 1850 794 1907 Cedant
833 1850 990 1920 igitur
1027 1847 1081 1904 hi
1130 1866 1319 1906 omnes
1355 1852 1457 1908 illis
1502 1852 1865 1924 philosophis,

267 1943 360 2014 qui
409 1958 520 1998 non
568 1942 828 1998 dixerunt
853 1941 1068 1998 beatum
1114 1957 1236 1999 esse
1281 1942 1554 2000 hominem
1601 1943 1867 2002 fruentem

263 2049 495 2105 corpore
520 2074 536 2098 ,
588 2034 672 2089 vel
708 2032 970 2090 fruentem
1009 2035 1210 2101 animo,
1257 2035 1352 2090 sed
1394 2034 1657 2092 fruentem
1702 2037 1860 2095 Deo:

265 2142 373 2182 non
404 2128 542 2181 sicut
569 2141 798 2196 corpore
826 2127 910 2181 vel
935 2141 996 2183 se
1022 2127 1139 2198 ipso
1167 2128 1506 2192 animus,aut
1530 2130 1670 2186 sicut
1687 2132 1863 2188 amico

264 2220 493 2283 amicus,
517 2218 615 2274 sed
645 2218 784 2274 sicut
810 2218 930 2275 luce
955 2220 1174 2286 oculus;
1196 2220 1240 2275 si
1262 2221 1459 2291 aliquid
1476 2222 1544 2276 ab
1571 2221 1653 2278 his
1681 2222 1748 2278 ad
1777 2224 1868 2280 illa

262 2309 630 2366 similitudinis
678 2309 1006 2368 afferendum
1059 2313 1220 2374 est’,
1263 2312 1403 2381 quod
1459 2312 1616 2383 quale
1656 2315 1764 2382 sit,
1819 2317 1866 2371 si

262 2403 409 2459 Deus
457 2404 577 2474 ipse
623 2401 933 2474 adiuverit,
982 2403 1088 2459 alio
1125 2404 1278 2470 loco,
1319 2413 1573 2476 quantum
1631 2423 1728 2479 per
1769 2423 1869 2464 nos

263 2494 382 2550 ﬁeri
425 2494 646 2565 poterit,
683 2494 980 2566 apparebit.
1015 2491 1153 2569 [ΠΧ]
1177 2495 1328 2552 Nunc
1365 2503 1494 2554 satis
1535 2499 1606 2555 sit
1625 2514 1866 2556 comme-

263 2604 521 2657 morare,
565 2589 843 2646 Platonem
896 2589 1287 2648 determinasse
1330 2592 1491 2649 linem
1537 2593 1664 2649 boni
1708 2608 1862 2663 esse,

260 2681 561 2740 secundum
603 2681 857 2739 virtutem
892 2683 1096 2750 vivere,
1121 2691 1177 2740 et
1204 2684 1253 2740 ei
1287 2685 1386 2740 soli
1428 2685 1644 2742 evenire
1680 2701 1864 2759 posse,

259 2775 354 2846 qui
414 2773 660 2830 notitiam
705 2774 800 2831 Dei
845 2774 1041 2831 haheat
1078 2783 1134 2832 et
1172 2775 1560 2844 imitationem;
1607 2794 1706 2836 nec
1743 2795 1868 2840 esse

257 2867 423 2922 aliam
455 2867 527 2924 oh
557 2882 775 2923 causam
813 2868 1048 2925 beatum.
1097 2868 1329 2941 Ideoque
1372 2886 1478 2928 non
1512 2871 1721 2930 dubitat
1762 2875 1868 2933 hoc

257 2973 385 3016 esse
431 2959 840 3030 philosOphari,
883 2975 1066 3018 amare
1118 2961 1316 3030 Deum;
1361 2964 1514 3036 cujus
1566 2974 1754 3022 natura
1795 2967 1867 3023 sit

259 3049 641 3121 incorporalis.
675 3050 824 3108 Unde
860 3052 1040 3123 utique
1076 3054 1363 3126 colligitur,
1410 3065 1537 3114 tunc
1577 3056 1692 3114 fore
1737 3058 1866 3116 bea-

256 3149 374 3197 tum
401 3141 700 3198 studiosum
735 3143 1016 3215 sapientia:
1047 3145 1141 3217 (id
1173 3147 1318 3202 enim
1345 3155 1428 3204 est
1448 3147 1862 3225 philosophus),

255 3248 381 3290 cum
400 3235 510 3292 Deo
527 3234 631 3292 frui
645 3238 1162 3308 cmperit.Quamvis
1182 3240 1325 3296 enim
1347 3256 1452 3297 non
1468 3244 1724 3302 continuo
1742 3243 1865 3302 bea-

257 3334 342 3382 tus
359 3327 433 3382 sit
453 3367 470 3394 ,
492 3327 583 3399 qui
606 3343 673 3382 eo
695 3327 892 3385 fruitur
913 3330 1062 3403 quod
1083 3340 1260 3399 amat;
1293 3334 1447 3390 multi
1462 3335 1606 3392 enim
1625 3337 1855 3395 amando

255 3430 318 3473 ea
347 3433 472 3489 quae
491 3419 720 3476 amanda
755 3436 862 3478 non
887 3431 1035 3490 sunt,
1074 3425 1259 3480 miseri
1288 3433 1436 3495 sunt,
1472 3435 1527 3484 et
1550 3428 1860 3486 miseriores

254 3508 863 3568 cumfruuntnrznemo
911 3523 1087 3571 ulmea
1124 3515 1312 3572 beatus
1354 3520 1582 3590 est,qui
1615 3534 1683 3576 eo
1717 3520 1862 3592 quod

254 3612 403 3658 amat
429 3620 538 3660 non
562 3604 780 3661 fruitur.
814 3604 948 3661 Nam
988 3615 1043 3663 et
1081 3608 1182 3678 ipsi
1215 3611 1304 3682 qui
1341 3625 1428 3667 res
1467 3626 1575 3668 non
1602 3612 1860 3670 amandas

255 3705 459 3760 amant,
498 3711 606 3751 non
647 3712 708 3752 se
747 3697 929 3753 beatos
965 3699 1196 3756 amando
1235 3709 1442 3772 putant,
1475 3702 1570 3758 sed
1609 3702 1858 3760 fruendo.

256 3785 508 3858 Quisquis
534 3801 662 3858 ergo
689 3786 880 3845 fruitur
895 3804 961 3847 eo
976 3792 1118 3863 quod
1138 3801 1302 3862 amat,
1325 3807 1620 3865 verumque
1639 3802 1692 3850 et
1708 3809 1860 3853 sum-

252 3895 407 3937 mum
441 3880 640 3937 bonum
661 3892 827 3956 amat,
855 3886 974 3958 quis
995 3903 1118 3942 eum
1156 3886 1370 3942 beatum
1391 3887 1494 3946 nisi
1525 3889 1861 3946 miserrimus

260 3975 453 4038 negat?
474 3974 651 4044 ipsum
679 3987 858 4033 autem
886 3993 1069 4034 verum
1097 3994 1160 4035 ac
1185 3995 1453 4034 summum
1477 3979 1676 4036 bonum
1706 3981 1860 4038 Plato

259 4059 390 4114 dicit
427 4058 613 4131 Deum,
654 4069 795 4125 unde
834 4069 947 4124 vult
994 4085 1114 4126 esse
1152 4069 1529 4142 philosophum
1565 4081 1858 4128 amatorem

257 4150 379 4220 Dei,
412 4161 489 4220 ut,
514 4153 765 4224 quoniam
792 4159 1135 4232 philosophia
1166 4160 1234 4216 ad
1261 4162 1470 4218 beatam
1495 4163 1656 4218 vitam
1687 4162 1858 4220 tendit

257 4242 447 4301 fruens
486 4247 597 4302 Deo
627 4248 697 4302 sit
722 4247 911 4305 beatus
936 4254 1025 4322 qui
1056 4254 1225 4309 Deum
1248 4255 1524 4310 amaverit.

256 4357 486 4416 CAPUT
516 4359 686 4416 IX.—
698 4364 779 4418 De
804 4380 862 4418 ea
883 4365 1206 4438 philosophia
1226 4385 1338 4439 qua:
1359 4370 1428 4423 ad
1456 4371 1716 4425 veritatem
1734 4371 1857 4441 [idsi

668 4456 960 4512 christiana:
979 4461 1188 4530 propius
1210 4463 1438 4517 accessit.

328 4561 665 4636 Quicumque
691 4565 856 4637 igitur
879 4567 1178 4641 philosophi
1201 4572 1268 4628 de
1294 4572 1404 4630 Deo
1424 4587 1634 4630 summo
1654 4583 1708 4631 et
1727 4590 1855 4632 vero

1620 437 1827 498 LIBER
1865 442 2209 504 OCTAVUS.

3458 457 3568 518 236

1976 559 2132 630 Sophi
2173 561 2340 620 habiti
2385 571 2530 632 sunt,
2567 566 2816 624 Atlantici
2861 567 3081 642 Libyci'
3119 570 3380 645 Egyptii,
3430 571 3565 643 Indi,

1975 651 2174 718 Persae,
2198 654 2452 723 Chaldaei,
2474 656 2708 729 Scythze,
2736 659 2890 725 Galli,
2939 661 3158 733 Hispani
3188 663 3385 736 aliique
3413 679 3570 736 repe-

1975 745 2205 812 riuntur,
2253 747 2342 816 qui
2385 749 2486 803 hoc
2535 750 2767 807 viderint
2793 768 2856 808 ac
2892 753 3194 824 docuerint,
3245 771 3340 813 eos
3377 773 3572 816 omnes

1972 836 2187 893 cazteris
2232 840 2604 910 anteponimus
2624 881 2642 910 ,
2687 857 2888 916 eosque
2942 846 3097 903 nobis
3160 848 3570 921 propinquiores

1973 925 2225 984 fatemur.

1971 1037 2201 1098 CAPUT
2238 1041 2308 1098 Χ.
2334 1072 2408 1084 -
2433 1043 2560 1112 Qua
2607 1045 2674 1101 sit
2701 1046 2832 1103 inter
2860 1047 3235 1121 philosophicas
3270 1061 3405 1110 artes
3447 1053 3571 1110 reli-

2397 1136 2525 1208 giosi
2559 1138 2853 1194 excellentia
2877 1141 3156 1198 christiani.

2046 1245 2100 1301 l.
2139 1245 2392 1314 Quamvis
2420 1251 2564 1306 enim
2593 1253 2753 1309 homo
2780 1254 3102 1313 christianus
3144 1259 3334 1317 litteris
3365 1273 3568 1323 tantum

1976 1337 2352 1396 ecclesiasticis
2416 1343 2688 1412 eruditus,
2747 1345 3144 1405 Platonicorum
3191 1350 3328 1409 forte
3374 1371 3571 1414 nomen

1975 1429 2204 1500 ignoret,
2234 1448 2333 1488 nec
2363 1443 2538 1491 utrum
2577 1437 2686 1493 duo
2709 1453 2905 1510 genera
2934 1440 3372 1514 philosophorum
3400 1450 3570 1506 exsti-

1975 1524 2138 1579 terint
2166 1525 2218 1580 in
2235 1543 2407 1598 graeca
2441 1530 2639 1602 lingua,
2661 1531 2955 1589 IOIIlCOI'llm
2987 1545 3042 1591 et
3061 1535 3382 1608 Italicorum,
3409 1541 3570 1609 sciat;

1975 1631 2083 1671 non
2115 1627 2290 1675 tamen
2314 1621 2383 1676 ita
2416 1624 2611 1680 surdus
2639 1634 2720 1681 est
2749 1627 2800 1681 in
2824 1627 2984 1685 rebus
3011 1628 3276 1700 humanis,
3300 1636 3576 1694 utnesciat

1973 1708 2320 1783 philosophos
2349 1717 2430 1770 vel
2461 1717 2692 1774 studium
2722 1721 3016 1790 sapientia),
3046 1726 3130 1780 vel
3166 1726 3331 1796 ipsam
3362 1731 3576 1800 sapien-

1973 1801 2100 1857 tiam
2134 1803 2389 1874 profiteri.
2429 1807 2589 1864 Cavet
2631 1826 2724 1865 eos
2753 1821 2927 1868 tamen
2949 1855 2964 1879 ,
2991 1816 3080 1888 qui
3120 1819 3412 1876 secundum
3457 1823 3572 1880 cleo

1972 1906 2152 1954 menta
2183 1898 2338 1968 hujus
2380 1903 2561 1958 mundi
2608 1904 3077 1978 philosophantur,
3121 1927 3229 1966 non
3271 1915 3569 1972 secundum

1973 1989 2165 2060 Deum,
2207 2007 2235 2046 a
2282 2009 2388 2064 quo
2437 1999 2551 2066 ipse
2593 1995 2764 2054 factus
2813 2009 2896 2055 est
2941 2003 3190 2059 mundus.
3236 2007 3574 2066 Admonetur

1971 2083 2114 2139 enim
2161 2095 2428 2158 prtecepto
2479 2090 2791 2159 apostolico,
2852 2093 3187 2167 fideliterque
3236 2101 3384 2156 audit
3427 2103 3571 2174 quod

1972 2175 2173 2232 dictum
2203 2187 2286 2234 est
2317 2198 2328 2233 :
2364 2180 2542 2237 Cavete
2579 2200 2642 2238 ne
2668 2187 2779 2254 quis
2819 2202 2905 2243 vos
2949 2188 3165 2261 decipiat
3205 2211 3296 2264 per
3335 2197 3568 2265 philoso-

1971 2268 2146 2341 phiam
2193 2279 2239 2325 et
2294 2271 2496 2327 inanem
2544 2275 2884 2333 seductionem
2907 2321 2924 2346 ,
2979 2284 3253 2340 secundum
3320 2289 3568 2346 elementa

1971 2360 2149 2415 mundi
2192 2359 2410 2431 (Coloss.
2443 2381 2499 2429 ιι,
2527 2365 2604 2438 8).
2633 2368 2836 2425 Deinde
2863 2387 2930 2428 ne
2959 2387 3146 2432 omnes
3173 2378 3305 2434 tales
3329 2396 3448 2438 esse
3477 2399 3568 2438 ar-

1969 2451 2216 2522 bitretur,
2250 2455 2398 2511 audit
2425 2455 2493 2512 ab
2516 2458 2704 2515 eodem
2732 2465 2977 2532 apostolo
3007 2465 3108 2522 dici
3134 2468 3200 2525 de
3224 2471 3566 2541 quihusdam,

1974 2543 2108 2612 Quia
2151 2547 2287 2615 quod
2338 2557 2512 2603 notum
2557 2559 2628 2605 est
2672 2550 2790 2620 Dei,
2823 2557 3149 2629 manifestum
3196 2571 3268 2615 est
3311 2564 3364 2616 in
3417 2567 3519 2621 illis
3547 2583 3570 2622 :

1968 2633 2109 2692 Deus
2147 2638 2280 2693 enim
2324 2639 2428 2728 illis
2470 2643 2829 2712 manifestuvit.
2860 2645 3148 2706 Invisibilis
3195 2655 3329 2709 enim
3363 2657 3506 2728 ejus,
3537 2677 3572 2714 a

1969 2729 2319 2786 constitutione
2361 2729 2536 2814 mundi
2555 2775 2570 2800 ,
2603 2753 2693 2807 per
2722 2753 2781 2792 ea
2805 2755 2918 2808 qua:
2955 2743 3091 2814 facta
3134 2754 3282 2812 sunt,
3311 2747 3566 2804 intellecta

1969 2729 2319 2786 constitutione
2361 2713 2536 2973 νὲιηάὶ
2555 2775 2570 2800 ,
2603 2753 2693 2807 per
2722 2753 2781 2792 ea
2805 2755 2918 2808 qua:
2955 2743 3091 2814 facta
3134 2754 3282 2812 sunt,
3311 2713 3561 2804 int'ellecta

1968 2824 2380 2893 conspiciuntur;
2433 2829 2713 2898 empiterna
2736 2846 2934 2900 quoque
2961 2834 3116 2889 uirtus
3151 2837 3262 2906 ejus
3290 2847 3336 2893 et
3375 2842 3561 2898 divini-

1969 2924 2046 2970 las
2067 2915 2244 2973 (Rom.
2277 2932 2314 2973 Ι.
2349 2918 2372 2973 ί
2423 2961 2438 2973 .
2614 2921 2682 2973 Et
2721 2922 2810 2973 Ubi
2852 2923 3269 2973 Atheniensith
3317 2931 3540 2973 Innlmna

1969 2924 2046 2970 tas
2067 2915 2244 2987 (Rom.
2277 2932 2314 2982 ι,
2349 2915 2438 2986 19,
2467 2919 2580 2992 20).
2614 2921 2682 2977 Et
2721 2922 2810 2978 ubi
2852 2923 3269 2985 Atheniensibus
3315 2931 3562 3004 loquens,

1968 3023 2090 3063 cum
2128 3025 2240 3065 rem
2269 3026 2512 3081 magnam
2553 3012 2622 3069 de
2655 3013 2768 3069 Deo
2809 3015 3071 3083 dixisset,
3101 3029 3154 3074 et
3180 3023 3300 3092 qua:
3324 3038 3354 3078 a
3386 3027 3570 3095 paucis

1968 3101 2136 3171 possit
2177 3101 2435 3172 intelligi,
2487 3103 2627 3174 quod
2670 3105 2724 3158 in
2769 3105 2860 3160 illo
2913 3108 3161 3177 uiuimus,
3219 3129 3476 3170 movemur
3519 3127 3568 3173 et

1967 3209 2176 3260 sumus;
2219 3192 2414 3264 adjecit
2441 3204 2494 3250 et
2520 3196 2614 3261 ait,
2649 3197 2796 3252 Sicut
2821 3207 2868 3252 et
2897 3202 3048 3254 vestri
3083 3203 3291 3272 quidam
3329 3207 3567 3266 dixerunt

1972 3283 2108 3356 (Act.
2136 3299 2267 3351 xvn,
2298 3284 2415 3356 28).
2445 3285 2604 3342 Novit
2631 3301 2761 3344 sane
2785 3289 2945 3344 etiam
2975 3291 3140 3362 ipsos,
3170 3295 3221 3349 in
3247 3297 3442 3366 quibus
3468 3315 3562 3356 er-

1967 3384 2118 3442 rant,
2143 3391 2352 3433 cavere.
2391 3377 2487 3434 Ubi
2530 3379 2672 3434 enim
2713 3381 2914 3436 dictum
2942 3392 3023 3438 est
3052 3385 3192 3455 quod
3219 3401 3318 3458 per
3353 3403 3416 3444 ea
3443 3406 3564 3462 qua:

1967 3467 2104 3524 facta
2129 3478 2272 3536 sunt,
2305 3469 2447 3526 Deus
2485 3471 2591 3527 illis
2629 3473 2988 3530 manifestavit
3029 3476 3301 3536 intellectu
3345 3485 3566 3555 conspi-

1967 3561 2153 3619 cienda
2183 3563 2467 3620 invisibilia
2493 3581 2586 3620 sua
2611 3582 2627 3632 ;
2658 3566 2727 3621 ibi
2750 3567 2911 3624 etiam
2939 3569 3141 3626 dictum
3171 3581 3281 3638 est,
3310 3590 3418 3632 non
3443 3578 3564 3636 illos

1967 3653 2138 3724 ipsum
2171 3655 2336 3711 Deum
2363 3666 2509 3712 recte
2532 3658 2782 3724 coluisse,
2810 3660 2932 3730 quia
2973 3671 3028 3717 et
3063 3663 3181 3719 aliis
3225 3665 3418 3732 rebus,
3446 3671 3564 3739 qui-

1964 3745 2066 3801 bus
2091 3761 2197 3801 non
2246 3747 2546 3817 oportebat,
2576 3749 2793 3804 divinos
2839 3750 3189 3816 honoresilli
3217 3755 3305 3811 uni
3351 3765 3558 3818 tantum

1963 3839 2173 3896 debitos
2200 3841 2508 3897 detulerunt
2535 3861 2548 3897 :
2584 3843 2837 3910 Quoniam
2863 3857 3216 3918 cognoscentes
3245 3848 3429 3918 Deum,
3455 3870 3558 3910 non

1963 3935 2092 3990 sicut
2126 3932 2296 3990 Deum
2332 3936 2780 4007 gloriﬁcaverunt,
2825 3948 2912 3992 aut
2954 3941 3146 4010 gratias
3191 3955 3435 4014 egerunt;
3467 3947 3558 4002 sed

1963 4037 2268 4082 evanuerunt
2292 4027 2346 4081 in
2381 4028 2765 4097 cogitationibus
2789 4029 2914 4098 suis,
2943 4042 2988 4087 et
3017 4033 3336 4090 obscuratum
3359 4046 3434 4092 est
3474 4040 3559 4094 in-

1961 4119 2150 4190 sipiens
2202 4137 2289 4175 cor
2331 4135 2523 4177 eorum.
2574 4115 2815 4177 Dicentes
2873 4124 3002 4178 enim
3059 4141 3113 4180 se
3159 4143 3266 4182 esse
3301 4130 3557 4200 sapientes

1961 4210 2103 4264 stulti
2130 4211 2256 4282 facti
2281 4221 2419 4278 sunt,
2445 4223 2493 4268 et
2518 4214 2910 4269 immutaverunt
2937 4214 3154 4286 gloriam
3197 4217 3557 4289 incorruptibi-
3597 4254 3604 4258 -

1963 4300 2026 4355 lis
2051 4300 2147 4356 Dei
2169 4302 2222 4356 in
2249 4303 2632 4359 similitudinem
2664 4305 2900 4378 imaginis
2937 4309 3280 4378 corruptibilis
3310 4311 3530 4368 hominis

1960 4403 2010 4449 et
2036 4396 2314 4459 volucrum,
2353 4407 2400 4451 et
2428 4399 2849 4468 quadrupedum,
2880 4409 2926 4454 et
2953 4404 3257 4472 serpentium
3285 4403 3463 4474 (Rom.
3500 4423 3552 4474 ι,

1958 4487 2169 4560 21-25).
2203 4489 2301 4544 Ubi
2349 4497 2402 4544 et
2441 4490 2748 4558 Romanos,
2777 4500 2833 4547 et
2871 4491 3090 4549 Graecos
3112 4535 3128 4558 ,
3159 4504 3212 4551 et
3239 4494 3551 4567 Egyptios,

1958 4582 2051 4651 qui
2077 4581 2144 4636 de
2169 4582 2441 4652 sapientiae.
2468 4583 2685 4639 nomine
2725 4585 2936 4653 gloriati
2978 4597 3121 4649 sunt,
3151 4587 3277 4643 fecit
3307 4590 3550 4662 intelligi.

250 4653 354 4709 ista
385 4670 690 4725 senserunt,
722 4661 862 4731 quod
901 4670 956 4716 et
976 4679 1152 4719 rerum
1183 4675 1482 4722 creatarum
1512 4668 1583 4723 sit
1609 4667 1850 4737 effector,
1874 4659 1938 4741 β
1960 4671 2067 4728 Sed
2093 4672 2160 4728 de
2194 4671 2298 4728 hoc
2345 4688 2466 4727 cum
2511 4673 2624 4728 istis
2664 4675 3001 4744 postmodum
3041 4677 3453 4748 disputabimus.
3477 4653 3548 4738 in

248 4755 312 4801 et
354 4745 539 4800 lumen
584 4753 1108 4820 cognosvendarum,
1154 4765 1209 4812 et
1252 4757 1451 4813 bonum
1495 4759 1849 4830 agendarum;

247 4835 398 4906 quod
438 4836 505 4890 ab
551 4835 643 4892 illo
664 4836 821 4891 nobis
846 4837 920 4892 sit
946 4847 1000 4892 et
1023 4848 1342 4911 principium
1375 4861 1602 4914 natura},
1632 4861 1687 4907 οι
1711 4854 1852 4909 veri-

247 4937 336 4984 tas
357 4929 639 4996 doctrinae,
671 4941 729 4984 et
755 4929 981 4985 felicitas
1016 4931 1166 5000 vitm;
1195 4933 1307 4988 sive
1335 4935 1592 4991 Platonici
1637 4952 1852 4994 accom-

242 5019 525 5076 modatius
546 5023 1070 5092 nuncupentur,sive
1098 5023 1374 5093 quodlibet
1397 5027 1538 5080 aliud
1565 5039 1724 5084 secta:
1740 5047 1852 5088 sua:

239 5129 458 5170 nomen
503 5113 811 5184 imponant;
855 5118 974 5170 sive
1020 5117 1388 5172 tantummodo
1424 5119 1588 5174 lonici
1616 5124 1846 5190 generis,

236 5207 341 5278 qui
369 5207 422 5260 in
447 5207 524 5263 eis
549 5208 802 5278 przecipui
832 5207 1067 5274 fuerunt,
1101 5210 1202 5264 ista
1227 5213 1515 5280 senserint,
1543 5213 1678 5268 sicut
1708 5215 1848 5271 idem

233 5299 440 5362 Plato,
483 5307 538 5354 et
578 5299 668 5370 qui
719 5314 839 5355 eum
889 5299 1025 5355 bene
1065 5301 1489 5368 intellexerunt;
1535 5307 1647 5361 sive
1686 5309 1847 5364 etiam

231 5390 446 5456 Italici,
492 5401 706 5461 propter
764 5390 1117 5463 Pythagoram
1161 5403 1216 5448 et
1254 5393 1655 5467 Pythagormos,
1703 5407 1758 5454 et
1801 5400 1847 5456 si

227 5484 336 5553 qui
383 5480 520 5537 forte
544 5483 633 5538 alii
658 5482 896 5552 ejusdem
927 5485 1205 5540 sententiae
1256 5487 1546 5543 identidem
1593 5491 1845 5557 fuerunt;

227 5575 368 5629 sive
393 5573 618 5628 aliarum
645 5589 861 5646 quoque
884 5575 1247 5647 gentium,qui
1276 5579 1542 5648 sapientes
1564 5581 1645 5636 vel
1669 5581 1844 5653 philo-

305 5710 904 5797 :smxseamsd
928 5717 1123 5776 ρ’·οριεν
1144 5712 1280 5763 aliud
1297 5714 1486 5776 υοπιυην
1501 5728 1594 5780 σιω
1613 5725 1734 5797 esset
1755 5717 1845 5770 ἰοε

222 5782 402 5835 eam
426 5767 596 5835 9mm
611 5771 759 5835 bonis.
784 5767 888 5835 ἐιερ

303 5834 328 5910 _’
363 5831 520 5910 Εὗρε
771 5833 1109 5888 similitudines
1146 5837 1443 5902 aﬂizrendum
1464 5844 1553 5892 est.
1577 5842 1843 5894 Emendan-

222 5903 324 5957 an:
355 5905 425 5957 ex
454 5903 802 5957 manuscriptis.

296 5954 393 6021 (α)
415 5956 530 6006 vide
551 5954 706 6016 infra,
718 5956 803 6008 lib.
825 5959 902 6018 19,
919 5971 1026 6022 cap.
1044 5959 1094 6010 2.

534 6040 760 6105 Sacr.
807 6041 1086 6107 Annon.
1121 6045 1257 6110 VII.

1966 4781 2073 4837 quo
2100 4775 2276 4821 autem
2305 4764 2460 4820 nobis
2486 4766 2825 4822 consentiunt
2851 4767 2921 4824 de
2959 4783 3065 4823 uno
3108 4770 3220 4826 Deo
3246 4770 3402 4840 hujus
3428 4773 3548 4826 uni-

1958 4858 2225 4914 versitatis
2252 4866 2501 4921 auctore,
2528 4859 2619 4929 qui
2661 4873 2764 4913 non
2804 4859 2980 4915 solum
3020 4876 3182 4932 super
3225 4862 3401 4916 omnia
3429 4877 3550 4918 cor-

1959 4960 2088 5016 pora
2113 4957 2194 5002 est
2215 4949 2560 5019 incorporeus
2582 4991 2597 5015 ,
2626 4967 2810 5006 verum
2841 4953 2998 5008 etiam
3025 4967 3185 5024 super
3213 4968 3399 5009 omnes
3427 4957 3547 5010 ani-

1958 5051 2073 5092 mas
2132 5037 2589 5109 incorruptibilis,
2645 5041 2960 5113 principium
3025 5053 3301 5108 nostrum,
3365 5045 3545 5102 lumen

1956 5137 2228 5195 nostrum,
2262 5128 2460 5185 bonum
2501 5141 2771 5199 nostrum,
2801 5133 2853 5187 in
2884 5131 2986 5188 hoc
3011 5147 3104 5188 eos
3151 5133 3362 5190 caeteris
3389 5135 3544 5192 ante-

1956 5221 2221 5291 ponimus.

2025 5311 2080 5365 2.
2123 5310 2239 5385 [X.]
2270 5313 2398 5379 Nec,
2449 5313 2493 5368 si
2531 5313 2738 5369 litteras
2781 5329 2968 5370 eorum
3020 5314 3343 5374 christianus
3391 5319 3541 5392 igno-

1955 5420 2102 5470 rans,
2132 5405 2309 5461 verbis
2353 5422 2473 5476 qua:
2503 5423 2608 5460 non
2637 5407 2821 5462 didicit
2845 5406 2898 5460 in
2926 5406 3284 5478 disputatione
3305 5426 3410 5467 non
3443 5413 3540 5469 uti-

1955 5506 2063 5566 tur,
2114 5508 2170 5553 ut
2215 5498 2296 5554 vel
2345 5500 2637 5554 naturalem
2683 5499 2874 5567 latine,
2921 5501 3004 5556 vel
3050 5503 3323 5575 physicam
3371 5520 3546 5575 grmce

2017 5722 2035 5754 ι
2072 5721 2296 5792 Plerique
2317 5721 2642 5792 nianuscripti,
2671 5720 2854 5792 Libyes.
2878 5725 3016 5792 Pauci
3039 5739 3162 5792 cum
3177 5726 3343 5792 editis,
3363 5725 3542 5792 Libyci.

1951 5791 2046 5834 Hos
2070 5785 2364 5833 Leonardum
2395 5790 2650 5844 Coquazum
2686 5785 2842 5834 secuti
2885 5789 3099 5837 minime
3118 5785 3464 5844 distinguimus
3480 5791 3544 5840 ab

1953 5845 2214 5912 Atlanticis,
2239 5859 2362 5912 quos
2381 5843 2901 5912 illeiobservatdictos
2916 5852 3127 5912 Lybicos,
3152 5843 3298 5911 quod,
3322 5859 3375 5899 ut
3399 5857 3539 5900 Laer-

1952 5908 2050 5956 tius
2087 5906 2480 5974 tradit_,‘Lgbicus
2502 5907 2652 5974 fuisse
2675 5906 2803 5958 Atlas
2837 5923 2927 5974 rex
2948 5906 3057 5961 'ille
3099 5906 3429 5974 Slaurita'nize,
3454 5914 3540 5974 qui

1952 5980 2146 6020 cursum
2167 5957 2300 6034 solis,
2317 5957 2456 6020 lunae
2487 5982 2542 6020 ac
2563 5969 2778 6021 siderum
2798 5957 2986 6033 prtinus
2994 5957 3539 6034 sanguinem;

3035 6055 3298 6139 (Hum;
