4064 6490
231 517 462 568 nitu-tem
489 499 670 558 futura
697 503 802 564 est,
825 493 916 551 uni
945 492 1078 558 Deo,
1109 503 1176 544 an
1205 483 1440 557 pluribus
1470 496 1619 536 saera
1651 479 1826 534 facere

233 596 550 672 oporteat‘,
587 593 743 658 satis,
775 599 832 644 ut
879 585 1149 647 existimo,
1199 577 1440 648 exposui.
1471 573 1626 672 [_Xil.
1655 571 1674 644 1
1703 571 1830 672 ideo

233 664 430 764 quippe
457 687 556 742 hos
580 681 916 755 potissimum
967 673 1126 744 elegi,
1171 669 1420 764 quoniam
1467 665 1534 722 de
1569 679 1674 720 uno
1701 664 1830 730 Deo,

233 760 486 856 qui—fecit
501 777 702 834 corium
731 781 786 830 et
811 779 1026 835 terram,
1063 771 1262 856 quanto
1288 760 1478 816 melius
1519 763 1830 856 senserunt,

235 848 388 928 tanto
436 869 654 926 enitet-is
701 861 1044 936 gloriosiores
1069 867 1124 912 et
1153 853 1476 910 illustriores
1519 848 1788 906 habentur
1817 862 1830 900 :

239 969 290 1022 in
321 974 528 1021 tantum
578 961 698 1016 aliis
741 954 946 1028 prmlati
991 950 1192 1024 judicio
1234 955 1590 1020 posterorum,
1633 949 1692 998 ut
1711 955 1834 996 cum

239 1057 584 1120 Aristoteles,
607 1049 846 1108 Plutonis
863 1043 1171 1116 discipulus,
1191 1039 1274 1094 vir
1287 1035 1594 1094 excellentis
1615 1031 1832 1104 ingenii,

239 1164 294 1210 et
319 1151 540 1220 eloquio
581 1144 790 1204 Platoni
835 1139 1050 1212 quidem
1086 1137 1278 1204 impar,
1305 1130 1402 1188 sed
1453 1127 1650 1184 multos
1681 1124 1838 1220 facile

239 1216 504 1316 superans
525 1281 542 1308 ,
601 1247 804 1296 sectam
850 1230 1256 1303 Peripateticam
1294 1223 1644 1288 condidisset,

239 1310 594 1396 deambulans
617 1331 894 1402 disputare
947 1326 1330 1388 consueverat,
1371 1315 1734 1388 plurimosque
1761 1310 1840 1364 di-

241 1431 478 1504 scipulos
495 1425 758 1498 praeclara
779 1421 916 1476 fama
943 1416 1234 1480 excellens,
1275 1413 1396 1468 vivo
1423 1409 1598 1466 adhuc
1643 1419 1844 1476 [traice-

247 1533 398 1596 ptore
423 1523 478 1576 in
505 1533 662 1575 suam
713 1512 962 1569 haeresim
1003 1512 1402 1578 congregasset,
1448 1509 1570 1572 post
1609 1505 1841 1596 mortem

249 1590 378 1674 vero
400 1611 640 1670 Platonis
658 1607 990 1679 Speusippus
1017 1605 1062 1668 ‘,
1091 1599 1296 1658 sororis
1319 1597 1438 1666 eius
1479 1595 1640 1661 ﬁlius,
1661 1601 1718 1650 et
1735 1590 1844 1648 Xe-

243 1717 516 1770 nocrates,
545 1703 774 1759 dilectus
809 1698 928 1768 ejus
973 1691 1290 1764 discipulus,
1333 1689 1386 1742 in
1415 1685 1660 1742 scholam
1701 1683 1842 1754 ejus,

241 1819 364 1876 qua:
393 1794 692 1856 Academia
711 1789 1018 1852 vocabatur,
1047 1783 1220 1840 eidem
1249 1779 1656 1876 successissent,
1687 1782 1846 1876 atque

245 1867 316 1952 ob
335 1894 440 1948 hoc
467 1897 526 1946 et
545 1887 648 1958 ipsi
675 1893 730 1940 et
751 1896 938 1952 eorum
971 1889 1314 1934 successores
1335 1867 1638 1928 Academici
1657 1867 1844 1958 appel—

245 1989 528 2047 larentur;
556 1957 890 2036 recentiores
929 1981 1106 2026 tamen
1156 1962 1456 2038 philosophi
1509 1957 1843 2026 nobilissimi,

247 2077 441 2148 quibus
461 2071 618 2127 Plato
645 2063 932 2124 sectandas
965 2057 1180 2131 placuit,
1211 2055 1482 2148 noluerint
1495 2067 1556 2108 se
1575 2050 1676 2148 dici
1699 2049 1847 2148 Peri-

249 2139 514 2240 pateticos
541 2201 560 2229 ,
606 2167 700 2216 aut
743 2153 1114 2216 Academicos,
1169 2147 1266 2240 sed
1313 2145 1620 2240 Platonicos
1653 2139 1846 2240 (cili:

249 2233 446 2332 quibus
469 2261 602 2312 sunt
643 2247 800 2305 valde
843 2243 1104 2300 nobilitati
1157 2239 1354 2304 Graeci,
1399 2236 1666 2332 Plotinus,
1691 2233 1846 2332 iam-

251 2324 481 2416 bliebus,
515 2341 880 2415 Porphyrius:
911 2337 966 2392 in
1009 2343 1230 2404 utraque
1251 2340 1428 2386 autem
1457 2328 1658 2398 lingua,
1689 2324 1744 2380 id
1771 2333 1850 2380 est

250 2455 500 2516 etgraica
529 2447 588 2496 et
613 2436 794 2500 latina,
849 2428 1106 2502 Apuleius
1151 2425 1280 2482 Afer
1305 2421 1510 2480 exstitit
1543 2419 1852 2516 Platonicus

253 2512 470 2596 nobilis.
515 2530 624 2590 Sed
653 2529 707 2583 hi
753 2539 962 2589 omnes,
1001 2530 1058 2578 et
1097 2517 1276 2576 caeteri
1328 2513 1612 2588 ejusmodi,
1665 2523 1718 2568 et
1739 2512 1854 2583 ipse

253 2631 406 2689 Plato
431 2665 452 2698 ,
505 2625 612 2682 diis
648 2617 894 2693 plurimis
939 2627 1064 2694 esse
1113 2623 1265 2668 sacra
1327 2605 1568 2663 iacienda
1637 2611 1853 2674 putave~

254 2731 400 2784 ηιιι.

253 2812 484 2874 CAPUT
521 2807 666 2866 XIII.
704 2828 776 2848 -ν
799 2799 880 2858 De
929 2797 1174 2856 sententia
1237 2791 1474 2846 Platonis
1503 2829 1518 2858 ,
1567 2803 1668 2860 qua
1727 2787 1854 2858 deﬁ-

305 2905 429 2962 nivit
456 2903 582 2958 deos
629 2913 736 2954 non
761 2909 868 2950 esse
903 2891 1002 2946 nisi
1031 2889 1186 2944 bonos
1211 2883 1496 2954 amicosque
1515 2881 1774 2936 uirtutum.

327 3015 650 3084 Quanquam
678 3021 806 3078 ergo
831 3019 862 3059 a
891 2999 1047 3058 nobis
1075 3007 1129 3056 ct
1152 2997 1204 3052 in
1223 2995 1342 3052 aliis
1359 2992 1538 3048 multis
1557 2990 1724 3048 rebus
1743 3001 1858 3046 ma-

257 3081 486 3184 gnisque
505 3081 851 3162 dissentiant,
874 3097 929 3150 in
967 3093 1070 3148 hoc
1097 3100 1276 3184 unnen
1303 3085 1444 3158 quod
1495 3082 1656 3140 modo
1679 3081 1854 3184 posui,

259 3175 590 3276 quinneque
615 3206 778 3264 parva
813 3202 902 3245 res
935 3193 1036 3250 est,
1065 3195 1115 3240 et
1145 3181 1268 3238 inde
1305 3193 1448 3236 nunc
1504 3175 1730 3276 quaestio
1753 3181 1856 3276 est,

261 3263 592 3365 primum'ab
611 3263 692 3340 eis
711 3293 918 3351 quaero,
947 3275 1140 3346 quibus
1163 3272 1266 3365 diis
1295 3271 1452 3326 istum
1483 3266 1686 3365 cultum
1705 3263 1858 3365 eahi-

261 3355 498 3441 bendum
521 3376 870 3437 arbitrentur,
899 3377 1080 3423 utrum
1107 3361 1282 3426 bonis,
1303 3375 1370 3414 an
1401 3357 1578 3425 malis,
1599 3371 1666 3412 an
1683 3364 1738 3412 et
1761 3355 1862 3410 bo-

263 3477 350 3532 nis
367 3483 424 3531 et
449 3469 630 3527 malis.
645 3465 754 3523 Sed
775 3461 1034 3518 habemus
1057 3453 1378 3513 sententiam
1411 3447 1864 3512 Piatonis,dicen-

265 3566 545 3622 usotnues
573 3559 708 3614 deos
749 3553 922 3610 bonos
971 3561 1110 3614 esse,
1145 3561 1244 3602 nec
1289 3558 1408 3600 esse
1451 3543 1670 3596 omnino
1698 3539 1862 3594 ullum

267 3657 491 3712 deorum
543 3649 748 3706 malum
812 3642 968 3717 (Lib.
1023 3640 1092 3696 10
1141 3639 1204 3694 de
1253 3635 1508 3706 Legibus,
1555 3643 1604 3686 ct
1651 3632 1714 3686 de
1765 3629 1866 3684 Re-

269 3750 504 3824 publica,
549 3745 640 3800 tib.
683 3741 778 3812 2).
829 3737 1174 3804 Consequens
1217 3739 1302 3786 est
1349 3729 1508 3824 igitur
1535 3767 1550 3794 ,
1711 3723 1866 3824 bonis

269 3816 386 3900 bac
421 3835 724 3897 exhibenda
767 3831 1128 3900 intelligantur
1173 3842 1190 3878 :
1235 3833 1360 3880 tunc
1385 3821 1526 3878 enim
1565 3817 1666 3876 diis
1711 3816 1866 3872 exhi-

269 3937 506 4001 bentur;
543 3928 800 4004 quoniam
831 3937 934 3980 nec
967 3921 1040 3977 dii
1079 3926 1258 3982 erunt,
1279 3916 1328 3972 si
1371 3915 1494 3970 boni
1539 3927 1646 3969 non
1689 3921 1865 3966 erunt.

275 4025 388 4082 lloc
415 4029 464 4080 si
487 4027 560 4082 ita
575 4033 681 4090 est,
701 4021 850 4093 (nam
869 4017 938 4072 de
957 4015 1060 4071 diis
1086 4011 1212 4084 quid
1237 4008 1382 4065 aliud
1408 4008 1562 4062 decet
1587 4003 1868 4078 credere?)

273 4117 362 4174 illa
391 4113 634 4188 profecto
651 4120 906 4168 vacuatur
917 4107 1116 4178 opinio,
1135 4119 1238 4176 qua
1261 4099 1504 4158 nonnulli
1529 4107 1718 4169 putant
1741 4097 1870 4153 deos

275 4212 448 4268 malos
465 4207 638 4265 sacris
663 4203 950 4278 placandos
969 4215 1112 4268 esse,
1131 4213 1198 4253 ne
1215 4196 1410 4252 laedant
1437 4212 1452 4261 ;
1481 4195 1652 4250 bonos
1667 4199 1868 4258 autem,

275 4313 338 4361 ιιι
362 4301 642 4374 adiuvent,
661 4296 990 4354 invocandos
1015 4293 1112 4364 (ὑ).
1135 4291 1254 4346 Mali
1279 4290 1422 4344 enim
1450 4287 1580 4342 nulli
1607 4295 1732 4341 sunt
1753 4285 1826 4340 dii
1854 4303 1869 4340 :

275 4398 432 4456 bonis
457 4409 620 4468 porro
648 4393 882 4456 debitus,
917 4397 974 4444 ut
1019 4387 1223 4453 dicunt,
1275 4383 1448 4440 honor
1491 4395 1764 4438 sacrorum
1791 4389 1875 4436 est

275 4489 626 4549 deferendos.
647 4485 751 4555 Qui
772 4491 896 4540 sunt
913 4495 1040 4552 ergo
1056 4479 1129 4534 illi
1143 4478 1232 4548 qui
1251 4475 1404 4532 ludos
1421 4475 1662 4531 scenicos
1671 4479 1872 4541 amant,

275 4597 482 4655 eosque
533 4581 730 4638 divinis
759 4575 926 4633 rebus
971 4571 1188 4644 adiungi
1215 4579 1272 4628 et
1313 4569 1424 4626 suis
1457 4566 1750 4622 honoribus
1773 4565 1874 4620 ila-

277 4679 448 4746 gitsnt
473 4672 720 4730 exhiberi
743 4671 766 4724 ’ἔ
787 4681 1014 4739 quorum
1035 4665 1120 4720 vis
1147 4677 1254 4718 non
1281 4675 1378 4716 eos
1425 4657 1642 4714 indieat'
1673 4656 1872 4722 nullos,

275 4767 372 4824 sed
403 4765 506 4821 ists
543 4759 769 4819 allectus
799 4760 1051 4814 nimirum
1101 4754 1304 4812 indicat
1347 4752 1542 4808 malos.
1569 4749 1706 4817 Quid
1735 4749 1878 4806 enim

273 4861 346 4916 de
371 4857 514 4914 ludis
537 4853 766 4912 scenicis
795 4837 948 4906 Plato
977 4849 1224 4910 senserit,
1254 4854 1436 4903 notum
1459 4851 1542 4900 est
1565 4859 1580 4909 ;
1607 4857 1728 4899 cum
1745 4853 1876 4912 poe-

277 4959 362 5004 tas
391 4949 562 5018 ipsos,
585 4943 730 5016 quod
759 4949 868 4996 tam
897 4937 1114 5009 indigna
1157 4935 1382 4990 deorum
1413 4935 1692 5004 majestate
1719 4939 1880 5003 atque

271 5039 570 5098 bonitati"
593 5037 834 5094 canuina
869 5029 1288 5103 composuerint,
1319 5037 1504 5084 censet
1525 5027 1738 5083 civitate
1765 5027 1878 5098 pel-

275 5135 476 5192 lendas
495 5129 590 5204 (ο).
617 5129 718 5197 Qui
751 5133 877 5182 sunt
907 5125 1062 5196 igitur
1087 5122 1176 5179 isti
1201 5121 1298 5186 dii,
1328 5121 1418 5192 qui
1443 5119 1514 5175 de
1539 5119 1766 5176 scenicis
1787 5119 1880 5186 lu-

273 5228 366 5286 dis
387 5241 510 5283 cum
533 5227 650 5296 ipso
673 5223 896 5278 Platone
919 5216 1248 5274 contendunt
1271 5216 1294 5270 τ
1319 5215 1414 5271 lile
1439 5215 1636 5285 quippe
1661 5227 1766 5267 non
1787 5225 1880 5283 pa-

347 5410 366 5440 ι
405 5413 460 5457 ιιι
481 5403 630 5456 editis
649 5407 760 5466 post
781 5399 1005 5460 verbum,
1027 5401 1272 5466 oporteat,
1307 5397 1494 5466 inserta
1513 5394 1620 5466 hac
1642 5391 1844 5466 fta-erunt
1867 5407 1880 5466 ξ

279 5455 623 5530 Ναπηηὶεέτωηᾼ
647 5455 770 5530 unus
785 5471 952 5530 psus,
1059 5455 1236 5530 "plures
1259 5455 1453 5530 propter
1474 5457 1620 5530 [unus
1655 5455 1766 5506 vita:
1787 5455 1884 5506 sint

435 5517 643 5580 colendi.
668 5527 762 5577 Sed
785 5527 862 5574 his
878 5517 1044 5574 verbis
1064 5517 1234 5574 curent
1257 5517 1458 5572 veteres
1474 5517 1602 5583 libri.

349 5581 369 5626 ί
405 5593 574 5642 Plures
597 5599 650 5642 et
671 5591 834 5652 probas
852 5594 978 5652 notae
1000 5583 1326 5652 manuscripti,
1353 5581 1634 5646 Xcusippus.

351 5655 372 5718 ξ
409 5653 596 5718 aliquot
617 5645 748 5718 ne,
775 5645 1240 5718 atqucbcniunimte.

353 5717 432 5778 (tt)
453 5703 578 5764 cdui'.
601 5703 781 5778 Euseb.
809 5703 896 5778 lib,
915 5710 970 5759 i-i
989 5703 1194 5778 t’t-chnr.
1215 5721 1420 5778 evang“
1442 5719 1584 5778 capp.
1603 5703 1652 5764 4,
1675 5705 1725 5753 Ei.

819 5774 848 5823 ‘2
869 5771 932 5822 de
962 5761 1258 5822 Alistiiienliu
1283 5761 1782 5830 attiittuioftim,t32ip|i.
1799 5761 1880 5826 59,

358 5903 432 5965 (c)
455 5911 618 5966 Supra,
643 5899 730 5950 lib.
757 5899 804 5960 Ξ,
827 5913 928 5960 cap.
965 5897 1036 5946 ii.

1585 367 1784 426 LIBER
1823 363 2157 428 οοτΑνυδ.

1938 477 2062 534 titur
2079 475 2210 534 deos
2234 477 2378 534 falsis
2421 477 2732 536 criminibus
2759 479 3042 538 infamari:
3073 482 3162 540 isti
3185 482 3386 540 eisdem
3411 487 3522 543 cri-

1939 571 2172 628 minibus
2191 585 2318 626 suos
2343 571 2576 628 honores
2615 573 2874 630 celebrari
2913 575 3124 645 jubent.
3170 579 3410 648 Denique
3437 580 3527 637 isti

1939 679 2060 720 cum
2081 663 2298 720 eosdem
2315 663 2468 720 ludos
2513 666 2798 722 instaurari
2841 669 3214 739 praeciperent.
3241 681 3527 742 poscentes

1941 757 2138 828 turpia,
2187 758 2348 814 etiam
2399 757 2628 830 maligna
2663 771 2964 832 gesserunt,
2989 764 3110 820 Tito
3137 765 3350 822 Latinio
3372 767 3526 824 aufe-

1940 859 2126 908 rentes
2143 849 2410 918 ﬁlium,et
2455 853 2798 908 immittentes
2845 857 3109 924 morbum,
3149 859 3294 929 quod
3339 865 3528 917 eorum

1941 943 2212 1000 abnuisset
2263 943 2563 1014 imperium,
2592 957 2822 1016 citroque
2873 947 3114 1006 morbum
3171 951 3527 1018 retrahentes;

1941 1036 2230 1108 eumjussa
2275 1036 2600 1106 complesset
2623 1036 2704 1109 (π)
2731 1055 2746 1092 :
2775 1039 2878 1096 iste
2919 1052 3094 1096 autem
3133 1043 3254 1098 illos
3283 1059 3386 1102 nec
3423 1055 3566 1118 tam;

1943 1127 2116 1184 malos
2131 1126 2394 1184 timendos
2423 1137 2594 1197 putat,
2635 1128 2732 1184 sed
2771 1145 2884 1186 suae
2907 1135 3186 1188 sententiae
3213 1137 3378 1192 robur
3391 1153 3528 1194 eon-

1943 1219 2274 1278 stantissime
2299 1218 2556 1286 retinens,
2585 1235 2772 1276 omnes
2807 1229 3080 1292 poetarum
3109 1227 3396 1299 sacrilegas
3435 1245 3534 1286 nu-

1943 1324 2060 1382 gas,
2091 1311 2284 1380 quibus
2327 1311 2402 1366 iiii
2453 1312 2804 1368 ltumuuditia:
2856 1315 3112 1370 societate
3139 1319 3530 1391 ‘obleetuntur,

1943 1415 1976 1456 a
2003 1403 2198 1472 populo
2221 1403 2360 1458 bene
2385 1401 2626 1458 instituto
2671 1415 2948 1460 removere
2979 1421 3086 1460 non
3115 1407 3338 1463 dubitat.
3383 1410 3536 1468 liunc

1947 1501 2124 1550 autem
2171 1493 2470 1560 Platonem,
2499 1495 2640 1564 quod
2665 1494 2772 1565 jam
2798 1495 2852 1550 in
2881 1497 3116 1552 secundo
3145 1499 3282 1554 libro
3295 1515 3535 1560 comme-

1947 1584 2150 1640 moravi
2177 1584 2196 1652 (
2213 1583 2340 1655 Cap.
2371 1585 2438 1640 Η
2467 1583 2510 1654 ),
2557 1585 2697 1640 inter
2735 1585 3002 1644 semideos
3035 1587 3216 1644 Labeo
3241 1593 3406 1660 ponit.
3435 1593 3538 1662 Qui

1949 1675 2128 1732 Labeo
2147 1679 2364 1734 numina
2391 1677 2528 1731 mala
2563 1677 2794 1734 victimis
2817 1681 3058 1736 cruentis
3079 1691 3236 1751 atque
3262 1682 3538 1753 hujusmo-

1949 1768 2004 1826 di
2023 1769 2496 1839 supplicationibus
2515 1770 2710 1838 placari
2729 1769 3016 1850 existimat,
3053 1773 3192 1826 bona
3222 1789 3352 1830 vero
3381 1775 3538 1844 ludis,

1949 1869 2006 1916 et
2031 1861 2226 1916 talibus
2245 1861 2400 1930 quasi
2425 1860 2494 1916 ad
2523 1861 2762 1916 laititiam
2783 1863 3174 1932 pertinentibus
3199 1867 3380 1922 rebus.
3403 1869 3541 1937 Quid

1951 1961 2040 2010 est
2059 1967 2190 2023 ergo
2205 1951 2346 2022 quod
2361 1953 2630 2010 semideus
2653 1954 2802 2008 Plato
2829 1969 2938 2010 non
2971 1957 3244 2026 semideis,
3277 1959 3374 2015 sed
3401 1961 3540 2030 deis,

1951 2047 2130 2102 ethoc
2155 2045 2334 2113 bonis,
2365 2046 2453 2102 illa
2501 2045 2918 2115 obiectamenta,
2941 2049 3063 2120 quia
3101 2051 3306 2120 judicat
3344 2055 3538 2124 turpia,

1957 2149 2064 2196 tam
2093 2149 2402 2196 constanter
2445 2141 2608 2196 audet
2631 2141 2888 2199 auferre?
2913 2143 3164 2212 Quisane
3193 2145 3266 2201 dii
3293 2147 3547 2204 refellunt

1953 2231 2272 2288 sententiam
2301 2231 2564 2288 Labeonis
2593 2251 2609 2288 :
2631 2249 2756 2288 nam
2781 2249 2842 2289 se
2861 2234 2914 2289 in
2957 2235 3164 2290 Latinio
3189 2251 3296 2293 non
3321 2239 3546 2294 lascivos

1955 2333 2162 2382 tantum
2185 2335 2346 2397 atque
2375 2326 2714 2388 ludibundos,
2737 2327 2834 2382 sed
2863 2327 3022 2383 etiam
3056 2343 3230 2386 srevos
3251 2331 3549 2388 terribiles-

1957 2429 2468 2493 quemoustrarunt.
2520 2419 2806 2490 Exponam
2851 2435 2980 2492 ergo
3025 2423 3184 2478 nobis
3225 2424 3323 2479 ista
3373 2425 3548 2482 Plato-

1957 2514 2062 2570 nici
2091 2515 2134 2580 ³,
2163 2513 2252 2584 qui
2273 2527 2462 2568 omnes
2483 2513 2614 2568 deos
2637 2513 2932 2568 secundum
2959 2515 3192 2570 auctoris
3217 2517 3298 2571 sui
3327 2526 3547 2571 senten-

1957 2605 2086 2662 tiam
2114 2605 2282 2662 bones
2305 2615 2360 2661 et
2385 2607 2640 2661 honestos
2665 2615 2718 2661 et
2737 2605 3018 2661 virtutibus
3059 2607 3378 2676 sapientium
3425 2617 3546 2664 esse

1957 2699 2136 2754 socios
2163 2697 2514 2762 arbitrantur,
2553 2697 2814 2768 aliterque
2857 2697 2926 2752 de
2951 2697 3062 2752 ullo
3111 2699 3332 2753 deorum
3363 2699 3550 2754 sentiri

1959 2789 2110 2846 nefas
2153 2787 2370 2844 habent.
2421 2787 2782 2858 Exponirnus.
2831 2788 3096 2859 inquiunt.
3151 2791 3366 2846 Auente
3397 2790 3556 2861 igitur

1957 2881 2256 2938 audiamus.

1959 2993 2189 3051 CAPUT
2245 2993 2382 3050 ΧΠ.
2413 3027 2482 3036 —-
2513 2995 2588 3051 De
2639 2997 2872 3067 Opinione
2905 3015 3102 3052 'eorum
3155 3015 3234 3068 (μω
3286 2999 3556 3055 rationales

2035 3089 2232 3143 nimus
2265 3089 2418 3141 trium
2458 3103 2696 3159 generum
2746 3107 2850 3144 esse
2878 3091 3134 3157 dixerunt,
3165 3093 3218 3144 id
3248 3103 3338 3154 est,
3371 3093 3421 3146 in
3451 3093 3549 3148 diis

2035 3181 2333 3248 cwlestibus,
2391 3183 2442 3236 in
2489 3181 2794 3236 (Iuriiioriibus
2841 3185 3024 3248 aeriis,
3075 3197 3120 3238 ct
3181 3185 3227 3237 in
3275 3186 3557 3240 hominibus

2038 3289 2262 3330 tt'rrcms.

2039 3393 2089 3450 I.
2124 3391 2370 3447 Omnium
2429 3390 2703 3462 inquiunt,
2737 3391 3081 3454 animalium,
3134 3393 3182 3444 iu
3238 3393 3426 3460 quibus
3477 3403 3560 3444 est

1967 3483 2145 3539 anima
2173 3481 2466 3550 ratiOquis,
2516 3481 2775 3550 tripartito
2799 3481 2990 3534 divisio
3035 3493 3137 3548 est,
3193 3483 3245 3534 in
3278 3483 3426 3548 deos,
3459 3481 3558 3534 ltu-

1968 3577 2164 3640 miues,
2223 3575 2517 3628 dmmoncs.
2560 3575 2636 3627 Dii
2671 3575 3092 3628 excelsissimum
3147 3574 3316 3628 locum
3354 3585 3557 3638 tenent,

1971 3665 2491 3730 hominesintimum,
2522 3665 2793 3720 «immunes
2842 3666 3096 3720 medium.
3151 3665 3280 3720 Nam
3333 3665 3560 3720 deorum

1971 3759 2125 3813 sedes
2155 3759 2204 3812 in
2229 3759 2363 3813 cmlo
2410 3767 2510 3824 est,
2539 3757 2812 3812 hominum
2841 3759 2890 3814 in
2913 3769 3072 3824 terra,
3105 3761 3156 3812 in
3187 3773 3311 3812 acre
3357 3757 3562 3814 daemo-

1972 3865 2117 3904 num.
2145 3849 2291 3903 Sicut
2318 3850 2394 3904 cis
2425 3849 2632 3903 diversa
2655 3849 2880 3920 dignitas
2910 3859 2991 3905 est
3017 3849 3274 3914 locorum,
3304 3851 3372 3904 ita
3401 3849 3564 3905 etiam

1973 3952 2300 3998 naturarum.
2329 3941 2558 3998 Proinde
2571 3943 2641 3996 dii
2667 3951 2788 3996 sunt
2817 3941 3565 4012 hominibusdtemonihusque

1973 4037 2207 4108 potiores
2233 4054 2246 4104 ;
2278 4033 2516 4090 homines
2549 4051 2672 4090 vero
2722 4035 2854 4090 infra
2884 4035 3012 4090 deos
3043 4045 3094 4090 et
3132 4035 3402 4090 (immunes
3431 4049 3566 4092 cou-

1975 4129 2142 4185 stituti
2170 4137 2330 4194 sunt,
2375 4137 2432 4182 ut
2470 4127 2856 4182 elementorum
2912 4127 3119 4194 ordine,
3152 4127 3230 4182 sic
3268 4125 3570 4182 tiiil‘ereutia

1976 4221 2310 4276 meritorum.
2341 4219 2620 4275 Daemones
2657 4219 2814 4290 igitur
2864 4217 3062 4286 medii,
3119 4217 3570 4290 quemadmodum

1977 4313 2100 4380 diis,
2123 4314 2314 4385 quibus
2338 4313 2556 4368 inferius
2579 4311 2838 4376 habitant,
2879 4310 3252 4382 postponendi,
3283 4309 3354 4364 ita
3395 4307 3572 4365 homi-

1977 4407 2156 4474 nibus,
2188 4405 2380 4478 quibus
2401 4406 2668 4476 superius,
2699 4403 3018 4476 prmferendi
3042 4411 3184 4460 sunt.
3209 4401 3572 4458 Habentenim

1978 4515 2099 4556 cum
2126 4499 2229 4555 diis
2266 4513 2604 4555 communem
2647 4497 3098 4554 immortalitatem
3119 4511 3424 4568 corporum,
3455 4493 3574 4550 ani-

1980 4609 2192 4652 morum
2216 4603 2392 4652 autem
2416 4609 2538 4648 cum
2559 4591 2866 4648 hominibus
2902 4590 3179 4661 passiones
3205 4589 3302 4662 (b).
3321 4591 3571 4662 Quapro-

1982 4697 2101 4762 pter
2130 4702 2236 4742 non
2266 4695 2348 4742 est
2369 4685 2584 4752 mirum,
2613 4681 2878 4752 inquiunt,
2924 4683 2972 4737 si
3000 4681 3160 4736 etiam
3206 4681 3452 4738 ludorum
3477 4679 3578 4742 ob.

1981 4777 2328 4835 scenitatibus
2397 4785 2452 4832 et
2513 4782 2791 4847 poetarum
2861 4773 3128 4846 ﬁgmentis
3193 4773 3572 4839 delectantur;

1982 4869 2410 4944 quandoquidem
2459 4867 2706 4924 immanis
2739 4865 3016 4938 capiuntur
3054 4865 3328 4922 affectibus
3349 4905 3366 4931 ,
3397 4879 3430 4920 a
3457 4863 3576 4934 qui-

1984 4961 2083 5018 bus
2113 4961 2186 5018 dii
2211 4962 2368 5032 longe
2413 4961 2606 5016 absunt
2643 4967 2698 5014 et
2733 4958 2906 5015 modis
2940 4957 3186 5014 omnibus
3227 4951 3387 5010 alieni
3425 4961 3572 5009 sunt.

1987 5057 2066 5112 Ex
2108 5071 2216 5128 quo
2253 5055 2539 5125 colligitur,
2593 5054 2866 5108 Platonem
2901 5051 3106 5122 poetica
3157 5047 3472 5104 detestando
3519 5053 3578 5106 et

1987 5146 2320 5220 prohibendo
2344 5145 2613 5216 ﬁgmenta,
2649 5158 2754 5198 non
2781 5143 2930 5209 deos,
2983 5141 3073 5210 qui
3127 5153 3311 5194 omnes
3359 5138 3487 5194 boui
3516 5147 3575 5196 et

1987 5239 2184 5297 excelsi
2214 5245 2355 5298 sunt.
2385 5237 2620 5308 privasse
2642 5234 2888 5290 ludorum
2915 5230 3248 5288 seenicorum
3275 5229 3575 5304 voluptate,

1986 5331 2082 5390 sed
2107 5331 2397 5388 daemones.

2056 5425 2110 5480 2.
2153 5425 2281 5478 Haec
2305 5423 2350 5478 si
2379 5423 2448 5477 ita
2466 5428 2610 5488 sunt,
2633 5433 2750 5488 quas
2769 5417 2894 5472 licet
2920 5415 3060 5488 apud
3085 5415 3218 5472 alios
3239 5431 3452 5488 quoque
3475 5430 3570 5476 re-

1988 5517 2280 5587 periantur,
2317 5513 2570 5584 Apuleius
2621 5520 2798 5564 tamen
2859 5509 3161 5566 Platonicus
3209 5509 3575 5567 Madaurensi!

2053 5699 2072 5729 ¹
2105 5697 2180 5748 sic
2201 5699 2312 5746 Mss.
2339 5699 2392 5742 At
2411 5691 2546 5750 editi,
2572 5702 2655 5748 per
2681 5688 2996 5740 inmunditia:
3019 5689 3306 5740 societatmu.

2051 5757 2072 5791 ²
2103 5747 2177 5808 sic
2197 5757 2346 5806 nostri
2371 5763 2476 5804 .‘dss.
2505 5747 2552 5802 In
2575 5747 2640 5810 5.,
2669 5761 2682 5799 ."
2703 5759 2912 5814 4‘!“th
2936 5751 3024 5802 fuit;
3051 5751 3180 5804 nobis
3203 5747 3448 5802 l-‘llll-Olliﬂ.
3511 5749 3576 5810 ιι.

2075 5819 2128 5882 a)
2152 5827 2317 5882 supra,
2337 5815 2494 5882 litigi,
2515 5827 2620 5882 cap.
2647 5814 2722 5864 ἐϋ.

2078 5877 2128 5942 b)
2153 5877 2280 5930 Pluto
2296 5881 2344 5929 in
2366 5877 2658 5942 l-Lpiuot'uitlc.
