  <div class='ocr_page' id='page_1' title='image "/cluster/home/n/w/nwhite01/storage/ocr_20150623/41/hvd.32044015706344/125.png"; bbox 0 0 4064 6528; ppageno 0'>
   <div class='ocr_carea' id='block_1_1' title="bbox 488 400 596 460">
    <p class='ocr_par' dir='ltr' id='par_1_1' title="bbox 488 400 596 460">
     <span class='ocr_line' id='line_1_1' title="bbox 488 400 596 460; baseline 0.019 -2"><span class='ocrx_word' id='word_1_1' title='bbox 488 400 596 460; x_wconf 68' lang='grc'>959</span> 
     </span>
    </p>
   </div>
   <div class='ocr_carea' id='block_1_2' title="bbox 488 489 2070 574">
    <p class='ocr_par' dir='ltr' id='par_1_2' title="bbox 488 489 2070 574">
     <span class='ocr_line' id='line_1_2' title="bbox 488 489 2070 574; baseline -0.014 -2"><span class='ocrx_word' id='word_1_2' title='bbox 488 513 681 572; x_wconf 89' lang='lat' dir='ltr'><strong>dehac</strong></span> <span class='ocrx_word' id='word_1_3' title='bbox 707 526 769 569; x_wconf 90' lang='lat' dir='ltr'><strong>re</strong></span> <span class='ocrx_word' id='word_1_4' title='bbox 805 510 920 567; x_wconf 85' lang='lat' dir='ltr'><strong>sola</strong></span> <span class='ocrx_word' id='word_1_5' title='bbox 973 521 1137 564; x_wconf 91' lang='lat' dir='ltr'><strong>unum</strong></span> <span class='ocrx_word' id='word_1_6' title='bbox 1166 501 1378 574; x_wconf 74' lang='lat' dir='ltr'><strong>scripsit</strong></span> <span class='ocrx_word' id='word_1_7' title='bbox 1405 489 1620 562; x_wconf 85' lang='lat' dir='ltr'><strong>librum,</strong></span> <span class='ocrx_word' id='word_1_8' title='bbox 1670 499 1821 570; x_wconf 87' lang='lat' dir='ltr'><strong>cujus</strong></span> <span class='ocrx_word' id='word_1_9' title='bbox 1860 495 2070 552; x_wconf 75' lang='lat' dir='ltr'><strong>titulum</strong></span> 
     </span>
    </p>
   </div>
   <div class='ocr_carea' id='block_1_3' title="bbox 491 588 2072 668">
    <p class='ocr_par' dir='ltr' id='par_1_3' title="bbox 491 588 2072 668">
     <span class='ocr_line' id='line_1_3' title="bbox 491 588 2072 668; baseline -0.015 -4"><span class='ocrx_word' id='word_1_10' title='bbox 491 621 616 664; x_wconf 80' lang='lat' dir='ltr'><strong>esse</strong></span> <span class='ocrx_word' id='word_1_11' title='bbox 634 605 822 668; x_wconf 85' lang='lat' dir='ltr'><strong>voluit,</strong></span> <span class='ocrx_word' id='word_1_12' title='bbox 849 603 924 659; x_wconf 89' lang='lat' dir='ltr'><strong>De</strong></span> <span class='ocrx_word' id='word_1_13' title='bbox 946 600 1049 657; x_wconf 91' lang='lat' dir='ltr'><strong>deo</strong></span> <span class='ocrx_word' id='word_1_14' title='bbox 1071 595 1306 655; x_wconf 87' lang='lat' dir='ltr'><strong>Socratis</strong></span> <span class='ocrx_word' id='word_1_15' title='bbox 1332 610 1346 648; x_wconf 89' lang='lat'><strong>:</strong></span> <span class='ocrx_word' id='word_1_16' title='bbox 1376 593 1462 648; x_wconf 93' lang='lat' dir='ltr'><strong>ubi</strong></span> <span class='ocrx_word' id='word_1_17' title='bbox 1491 591 1705 648; x_wconf 84' lang='lat' dir='ltr'><strong>disserit</strong></span> <span class='ocrx_word' id='word_1_18' title='bbox 1741 599 1797 645; x_wconf 91' lang='lat' dir='ltr'><strong>et</strong></span> <span class='ocrx_word' id='word_1_19' title='bbox 1834 588 2072 657; x_wconf 82' lang='lat' dir='ltr'><strong>exponit,</strong></span> 
     </span>
    </p>
   </div>
   <div class='ocr_carea' id='block_1_4' title="bbox 491 679 2075 768">
    <p class='ocr_par' dir='ltr' id='par_1_4' title="bbox 491 679 2075 768">
     <span class='ocr_line' id='line_1_4' title="bbox 491 679 2075 768; baseline -0.014 -14"><span class='ocrx_word' id='word_1_20' title='bbox 491 709 694 768; x_wconf 48' lang='lat' dir='ltr'><strong>Qqua</strong></span> <span class='ocrx_word' id='word_1_21' title='bbox 729 708 925 767; x_wconf 92' lang='lat' dir='ltr'><strong>genere</strong></span> <span class='ocrx_word' id='word_1_22' title='bbox 970 689 1246 747; x_wconf 90' lang='lat' dir='ltr'><strong>numinum</strong></span> <span class='ocrx_word' id='word_1_23' title='bbox 1293 686 1542 742; x_wconf 80' lang='lat' dir='ltr'><strong>Socrates</strong></span> <span class='ocrx_word' id='word_1_24' title='bbox 1567 684 1584 716; x_wconf 76' lang='grc' dir='ltr'>ι</span> <span class='ocrx_word' id='word_1_25' title='bbox 1609 681 1839 738; x_wconf 78' lang='lat' dir='ltr'><strong>habebat</strong></span> <span class='ocrx_word' id='word_1_26' title='bbox 1883 679 2075 764; x_wconf 85' lang='lat' dir='ltr'><strong>adjun-</strong></span> 
     </span>
    </p>
   </div>
   <div class='ocr_carea' id='block_1_5' title="bbox 491 770 2079 854">
    <p class='ocr_par' dir='ltr' id='par_1_5' title="bbox 491 770 2079 854">
     <span class='ocr_line' id='line_1_5' title="bbox 491 770 2079 854; baseline -0.016 -3"><span class='ocrx_word' id='word_1_27' title='bbox 491 801 642 850; x_wconf 77' lang='lat' dir='ltr'><strong>otum</strong></span> <span class='ocrx_word' id='word_1_28' title='bbox 665 796 724 846; x_wconf 86' lang='lat' dir='ltr'><strong>et</strong></span> <span class='ocrx_word' id='word_1_29' title='bbox 765 785 994 843; x_wconf 83' lang='lat' dir='ltr'><strong>amicitia</strong></span> <span class='ocrx_word' id='word_1_30' title='bbox 1037 780 1268 854; x_wconf 88' lang='lat' dir='ltr'><strong>quadam</strong></span> <span class='ocrx_word' id='word_1_31' title='bbox 1317 778 1680 842; x_wconf 85' lang='lat' dir='ltr'><strong>conciliatum,</strong></span> <span class='ocrx_word' id='word_1_32' title='bbox 1710 790 1740 829; x_wconf 93' lang='lat' dir='ltr'><strong>a</strong></span> <span class='ocrx_word' id='word_1_33' title='bbox 1770 789 1876 846; x_wconf 92' lang='lat' dir='ltr'><strong>quo</strong></span> <span class='ocrx_word' id='word_1_34' title='bbox 1897 770 2079 844; x_wconf 76' lang='lat' dir='ltr'><strong>perhi-</strong></span> 
     </span>
    </p>
   </div>
   <div class='ocr_carea' id='block_1_6' title="bbox 493 863 2078 941">
    <p class='ocr_par' dir='ltr' id='par_1_6' title="bbox 493 863 2078 941">
     <span class='ocr_line' id='line_1_6' title="bbox 493 863 2078 941; baseline -0.015 -1"><span class='ocrx_word' id='word_1_35' title='bbox 493 883 653 941; x_wconf 81' lang='lat' dir='ltr'><strong>betur</strong></span> <span class='ocrx_word' id='word_1_36' title='bbox 700 879 886 936; x_wconf 87' lang='lat' dir='ltr'><strong>solitus</strong></span> <span class='ocrx_word' id='word_1_37' title='bbox 935 871 1212 930; x_wconf 81' lang='lat' dir='ltr'><strong>admoneri</strong></span> <span class='ocrx_word' id='word_1_38' title='bbox 1243 914 1259 938; x_wconf 89' lang='lat'><strong>,</strong></span> <span class='ocrx_word' id='word_1_39' title='bbox 1314 879 1373 926; x_wconf 90' lang='lat' dir='ltr'><strong>ut</strong></span> <span class='ocrx_word' id='word_1_40' title='bbox 1413 869 1700 925; x_wconf 75' lang='lat' dir='ltr'><strong>desisteret</strong></span> <span class='ocrx_word' id='word_1_41' title='bbox 1730 866 1798 922; x_wconf 86' lang='lat' dir='ltr'><strong>ab</strong></span> <span class='ocrx_word' id='word_1_42' title='bbox 1837 863 2078 936; x_wconf 88' lang='lat' dir='ltr'><strong>agendo,</strong></span> 
     </span>
    </p>
   </div>
   <div class='ocr_carea' id='block_1_7' title="bbox 495 956 2083 1048">
    <p class='ocr_par' dir='ltr' id='par_1_7' title="bbox 495 956 2083 1048">
     <span class='ocr_line' id='line_1_7' title="bbox 495 956 2083 1048; baseline -0.013 -18"><span class='ocrx_word' id='word_1_43' title='bbox 495 971 709 1048; x_wconf 82' lang='lat' dir='ltr'><strong>quando</strong></span> <span class='ocrx_word' id='word_1_44' title='bbox 733 970 784 1026; x_wconf 91' lang='lat' dir='ltr'><strong>id</strong></span> <span class='ocrx_word' id='word_1_45' title='bbox 803 968 945 1040; x_wconf 90' lang='lat' dir='ltr'><strong>quod</strong></span> <span class='ocrx_word' id='word_1_46' title='bbox 985 980 1144 1038; x_wconf 84' lang='lat' dir='ltr'><strong>agere</strong></span> <span class='ocrx_word' id='word_1_47' title='bbox 1192 962 1425 1025; x_wconf 81' lang='lat' dir='ltr'><strong>volebat,</strong></span> <span class='ocrx_word' id='word_1_48' title='bbox 1459 975 1566 1016; x_wconf 90' lang='lat' dir='ltr'><strong>non</strong></span> <span class='ocrx_word' id='word_1_49' title='bbox 1611 972 1865 1030; x_wconf 85' lang='lat' dir='ltr'><strong>prospere</strong></span> <span class='ocrx_word' id='word_1_50' title='bbox 1910 956 2083 1048; x_wconf 80' lang='lat' dir='ltr'><strong>fuerat</strong></span> 
     </span>
    </p>
   </div>
   <div class='ocr_carea' id='block_1_8' title="bbox 497 1047 2072 1126">
    <p class='ocr_par' dir='ltr' id='par_1_8' title="bbox 497 1047 2072 1126">
     <span class='ocr_line' id='line_1_8' title="bbox 497 1047 2072 1126; baseline -0.014 -3"><span class='ocrx_word' id='word_1_51' title='bbox 497 1047 837 1122; x_wconf 79' lang='lat' dir='ltr'><strong>eventurum.</strong></span> <span class='ocrx_word' id='word_1_52' title='bbox 873 1059 1007 1115; x_wconf 90' lang='lat' dir='ltr'><strong>Dicit</strong></span> <span class='ocrx_word' id='word_1_53' title='bbox 1026 1057 1168 1114; x_wconf 90' lang='lat' dir='ltr'><strong>enim</strong></span> <span class='ocrx_word' id='word_1_54' title='bbox 1191 1053 1545 1126; x_wconf 82' lang='lat' dir='ltr'><strong>apertissime,</strong></span> <span class='ocrx_word' id='word_1_55' title='bbox 1594 1059 1649 1107; x_wconf 92' lang='lat' dir='ltr'><strong>et</strong></span> <span class='ocrx_word' id='word_1_56' title='bbox 1705 1047 2072 1120; x_wconf 84' lang='lat' dir='ltr'><strong>copiosissime</strong></span> 
     </span>
    </p>
   </div>
   <div class='ocr_carea' id='block_1_9' title="bbox 496 1137 2082 1221">
    <p class='ocr_par' dir='ltr' id='par_1_9' title="bbox 496 1137 2082 1221">
     <span class='ocr_line' id='line_1_9' title="bbox 496 1137 2082 1221; baseline -0.012 -10"><span class='ocrx_word' id='word_1_57' title='bbox 496 1156 711 1221; x_wconf 79' lang='lat' dir='ltr'><strong>asserit,</strong></span> <span class='ocrx_word' id='word_1_58' title='bbox 742 1166 849 1207; x_wconf 90' lang='lat' dir='ltr'><strong>non</strong></span> <span class='ocrx_word' id='word_1_59' title='bbox 873 1151 1023 1205; x_wconf 90' lang='lat' dir='ltr'><strong>illum</strong></span> <span class='ocrx_word' id='word_1_60' title='bbox 1079 1149 1246 1204; x_wconf 88' lang='lat' dir='ltr'><strong>Deum</strong></span> <span class='ocrx_word' id='word_1_61' title='bbox 1272 1146 1455 1212; x_wconf 78' lang='lat' dir='ltr'><strong>fuisse,</strong></span> <span class='ocrx_word' id='word_1_62' title='bbox 1497 1142 1590 1199; x_wconf 90' lang='lat' dir='ltr'><strong>sed</strong></span> <span class='ocrx_word' id='word_1_63' title='bbox 1617 1141 1934 1204; x_wconf 64' lang='lat' dir='ltr'><strong>diemonem,</strong></span> <span class='ocrx_word' id='word_1_64' title='bbox 1956 1137 2082 1193; x_wconf 87' lang='lat' dir='ltr'><strong>dili-</strong></span> 
     </span>
    </p>
   </div>
   <div class='ocr_carea' id='block_1_10' title="bbox 497 1229 2098 1318">
    <p class='ocr_par' dir='ltr' id='par_1_10' title="bbox 497 1229 2098 1318">
     <span class='ocr_line' id='line_1_10' title="bbox 497 1229 2098 1318; baseline -0.011 -16"><span class='ocrx_word' id='word_1_65' title='bbox 497 1244 647 1318; x_wconf 91' lang='lat' dir='ltr'><strong>genti</strong></span> <span class='ocrx_word' id='word_1_66' title='bbox 685 1241 1042 1314; x_wconf 81' lang='lat' dir='ltr'><strong>disputatione</strong></span> <span class='ocrx_word' id='word_1_67' title='bbox 1073 1246 1403 1308; x_wconf 86' lang='lat' dir='ltr'><strong>pertractans</strong></span> <span class='ocrx_word' id='word_1_68' title='bbox 1431 1235 1586 1291; x_wconf 88' lang='lat' dir='ltr'><strong>istam</strong></span> <span class='ocrx_word' id='word_1_69' title='bbox 1614 1232 1847 1288; x_wconf 83' lang='lat' dir='ltr'><strong>Platonis</strong></span> <span class='ocrx_word' id='word_1_70' title='bbox 1873 1230 1941 1286; x_wconf 88' lang='lat' dir='ltr'><strong>de</strong></span> <span class='ocrx_word' id='word_1_71' title='bbox 1965 1229 2098 1285; x_wconf 59' lang='lat' dir='ltr'><strong>deor</strong></span> 
     </span>
    </p>
   </div>
   <div class='ocr_carea' id='block_1_11' title="bbox 498 1323 2083 1397">
    <p class='ocr_par' dir='ltr' id='par_1_11' title="bbox 498 1323 2083 1397">
     <span class='ocr_line' id='line_1_11' title="bbox 498 1323 2083 1397; baseline -0.011 -3"><span class='ocrx_word' id='word_1_72' title='bbox 498 1353 621 1397; x_wconf 84' lang='lat' dir='ltr'><strong>rum</strong></span> <span class='ocrx_word' id='word_1_73' title='bbox 641 1335 970 1392; x_wconf 74' lang='lat' dir='ltr'><strong>Sublimitate</strong></span> <span class='ocrx_word' id='word_1_74' title='bbox 998 1341 1052 1387; x_wconf 89' lang='lat' dir='ltr'><strong>et</strong></span> <span class='ocrx_word' id='word_1_75' title='bbox 1081 1329 1360 1385; x_wconf 86' lang='lat' dir='ltr'><strong>hominum</strong></span> <span class='ocrx_word' id='word_1_76' title='bbox 1384 1325 1683 1381; x_wconf 87' lang='lat' dir='ltr'><strong>humilitate</strong></span> <span class='ocrx_word' id='word_1_77' title='bbox 1697 1331 1754 1380; x_wconf 89' lang='lat' dir='ltr'><strong>et</strong></span> <span class='ocrx_word' id='word_1_78' title='bbox 1779 1323 2083 1378; x_wconf 66' lang='lat' dir='ltr'><strong>daemonum</strong></span> 
     </span>
    </p>
   </div>
   <div class='ocr_carea' id='block_1_12' title="bbox 501 1416 2090 1488">
    <p class='ocr_par' dir='ltr' id='par_1_12' title="bbox 501 1416 2090 1488">
     <span class='ocr_line' id='line_1_12' title="bbox 501 1416 2090 1488; baseline -0.01 -4"><span class='ocrx_word' id='word_1_79' title='bbox 501 1427 791 1484; x_wconf 84' lang='lat' dir='ltr'><strong>medietate</strong></span> <span class='ocrx_word' id='word_1_80' title='bbox 846 1422 1185 1480; x_wconf 87' lang='lat' dir='ltr'><strong>sententiam.</strong></span> <span class='ocrx_word' id='word_1_81' title='bbox 1218 1419 1342 1475; x_wconf 69' lang='lat' dir='ltr'><strong>Hzec</strong></span> <span class='ocrx_word' id='word_1_82' title='bbox 1383 1433 1514 1488; x_wconf 89' lang='lat' dir='ltr'><strong>ergo</strong></span> <span class='ocrx_word' id='word_1_83' title='bbox 1548 1416 1594 1471; x_wconf 90' lang='lat' dir='ltr'><strong>si</strong></span> <span class='ocrx_word' id='word_1_84' title='bbox 1638 1416 1710 1470; x_wconf 86' lang='lat' dir='ltr'><strong>ita</strong></span> <span class='ocrx_word' id='word_1_85' title='bbox 1763 1423 1908 1482; x_wconf 90' lang='lat' dir='ltr'><strong>sunt,</strong></span> <span class='ocrx_word' id='word_1_86' title='bbox 1954 1428 2090 1484; x_wconf 90' lang='lat' dir='ltr'><strong>quo-</strong></span> 
     </span>
    </p>
   </div>
   <div class='ocr_carea' id='block_1_13' title="bbox 444 1505 2090 1578">
    <p class='ocr_par' dir='ltr' id='par_1_13' title="bbox 444 1505 2090 1578">
     <span class='ocr_line' id='line_1_13' title="bbox 444 1505 2090 1578; baseline -0.009 -2"><span class='ocrx_word' id='word_1_87' title='bbox 444 1526 454 1538; x_wconf 87' lang='lat'><strong><em>’</em></strong></span> <span class='ocrx_word' id='word_1_88' title='bbox 503 1536 628 1576; x_wconf 87' lang='lat' dir='ltr'><strong>nam</strong></span> <span class='ocrx_word' id='word_1_89' title='bbox 660 1517 820 1574; x_wconf 89' lang='lat' dir='ltr'><strong>modo</strong></span> <span class='ocrx_word' id='word_1_90' title='bbox 843 1531 1006 1571; x_wconf 87' lang='lat' dir='ltr'><strong>ausus</strong></span> <span class='ocrx_word' id='word_1_91' title='bbox 1041 1523 1124 1570; x_wconf 86' lang='lat' dir='ltr'><strong>est</strong></span> <span class='ocrx_word' id='word_1_92' title='bbox 1153 1513 1323 1576; x_wconf 88' lang='lat' dir='ltr'><strong>Plato,</strong></span> <span class='ocrx_word' id='word_1_93' title='bbox 1351 1509 1560 1566; x_wconf 88' lang='lat' dir='ltr'><strong>etiamsi</strong></span> <span class='ocrx_word' id='word_1_94' title='bbox 1588 1524 1691 1563; x_wconf 91' lang='lat' dir='ltr'><strong>non</strong></span> <span class='ocrx_word' id='word_1_95' title='bbox 1716 1507 1838 1572; x_wconf 89' lang='lat' dir='ltr'><strong>diis,</strong></span> <span class='ocrx_word' id='word_1_96' title='bbox 1864 1521 1998 1578; x_wconf 90' lang='lat' dir='ltr'><strong>quos</strong></span> <span class='ocrx_word' id='word_1_97' title='bbox 2021 1505 2090 1562; x_wconf 88' lang='lat' dir='ltr'><strong>ab</strong></span> 
     </span>
    </p>
   </div>
   <div class='ocr_carea' id='block_1_14' title="bbox 503 1596 2088 1675">
    <p class='ocr_par' dir='ltr' id='par_1_14' title="bbox 503 1596 2088 1675">
     <span class='ocr_line' id='line_1_14' title="bbox 503 1596 2088 1675; baseline -0.009 -10"><span class='ocrx_word' id='word_1_98' title='bbox 503 1608 653 1666; x_wconf 89' lang='lat' dir='ltr'><strong>omni</strong></span> <span class='ocrx_word' id='word_1_99' title='bbox 675 1607 906 1663; x_wconf 86' lang='lat' dir='ltr'><strong>humana</strong></span> <span class='ocrx_word' id='word_1_100' title='bbox 934 1603 1251 1675; x_wconf 81' lang='lat' dir='ltr'><strong>contagione</strong></span> <span class='ocrx_word' id='word_1_101' title='bbox 1279 1600 1529 1663; x_wconf 85' lang='lat' dir='ltr'><strong>semovit,</strong></span> <span class='ocrx_word' id='word_1_102' title='bbox 1555 1607 1702 1654; x_wconf 87' lang='lat' dir='ltr'><strong>certe</strong></span> <span class='ocrx_word' id='word_1_103' title='bbox 1729 1597 1858 1668; x_wconf 84' lang='lat' dir='ltr'><strong>ipsis</strong></span> <span class='ocrx_word' id='word_1_104' title='bbox 1885 1596 2088 1652; x_wconf 84' lang='lat' dir='ltr'><strong>daemo-</strong></span> 
     </span>
    </p>
   </div>
   <div class='ocr_carea' id='block_1_15' title="bbox 508 1689 2092 1771">
    <p class='ocr_par' dir='ltr' id='par_1_15' title="bbox 508 1689 2092 1771">
     <span class='ocr_line' id='line_1_15' title="bbox 508 1689 2092 1771; baseline -0.011 -12"><span class='ocrx_word' id='word_1_105' title='bbox 508 1703 690 1769; x_wconf 90' lang='lat' dir='ltr'><strong>nibus,</strong></span> <span class='ocrx_word' id='word_1_106' title='bbox 717 1709 900 1771; x_wconf 89' lang='lat' dir='ltr'><strong>poetas</strong></span> <span class='ocrx_word' id='word_1_107' title='bbox 921 1698 1051 1753; x_wconf 86' lang='lat' dir='ltr'><strong>urbe</strong></span> <span class='ocrx_word' id='word_1_108' title='bbox 1087 1693 1355 1766; x_wconf 90' lang='lat' dir='ltr'><strong>pellendo,</strong></span> <span class='ocrx_word' id='word_1_109' title='bbox 1393 1692 1601 1747; x_wconf 77' lang='lat' dir='ltr'><strong>auferre</strong></span> <span class='ocrx_word' id='word_1_110' title='bbox 1630 1690 1912 1745; x_wconf 89' lang='lat' dir='ltr'><strong>theatricas</strong></span> <span class='ocrx_word' id='word_1_111' title='bbox 1943 1689 2092 1744; x_wconf 82' lang='lat' dir='ltr'><strong>volu-</strong></span> 
     </span>
    </p>
   </div>
   <div class='ocr_carea' id='block_1_16' title="bbox 509 1781 2091 1866">
    <p class='ocr_par' dir='ltr' id='par_1_16' title="bbox 509 1781 2091 1866">
     <span class='ocr_line' id='line_1_16' title="bbox 509 1781 2091 1866; baseline -0.009 -17"><span class='ocrx_word' id='word_1_112' title='bbox 509 1803 701 1866; x_wconf 83' lang='lat' dir='ltr'><strong>ptates,</strong></span> <span class='ocrx_word' id='word_1_113' title='bbox 736 1792 835 1847; x_wconf 83' lang='lat' dir='ltr'><strong>nisi</strong></span> <span class='ocrx_word' id='word_1_114' title='bbox 865 1791 986 1860; x_wconf 86' lang='lat' dir='ltr'><strong>quia</strong></span> <span class='ocrx_word' id='word_1_115' title='bbox 1028 1789 1128 1843; x_wconf 91' lang='lat' dir='ltr'><strong>hoc</strong></span> <span class='ocrx_word' id='word_1_116' title='bbox 1159 1795 1315 1858; x_wconf 88' lang='lat' dir='ltr'><strong>pacto</strong></span> <span class='ocrx_word' id='word_1_117' title='bbox 1342 1783 1618 1840; x_wconf 88' lang='lat' dir='ltr'><strong>admonuit</strong></span> <span class='ocrx_word' id='word_1_118' title='bbox 1641 1782 1878 1836; x_wconf 91' lang='lat' dir='ltr'><strong>animum</strong></span> <span class='ocrx_word' id='word_1_119' title='bbox 1903 1781 2091 1835; x_wconf 84' lang='lat' dir='ltr'><strong>huma-</strong></span> 
     </span>
    </p>
   </div>
   <div class='ocr_carea' id='block_1_17' title="bbox 508 1873 2094 1955">
    <p class='ocr_par' dir='ltr' id='par_1_17' title="bbox 508 1873 2094 1955">
     <span class='ocr_line' id='line_1_17' title="bbox 508 1873 2094 1955; baseline -0.011 -11"><span class='ocrx_word' id='word_1_120' title='bbox 508 1902 660 1949; x_wconf 88' lang='lat' dir='ltr'><strong>num,</strong></span> <span class='ocrx_word' id='word_1_121' title='bbox 690 1883 932 1955; x_wconf 86' lang='lat' dir='ltr'><strong>quamvis</strong></span> <span class='ocrx_word' id='word_1_122' title='bbox 959 1880 1135 1936; x_wconf 84' lang='lat' dir='ltr'><strong>adhuc</strong></span> <span class='ocrx_word' id='word_1_123' title='bbox 1159 1880 1212 1935; x_wconf 90' lang='lat' dir='ltr'><strong>in</strong></span> <span class='ocrx_word' id='word_1_124' title='bbox 1233 1879 1321 1947; x_wconf 72' lang='lat' dir='ltr'><strong>hi;</strong></span> <span class='ocrx_word' id='word_1_125' title='bbox 1348 1875 1682 1932; x_wconf 89' lang='lat' dir='ltr'><strong>moribundis</strong></span> <span class='ocrx_word' id='word_1_126' title='bbox 1711 1873 1968 1930; x_wconf 83' lang='lat' dir='ltr'><strong>membris</strong></span> <span class='ocrx_word' id='word_1_127' title='bbox 1997 1887 2094 1942; x_wconf 86' lang='lat' dir='ltr'><strong>po-</strong></span> 
     </span>
    </p>
   </div>
   <div class='ocr_carea' id='block_1_18' title="bbox 508 1967 2094 2048">
    <p class='ocr_par' dir='ltr' id='par_1_18' title="bbox 508 1967 2094 2048">
     <span class='ocr_line' id='line_1_18' title="bbox 508 1967 2094 2048; baseline -0.01 -12"><span class='ocrx_word' id='word_1_128' title='bbox 508 1980 692 2045; x_wconf 86' lang='lat' dir='ltr'><strong>situm,</strong></span> <span class='ocrx_word' id='word_1_129' title='bbox 725 1993 819 2048; x_wconf 91' lang='lat' dir='ltr'><strong>pro</strong></span> <span class='ocrx_word' id='word_1_130' title='bbox 859 1974 1144 2047; x_wconf 86' lang='lat' dir='ltr'><strong>splendore</strong></span> <span class='ocrx_word' id='word_1_131' title='bbox 1191 1971 1486 2028; x_wconf 88' lang='lat' dir='ltr'><strong>honestatis</strong></span> <span class='ocrx_word' id='word_1_132' title='bbox 1532 1970 1736 2039; x_wconf 87' lang='lat' dir='ltr'><strong>impura</strong></span> <span class='ocrx_word' id='word_1_133' title='bbox 1789 1967 2094 2023; x_wconf 70' lang='lat' dir='ltr'><strong>daemonum</strong></span> 
     </span>
    </p>
   </div>
   <div class='ocr_carea' id='block_1_19' title="bbox 503 2057 2095 2146">
    <p class='ocr_par' dir='ltr' id='par_1_19' title="bbox 503 2057 2095 2146">
     <span class='ocr_line' id='line_1_19' title="bbox 503 2057 2095 2146; baseline -0.012 -15"><span class='ocrx_word' id='word_1_134' title='bbox 503 2075 652 2146; x_wconf 77' lang='lat' dir='ltr'><strong>iussa</strong></span> <span class='ocrx_word' id='word_1_135' title='bbox 680 2079 1353 2136; x_wconf 83' lang='lat' dir='ltr'><strong>contemnere.eorumque</strong></span> <span class='ocrx_word' id='word_1_136' title='bbox 1369 2060 1766 2118; x_wconf 87' lang='lat' dir='ltr'><strong>immunditiam</strong></span> <span class='ocrx_word' id='word_1_137' title='bbox 1789 2058 2046 2116; x_wconf 88' lang='lat' dir='ltr'><strong>detestari</strong></span> <span class='ocrx_word' id='word_1_138' title='bbox 2070 2057 2095 2112; x_wconf 84' lang='lat'><strong>?</strong></span> 
     </span>
    </p>
   </div>
   <div class='ocr_carea' id='block_1_20' title="bbox 509 2147 2094 2224">
    <p class='ocr_par' dir='ltr' id='par_1_20' title="bbox 509 2147 2094 2224">
     <span class='ocr_line' id='line_1_20' title="bbox 509 2147 2094 2224; baseline -0.013 -1"><span class='ocrx_word' id='word_1_139' title='bbox 509 2181 632 2223; x_wconf 86' lang='lat' dir='ltr'><strong>nam</strong></span> <span class='ocrx_word' id='word_1_140' title='bbox 659 2165 704 2219; x_wconf 91' lang='lat' dir='ltr'><strong>si</strong></span> <span class='ocrx_word' id='word_1_141' title='bbox 730 2163 881 2219; x_wconf 87' lang='lat' dir='ltr'><strong>Plato</strong></span> <span class='ocrx_word' id='word_1_142' title='bbox 906 2160 1022 2216; x_wconf 85' lang='lat' dir='ltr'><strong>haec</strong></span> <span class='ocrx_word' id='word_1_143' title='bbox 1067 2155 1444 2215; x_wconf 88' lang='lat' dir='ltr'><strong>honestissime</strong></span> <span class='ocrx_word' id='word_1_144' title='bbox 1471 2154 1647 2224; x_wconf 90' lang='lat' dir='ltr'><strong>arguit</strong></span> <span class='ocrx_word' id='word_1_145' title='bbox 1697 2161 1752 2206; x_wconf 90' lang='lat' dir='ltr'><strong>et</strong></span> <span class='ocrx_word' id='word_1_146' title='bbox 1799 2147 2094 2220; x_wconf 87' lang='lat' dir='ltr'><strong>prohibuit,</strong></span> 
     </span>
    </p>
   </div>
   <div class='ocr_carea' id='block_1_21' title="bbox 511 2246 2099 2330">
    <p class='ocr_par' dir='ltr' id='par_1_21' title="bbox 511 2246 2099 2330">
     <span class='ocr_line' id='line_1_21' title="bbox 511 2246 2099 2330; baseline -0.014 -15"><span class='ocrx_word' id='word_1_147' title='bbox 511 2257 750 2330; x_wconf 77' lang='lat' dir='ltr'><strong>profecto</strong></span> <span class='ocrx_word' id='word_1_148' title='bbox 803 2253 1076 2309; x_wconf 65' lang='lat' dir='ltr'><strong>daemones</strong></span> <span class='ocrx_word' id='word_1_149' title='bbox 1144 2246 1452 2318; x_wconf 86' lang='lat' dir='ltr'><strong>turpissime</strong></span> <span class='ocrx_word' id='word_1_150' title='bbox 1503 2250 1863 2315; x_wconf 81' lang='lat' dir='ltr'><strong>paposcerunt</strong></span> <span class='ocrx_word' id='word_1_151' title='bbox 1939 2247 2099 2310; x_wconf 87' lang='lat' dir='ltr'><strong>atque</strong></span> 
     </span>
    </p>
   </div>
   <div class='ocr_carea' id='block_1_22' title="bbox 506 2331 2100 2424">
    <p class='ocr_par' dir='ltr' id='par_1_22' title="bbox 506 2331 2100 2424">
     <span class='ocr_line' id='line_1_22' title="bbox 506 2331 2100 2424; baseline -0.016 -15"><span class='ocrx_word' id='word_1_152' title='bbox 506 2349 926 2424; x_wconf 79' lang='lat' dir='ltr'><strong>jusserunt.Aut</strong></span> <span class='ocrx_word' id='word_1_153' title='bbox 961 2359 1091 2416; x_wconf 87' lang='lat' dir='ltr'><strong>ergo</strong></span> <span class='ocrx_word' id='word_1_154' title='bbox 1121 2341 1322 2398; x_wconf 81' lang='lat' dir='ltr'><strong>fallitur</strong></span> <span class='ocrx_word' id='word_1_155' title='bbox 1368 2337 1644 2410; x_wconf 82' lang='lat' dir='ltr'><strong>Apuleius,</strong></span> <span class='ocrx_word' id='word_1_156' title='bbox 1672 2343 1727 2390; x_wconf 90' lang='lat' dir='ltr'><strong>et</strong></span> <span class='ocrx_word' id='word_1_157' title='bbox 1765 2347 1872 2389; x_wconf 91' lang='lat' dir='ltr'><strong>non</strong></span> <span class='ocrx_word' id='word_1_158' title='bbox 1900 2347 1969 2387; x_wconf 80' lang='lat' dir='ltr'><strong>ex</strong></span> <span class='ocrx_word' id='word_1_159' title='bbox 1999 2331 2100 2409; x_wconf 83' lang='lat' dir='ltr'><strong>isto</strong></span> 
     </span>
    </p>
   </div>
   <div class='ocr_carea' id='block_1_23' title="bbox 509 2429 2102 2519">
    <p class='ocr_par' dir='ltr' id='par_1_23' title="bbox 509 2429 2102 2519">
     <span class='ocr_line' id='line_1_23' title="bbox 509 2429 2102 2519; baseline -0.015 -17"><span class='ocrx_word' id='word_1_160' title='bbox 509 2459 706 2519; x_wconf 87' lang='lat' dir='ltr'><strong>genere</strong></span> <span class='ocrx_word' id='word_1_161' title='bbox 750 2440 1025 2501; x_wconf 90' lang='lat' dir='ltr'><strong>numinum</strong></span> <span class='ocrx_word' id='word_1_162' title='bbox 1057 2434 1242 2491; x_wconf 86' lang='lat' dir='ltr'><strong>habuit</strong></span> <span class='ocrx_word' id='word_1_163' title='bbox 1281 2431 1511 2488; x_wconf 92' lang='lat' dir='ltr'><strong>amicum</strong></span> <span class='ocrx_word' id='word_1_164' title='bbox 1541 2429 1789 2486; x_wconf 84' lang='lat' dir='ltr'><strong>Socrates</strong></span> <span class='ocrx_word' id='word_1_165' title='bbox 1820 2442 1836 2490; x_wconf 88' lang='lat'><strong>;</strong></span> <span class='ocrx_word' id='word_1_166' title='bbox 1864 2435 1958 2480; x_wconf 84' lang='lat' dir='ltr'><strong>aut</strong></span> <span class='ocrx_word' id='word_1_167' title='bbox 1980 2438 2102 2480; x_wconf 83' lang='lat' dir='ltr'><strong>eon-</strong></span> 
     </span>
    </p>
   </div>
   <div class='ocr_carea' id='block_1_24' title="bbox 512 2519 2102 2596">
    <p class='ocr_par' dir='ltr' id='par_1_24' title="bbox 512 2519 2102 2596">
     <span class='ocr_line' id='line_1_24' title="bbox 512 2519 2102 2596; baseline -0.013 -2"><span class='ocrx_word' id='word_1_168' title='bbox 512 2539 674 2596; x_wconf 85' lang='lat' dir='ltr'><strong>traria</strong></span> <span class='ocrx_word' id='word_1_169' title='bbox 696 2536 834 2590; x_wconf 88' lang='lat' dir='ltr'><strong>inter</strong></span> <span class='ocrx_word' id='word_1_170' title='bbox 859 2549 919 2589; x_wconf 90' lang='lat' dir='ltr'><strong>se</strong></span> <span class='ocrx_word' id='word_1_171' title='bbox 939 2529 1100 2586; x_wconf 86' lang='lat' dir='ltr'><strong>sentit</strong></span> <span class='ocrx_word' id='word_1_172' title='bbox 1122 2528 1296 2592; x_wconf 82' lang='lat' dir='ltr'><strong>Plato,</strong></span> <span class='ocrx_word' id='word_1_173' title='bbox 1343 2523 1505 2582; x_wconf 91' lang='lat' dir='ltr'><strong>modo</strong></span> <span class='ocrx_word' id='word_1_174' title='bbox 1534 2522 1807 2578; x_wconf 71' lang='lat' dir='ltr'><strong>daemones</strong></span> <span class='ocrx_word' id='word_1_175' title='bbox 1828 2519 2102 2575; x_wconf 88' lang='lat' dir='ltr'><strong>honoran-</strong></span> 
     </span>
    </p>
   </div>
   <div class='ocr_carea' id='block_1_25' title="bbox 511 2614 2101 2695">
    <p class='ocr_par' dir='ltr' id='par_1_25' title="bbox 511 2614 2101 2695">
     <span class='ocr_line' id='line_1_25' title="bbox 511 2614 2101 2695; baseline -0.014 -8"><span class='ocrx_word' id='word_1_176' title='bbox 511 2629 605 2695; x_wconf 82' lang='lat' dir='ltr'><strong>do,</strong></span> <span class='ocrx_word' id='word_1_177' title='bbox 636 2626 793 2681; x_wconf 89' lang='lat' dir='ltr'><strong>modo</strong></span> <span class='ocrx_word' id='word_1_178' title='bbox 819 2638 1003 2680; x_wconf 89' lang='lat' dir='ltr'><strong>eorum</strong></span> <span class='ocrx_word' id='word_1_179' title='bbox 1031 2619 1250 2675; x_wconf 82' lang='lat' dir='ltr'><strong>delicias</strong></span> <span class='ocrx_word' id='word_1_180' title='bbox 1277 2632 1307 2672; x_wconf 83' lang='lat' dir='ltr'><strong>tl</strong></span> <span class='ocrx_word' id='word_1_181' title='bbox 1351 2617 1562 2672; x_wconf 88' lang='lat' dir='ltr'><strong>civitate</strong></span> <span class='ocrx_word' id='word_1_182' title='bbox 1609 2614 1745 2668; x_wconf 88' lang='lat' dir='ltr'><strong>bene</strong></span> <span class='ocrx_word' id='word_1_183' title='bbox 1772 2621 1976 2667; x_wconf 88' lang='lat' dir='ltr'><strong>morata</strong></span> <span class='ocrx_word' id='word_1_184' title='bbox 2011 2625 2101 2666; x_wconf 86' lang='lat' dir='ltr'><strong>re—</strong></span> 
     </span>
    </p>
   </div>
   <div class='ocr_carea' id='block_1_26' title="bbox 513 2703 2104 2779">
    <p class='ocr_par' dir='ltr' id='par_1_26' title="bbox 513 2703 2104 2779">
     <span class='ocr_line' id='line_1_26' title="bbox 513 2703 2104 2779; baseline -0.011 -3"><span class='ocrx_word' id='word_1_185' title='bbox 513 2717 779 2776; x_wconf 88' lang='lat' dir='ltr'><strong>movendo</strong></span> <span class='ocrx_word' id='word_1_186' title='bbox 803 2733 817 2779; x_wconf 91' lang='lat'><strong>;</strong></span> <span class='ocrx_word' id='word_1_187' title='bbox 850 2721 941 2768; x_wconf 87' lang='lat' dir='ltr'><strong>aut</strong></span> <span class='ocrx_word' id='word_1_188' title='bbox 959 2727 1065 2767; x_wconf 93' lang='lat' dir='ltr'><strong>non</strong></span> <span class='ocrx_word' id='word_1_189' title='bbox 1094 2720 1177 2766; x_wconf 91' lang='lat' dir='ltr'><strong>est</strong></span> <span class='ocrx_word' id='word_1_190' title='bbox 1213 2708 1418 2765; x_wconf 84' lang='lat' dir='ltr'><strong>Socrati</strong></span> <span class='ocrx_word' id='word_1_191' title='bbox 1447 2705 1678 2762; x_wconf 90' lang='lat' dir='ltr'><strong>amicitia</strong></span> <span class='ocrx_word' id='word_1_192' title='bbox 1701 2703 1960 2759; x_wconf 77' lang='lat' dir='ltr'><strong>dzemonis</strong></span> <span class='ocrx_word' id='word_1_193' title='bbox 1978 2718 2104 2775; x_wconf 83' lang='lat' dir='ltr'><strong>gra-</strong></span> 
     </span>
    </p>
   </div>
   <div class='ocr_carea' id='block_1_27' title="bbox 513 2793 2102 2876">
    <p class='ocr_par' dir='ltr' id='par_1_27' title="bbox 513 2793 2102 2876">
     <span class='ocr_line' id='line_1_27' title="bbox 513 2793 2102 2876; baseline -0.013 -7"><span class='ocrx_word' id='word_1_194' title='bbox 513 2809 752 2871; x_wconf 67' lang='lat' dir='ltr'><strong>tulando.</strong></span> <span class='ocrx_word' id='word_1_195' title='bbox 775 2807 845 2863; x_wconf 88' lang='lat' dir='ltr'><strong>de</strong></span> <span class='ocrx_word' id='word_1_196' title='bbox 870 2820 972 2876; x_wconf 91' lang='lat' dir='ltr'><strong>qua</strong></span> <span class='ocrx_word' id='word_1_197' title='bbox 1004 2817 1170 2873; x_wconf 87' lang='lat' dir='ltr'><strong>usque</strong></span> <span class='ocrx_word' id='word_1_198' title='bbox 1209 2800 1343 2856; x_wconf 72' lang='lat' dir='ltr'><strong>adeo</strong></span> <span class='ocrx_word' id='word_1_199' title='bbox 1368 2807 1424 2854; x_wconf 91' lang='lat' dir='ltr'><strong>et</strong></span> <span class='ocrx_word' id='word_1_200' title='bbox 1449 2798 1562 2868; x_wconf 89' lang='lat' dir='ltr'><strong>ipse</strong></span> <span class='ocrx_word' id='word_1_201' title='bbox 1591 2796 1846 2866; x_wconf 80' lang='lat' dir='ltr'><strong>Apuleius</strong></span> <span class='ocrx_word' id='word_1_202' title='bbox 1870 2793 2102 2858; x_wconf 88' lang='lat' dir='ltr'><strong>erubuit,</strong></span> 
     </span>
    </p>
   </div>
   <div class='ocr_carea' id='block_1_28' title="bbox 515 2889 2100 2963">
    <p class='ocr_par' dir='ltr' id='par_1_28' title="bbox 515 2889 2100 2963">
     <span class='ocr_line' id='line_1_28' title="bbox 515 2889 2100 2963; baseline -0.013 -3"><span class='ocrx_word' id='word_1_203' title='bbox 515 2912 576 2960; x_wconf 85' lang='lat' dir='ltr'><strong>ut</strong></span> <span class='ocrx_word' id='word_1_204' title='bbox 613 2903 690 2956; x_wconf 87' lang='lat' dir='ltr'><strong>De</strong></span> <span class='ocrx_word' id='word_1_205' title='bbox 713 2899 814 2954; x_wconf 91' lang='lat' dir='ltr'><strong>deo</strong></span> <span class='ocrx_word' id='word_1_206' title='bbox 838 2894 1073 2952; x_wconf 85' lang='lat' dir='ltr'><strong>Socratis</strong></span> <span class='ocrx_word' id='word_1_207' title='bbox 1105 2899 1428 2963; x_wconf 76' lang='lat' dir='ltr'><strong>przeuotaret</strong></span> <span class='ocrx_word' id='word_1_208' title='bbox 1454 2889 1672 2955; x_wconf 92' lang='lat' dir='ltr'><strong>librum,</strong></span> <span class='ocrx_word' id='word_1_209' title='bbox 1722 2903 1879 2957; x_wconf 88' lang='lat' dir='ltr'><strong>quem</strong></span> <span class='ocrx_word' id='word_1_210' title='bbox 1909 2901 2100 2941; x_wconf 86' lang='lat' dir='ltr'><strong>secun-</strong></span> 
     </span>
    </p>
   </div>
   <div class='ocr_carea' id='block_1_29' title="bbox 515 2977 2105 3059">
    <p class='ocr_par' dir='ltr' id='par_1_29' title="bbox 515 2977 2105 3059">
     <span class='ocr_line' id='line_1_29' title="bbox 515 2977 2105 3059; baseline -0.011 -10"><span class='ocrx_word' id='word_1_211' title='bbox 515 2993 646 3051; x_wconf 89' lang='lat' dir='ltr'><strong>dum</strong></span> <span class='ocrx_word' id='word_1_212' title='bbox 667 3005 816 3046; x_wconf 87' lang='lat' dir='ltr'><strong>suam</strong></span> <span class='ocrx_word' id='word_1_213' title='bbox 836 2985 1272 3059; x_wconf 85' lang='lat' dir='ltr'><strong>disputationem,</strong></span> <span class='ocrx_word' id='word_1_214' title='bbox 1294 2997 1398 3052; x_wconf 89' lang='lat' dir='ltr'><strong>qua</strong></span> <span class='ocrx_word' id='word_1_215' title='bbox 1437 2980 1568 3041; x_wconf 87' lang='lat' dir='ltr'><strong>deos</strong></span> <span class='ocrx_word' id='word_1_216' title='bbox 1588 2995 1616 3032; x_wconf 90' lang='lat' dir='ltr'><strong>a</strong></span> <span class='ocrx_word' id='word_1_217' title='bbox 1638 2977 1970 3033; x_wconf 64' lang='lat' dir='ltr'><strong>daemonibus</strong></span> <span class='ocrx_word' id='word_1_218' title='bbox 1997 2985 2105 3031; x_wconf 88' lang='lat' dir='ltr'><strong>tam</strong></span> 
     </span>
    </p>
   </div>
   <div class='ocr_carea' id='block_1_30' title="bbox 517 3069 2104 3156">
    <p class='ocr_par' dir='ltr' id='par_1_30' title="bbox 517 3069 2104 3156">
     <span class='ocr_line' id='line_1_30' title="bbox 517 3069 2104 3156; baseline -0.013 -12"><span class='ocrx_word' id='word_1_219' title='bbox 517 3087 802 3156; x_wconf 76' lang='lat' dir='ltr'><strong>diligenter</strong></span> <span class='ocrx_word' id='word_1_220' title='bbox 827 3083 1146 3151; x_wconf 83' lang='lat' dir='ltr'><strong>copioseque</strong></span> <span class='ocrx_word' id='word_1_221' title='bbox 1162 3075 1441 3141; x_wconf 90' lang='lat' dir='ltr'><strong>discernit,</strong></span> <span class='ocrx_word' id='word_1_222' title='bbox 1455 3089 1562 3128; x_wconf 91' lang='lat' dir='ltr'><strong>non</strong></span> <span class='ocrx_word' id='word_1_223' title='bbox 1583 3071 1851 3142; x_wconf 86' lang='lat' dir='ltr'><strong>appellare</strong></span> <span class='ocrx_word' id='word_1_224' title='bbox 1872 3069 1947 3125; x_wconf 90' lang='lat' dir='ltr'><strong>De</strong></span> <span class='ocrx_word' id='word_1_225' title='bbox 1979 3069 2104 3133; x_wconf 90' lang='lat' dir='ltr'><strong>deo,</strong></span> 
     </span>
    </p>
   </div>
   <div class='ocr_carea' id='block_1_31' title="bbox 519 3162 2108 3236">
    <p class='ocr_par' dir='ltr' id='par_1_31' title="bbox 519 3162 2108 3236">
     <span class='ocr_line' id='line_1_31' title="bbox 519 3162 2108 3236; baseline -0.012 -1"><span class='ocrx_word' id='word_1_226' title='bbox 519 3179 613 3236; x_wconf 87' lang='lat' dir='ltr'><strong>sed</strong></span> <span class='ocrx_word' id='word_1_227' title='bbox 643 3178 718 3233; x_wconf 89' lang='lat' dir='ltr'><strong>De</strong></span> <span class='ocrx_word' id='word_1_228' title='bbox 745 3176 987 3229; x_wconf 81' lang='lat' dir='ltr'><strong>daemone</strong></span> <span class='ocrx_word' id='word_1_229' title='bbox 1019 3169 1254 3227; x_wconf 88' lang='lat' dir='ltr'><strong>Socratis</strong></span> <span class='ocrx_word' id='word_1_230' title='bbox 1282 3167 1484 3223; x_wconf 89' lang='lat' dir='ltr'><strong>debuit.</strong></span> <span class='ocrx_word' id='word_1_231' title='bbox 1518 3164 1696 3221; x_wconf 77' lang='lat' dir='ltr'><strong>Maluit</strong></span> <span class='ocrx_word' id='word_1_232' title='bbox 1725 3173 1901 3218; x_wconf 88' lang='lat' dir='ltr'><strong>autem</strong></span> <span class='ocrx_word' id='word_1_233' title='bbox 1927 3162 2030 3218; x_wconf 88' lang='lat' dir='ltr'><strong>hoc</strong></span> <span class='ocrx_word' id='word_1_234' title='bbox 2056 3163 2108 3217; x_wconf 89' lang='lat' dir='ltr'><strong>in</strong></span> 
     </span>
    </p>
   </div>
   <div class='ocr_carea' id='block_1_32' title="bbox 522 3253 2111 3342">
    <p class='ocr_par' dir='ltr' id='par_1_32' title="bbox 522 3253 2111 3342">
     <span class='ocr_line' id='line_1_32' title="bbox 522 3253 2111 3342; baseline -0.011 -17"><span class='ocrx_word' id='word_1_235' title='bbox 522 3271 634 3342; x_wconf 88' lang='lat' dir='ltr'><strong>ipsa</strong></span> <span class='ocrx_word' id='word_1_236' title='bbox 658 3265 1038 3338; x_wconf 86' lang='lat' dir='ltr'><strong>disputatione,</strong></span> <span class='ocrx_word' id='word_1_237' title='bbox 1095 3276 1252 3331; x_wconf 85' lang='lat' dir='ltr'><strong>quam</strong></span> <span class='ocrx_word' id='word_1_238' title='bbox 1289 3259 1344 3314; x_wconf 92' lang='lat' dir='ltr'><strong>in</strong></span> <span class='ocrx_word' id='word_1_239' title='bbox 1390 3258 1544 3312; x_wconf 86' lang='lat' dir='ltr'><strong>titulo</strong></span> <span class='ocrx_word' id='word_1_240' title='bbox 1594 3256 1714 3310; x_wconf 88' lang='lat' dir='ltr'><strong>libri</strong></span> <span class='ocrx_word' id='word_1_241' title='bbox 1770 3270 1986 3323; x_wconf 88' lang='lat' dir='ltr'><strong>ponere.</strong></span> <span class='ocrx_word' id='word_1_242' title='bbox 2033 3253 2111 3308; x_wconf 90' lang='lat' dir='ltr'><strong>lta</strong></span> 
     </span>
    </p>
   </div>
   <div class='ocr_carea' id='block_1_33' title="bbox 519 3346 2110 3430">
    <p class='ocr_par' dir='ltr' id='par_1_33' title="bbox 519 3346 2110 3430">
     <span class='ocr_line' id='line_1_33' title="bbox 519 3346 2110 3430; baseline -0.011 -13"><span class='ocrx_word' id='word_1_243' title='bbox 519 3363 661 3416; x_wconf 89' lang='lat' dir='ltr'><strong>enim</strong></span> <span class='ocrx_word' id='word_1_244' title='bbox 691 3375 785 3430; x_wconf 91' lang='lat' dir='ltr'><strong>per</strong></span> <span class='ocrx_word' id='word_1_245' title='bbox 815 3371 998 3411; x_wconf 89' lang='lat' dir='ltr'><strong>sanam</strong></span> <span class='ocrx_word' id='word_1_246' title='bbox 1027 3353 1348 3416; x_wconf 84' lang='lat' dir='ltr'><strong>doctrinam,</strong></span> <span class='ocrx_word' id='word_1_247' title='bbox 1381 3367 1500 3418; x_wconf 72' lang='lat' dir='ltr'><strong>qua:</strong></span> <span class='ocrx_word' id='word_1_248' title='bbox 1523 3347 1770 3402; x_wconf 89' lang='lat' dir='ltr'><strong>humanis</strong></span> <span class='ocrx_word' id='word_1_249' title='bbox 1795 3347 1954 3402; x_wconf 90' lang='lat' dir='ltr'><strong>rebus</strong></span> <span class='ocrx_word' id='word_1_250' title='bbox 1991 3346 2110 3401; x_wconf 70' lang='lat' dir='ltr'><strong>illu~</strong></span> 
     </span>
    </p>
   </div>
   <div class='ocr_carea' id='block_1_34' title="bbox 520 3436 2113 3520">
    <p class='ocr_par' dir='ltr' id='par_1_34' title="bbox 520 3436 2113 3520">
     <span class='ocr_line' id='line_1_34' title="bbox 520 3436 2113 3520; baseline -0.013 -10"><span class='ocrx_word' id='word_1_251' title='bbox 520 3455 620 3520; x_wconf 70' lang='lat' dir='ltr'><strong>ait,</strong></span> <span class='ocrx_word' id='word_1_252' title='bbox 642 3466 829 3508; x_wconf 87' lang='lat' dir='ltr'><strong>omnes</strong></span> <span class='ocrx_word' id='word_1_253' title='bbox 862 3449 949 3504; x_wconf 89' lang='lat' dir='ltr'><strong>vel</strong></span> <span class='ocrx_word' id='word_1_254' title='bbox 983 3462 1121 3516; x_wconf 90' lang='lat' dir='ltr'><strong>pene</strong></span> <span class='ocrx_word' id='word_1_255' title='bbox 1141 3458 1329 3500; x_wconf 91' lang='lat' dir='ltr'><strong>omnes</strong></span> <span class='ocrx_word' id='word_1_256' title='bbox 1357 3442 1658 3495; x_wconf 72' lang='lat' dir='ltr'><strong>dzemonum</strong></span> <span class='ocrx_word' id='word_1_257' title='bbox 1690 3454 1883 3494; x_wconf 88' lang='lat' dir='ltr'><strong>nomen</strong></span> <span class='ocrx_word' id='word_1_258' title='bbox 1919 3436 2113 3490; x_wconf 50' lang='lat' dir='ltr'><strong>exhorc</strong></span> 
     </span>
    </p>
   </div>
   <div class='ocr_carea' id='block_1_35' title="bbox 523 3531 2112 3613">
    <p class='ocr_par' dir='ltr' id='par_1_35' title="bbox 523 3531 2112 3613">
     <span class='ocr_line' id='line_1_35' title="bbox 523 3531 2112 3613; baseline -0.012 -10"><span class='ocrx_word' id='word_1_259' title='bbox 523 3556 664 3610; x_wconf 86' lang='lat' dir='ltr'><strong>rent.</strong></span> <span class='ocrx_word' id='word_1_260' title='bbox 695 3553 754 3600; x_wconf 88' lang='lat' dir='ltr'><strong>ut</strong></span> <span class='ocrx_word' id='word_1_261' title='bbox 797 3541 1036 3613; x_wconf 85' lang='lat' dir='ltr'><strong>quisquis</strong></span> <span class='ocrx_word' id='word_1_262' title='bbox 1087 3546 1208 3592; x_wconf 85' lang='lat' dir='ltr'><strong>ante</strong></span> <span class='ocrx_word' id='word_1_263' title='bbox 1259 3534 1673 3604; x_wconf 86' lang='lat' dir='ltr'><strong>disputationem</strong></span> <span class='ocrx_word' id='word_1_264' title='bbox 1729 3531 1957 3601; x_wconf 86' lang='lat' dir='ltr'><strong>Apuleii,</strong></span> <span class='ocrx_word' id='word_1_265' title='bbox 2010 3546 2112 3600; x_wconf 90' lang='lat' dir='ltr'><strong>qua</strong></span> 
     </span>
    </p>
   </div>
   <div class='ocr_carea' id='block_1_36' title="bbox 523 3622 2115 3702">
    <p class='ocr_par' dir='ltr' id='par_1_36' title="bbox 523 3622 2115 3702">
     <span class='ocr_line' id='line_1_36' title="bbox 523 3622 2115 3702; baseline -0.011 -7"><span class='ocrx_word' id='word_1_266' title='bbox 523 3639 827 3694; x_wconf 73' lang='lat' dir='ltr'><strong>daemonum</strong></span> <span class='ocrx_word' id='word_1_267' title='bbox 871 3632 1098 3702; x_wconf 74' lang='lat' dir='ltr'><strong>dignitas</strong></span> <span class='ocrx_word' id='word_1_268' title='bbox 1135 3626 1557 3689; x_wconf 85' lang='lat' dir='ltr'><strong>commendatur,</strong></span> <span class='ocrx_word' id='word_1_269' title='bbox 1611 3625 1818 3679; x_wconf 89' lang='lat' dir='ltr'><strong>titulum</strong></span> <span class='ocrx_word' id='word_1_270' title='bbox 1871 3622 2010 3688; x_wconf 86' lang='lat' dir='ltr'><strong>libri,</strong></span> <span class='ocrx_word' id='word_1_271' title='bbox 2038 3623 2115 3677; x_wconf 87' lang='lat' dir='ltr'><strong>De</strong></span> 
     </span>
    </p>
   </div>
   <div class='ocr_carea' id='block_1_37' title="bbox 523 3714 2112 3792">
    <p class='ocr_par' dir='ltr' id='par_1_37' title="bbox 523 3714 2112 3792">
     <span class='ocr_line' id='line_1_37' title="bbox 523 3714 2112 3792; baseline -0.011 -8"><span class='ocrx_word' id='word_1_272' title='bbox 523 3730 767 3792; x_wconf 62' lang='lat' dir='ltr'><strong>demone</strong></span> <span class='ocrx_word' id='word_1_273' title='bbox 787 3723 1022 3780; x_wconf 84' lang='lat' dir='ltr'><strong>Socratis</strong></span> <span class='ocrx_word' id='word_1_274' title='bbox 1045 3723 1265 3791; x_wconf 76' lang='lat' dir='ltr'><strong>legeret,</strong></span> <span class='ocrx_word' id='word_1_275' title='bbox 1293 3732 1629 3788; x_wconf 85' lang='lat' dir='ltr'><strong>nequaquam</strong></span> <span class='ocrx_word' id='word_1_276' title='bbox 1666 3715 1811 3769; x_wconf 91' lang='lat' dir='ltr'><strong>illum</strong></span> <span class='ocrx_word' id='word_1_277' title='bbox 1843 3714 2112 3770; x_wconf 88' lang='lat' dir='ltr'><strong>hominem</strong></span> 
     </span>
    </p>
   </div>
   <div class='ocr_carea' id='block_1_38' title="bbox 524 3806 2114 3880">
    <p class='ocr_par' dir='ltr' id='par_1_38' title="bbox 524 3806 2114 3880">
     <span class='ocr_line' id='line_1_38' title="bbox 524 3806 2114 3880; baseline -0.013 -4"><span class='ocrx_word' id='word_1_278' title='bbox 524 3835 713 3876; x_wconf 88' lang='lat' dir='ltr'><strong>sanum</strong></span> <span class='ocrx_word' id='word_1_279' title='bbox 746 3818 906 3873; x_wconf 79' lang='lat' dir='ltr'><strong>fuisse</strong></span> <span class='ocrx_word' id='word_1_280' title='bbox 921 3815 1161 3870; x_wconf 87' lang='lat' dir='ltr'><strong>sentiret.</strong></span> <span class='ocrx_word' id='word_1_281' title='bbox 1179 3810 1317 3880; x_wconf 85' lang='lat' dir='ltr'><strong>Quid</strong></span> <span class='ocrx_word' id='word_1_282' title='bbox 1340 3820 1517 3864; x_wconf 85' lang='lat' dir='ltr'><strong>autem</strong></span> <span class='ocrx_word' id='word_1_283' title='bbox 1535 3809 1695 3863; x_wconf 88' lang='lat' dir='ltr'><strong>etiam</strong></span> <span class='ocrx_word' id='word_1_284' title='bbox 1709 3808 1821 3878; x_wconf 90' lang='lat' dir='ltr'><strong>ipse</strong></span> <span class='ocrx_word' id='word_1_285' title='bbox 1839 3806 2114 3876; x_wconf 80' lang='lat' dir='ltr'><strong>Apuleius,</strong></span> 
     </span>
    </p>
   </div>
   <div class='ocr_carea' id='block_1_39' title="bbox 527 3897 2114 3984">
    <p class='ocr_par' dir='ltr' id='par_1_39' title="bbox 527 3897 2114 3984">
     <span class='ocr_line' id='line_1_39' title="bbox 527 3897 2114 3984; baseline -0.01 -19"><span class='ocrx_word' id='word_1_286' title='bbox 527 3912 668 3984; x_wconf 90' lang='lat' dir='ltr'><strong>quod</strong></span> <span class='ocrx_word' id='word_1_287' title='bbox 691 3912 742 3968; x_wconf 92' lang='lat' dir='ltr'><strong>in</strong></span> <span class='ocrx_word' id='word_1_288' title='bbox 773 3907 1105 3963; x_wconf 69' lang='lat' dir='ltr'><strong>daemonibus</strong></span> <span class='ocrx_word' id='word_1_289' title='bbox 1145 3904 1406 3967; x_wconf 81' lang='lat' dir='ltr'><strong>laudaret,</strong></span> <span class='ocrx_word' id='word_1_290' title='bbox 1433 3901 1654 3965; x_wconf 80' lang='lat' dir='ltr'><strong>invenit,</strong></span> <span class='ocrx_word' id='word_1_291' title='bbox 1684 3907 1877 3970; x_wconf 61' lang='lat' dir='ltr'><strong>praeter</strong></span> <span class='ocrx_word' id='word_1_292' title='bbox 1903 3897 2114 3954; x_wconf 86' lang='lat' dir='ltr'><strong>subtili-</strong></span> 
     </span>
    </p>
   </div>
   <div class='ocr_carea' id='block_1_40' title="bbox 527 3991 2118 4066">
    <p class='ocr_par' dir='ltr' id='par_1_40' title="bbox 527 3991 2118 4066">
     <span class='ocr_line' id='line_1_40' title="bbox 527 3991 2118 4066; baseline -0.011 -5"><span class='ocrx_word' id='word_1_293' title='bbox 527 4015 691 4061; x_wconf 88' lang='lat' dir='ltr'><strong>tatem</strong></span> <span class='ocrx_word' id='word_1_294' title='bbox 719 4013 772 4057; x_wconf 90' lang='lat' dir='ltr'><strong>et</strong></span> <span class='ocrx_word' id='word_1_295' title='bbox 801 4001 1102 4056; x_wconf 73' lang='lat' dir='ltr'><strong>firmitatem</strong></span> <span class='ocrx_word' id='word_1_296' title='bbox 1147 4010 1455 4066; x_wconf 88' lang='lat' dir='ltr'><strong>corporum,</strong></span> <span class='ocrx_word' id='word_1_297' title='bbox 1501 4002 1554 4050; x_wconf 86' lang='lat' dir='ltr'><strong>et</strong></span> <span class='ocrx_word' id='word_1_298' title='bbox 1605 3992 1942 4057; x_wconf 88' lang='lat' dir='ltr'><strong>habitationis</strong></span> <span class='ocrx_word' id='word_1_299' title='bbox 1965 3991 2118 4044; x_wconf 87' lang='lat' dir='ltr'><strong>altio-</strong></span> 
     </span>
    </p>
   </div>
   <div class='ocr_carea' id='block_1_41' title="bbox 527 4084 2118 4153">
    <p class='ocr_par' dir='ltr' id='par_1_41' title="bbox 527 4084 2118 4153">
     <span class='ocr_line' id='line_1_41' title="bbox 527 4084 2118 4153; baseline -0.009 0"><span class='ocrx_word' id='word_1_300' title='bbox 527 4112 641 4153; x_wconf 87' lang='lat' dir='ltr'><strong>rem</strong></span> <span class='ocrx_word' id='word_1_301' title='bbox 664 4095 872 4149; x_wconf 86' lang='lat' dir='ltr'><strong>locum?</strong></span> <span class='ocrx_word' id='word_1_302' title='bbox 894 4109 1015 4148; x_wconf 88' lang='lat' dir='ltr'><strong>nam</strong></span> <span class='ocrx_word' id='word_1_303' title='bbox 1042 4091 1109 4146; x_wconf 88' lang='lat' dir='ltr'><strong>de</strong></span> <span class='ocrx_word' id='word_1_304' title='bbox 1129 4088 1367 4144; x_wconf 88' lang='lat' dir='ltr'><strong>moribus</strong></span> <span class='ocrx_word' id='word_1_305' title='bbox 1393 4101 1604 4151; x_wconf 88' lang='lat' dir='ltr'><strong>eorum,</strong></span> <span class='ocrx_word' id='word_1_306' title='bbox 1633 4100 1754 4140; x_wconf 90' lang='lat' dir='ltr'><strong>cum</strong></span> <span class='ocrx_word' id='word_1_307' title='bbox 1775 4084 1842 4140; x_wconf 90' lang='lat' dir='ltr'><strong>de</strong></span> <span class='ocrx_word' id='word_1_308' title='bbox 1870 4084 2118 4139; x_wconf 87' lang='lat' dir='ltr'><strong>omnibus</strong></span> 
     </span>
    </p>
   </div>
   <div class='ocr_carea' id='block_1_42' title="bbox 527 4167 2116 4260">
    <p class='ocr_par' dir='ltr' id='par_1_42' title="bbox 527 4167 2116 4260">
     <span class='ocr_line' id='line_1_42' title="bbox 527 4167 2116 4260; baseline -0.009 -17"><span class='ocrx_word' id='word_1_309' title='bbox 527 4187 848 4260; x_wconf 77' lang='lat' dir='ltr'><strong>generaliter</strong></span> <span class='ocrx_word' id='word_1_310' title='bbox 891 4167 1223 4254; x_wconf 77' lang='lat' dir='ltr'><strong>loqueretur,</strong></span> <span class='ocrx_word' id='word_1_311' title='bbox 1281 4194 1385 4235; x_wconf 87' lang='lat' dir='ltr'><strong>non</strong></span> <span class='ocrx_word' id='word_1_312' title='bbox 1428 4177 1601 4233; x_wconf 91' lang='lat' dir='ltr'><strong>solum</strong></span> <span class='ocrx_word' id='word_1_313' title='bbox 1653 4175 1784 4232; x_wconf 86' lang='lat' dir='ltr'><strong>nihil</strong></span> <span class='ocrx_word' id='word_1_314' title='bbox 1811 4175 1934 4230; x_wconf 89' lang='lat' dir='ltr'><strong>boni</strong></span> <span class='ocrx_word' id='word_1_315' title='bbox 1964 4174 2116 4237; x_wconf 85' lang='lat' dir='ltr'><strong>dixit.</strong></span> 
     </span>
    </p>
   </div>
   <div class='ocr_carea' id='block_1_43' title="bbox 528 4267 2121 4347">
    <p class='ocr_par' dir='ltr' id='par_1_43' title="bbox 528 4267 2121 4347">
     <span class='ocr_line' id='line_1_43' title="bbox 528 4267 2121 4347; baseline -0.009 -9"><span class='ocrx_word' id='word_1_316' title='bbox 528 4281 624 4338; x_wconf 84' lang='lat' dir='ltr'><strong>sed</strong></span> <span class='ocrx_word' id='word_1_317' title='bbox 653 4280 810 4335; x_wconf 86' lang='lat' dir='ltr'><strong>etiam</strong></span> <span class='ocrx_word' id='word_1_318' title='bbox 866 4275 1149 4347; x_wconf 90' lang='lat' dir='ltr'><strong>plurimum</strong></span> <span class='ocrx_word' id='word_1_319' title='bbox 1200 4271 1345 4327; x_wconf 91' lang='lat' dir='ltr'><strong>mali.</strong></span> <span class='ocrx_word' id='word_1_320' title='bbox 1399 4271 1634 4340; x_wconf 87' lang='lat' dir='ltr'><strong>Denique</strong></span> <span class='ocrx_word' id='word_1_321' title='bbox 1690 4270 1827 4324; x_wconf 85' lang='lat' dir='ltr'><strong>lectu</strong></span> <span class='ocrx_word' id='word_1_322' title='bbox 1866 4267 1958 4321; x_wconf 92' lang='lat' dir='ltr'><strong>illo</strong></span> <span class='ocrx_word' id='word_1_323' title='bbox 1983 4267 2121 4323; x_wconf 91' lang='lat' dir='ltr'><strong>libro</strong></span> 
     </span>
    </p>
   </div>
   <div class='ocr_carea' id='block_1_44' title="bbox 529 4357 2118 4444">
    <p class='ocr_par' dir='ltr' id='par_1_44' title="bbox 529 4357 2118 4444">
     <span class='ocr_line' id='line_1_44' title="bbox 529 4357 2118 4444; baseline -0.01 -16"><span class='ocrx_word' id='word_1_324' title='bbox 529 4386 753 4444; x_wconf 80' lang='lat' dir='ltr'><strong>prorSus</strong></span> <span class='ocrx_word' id='word_1_325' title='bbox 779 4384 934 4423; x_wconf 89' lang='lat' dir='ltr'><strong>nemo</strong></span> <span class='ocrx_word' id='word_1_326' title='bbox 955 4367 1178 4421; x_wconf 87' lang='lat' dir='ltr'><strong>miratur</strong></span> <span class='ocrx_word' id='word_1_327' title='bbox 1200 4377 1294 4418; x_wconf 90' lang='lat' dir='ltr'><strong>eos</strong></span> <span class='ocrx_word' id='word_1_328' title='bbox 1314 4361 1473 4418; x_wconf 87' lang='lat' dir='ltr'><strong>etiam</strong></span> <span class='ocrx_word' id='word_1_329' title='bbox 1526 4359 1790 4415; x_wconf 88' lang='lat' dir='ltr'><strong>scenicam</strong></span> <span class='ocrx_word' id='word_1_330' title='bbox 1831 4357 2118 4427; x_wconf 85' lang='lat' dir='ltr'><strong>turpitudi-</strong></span> 
     </span>
    </p>
   </div>
   <div class='ocr_carea' id='block_1_45' title="bbox 531 4449 2121 4520">
    <p class='ocr_par' dir='ltr' id='par_1_45' title="bbox 531 4449 2121 4520">
     <span class='ocr_line' id='line_1_45' title="bbox 531 4449 2121 4520; baseline -0.009 0"><span class='ocrx_word' id='word_1_331' title='bbox 531 4479 655 4520; x_wconf 87' lang='lat' dir='ltr'><strong>nem</strong></span> <span class='ocrx_word' id='word_1_332' title='bbox 684 4464 734 4516; x_wconf 90' lang='lat' dir='ltr'><strong>in</strong></span> <span class='ocrx_word' id='word_1_333' title='bbox 772 4461 931 4516; x_wconf 90' lang='lat' dir='ltr'><strong>rebus</strong></span> <span class='ocrx_word' id='word_1_334' title='bbox 957 4457 1150 4513; x_wconf 77' lang='lat' dir='ltr'><strong>divinis</strong></span> <span class='ocrx_word' id='word_1_335' title='bbox 1173 4454 1368 4510; x_wconf 90' lang='lat' dir='ltr'><strong>habere</strong></span> <span class='ocrx_word' id='word_1_336' title='bbox 1388 4452 1642 4517; x_wconf 89' lang='lat' dir='ltr'><strong>voluisse,</strong></span> <span class='ocrx_word' id='word_1_337' title='bbox 1661 4459 1736 4517; x_wconf 92' lang='lat' dir='ltr'><strong>et,</strong></span> <span class='ocrx_word' id='word_1_338' title='bbox 1763 4465 1883 4505; x_wconf 91' lang='lat' dir='ltr'><strong>cum</strong></span> <span class='ocrx_word' id='word_1_339' title='bbox 1901 4449 2032 4504; x_wconf 86' lang='lat' dir='ltr'><strong>deos</strong></span> <span class='ocrx_word' id='word_1_340' title='bbox 2060 4465 2121 4505; x_wconf 90' lang='lat' dir='ltr'><strong>se</strong></span> 
     </span>
    </p>
   </div>
   <div class='ocr_carea' id='block_1_46' title="bbox 533 4541 2116 4628">
    <p class='ocr_par' dir='ltr' id='par_1_46' title="bbox 533 4541 2116 4628">
     <span class='ocr_line' id='line_1_46' title="bbox 533 4541 2116 4628; baseline -0.011 -16"><span class='ocrx_word' id='word_1_341' title='bbox 533 4557 706 4628; x_wconf 88' lang='lat' dir='ltr'><strong>putari</strong></span> <span class='ocrx_word' id='word_1_342' title='bbox 733 4553 916 4618; x_wconf 80' lang='lat' dir='ltr'><strong>velint,</strong></span> <span class='ocrx_word' id='word_1_343' title='bbox 942 4551 1164 4607; x_wconf 90' lang='lat' dir='ltr'><strong>deorum</strong></span> <span class='ocrx_word' id='word_1_344' title='bbox 1209 4544 1524 4603; x_wconf 86' lang='lat' dir='ltr'><strong>criminibus</strong></span> <span class='ocrx_word' id='word_1_345' title='bbox 1571 4542 1827 4598; x_wconf 88' lang='lat' dir='ltr'><strong>oblectari</strong></span> <span class='ocrx_word' id='word_1_346' title='bbox 1860 4541 2116 4610; x_wconf 90' lang='lat' dir='ltr'><strong>potuisse,</strong></span> 
     </span>
    </p>
   </div>
   <div class='ocr_carea' id='block_1_47' title="bbox 531 4634 2119 4718">
    <p class='ocr_par' dir='ltr' id='par_1_47' title="bbox 531 4634 2119 4718">
     <span class='ocr_line' id='line_1_47' title="bbox 531 4634 2119 4718; baseline -0.011 -12"><span class='ocrx_word' id='word_1_347' title='bbox 531 4658 584 4706; x_wconf 87' lang='lat' dir='ltr'><strong>et</strong></span> <span class='ocrx_word' id='word_1_348' title='bbox 612 4645 864 4718; x_wconf 87' lang='lat' dir='ltr'><strong>quidquid</strong></span> <span class='ocrx_word' id='word_1_349' title='bbox 893 4644 944 4699; x_wconf 93' lang='lat' dir='ltr'><strong>in</strong></span> <span class='ocrx_word' id='word_1_350' title='bbox 975 4658 1161 4699; x_wconf 90' lang='lat' dir='ltr'><strong>eorum</strong></span> <span class='ocrx_word' id='word_1_351' title='bbox 1189 4640 1356 4696; x_wconf 88' lang='lat' dir='ltr'><strong>sacris</strong></span> <span class='ocrx_word' id='word_1_352' title='bbox 1395 4638 1626 4694; x_wconf 91' lang='lat' dir='ltr'><strong>obscena</strong></span> <span class='ocrx_word' id='word_1_353' title='bbox 1654 4634 1991 4689; x_wconf 86' lang='lat' dir='ltr'><strong>solemnitate</strong></span> <span class='ocrx_word' id='word_1_354' title='bbox 2020 4649 2119 4690; x_wconf 87' lang='lat' dir='ltr'><strong>seu</strong></span> 
     </span>
    </p>
   </div>
   <div class='ocr_carea' id='block_1_48' title="bbox 534 4729 2121 4810">
    <p class='ocr_par' dir='ltr' id='par_1_48' title="bbox 534 4729 2121 4810">
     <span class='ocr_line' id='line_1_48' title="bbox 534 4729 2121 4810; baseline -0.009 -12"><span class='ocrx_word' id='word_1_355' title='bbox 534 4741 677 4810; x_wconf 85' lang='lat' dir='ltr'><strong>turpi</strong></span> <span class='ocrx_word' id='word_1_356' title='bbox 732 4737 1046 4794; x_wconf 85' lang='lat' dir='ltr'><strong>crudelitate</strong></span> <span class='ocrx_word' id='word_1_357' title='bbox 1085 4735 1170 4791; x_wconf 91' lang='lat' dir='ltr'><strong>vel</strong></span> <span class='ocrx_word' id='word_1_358' title='bbox 1210 4733 1413 4790; x_wconf 89' lang='lat' dir='ltr'><strong>ridetur</strong></span> <span class='ocrx_word' id='word_1_359' title='bbox 1437 4771 1453 4799; x_wconf 95' lang='lat'><strong>,</strong></span> <span class='ocrx_word' id='word_1_360' title='bbox 1499 4729 1585 4786; x_wconf 81' lang='lat' dir='ltr'><strong>vel</strong></span> <span class='ocrx_word' id='word_1_361' title='bbox 1632 4729 1899 4795; x_wconf 90' lang='lat' dir='ltr'><strong>horretur,</strong></span> <span class='ocrx_word' id='word_1_362' title='bbox 1936 4743 2121 4784; x_wconf 89' lang='lat' dir='ltr'><strong>eorum</strong></span> 
     </span>
    </p>
   </div>
   <div class='ocr_carea' id='block_1_49' title="bbox 531 4827 1150 4888">
    <p class='ocr_par' dir='ltr' id='par_1_49' title="bbox 531 4827 1150 4888">
     <span class='ocr_line' id='line_1_49' title="bbox 531 4827 1150 4888; baseline -0.011 -1"><span class='ocrx_word' id='word_1_363' title='bbox 531 4831 811 4888; x_wconf 72' lang='lat' dir='ltr'><strong>affectibus</strong></span> <span class='ocrx_word' id='word_1_364' title='bbox 840 4827 1150 4883; x_wconf 89' lang='lat' dir='ltr'><strong>convenire.</strong></span> 
     </span>
    </p>
   </div>
   <div class='ocr_carea' id='block_1_50' title="bbox 533 4911 2120 4986">
    <p class='ocr_par' dir='ltr' id='par_1_50' title="bbox 533 4911 2120 4986">
     <span class='ocr_line' id='line_1_50' title="bbox 533 4911 2120 4986; baseline -0.011 -5"><span class='ocrx_word' id='word_1_365' title='bbox 533 4922 762 4982; x_wconf 80' lang='lat' dir='ltr'><strong>CAPUT</strong></span> <span class='ocrx_word' id='word_1_366' title='bbox 800 4920 918 4978; x_wconf 77' lang='lat' dir='ltr'><strong>XV.</strong></span> <span class='ocrx_word' id='word_1_367' title='bbox 949 4948 1022 4959; x_wconf 91' lang='lat'><strong>—</strong></span> <span class='ocrx_word' id='word_1_368' title='bbox 1057 4917 1208 4985; x_wconf 83' lang='lat' dir='ltr'><strong>Quod</strong></span> <span class='ocrx_word' id='word_1_369' title='bbox 1247 4929 1406 4986; x_wconf 66' lang='lat' dir='ltr'><strong>usque</strong></span> <span class='ocrx_word' id='word_1_370' title='bbox 1449 4920 1655 4983; x_wconf 82' lang='lat' dir='ltr'><strong>prapter</strong></span> <span class='ocrx_word' id='word_1_371' title='bbox 1695 4911 1834 4965; x_wconf 82' lang='lat' dir='ltr'><strong>acria</strong></span> <span class='ocrx_word' id='word_1_372' title='bbox 1869 4927 2120 4981; x_wconf 85' lang='lat' dir='ltr'><strong>corpora,</strong></span> 
     </span>
    </p>
   </div>
   <div class='ocr_carea' id='block_1_51' title="bbox 605 5002 2122 5084">
    <p class='ocr_par' dir='ltr' id='par_1_51' title="bbox 605 5002 2122 5084">
     <span class='ocr_line' id='line_1_51' title="bbox 605 5002 2122 5084; baseline -0.017 -13"><span class='ocrx_word' id='word_1_373' title='bbox 605 5031 766 5084; x_wconf 82' lang='lat' dir='ltr'><strong>neque</strong></span> <span class='ocrx_word' id='word_1_374' title='bbox 793 5021 999 5084; x_wconf 78' lang='lat' dir='ltr'><strong>propter</strong></span> <span class='ocrx_word' id='word_1_375' title='bbox 1026 5007 1287 5080; x_wconf 76' lang='lat' dir='ltr'><strong>superiora</strong></span> <span class='ocrx_word' id='word_1_376' title='bbox 1326 5004 1614 5058; x_wconf 79' lang='lat' dir='ltr'><strong>habitacula</strong></span> <span class='ocrx_word' id='word_1_377' title='bbox 1657 5002 1909 5063; x_wconf 60' lang='lat' dir='ltr'><strong>(Immunes</strong></span> <span class='ocrx_word' id='word_1_378' title='bbox 1952 5002 2122 5066; x_wconf 75' lang='lat' dir='ltr'><strong>Itpmi-</strong></span> 
     </span>
    </p>
   </div>
   <div class='ocr_carea' id='block_1_52' title="bbox 608 5100 1102 5160">
    <p class='ocr_par' dir='ltr' id='par_1_52' title="bbox 608 5100 1102 5160">
     <span class='ocr_line' id='line_1_52' title="bbox 608 5100 1102 5160; baseline -0.016 0"><span class='ocrx_word' id='word_1_379' title='bbox 608 5107 754 5160; x_wconf 81' lang='lat' dir='ltr'><strong>nibus</strong></span> <span class='ocrx_word' id='word_1_380' title='bbox 778 5100 1102 5158; x_wconf 74' lang='lat' dir='ltr'><strong>antecellunt.</strong></span> 
     </span>
    </p>
   </div>
   <div class='ocr_carea' id='block_1_53' title="bbox 613 5186 2124 5264">
    <p class='ocr_par' dir='ltr' id='par_1_53' title="bbox 613 5186 2124 5264">
     <span class='ocr_line' id='line_1_53' title="bbox 613 5186 2124 5264; baseline -0.005 -13"><span class='ocrx_word' id='word_1_381' title='bbox 613 5199 665 5251; x_wconf 83' lang='lat' dir='ltr'><strong>l.</strong></span> <span class='ocrx_word' id='word_1_382' title='bbox 704 5195 1061 5264; x_wconf 85' lang='lat' dir='ltr'><strong>Quamobrem</strong></span> <span class='ocrx_word' id='word_1_383' title='bbox 1114 5190 1253 5246; x_wconf 88' lang='lat' dir='ltr'><strong>absit</strong></span> <span class='ocrx_word' id='word_1_384' title='bbox 1289 5197 1347 5243; x_wconf 91' lang='lat' dir='ltr'><strong>ut</strong></span> <span class='ocrx_word' id='word_1_385' title='bbox 1389 5188 1486 5244; x_wconf 90' lang='lat' dir='ltr'><strong>ista</strong></span> <span class='ocrx_word' id='word_1_386' title='bbox 1528 5186 1872 5244; x_wconf 88' lang='lat' dir='ltr'><strong>considerans</strong></span> <span class='ocrx_word' id='word_1_387' title='bbox 1914 5187 2124 5243; x_wconf 89' lang='lat' dir='ltr'><strong>animus</strong></span> 
     </span>
    </p>
   </div>
   <div class='ocr_carea' id='block_1_54' title="bbox 537 5270 2120 5356">
    <p class='ocr_par' dir='ltr' id='par_1_54' title="bbox 537 5270 2120 5356">
     <span class='ocr_line' id='line_1_54' title="bbox 537 5270 2120 5356; baseline -0.007 -12"><span class='ocrx_word' id='word_1_388' title='bbox 537 5288 801 5344; x_wconf 78' lang='lat' dir='ltr'><strong>veraciter</strong></span> <span class='ocrx_word' id='word_1_389' title='bbox 825 5286 1104 5356; x_wconf 84' lang='lat' dir='ltr'><strong>religiosus</strong></span> <span class='ocrx_word' id='word_1_390' title='bbox 1147 5291 1203 5338; x_wconf 90' lang='lat' dir='ltr'><strong>et</strong></span> <span class='ocrx_word' id='word_1_391' title='bbox 1229 5297 1358 5337; x_wconf 90' lang='lat' dir='ltr'><strong>vero</strong></span> <span class='ocrx_word' id='word_1_392' title='bbox 1387 5281 1494 5336; x_wconf 90' lang='lat' dir='ltr'><strong>Deo</strong></span> <span class='ocrx_word' id='word_1_393' title='bbox 1524 5270 1788 5344; x_wconf 81' lang='lat' dir='ltr'><strong>subditus,</strong></span> <span class='ocrx_word' id='word_1_394' title='bbox 1827 5279 1948 5335; x_wconf 89' lang='lat' dir='ltr'><strong>ideo</strong></span> <span class='ocrx_word' id='word_1_395' title='bbox 1973 5279 2120 5334; x_wconf 85' lang='lat' dir='ltr'><strong>arbi-</strong></span> 
     </span>
    </p>
   </div>
   <div class='ocr_carea' id='block_1_55' title="bbox 537 5371 2126 5448">
    <p class='ocr_par' dir='ltr' id='par_1_55' title="bbox 537 5371 2126 5448">
     <span class='ocr_line' id='line_1_55' title="bbox 537 5371 2126 5448; baseline -0.006 -12"><span class='ocrx_word' id='word_1_396' title='bbox 537 5389 710 5436; x_wconf 90' lang='lat' dir='ltr'><strong>tretur</strong></span> <span class='ocrx_word' id='word_1_397' title='bbox 737 5378 1006 5432; x_wconf 69' lang='lat' dir='ltr'><strong>dmmoncs</strong></span> <span class='ocrx_word' id='word_1_398' title='bbox 1031 5392 1091 5432; x_wconf 87' lang='lat' dir='ltr'><strong>se</strong></span> <span class='ocrx_word' id='word_1_399' title='bbox 1117 5377 1234 5448; x_wconf 85' lang='lat' dir='ltr'><strong>ipso</strong></span> <span class='ocrx_word' id='word_1_400' title='bbox 1264 5390 1385 5432; x_wconf 87' lang='lat' dir='ltr'><strong>esse</strong></span> <span class='ocrx_word' id='word_1_401' title='bbox 1415 5373 1686 5438; x_wconf 89' lang='lat' dir='ltr'><strong>meliores,</strong></span> <span class='ocrx_word' id='word_1_402' title='bbox 1722 5371 1862 5443; x_wconf 89' lang='lat' dir='ltr'><strong>quod</strong></span> <span class='ocrx_word' id='word_1_403' title='bbox 1895 5371 2126 5426; x_wconf 87' lang='lat' dir='ltr'><strong>habeant</strong></span> 
     </span>
    </p>
   </div>
   <div class='ocr_carea' id='block_1_56' title="bbox 540 5464 2193 5542">
    <p class='ocr_par' dir='ltr' id='par_1_56' title="bbox 540 5464 2193 5542">
     <span class='ocr_line' id='line_1_56' title="bbox 540 5464 2193 5542; baseline -0.008 -14"><span class='ocrx_word' id='word_1_404' title='bbox 540 5485 769 5542; x_wconf 85' lang='lat' dir='ltr'><strong>corpora</strong></span> <span class='ocrx_word' id='word_1_405' title='bbox 803 5470 1026 5524; x_wconf 90' lang='lat' dir='ltr'><strong>meliora</strong></span> <span class='ocrx_word' id='word_1_406' title='bbox 1065 5469 1162 5542; x_wconf 89' lang='lat' dir='ltr'><strong>(a).</strong></span> <span class='ocrx_word' id='word_1_407' title='bbox 1211 5468 1460 5540; x_wconf 88' lang='lat' dir='ltr'><strong>Alioquin</strong></span> <span class='ocrx_word' id='word_1_408' title='bbox 1489 5465 1682 5521; x_wconf 91' lang='lat' dir='ltr'><strong>multas</strong></span> <span class='ocrx_word' id='word_1_409' title='bbox 1711 5465 1810 5520; x_wconf 92' lang='lat' dir='ltr'><strong>sibi</strong></span> <span class='ocrx_word' id='word_1_410' title='bbox 1843 5475 1896 5518; x_wconf 88' lang='lat' dir='ltr'><strong>et</strong></span> <span class='ocrx_word' id='word_1_411' title='bbox 1925 5464 2124 5519; x_wconf 88' lang='lat' dir='ltr'><strong>bestias</strong></span> <span class='ocrx_word' id='word_1_412' title='bbox 2191 5513 2193 5515; x_wconf 82' lang='lat'>.</span> 
     </span>
    </p>
   </div>
   <div class='ocr_carea' id='block_1_57' title="bbox 606 5597 2124 5674">
    <p class='ocr_par' dir='ltr' id='par_1_57' title="bbox 606 5597 2124 5674">
     <span class='ocr_line' id='line_1_57' title="bbox 606 5597 2124 5674; baseline -0.004 -21"><span class='ocrx_word' id='word_1_413' title='bbox 606 5608 622 5674; x_wconf 50' lang='grc' dir='ltr'>ε</span> <span class='ocrx_word' id='word_1_414' title='bbox 660 5603 794 5658; x_wconf 67' lang='lat' dir='ltr'><strong>mliti.</strong></span> <span class='ocrx_word' id='word_1_415' title='bbox 818 5615 1000 5674; x_wconf 48' lang='lat' dir='ltr'><strong>arguo</strong></span> <span class='ocrx_word' id='word_1_416' title='bbox 1019 5615 1193 5674; x_wconf 61' lang='lat' dir='ltr'><strong>genere</strong></span> <span class='ocrx_word' id='word_1_417' title='bbox 1208 5602 1456 5655; x_wconf 76' lang='lat' dir='ltr'><strong>nominaut</strong></span> <span class='ocrx_word' id='word_1_418' title='bbox 1471 5613 1646 5652; x_wconf 84' lang='lat' dir='ltr'><strong>numen</strong></span> <span class='ocrx_word' id='word_1_419' title='bbox 1662 5597 1757 5651; x_wconf 80' lang='lat' dir='ltr'><strong>sibi</strong></span> <span class='ocrx_word' id='word_1_420' title='bbox 1775 5604 2006 5651; x_wconf 77' lang='lat' dir='ltr'><strong>Socrates.</strong></span> <span class='ocrx_word' id='word_1_421' title='bbox 2032 5599 2124 5648; x_wconf 82' lang='lat' dir='ltr'><strong>Al)-</strong></span> 
     </span>
    </p>
   </div>
   <div class='ocr_carea' id='block_1_58' title="bbox 542 5671 1145 5726">
    <p class='ocr_par' dir='ltr' id='par_1_58' title="bbox 542 5671 1145 5726">
     <span class='ocr_line' id='line_1_58' title="bbox 542 5671 1145 5726; baseline -0.003 -8"><span class='ocrx_word' id='word_1_422' title='bbox 542 5673 638 5726; x_wconf 81' lang='lat' dir='ltr'><strong>est,</strong></span> <span class='ocrx_word' id='word_1_423' title='bbox 663 5677 836 5715; x_wconf 77' lang='lat' dir='ltr'><strong>numen</strong></span> <span class='ocrx_word' id='word_1_424' title='bbox 857 5671 966 5723; x_wconf 72' lang='lat' dir='ltr'><strong>sibi,</strong></span> <span class='ocrx_word' id='word_1_425' title='bbox 988 5675 1018 5714; x_wconf 82' lang='lat' dir='ltr'><strong>a</strong></span> <span class='ocrx_word' id='word_1_426' title='bbox 1039 5671 1145 5716; x_wconf 69' lang='lat' dir='ltr'><strong>Mss.</strong></span> 
     </span>
    </p>
   </div>
   <div class='ocr_carea' id='block_1_59' title="bbox 605 5720 2125 5792">
    <p class='ocr_par' dir='ltr' id='par_1_59' title="bbox 605 5720 2125 5792">
     <span class='ocr_line' id='line_1_59' title="bbox 605 5720 2125 5792; baseline -0.005 -15"><span class='ocrx_word' id='word_1_427' title='bbox 605 5720 678 5792; x_wconf 66' lang='grc' dir='ltr'><strong>(ὴ)</strong></span> <span class='ocrx_word' id='word_1_428' title='bbox 699 5735 902 5792; x_wconf 59' lang='lat' dir='ltr'><strong>corpora</strong></span> <span class='ocrx_word' id='word_1_429' title='bbox 924 5720 1224 5792; x_wconf 60' lang='lat' dir='ltr'><strong>dissimilibus</strong></span> <span class='ocrx_word' id='word_1_430' title='bbox 1243 5727 1469 5792; x_wconf 77' lang='lat' dir='ltr'><strong>concedit</strong></span> <span class='ocrx_word' id='word_1_431' title='bbox 1494 5725 1752 5788; x_wconf 78' lang='lat' dir='ltr'><strong>Origenes,</strong></span> <span class='ocrx_word' id='word_1_432' title='bbox 1767 5722 1865 5792; x_wconf 80' lang='lat' dir='ltr'><strong>_lil_).</strong></span> <span class='ocrx_word' id='word_1_433' title='bbox 1888 5720 2125 5792; x_wconf 56' lang='lat' dir='ltr'><strong>gPeriar-</strong></span> 
     </span>
    </p>
   </div>
   <div class='ocr_carea' id='block_1_60' title="bbox 509 5781 2126 5852">
    <p class='ocr_par' dir='ltr' id='par_1_60' title="bbox 509 5781 2126 5852">
     <span class='ocr_line' id='line_1_60' title="bbox 509 5781 2126 5852; baseline -0.007 -9"><span class='ocrx_word' id='word_1_434' title='bbox 509 5781 686 5851; x_wconf 64' lang='lat' dir='ltr'><strong>‘chon&#39;,</strong></span> <span class='ocrx_word' id='word_1_435' title='bbox 727 5781 835 5852; x_wconf 65' lang='lat' dir='ltr'><strong>cap,</strong></span> <span class='ocrx_word' id='word_1_436' title='bbox 855 5787 915 5850; x_wconf 89' lang='lat'><strong>8;</strong></span> <span class='ocrx_word' id='word_1_437' title='bbox 939 5788 1276 5849; x_wconf 85' lang='lat' dir='ltr'><strong>Tertullianus,</strong></span> <span class='ocrx_word' id='word_1_438' title='bbox 1318 5789 1402 5840; x_wconf 90' lang='lat' dir='ltr'><strong>lib.</strong></span> <span class='ocrx_word' id='word_1_439' title='bbox 1422 5789 1506 5852; x_wconf 88' lang='lat' dir='ltr'><strong>de</strong></span> <span class='ocrx_word' id='word_1_440' title='bbox 1547 5781 1698 5852; x_wconf 65' lang='lat' dir='ltr'><strong>Carne</strong></span> <span class='ocrx_word' id='word_1_441' title='bbox 1733 5781 1920 5852; x_wconf 78' lang='lat' dir='ltr'><strong>Christi,</strong></span> <span class='ocrx_word' id='word_1_442' title='bbox 1945 5781 2126 5852; x_wconf 80' lang='lat' dir='ltr'><strong>aliique</strong></span> 
     </span>
    </p>
   </div>
   <div class='ocr_carea' id='block_1_61' title="bbox 538 5845 2123 5917">
    <p class='ocr_par' dir='ltr' id='par_1_61' title="bbox 538 5845 2123 5917">
     <span class='ocr_line' id='line_1_61' title="bbox 538 5845 2123 5917; baseline -0.009 -8"><span class='ocrx_word' id='word_1_443' title='bbox 538 5845 768 5909; x_wconf 69' lang='lat' dir='ltr'><strong>Veterum</strong></span> <span class='ocrx_word' id='word_1_444' title='bbox 784 5845 959 5917; x_wconf 73' lang='lat' dir='ltr'><strong>&#39;plures</strong></span> <span class='ocrx_word' id='word_1_445' title='bbox 983 5865 996 5902; x_wconf 88' lang='lat'><strong>:</strong></span> <span class='ocrx_word' id='word_1_446' title='bbox 1025 5865 1118 5905; x_wconf 87' lang='lat' dir='ltr'><strong>nec</strong></span> <span class='ocrx_word' id='word_1_447' title='bbox 1135 5845 1350 5917; x_wconf 81' lang='lat' dir='ltr'><strong>denegat</strong></span> <span class='ocrx_word' id='word_1_448' title='bbox 1383 5851 1460 5902; x_wconf 88' lang='lat' dir='ltr'><strong>hic</strong></span> <span class='ocrx_word' id='word_1_449' title='bbox 1481 5849 1790 5913; x_wconf 76' lang='lat' dir='ltr'><strong>Augustinus,</strong></span> <span class='ocrx_word' id='word_1_450' title='bbox 1813 5849 1897 5910; x_wconf 86' lang='lat' dir='ltr'><strong>qui</strong></span> <span class='ocrx_word' id='word_1_451' title='bbox 1923 5845 2123 5909; x_wconf 82' lang='lat' dir='ltr'><strong>eosdem</strong></span> 
     </span>
    </p>
   </div>
   <div class='ocr_carea' id='block_1_62' title="bbox 1555 356 2674 446">
    <p class='ocr_par' dir='ltr' id='par_1_62' title="bbox 1555 356 2674 446">
     <span class='ocr_line' id='line_1_62' title="bbox 1555 356 2674 446; baseline -0.011 -4"><span class='ocrx_word' id='word_1_452' title='bbox 1555 385 1646 441; x_wconf 77' lang='lat' dir='ltr'><strong>ns</strong></span> <span class='ocrx_word' id='word_1_453' title='bbox 1683 356 2004 440; x_wconf 71' lang='lat' dir='ltr'><strong>unum:</strong></span> <span class='ocrx_word' id='word_1_454' title='bbox 2039 375 2173 446; x_wconf 79' lang='lat' dir='ltr'><strong>DEI,</strong></span> <span class='ocrx_word' id='word_1_455' title='bbox 2213 377 2270 434; x_wconf 92' lang='lat' dir='ltr'><strong>s.</strong></span> <span class='ocrx_word' id='word_1_456' title='bbox 2311 373 2674 433; x_wconf 70' lang='lat' dir='ltr'><strong>mensum</strong></span> 
     </span>
    </p>
   </div>
   <div class='ocr_carea' id='block_1_63' title="bbox 3635 209 3678 242">
    <p class='ocr_par' dir='ltr' id='par_1_63' title="bbox 3635 209 3678 242">
     <span class='ocr_line' id='line_1_63' title="bbox 3635 209 3678 242; baseline 0 0"><span class='ocrx_word' id='word_1_457' title='bbox 3635 209 3678 242; x_wconf 45' lang='grc' dir='ltr'><strong>ἢ</strong></span> 
     </span>
    </p>
   </div>
   <div class='ocr_carea' id='block_1_64' title="bbox 2184 489 3770 564">
    <p class='ocr_par' dir='ltr' id='par_1_64' title="bbox 2184 489 3770 564">
     <span class='ocr_line' id='line_1_64' title="bbox 2184 489 3770 564; baseline 0.005 -18"><span class='ocrx_word' id='word_1_458' title='bbox 2184 491 2501 562; x_wconf 72' lang='lat' dir='ltr'><strong>prtelaturus</strong></span> <span class='ocrx_word' id='word_1_459' title='bbox 2547 501 2650 557; x_wconf 90' lang='lat' dir='ltr'><strong>est,</strong></span> <span class='ocrx_word' id='word_1_460' title='bbox 2697 503 2816 561; x_wconf 67' lang='lat' dir='ltr'><strong>quae</strong></span> <span class='ocrx_word' id='word_1_461' title='bbox 2857 503 2957 546; x_wconf 90' lang='lat' dir='ltr'><strong>nos</strong></span> <span class='ocrx_word' id='word_1_462' title='bbox 2992 495 3049 546; x_wconf 90' lang='lat' dir='ltr'><strong>et</strong></span> <span class='ocrx_word' id='word_1_463' title='bbox 3087 489 3376 548; x_wconf 89' lang='lat' dir='ltr'><strong>acrimonia</strong></span> <span class='ocrx_word' id='word_1_464' title='bbox 3406 507 3680 564; x_wconf 87' lang='lat' dir='ltr'><strong>sensuum,</strong></span> <span class='ocrx_word' id='word_1_465' title='bbox 3711 506 3770 554; x_wconf 90' lang='lat' dir='ltr'><strong>et</strong></span> 
     </span>
    </p>
   </div>
   <div class='ocr_carea' id='block_1_65' title="bbox 2181 569 3768 658">
    <p class='ocr_par' dir='ltr' id='par_1_65' title="bbox 2181 569 3768 658">
     <span class='ocr_line' id='line_1_65' title="bbox 2181 569 3768 658; baseline 0.004 -20"><span class='ocrx_word' id='word_1_466' title='bbox 2181 593 2327 639; x_wconf 88' lang='lat' dir='ltr'><strong>motu</strong></span> <span class='ocrx_word' id='word_1_467' title='bbox 2371 583 2623 639; x_wconf 78' lang='lat' dir='ltr'><strong>facillimo</strong></span> <span class='ocrx_word' id='word_1_468' title='bbox 2665 591 2825 654; x_wconf 91' lang='lat' dir='ltr'><strong>atque</strong></span> <span class='ocrx_word' id='word_1_469' title='bbox 2865 583 3169 651; x_wconf 89' lang='lat' dir='ltr'><strong>celerrimo,</strong></span> <span class='ocrx_word' id='word_1_470' title='bbox 3197 592 3252 640; x_wconf 92' lang='lat' dir='ltr'><strong>et</strong></span> <span class='ocrx_word' id='word_1_471' title='bbox 3293 569 3524 642; x_wconf 86' lang='lat' dir='ltr'><strong>valentia</strong></span> <span class='ocrx_word' id='word_1_472' title='bbox 3551 586 3768 658; x_wconf 89' lang='lat' dir='ltr'><strong>virium,</strong></span> 
     </span>
    </p>
   </div>
   <div class='ocr_carea' id='block_1_66' title="bbox 2183 677 3771 749">
    <p class='ocr_par' dir='ltr' id='par_1_66' title="bbox 2183 677 3771 749">
     <span class='ocr_line' id='line_1_66' title="bbox 2183 677 3771 749; baseline 0.001 -14"><span class='ocrx_word' id='word_1_473' title='bbox 2183 689 2238 735; x_wconf 93' lang='lat' dir='ltr'><strong>et</strong></span> <span class='ocrx_word' id='word_1_474' title='bbox 2265 679 2618 734; x_wconf 89' lang='lat' dir='ltr'><strong>annosissima</strong></span> <span class='ocrx_word' id='word_1_475' title='bbox 2643 677 2894 734; x_wconf 84' lang='lat' dir='ltr'><strong>ﬁrmitate</strong></span> <span class='ocrx_word' id='word_1_476' title='bbox 2921 693 3208 749; x_wconf 79' lang='lat' dir='ltr'><strong>carporum</strong></span> <span class='ocrx_word' id='word_1_477' title='bbox 3237 679 3475 735; x_wconf 89' lang='lat' dir='ltr'><strong>vincunt.</strong></span> <span class='ocrx_word' id='word_1_478' title='bbox 3507 681 3639 748; x_wconf 84' lang='lat' dir='ltr'><strong>Quis</strong></span> <span class='ocrx_word' id='word_1_479' title='bbox 3666 681 3771 738; x_wconf 82' lang='lat' dir='ltr'><strong>ho-</strong></span> 
     </span>
    </p>
   </div>
   <div class='ocr_carea' id='block_1_67' title="bbox 2183 771 3776 846">
    <p class='ocr_par' dir='ltr' id='par_1_67' title="bbox 2183 771 3776 846">
     <span class='ocr_line' id='line_1_67' title="bbox 2183 771 3776 846; baseline 0.002 -17"><span class='ocrx_word' id='word_1_480' title='bbox 2183 775 2387 829; x_wconf 89' lang='lat' dir='ltr'><strong>minum</strong></span> <span class='ocrx_word' id='word_1_481' title='bbox 2418 771 2650 827; x_wconf 90' lang='lat' dir='ltr'><strong>videndo</strong></span> <span class='ocrx_word' id='word_1_482' title='bbox 2679 772 2976 843; x_wconf 73' lang='lat' dir='ltr'><strong>aequabitur</strong></span> <span class='ocrx_word' id='word_1_483' title='bbox 2999 772 3190 844; x_wconf 88' lang='lat' dir='ltr'><strong>aquilis</strong></span> <span class='ocrx_word' id='word_1_484' title='bbox 3216 782 3272 828; x_wconf 91' lang='lat' dir='ltr'><strong>et</strong></span> <span class='ocrx_word' id='word_1_485' title='bbox 3295 773 3628 830; x_wconf 80' lang='lat' dir='ltr'><strong>vulturibus?</strong></span> <span class='ocrx_word' id='word_1_486' title='bbox 3651 775 3776 846; x_wconf 85' lang='lat' dir='ltr'><strong>quis</strong></span> 
     </span>
    </p>
   </div>
   <div class='ocr_carea' id='block_1_68' title="bbox 2185 863 3772 937">
    <p class='ocr_par' dir='ltr' id='par_1_68' title="bbox 2185 863 3772 937">
     <span class='ocr_line' id='line_1_68' title="bbox 2185 863 3772 937; baseline 0.001 -15"><span class='ocrx_word' id='word_1_487' title='bbox 2185 863 2460 922; x_wconf 89' lang='lat' dir='ltr'><strong>odorando</strong></span> <span class='ocrx_word' id='word_1_488' title='bbox 2503 864 2756 918; x_wconf 78' lang='lat' dir='ltr'><strong>canibus?</strong></span> <span class='ocrx_word' id='word_1_489' title='bbox 2785 864 2904 934; x_wconf 89' lang='lat' dir='ltr'><strong>quis</strong></span> <span class='ocrx_word' id='word_1_490' title='bbox 2946 865 3230 921; x_wconf 79' lang='lat' dir='ltr'><strong>velocitate</strong></span> <span class='ocrx_word' id='word_1_491' title='bbox 3259 865 3550 937; x_wconf 86' lang='lat' dir='ltr'><strong>leporibus,</strong></span> <span class='ocrx_word' id='word_1_492' title='bbox 3577 868 3772 932; x_wconf 85' lang='lat' dir='ltr'><strong>cervis,</strong></span> 
     </span>
    </p>
   </div>
   <div class='ocr_carea' id='block_1_69' title="bbox 2187 955 3779 1026">
    <p class='ocr_par' dir='ltr' id='par_1_69' title="bbox 2187 955 3779 1026">
     <span class='ocr_line' id='line_1_69' title="bbox 2187 955 3779 1026; baseline 0.002 -15"><span class='ocrx_word' id='word_1_493' title='bbox 2187 957 2379 1012; x_wconf 86' lang='lat' dir='ltr'><strong>avibus</strong></span> <span class='ocrx_word' id='word_1_494' title='bbox 2420 955 2712 1010; x_wconf 87' lang='lat' dir='ltr'><strong>omnibus?</strong></span> <span class='ocrx_word' id='word_1_495' title='bbox 2737 956 2857 1026; x_wconf 90' lang='lat' dir='ltr'><strong>quis</strong></span> <span class='ocrx_word' id='word_1_496' title='bbox 2899 956 3123 1011; x_wconf 90' lang='lat' dir='ltr'><strong>multum</strong></span> <span class='ocrx_word' id='word_1_497' title='bbox 3162 956 3387 1012; x_wconf 87' lang='lat' dir='ltr'><strong>valendo</strong></span> <span class='ocrx_word' id='word_1_498' title='bbox 3435 957 3676 1013; x_wconf 84' lang='lat' dir='ltr'><strong>leonibus</strong></span> <span class='ocrx_word' id='word_1_499' title='bbox 3719 965 3779 1014; x_wconf 87' lang='lat' dir='ltr'><strong>et</strong></span> 
     </span>
    </p>
   </div>
   <div class='ocr_carea' id='block_1_70' title="bbox 2188 1049 3778 1122">
    <p class='ocr_par' dir='ltr' id='par_1_70' title="bbox 2188 1049 3778 1122">
     <span class='ocr_line' id='line_1_70' title="bbox 2188 1049 3778 1122; baseline -0.001 -15"><span class='ocrx_word' id='word_1_500' title='bbox 2188 1049 2527 1121; x_wconf 82' lang='lat' dir='ltr'><strong>elephantis?</strong></span> <span class='ocrx_word' id='word_1_501' title='bbox 2567 1051 2685 1121; x_wconf 92' lang='lat' dir='ltr'><strong>quis</strong></span> <span class='ocrx_word' id='word_1_502' title='bbox 2721 1050 2813 1106; x_wconf 85' lang='lat' dir='ltr'><strong>ditt</strong></span> <span class='ocrx_word' id='word_1_503' title='bbox 2843 1051 3068 1107; x_wconf 89' lang='lat' dir='ltr'><strong>vivendo</strong></span> <span class='ocrx_word' id='word_1_504' title='bbox 3098 1051 3457 1122; x_wconf 90' lang='lat' dir='ltr'><strong>serpentibus,</strong></span> <span class='ocrx_word' id='word_1_505' title='bbox 3498 1051 3583 1122; x_wconf 91' lang='lat' dir='ltr'><strong>qui</strong></span> <span class='ocrx_word' id='word_1_506' title='bbox 3613 1053 3778 1108; x_wconf 88' lang='lat' dir='ltr'><strong>etiam</strong></span> 
     </span>
    </p>
   </div>
   <div class='ocr_carea' id='block_1_71' title="bbox 2189 1141 3781 1215">
    <p class='ocr_par' dir='ltr' id='par_1_71' title="bbox 2189 1141 3781 1215">
     <span class='ocr_line' id='line_1_71' title="bbox 2189 1141 3781 1215; baseline 0 -18"><span class='ocrx_word' id='word_1_507' title='bbox 2189 1141 2432 1213; x_wconf 87' lang='lat' dir='ltr'><strong>deposita</strong></span> <span class='ocrx_word' id='word_1_508' title='bbox 2460 1142 2635 1198; x_wconf 83' lang='lat' dir='ltr'><strong>tunica</strong></span> <span class='ocrx_word' id='word_1_509' title='bbox 2656 1152 2986 1198; x_wconf 87' lang='lat' dir='ltr'><strong>senectutem</strong></span> <span class='ocrx_word' id='word_1_510' title='bbox 3006 1142 3299 1214; x_wconf 85' lang='lat' dir='ltr'><strong>deponere,</strong></span> <span class='ocrx_word' id='word_1_511' title='bbox 3322 1152 3483 1214; x_wconf 90' lang='lat' dir='ltr'><strong>atque</strong></span> <span class='ocrx_word' id='word_1_512' title='bbox 3505 1143 3555 1198; x_wconf 90' lang='lat' dir='ltr'><strong>in</strong></span> <span class='ocrx_word' id='word_1_513' title='bbox 3578 1143 3781 1215; x_wconf 80' lang='lat' dir='ltr'><strong>juven-</strong></span> 
     </span>
    </p>
   </div>
   <div class='ocr_carea' id='block_1_72' title="bbox 2191 1235 3785 1307">
    <p class='ocr_par' dir='ltr' id='par_1_72' title="bbox 2191 1235 3785 1307">
     <span class='ocr_line' id='line_1_72' title="bbox 2191 1235 3785 1307; baseline 0.001 -17"><span class='ocrx_word' id='word_1_514' title='bbox 2191 1247 2300 1291; x_wconf 87' lang='lat' dir='ltr'><strong>tam</strong></span> <span class='ocrx_word' id='word_1_515' title='bbox 2328 1237 2507 1292; x_wconf 90' lang='lat' dir='ltr'><strong>redire</strong></span> <span class='ocrx_word' id='word_1_516' title='bbox 2534 1235 2916 1307; x_wconf 88' lang='lat' dir='ltr'><strong>perhibentur?</strong></span> <span class='ocrx_word' id='word_1_517' title='bbox 2939 1236 3046 1294; x_wconf 86' lang='lat' dir='ltr'><strong>Sed</strong></span> <span class='ocrx_word' id='word_1_518' title='bbox 3071 1237 3210 1293; x_wconf 90' lang='lat' dir='ltr'><strong>sicut</strong></span> <span class='ocrx_word' id='word_1_519' title='bbox 3238 1237 3322 1292; x_wconf 92' lang='lat' dir='ltr'><strong>his</strong></span> <span class='ocrx_word' id='word_1_520' title='bbox 3348 1239 3596 1294; x_wconf 89' lang='lat' dir='ltr'><strong>omnibus</strong></span> <span class='ocrx_word' id='word_1_521' title='bbox 3625 1237 3785 1293; x_wconf 89' lang='lat' dir='ltr'><strong>ratio-</strong></span> 
     </span>
    </p>
   </div>
   <div class='ocr_carea' id='block_1_73' title="bbox 2190 1327 3783 1400">
    <p class='ocr_par' dir='ltr' id='par_1_73' title="bbox 2190 1327 3783 1400">
     <span class='ocr_line' id='line_1_73' title="bbox 2190 1327 3783 1400; baseline 0.001 -17"><span class='ocrx_word' id='word_1_522' title='bbox 2190 1328 2420 1383; x_wconf 88' lang='lat' dir='ltr'><strong>cinando</strong></span> <span class='ocrx_word' id='word_1_523' title='bbox 2458 1337 2512 1385; x_wconf 90' lang='lat' dir='ltr'><strong>et</strong></span> <span class='ocrx_word' id='word_1_524' title='bbox 2557 1327 2902 1400; x_wconf 86' lang='lat' dir='ltr'><strong>intelligendo</strong></span> <span class='ocrx_word' id='word_1_525' title='bbox 2947 1329 3200 1385; x_wconf 86' lang='lat' dir='ltr'><strong>meliores</strong></span> <span class='ocrx_word' id='word_1_526' title='bbox 3239 1345 3444 1397; x_wconf 87' lang='lat' dir='ltr'><strong>sumus,</strong></span> <span class='ocrx_word' id='word_1_527' title='bbox 3497 1331 3567 1385; x_wconf 90' lang='lat' dir='ltr'><strong>ita</strong></span> <span class='ocrx_word' id='word_1_528' title='bbox 3616 1329 3783 1386; x_wconf 90' lang='lat' dir='ltr'><strong>etiam</strong></span> 
     </span>
    </p>
   </div>
   <div class='ocr_carea' id='block_1_74' title="bbox 2192 1419 3784 1494">
    <p class='ocr_par' dir='ltr' id='par_1_74' title="bbox 2192 1419 3784 1494">
     <span class='ocr_line' id='line_1_74' title="bbox 2192 1419 3784 1494; baseline 0.002 -17"><span class='ocrx_word' id='word_1_529' title='bbox 2192 1419 2524 1483; x_wconf 65' lang='lat' dir='ltr'><strong>daemonibus</strong></span> <span class='ocrx_word' id='word_1_530' title='bbox 2550 1422 2688 1479; x_wconf 89' lang='lat' dir='ltr'><strong>bene</strong></span> <span class='ocrx_word' id='word_1_531' title='bbox 2710 1433 2871 1494; x_wconf 88' lang='lat' dir='ltr'><strong>atque</strong></span> <span class='ocrx_word' id='word_1_532' title='bbox 2895 1421 3119 1479; x_wconf 89' lang='lat' dir='ltr'><strong>honeste</strong></span> <span class='ocrx_word' id='word_1_533' title='bbox 3140 1423 3366 1478; x_wconf 90' lang='lat' dir='ltr'><strong>vivendo</strong></span> <span class='ocrx_word' id='word_1_534' title='bbox 3388 1423 3634 1479; x_wconf 78' lang='lat' dir='ltr'><strong>meliores</strong></span> <span class='ocrx_word' id='word_1_535' title='bbox 3656 1437 3784 1479; x_wconf 83' lang='lat' dir='ltr'><strong>esse</strong></span> 
     </span>
    </p>
   </div>
   <div class='ocr_carea' id='block_1_75' title="bbox 2193 1511 3787 1587">
    <p class='ocr_par' dir='ltr' id='par_1_75' title="bbox 2193 1511 3787 1587">
     <span class='ocr_line' id='line_1_75' title="bbox 2193 1511 3787 1587; baseline 0.001 -19"><span class='ocrx_word' id='word_1_536' title='bbox 2193 1511 2474 1570; x_wconf 80' lang='lat' dir='ltr'><strong>debemus.</strong></span> <span class='ocrx_word' id='word_1_537' title='bbox 2503 1513 2584 1569; x_wconf 92' lang='lat' dir='ltr'><strong>0b</strong></span> <span class='ocrx_word' id='word_1_538' title='bbox 2609 1513 2711 1569; x_wconf 90' lang='lat' dir='ltr'><strong>hoc</strong></span> <span class='ocrx_word' id='word_1_539' title='bbox 2735 1515 2881 1569; x_wconf 91' lang='lat' dir='ltr'><strong>enim</strong></span> <span class='ocrx_word' id='word_1_540' title='bbox 2905 1524 2960 1570; x_wconf 91' lang='lat' dir='ltr'><strong>et</strong></span> <span class='ocrx_word' id='word_1_541' title='bbox 2982 1513 3313 1584; x_wconf 71' lang='lat' dir='ltr'><strong>providentia</strong></span> <span class='ocrx_word' id='word_1_542' title='bbox 3337 1514 3512 1569; x_wconf 89' lang='lat' dir='ltr'><strong>divina</strong></span> <span class='ocrx_word' id='word_1_543' title='bbox 3535 1515 3636 1584; x_wconf 90' lang='lat' dir='ltr'><strong>eis,</strong></span> <span class='ocrx_word' id='word_1_544' title='bbox 3659 1515 3787 1587; x_wconf 88' lang='lat' dir='ltr'><strong>qui-</strong></span> 
     </span>
    </p>
   </div>
   <div class='ocr_carea' id='block_1_76' title="bbox 2196 1604 3790 1677">
    <p class='ocr_par' dir='ltr' id='par_1_76' title="bbox 2196 1604 3790 1677">
     <span class='ocr_line' id='line_1_76' title="bbox 2196 1604 3790 1677; baseline -0.001 -17"><span class='ocrx_word' id='word_1_545' title='bbox 2196 1604 2296 1660; x_wconf 88' lang='lat' dir='ltr'><strong>bus</strong></span> <span class='ocrx_word' id='word_1_546' title='bbox 2321 1620 2420 1661; x_wconf 90' lang='lat' dir='ltr'><strong>nos</strong></span> <span class='ocrx_word' id='word_1_547' title='bbox 2445 1613 2658 1660; x_wconf 76' lang='lat' dir='ltr'><strong>Constat</strong></span> <span class='ocrx_word' id='word_1_548' title='bbox 2680 1619 2802 1661; x_wconf 89' lang='lat' dir='ltr'><strong>esse</strong></span> <span class='ocrx_word' id='word_1_549' title='bbox 2823 1605 3078 1677; x_wconf 88' lang='lat' dir='ltr'><strong>potiores,</strong></span> <span class='ocrx_word' id='word_1_550' title='bbox 3117 1606 3236 1661; x_wconf 88' lang='lat' dir='ltr'><strong>data</strong></span> <span class='ocrx_word' id='word_1_551' title='bbox 3267 1614 3390 1660; x_wconf 90' lang='lat' dir='ltr'><strong>sunt</strong></span> <span class='ocrx_word' id='word_1_552' title='bbox 3419 1605 3659 1675; x_wconf 64' lang='lat' dir='ltr'><strong>quaedam</strong></span> <span class='ocrx_word' id='word_1_553' title='bbox 3684 1620 3790 1677; x_wconf 79' lang='lat' dir='ltr'><strong>po-</strong></span> 
     </span>
    </p>
   </div>
   <div class='ocr_carea' id='block_1_77' title="bbox 2198 1696 3791 1768">
    <p class='ocr_par' dir='ltr' id='par_1_77' title="bbox 2198 1696 3791 1768">
     <span class='ocr_line' id='line_1_77' title="bbox 2198 1696 3791 1768; baseline 0.002 -18"><span class='ocrx_word' id='word_1_554' title='bbox 2198 1696 2336 1751; x_wconf 88' lang='lat' dir='ltr'><strong>tiora</strong></span> <span class='ocrx_word' id='word_1_555' title='bbox 2356 1711 2640 1766; x_wconf 89' lang='lat' dir='ltr'><strong>corporum</strong></span> <span class='ocrx_word' id='word_1_556' title='bbox 2667 1712 2913 1763; x_wconf 85' lang='lat' dir='ltr'><strong>munera,</strong></span> <span class='ocrx_word' id='word_1_557' title='bbox 2934 1706 2993 1752; x_wconf 92' lang='lat' dir='ltr'><strong>ut</strong></span> <span class='ocrx_word' id='word_1_558' title='bbox 3019 1697 3148 1752; x_wconf 91' lang='lat' dir='ltr'><strong>illud</strong></span> <span class='ocrx_word' id='word_1_559' title='bbox 3170 1712 3276 1768; x_wconf 91' lang='lat' dir='ltr'><strong>quo</strong></span> <span class='ocrx_word' id='word_1_560' title='bbox 3295 1697 3374 1753; x_wconf 90' lang='lat' dir='ltr'><strong>eis</strong></span> <span class='ocrx_word' id='word_1_561' title='bbox 3399 1699 3791 1768; x_wconf 78' lang='lat' dir='ltr'><strong>przeponimur,</strong></span> 
     </span>
    </p>
   </div>
   <div class='ocr_carea' id='block_1_78' title="bbox 2199 1787 3798 1862">
    <p class='ocr_par' dir='ltr' id='par_1_78' title="bbox 2199 1787 3798 1862">
     <span class='ocr_line' id='line_1_78' title="bbox 2199 1787 3798 1862; baseline 0.003 -20"><span class='ocrx_word' id='word_1_562' title='bbox 2199 1788 2362 1843; x_wconf 89' lang='lat' dir='ltr'><strong>etiam</strong></span> <span class='ocrx_word' id='word_1_563' title='bbox 2391 1787 2496 1844; x_wconf 89' lang='lat' dir='ltr'><strong>isto</strong></span> <span class='ocrx_word' id='word_1_564' title='bbox 2527 1789 2686 1845; x_wconf 90' lang='lat' dir='ltr'><strong>modo</strong></span> <span class='ocrx_word' id='word_1_565' title='bbox 2715 1790 2872 1849; x_wconf 85' lang='lat' dir='ltr'><strong>nobis</strong></span> <span class='ocrx_word' id='word_1_566' title='bbox 2902 1789 3376 1847; x_wconf 90' lang='lat' dir='ltr'><strong>commendaretur</strong></span> <span class='ocrx_word' id='word_1_567' title='bbox 3397 1791 3564 1845; x_wconf 91' lang='lat' dir='ltr'><strong>multo</strong></span> <span class='ocrx_word' id='word_1_568' title='bbox 3586 1790 3798 1862; x_wconf 83' lang='lat' dir='ltr'><strong>majore</strong></span> 
     </span>
    </p>
   </div>
   <div class='ocr_carea' id='block_1_79' title="bbox 2199 1879 3797 1952">
    <p class='ocr_par' dir='ltr' id='par_1_79' title="bbox 2199 1879 3797 1952">
     <span class='ocr_line' id='line_1_79' title="bbox 2199 1879 3797 1952; baseline 0.001 -18"><span class='ocrx_word' id='word_1_569' title='bbox 2199 1894 2328 1934; x_wconf 89' lang='lat' dir='ltr'><strong>cura</strong></span> <span class='ocrx_word' id='word_1_570' title='bbox 2369 1879 2728 1934; x_wconf 80' lang='lat' dir='ltr'><strong>excolendum</strong></span> <span class='ocrx_word' id='word_1_571' title='bbox 2753 1895 2893 1948; x_wconf 87' lang='lat' dir='ltr'><strong>esse,</strong></span> <span class='ocrx_word' id='word_1_572' title='bbox 2926 1895 3086 1952; x_wconf 89' lang='lat' dir='ltr'><strong>quam</strong></span> <span class='ocrx_word' id='word_1_573' title='bbox 3115 1896 3344 1952; x_wconf 83' lang='lat' dir='ltr'><strong>corpus;</strong></span> <span class='ocrx_word' id='word_1_574' title='bbox 3375 1881 3649 1952; x_wconf 87' lang='lat' dir='ltr'><strong>ipsamque</strong></span> <span class='ocrx_word' id='word_1_575' title='bbox 3692 1897 3797 1936; x_wconf 80' lang='lat' dir='ltr'><strong>ex-</strong></span> 
     </span>
    </p>
   </div>
   <div class='ocr_carea' id='block_1_80' title="bbox 2201 1971 3800 2045">
    <p class='ocr_par' dir='ltr' id='par_1_80' title="bbox 2201 1971 3800 2045">
     <span class='ocr_line' id='line_1_80' title="bbox 2201 1971 3800 2045; baseline 0.002 -19"><span class='ocrx_word' id='word_1_576' title='bbox 2201 1971 2504 2027; x_wconf 87' lang='lat' dir='ltr'><strong>cellentiam</strong></span> <span class='ocrx_word' id='word_1_577' title='bbox 2526 1974 2887 2042; x_wconf 85' lang='lat' dir='ltr'><strong>corporalem.</strong></span> <span class='ocrx_word' id='word_1_578' title='bbox 2911 1989 3068 2045; x_wconf 89' lang='lat' dir='ltr'><strong>quam</strong></span> <span class='ocrx_word' id='word_1_579' title='bbox 3089 1973 3363 2030; x_wconf 77' lang='lat' dir='ltr'><strong>daemones</strong></span> <span class='ocrx_word' id='word_1_580' title='bbox 3389 1973 3587 2030; x_wconf 89' lang='lat' dir='ltr'><strong>habere</strong></span> <span class='ocrx_word' id='word_1_581' title='bbox 3608 1988 3800 2029; x_wconf 87' lang='lat' dir='ltr'><strong>nosse-</strong></span> 
     </span>
    </p>
   </div>
   <div class='ocr_carea' id='block_1_81' title="bbox 2201 2065 3800 2139">
    <p class='ocr_par' dir='ltr' id='par_1_81' title="bbox 2201 2065 3800 2139">
     <span class='ocr_line' id='line_1_81' title="bbox 2201 2065 3800 2139; baseline -0.001 -17"><span class='ocrx_word' id='word_1_582' title='bbox 2201 2080 2344 2134; x_wconf 89' lang='lat' dir='ltr'><strong>mus,</strong></span> <span class='ocrx_word' id='word_1_583' title='bbox 2373 2081 2483 2136; x_wconf 70' lang='lat' dir='ltr'><strong>prae</strong></span> <span class='ocrx_word' id='word_1_584' title='bbox 2510 2065 2749 2122; x_wconf 91' lang='lat' dir='ltr'><strong>bonitate</strong></span> <span class='ocrx_word' id='word_1_585' title='bbox 2785 2067 2930 2134; x_wconf 74' lang='lat' dir='ltr'><strong>vitae,</strong></span> <span class='ocrx_word' id='word_1_586' title='bbox 2961 2083 3065 2139; x_wconf 87' lang='lat' dir='ltr'><strong>qua</strong></span> <span class='ocrx_word' id='word_1_587' title='bbox 3094 2067 3202 2123; x_wconf 92' lang='lat' dir='ltr'><strong>illis</strong></span> <span class='ocrx_word' id='word_1_588' title='bbox 3225 2068 3619 2138; x_wconf 68' lang='lat' dir='ltr'><strong>auteponimur,</strong></span> <span class='ocrx_word' id='word_1_589' title='bbox 3659 2081 3800 2121; x_wconf 81' lang='lat' dir='ltr'><strong>eon-</strong></span> 
     </span>
    </p>
   </div>
   <div class='ocr_carea' id='block_1_82' title="bbox 2204 2157 3801 2225">
    <p class='ocr_par' dir='ltr' id='par_1_82' title="bbox 2204 2157 3801 2225">
     <span class='ocr_line' id='line_1_82' title="bbox 2204 2157 3801 2225; baseline 0.001 -13"><span class='ocrx_word' id='word_1_590' title='bbox 2204 2166 2448 2214; x_wconf 87' lang='lat' dir='ltr'><strong>temnere</strong></span> <span class='ocrx_word' id='word_1_591' title='bbox 2475 2157 2826 2225; x_wconf 88' lang='lat' dir='ltr'><strong>disceremus,</strong></span> <span class='ocrx_word' id='word_1_592' title='bbox 2855 2159 3084 2215; x_wconf 90' lang='lat' dir='ltr'><strong>habituri</strong></span> <span class='ocrx_word' id='word_1_593' title='bbox 3112 2171 3167 2216; x_wconf 91' lang='lat' dir='ltr'><strong>et</strong></span> <span class='ocrx_word' id='word_1_594' title='bbox 3205 2176 3303 2216; x_wconf 90' lang='lat' dir='ltr'><strong>nos</strong></span> <span class='ocrx_word' id='word_1_595' title='bbox 3331 2160 3801 2216; x_wconf 85' lang='lat' dir='ltr'><strong>immortalitatem</strong></span> 
     </span>
    </p>
   </div>
   <div class='ocr_carea' id='block_1_83' title="bbox 2203 2252 3803 2324">
    <p class='ocr_par' dir='ltr' id='par_1_83' title="bbox 2203 2252 3803 2324">
     <span class='ocr_line' id='line_1_83' title="bbox 2203 2252 3803 2324; baseline 0 -18"><span class='ocrx_word' id='word_1_596' title='bbox 2203 2264 2513 2321; x_wconf 87' lang='lat' dir='ltr'><strong>corporum,</strong></span> <span class='ocrx_word' id='word_1_597' title='bbox 2533 2265 2638 2306; x_wconf 87' lang='lat' dir='ltr'><strong>non</strong></span> <span class='ocrx_word' id='word_1_598' title='bbox 2657 2267 2817 2322; x_wconf 87' lang='lat' dir='ltr'><strong>quam</strong></span> <span class='ocrx_word' id='word_1_599' title='bbox 2839 2252 3218 2322; x_wconf 89' lang='lat' dir='ltr'><strong>suppliciorum</strong></span> <span class='ocrx_word' id='word_1_600' title='bbox 3237 2253 3508 2308; x_wconf 61' lang='lat' dir='ltr'><strong>aeternitas</strong></span> <span class='ocrx_word' id='word_1_601' title='bbox 3527 2259 3803 2324; x_wconf 85' lang='lat' dir='ltr'><strong>torqueat,</strong></span> 
     </span>
    </p>
   </div>
   <div class='ocr_carea' id='block_1_84' title="bbox 2204 2343 3370 2414">
    <p class='ocr_par' dir='ltr' id='par_1_84' title="bbox 2204 2343 3370 2414">
     <span class='ocr_line' id='line_1_84' title="bbox 2204 2343 3370 2414; baseline 0.003 -16"><span class='ocrx_word' id='word_1_602' title='bbox 2204 2343 2300 2399; x_wconf 86' lang='lat' dir='ltr'><strong>sed</strong></span> <span class='ocrx_word' id='word_1_603' title='bbox 2327 2359 2487 2414; x_wconf 90' lang='lat' dir='ltr'><strong>quam</strong></span> <span class='ocrx_word' id='word_1_604' title='bbox 2519 2344 2722 2414; x_wconf 78' lang='lat' dir='ltr'><strong>paritas</strong></span> <span class='ocrx_word' id='word_1_605' title='bbox 2753 2345 3020 2414; x_wconf 73' lang='lat' dir='ltr'><strong>pnecedat</strong></span> <span class='ocrx_word' id='word_1_606' title='bbox 3047 2345 3370 2401; x_wconf 87' lang='lat' dir='ltr'><strong>animorum.</strong></span> 
     </span>
    </p>
   </div>
   <div class='ocr_carea' id='block_1_85' title="bbox 2276 2435 3807 2509">
    <p class='ocr_par' dir='ltr' id='par_1_85' title="bbox 2276 2435 3807 2509">
     <span class='ocr_line' id='line_1_85' title="bbox 2276 2435 3807 2509; baseline 0.003 -18"><span class='ocrx_word' id='word_1_607' title='bbox 2276 2437 2332 2491; x_wconf 76' lang='lat'><strong>2.</strong></span> <span class='ocrx_word' id='word_1_608' title='bbox 2373 2435 2490 2492; x_wconf 84' lang='lat' dir='ltr'><strong>Jam</strong></span> <span class='ocrx_word' id='word_1_609' title='bbox 2520 2452 2650 2490; x_wconf 76' lang='lat' dir='ltr'><strong>vero</strong></span> <span class='ocrx_word' id='word_1_610' title='bbox 2685 2436 2754 2493; x_wconf 92' lang='lat' dir='ltr'><strong>de</strong></span> <span class='ocrx_word' id='word_1_611' title='bbox 2782 2436 2885 2492; x_wconf 89' lang='lat' dir='ltr'><strong>loci</strong></span> <span class='ocrx_word' id='word_1_612' title='bbox 2915 2437 3218 2504; x_wconf 75' lang='lat' dir='ltr'><strong>altitudine,</strong></span> <span class='ocrx_word' id='word_1_613' title='bbox 3247 2437 3389 2509; x_wconf 91' lang='lat' dir='ltr'><strong>quod</strong></span> <span class='ocrx_word' id='word_1_614' title='bbox 3429 2437 3703 2495; x_wconf 62' lang='lat' dir='ltr'><strong>daemones</strong></span> <span class='ocrx_word' id='word_1_615' title='bbox 3742 2437 3807 2495; x_wconf 82' lang='lat' dir='ltr'><strong>in</strong></span> 
     </span>
    </p>
   </div>
   <div class='ocr_carea' id='block_1_86' title="bbox 2207 2527 3806 2599">
    <p class='ocr_par' dir='ltr' id='par_1_86' title="bbox 2207 2527 3806 2599">
     <span class='ocr_line' id='line_1_86' title="bbox 2207 2527 3806 2599; baseline 0 -15"><span class='ocrx_word' id='word_1_616' title='bbox 2207 2543 2353 2594; x_wconf 90' lang='lat' dir='ltr'><strong>aere,</strong></span> <span class='ocrx_word' id='word_1_617' title='bbox 2394 2541 2494 2583; x_wconf 90' lang='lat' dir='ltr'><strong>nos</strong></span> <span class='ocrx_word' id='word_1_618' title='bbox 2531 2536 2710 2584; x_wconf 89' lang='lat' dir='ltr'><strong>autem</strong></span> <span class='ocrx_word' id='word_1_619' title='bbox 2739 2527 3043 2584; x_wconf 87' lang='lat' dir='ltr'><strong>habitamus</strong></span> <span class='ocrx_word' id='word_1_620' title='bbox 3082 2528 3133 2583; x_wconf 91' lang='lat' dir='ltr'><strong>in</strong></span> <span class='ocrx_word' id='word_1_621' title='bbox 3167 2538 3329 2596; x_wconf 90' lang='lat' dir='ltr'><strong>terra,</strong></span> <span class='ocrx_word' id='word_1_622' title='bbox 3359 2529 3430 2584; x_wconf 90' lang='lat' dir='ltr'><strong>ita</strong></span> <span class='ocrx_word' id='word_1_623' title='bbox 3475 2529 3806 2599; x_wconf 84' lang='lat' dir='ltr'><strong>permoveri,</strong></span> 
     </span>
    </p>
   </div>
   <div class='ocr_carea' id='block_1_87' title="bbox 2209 2617 3808 2690">
    <p class='ocr_par' dir='ltr' id='par_1_87' title="bbox 2209 2617 3808 2690">
     <span class='ocr_line' id='line_1_87' title="bbox 2209 2617 3808 2690; baseline 0.001 -16"><span class='ocrx_word' id='word_1_624' title='bbox 2209 2627 2270 2674; x_wconf 92' lang='lat' dir='ltr'><strong>ut</strong></span> <span class='ocrx_word' id='word_1_625' title='bbox 2309 2617 2434 2674; x_wconf 90' lang='lat' dir='ltr'><strong>hinc</strong></span> <span class='ocrx_word' id='word_1_626' title='bbox 2465 2633 2560 2674; x_wconf 89' lang='lat' dir='ltr'><strong>eos</strong></span> <span class='ocrx_word' id='word_1_627' title='bbox 2602 2618 2760 2674; x_wconf 87' lang='lat' dir='ltr'><strong>nobis</strong></span> <span class='ocrx_word' id='word_1_628' title='bbox 2801 2634 2924 2675; x_wconf 88' lang='lat' dir='ltr'><strong>esse</strong></span> <span class='ocrx_word' id='word_1_629' title='bbox 2963 2618 3354 2690; x_wconf 62' lang='lat' dir='ltr'><strong>pra&#39;ponendos</strong></span> <span class='ocrx_word' id='word_1_630' title='bbox 3397 2619 3808 2687; x_wconf 81' lang='lat' dir='ltr'><strong>existimemus,</strong></span> 
     </span>
    </p>
   </div>
   <div class='ocr_carea' id='block_1_88' title="bbox 2210 2711 3808 2783">
    <p class='ocr_par' dir='ltr' id='par_1_88' title="bbox 2210 2711 3808 2783">
     <span class='ocr_line' id='line_1_88' title="bbox 2210 2711 3808 2783; baseline 0.002 -17"><span class='ocrx_word' id='word_1_631' title='bbox 2210 2712 2432 2776; x_wconf 77' lang='lat' dir='ltr'><strong>omnino</strong></span> <span class='ocrx_word' id='word_1_632' title='bbox 2470 2711 2751 2768; x_wconf 89' lang='lat' dir='ltr'><strong>ridiculum</strong></span> <span class='ocrx_word' id='word_1_633' title='bbox 2776 2721 2878 2767; x_wconf 86' lang='lat' dir='ltr'><strong>est.</strong></span> <span class='ocrx_word' id='word_1_634' title='bbox 2910 2712 3021 2768; x_wconf 84' lang='lat' dir='ltr'><strong>Hoc</strong></span> <span class='ocrx_word' id='word_1_635' title='bbox 3049 2713 3191 2768; x_wconf 92' lang='lat' dir='ltr'><strong>enim</strong></span> <span class='ocrx_word' id='word_1_636' title='bbox 3222 2722 3376 2783; x_wconf 90' lang='lat' dir='ltr'><strong>pacto</strong></span> <span class='ocrx_word' id='word_1_637' title='bbox 3411 2713 3563 2768; x_wconf 89' lang='lat' dir='ltr'><strong>nobis</strong></span> <span class='ocrx_word' id='word_1_638' title='bbox 3588 2723 3642 2768; x_wconf 91' lang='lat' dir='ltr'><strong>et</strong></span> <span class='ocrx_word' id='word_1_639' title='bbox 3681 2727 3808 2769; x_wconf 77' lang='lat' dir='ltr'><strong>om~</strong></span> 
     </span>
    </p>
   </div>
   <div class='ocr_carea' id='block_1_89' title="bbox 2211 2804 3808 2875">
    <p class='ocr_par' dir='ltr' id='par_1_89' title="bbox 2211 2804 3808 2875">
     <span class='ocr_line' id='line_1_89' title="bbox 2211 2804 3808 2875; baseline -0.001 -14"><span class='ocrx_word' id='word_1_640' title='bbox 2211 2805 2300 2861; x_wconf 90' lang='lat' dir='ltr'><strong>nia</strong></span> <span class='ocrx_word' id='word_1_641' title='bbox 2331 2805 2569 2860; x_wconf 88' lang='lat' dir='ltr'><strong>volatilia</strong></span> <span class='ocrx_word' id='word_1_642' title='bbox 2595 2805 2975 2875; x_wconf 65' lang='lat' dir='ltr'><strong>praeponimus.</strong></span> <span class='ocrx_word' id='word_1_643' title='bbox 3001 2805 3069 2859; x_wconf 86' lang='lat' dir='ltr'><strong>At</strong></span> <span class='ocrx_word' id='word_1_644' title='bbox 3095 2804 3239 2860; x_wconf 76' lang='lat' dir='ltr'><strong>enim</strong></span> <span class='ocrx_word' id='word_1_645' title='bbox 3269 2804 3528 2871; x_wconf 83' lang='lat' dir='ltr'><strong>volatilia,</strong></span> <span class='ocrx_word' id='word_1_646' title='bbox 3553 2819 3674 2859; x_wconf 89' lang='lat' dir='ltr'><strong>cum</strong></span> <span class='ocrx_word' id='word_1_647' title='bbox 3705 2819 3808 2859; x_wconf 83' lang='lat' dir='ltr'><strong>vo-</strong></span> 
     </span>
    </p>
   </div>
   <div class='ocr_carea' id='block_1_90' title="bbox 2212 2894 3811 2967">
    <p class='ocr_par' dir='ltr' id='par_1_90' title="bbox 2212 2894 3811 2967">
     <span class='ocr_line' id='line_1_90' title="bbox 2212 2894 3811 2967; baseline -0.002 -16"><span class='ocrx_word' id='word_1_648' title='bbox 2212 2896 2376 2951; x_wconf 88' lang='lat' dir='ltr'><strong>laudo</strong></span> <span class='ocrx_word' id='word_1_649' title='bbox 2410 2895 2736 2967; x_wconf 77' lang='lat' dir='ltr'><strong>fatigantur,</strong></span> <span class='ocrx_word' id='word_1_650' title='bbox 2787 2896 2871 2951; x_wconf 88' lang='lat' dir='ltr'><strong>vel</strong></span> <span class='ocrx_word' id='word_1_651' title='bbox 2909 2894 3256 2952; x_wconf 90' lang='lat' dir='ltr'><strong>relicicndum</strong></span> <span class='ocrx_word' id='word_1_652' title='bbox 3300 2894 3566 2950; x_wconf 90' lang='lat' dir='ltr'><strong>alimentis</strong></span> <span class='ocrx_word' id='word_1_653' title='bbox 3607 2909 3811 2965; x_wconf 87' lang='lat' dir='ltr'><strong>corpus</strong></span> 
     </span>
    </p>
   </div>
   <div class='ocr_carea' id='block_1_91' title="bbox 2215 2986 3813 3060">
    <p class='ocr_par' dir='ltr' id='par_1_91' title="bbox 2215 2986 3813 3060">
     <span class='ocr_line' id='line_1_91' title="bbox 2215 2986 3813 3060; baseline -0.001 -16"><span class='ocrx_word' id='word_1_654' title='bbox 2215 2988 2432 3054; x_wconf 84' lang='lat' dir='ltr'><strong>habent,</strong></span> <span class='ocrx_word' id='word_1_655' title='bbox 2465 2997 2662 3044; x_wconf 90' lang='lat' dir='ltr'><strong>terram</strong></span> <span class='ocrx_word' id='word_1_656' title='bbox 2688 2996 2953 3058; x_wconf 90' lang='lat' dir='ltr'><strong>repetunt,</strong></span> <span class='ocrx_word' id='word_1_657' title='bbox 2995 2987 3080 3043; x_wconf 85' lang='lat' dir='ltr'><strong>vel</strong></span> <span class='ocrx_word' id='word_1_658' title='bbox 3107 2987 3177 3043; x_wconf 89' lang='lat' dir='ltr'><strong>ad</strong></span> <span class='ocrx_word' id='word_1_659' title='bbox 3212 2988 3473 3060; x_wconf 89' lang='lat' dir='ltr'><strong>requiem,</strong></span> <span class='ocrx_word' id='word_1_660' title='bbox 3509 2987 3593 3042; x_wconf 90' lang='lat' dir='ltr'><strong>vel</strong></span> <span class='ocrx_word' id='word_1_661' title='bbox 3618 2986 3686 3042; x_wconf 91' lang='lat' dir='ltr'><strong>ad</strong></span> <span class='ocrx_word' id='word_1_662' title='bbox 3717 3003 3813 3059; x_wconf 90' lang='lat' dir='ltr'><strong>pa-</strong></span> 
     </span>
    </p>
   </div>
   <div class='ocr_carea' id='block_1_92' title="bbox 2215 3080 3812 3153">
    <p class='ocr_par' dir='ltr' id='par_1_92' title="bbox 2215 3080 3812 3153">
     <span class='ocr_line' id='line_1_92' title="bbox 2215 3080 3812 3153; baseline -0.005 -13"><span class='ocrx_word' id='word_1_663' title='bbox 2215 3093 2398 3150; x_wconf 90' lang='lat' dir='ltr'><strong>stum;</strong></span> <span class='ocrx_word' id='word_1_664' title='bbox 2451 3082 2592 3153; x_wconf 89' lang='lat' dir='ltr'><strong>quod</strong></span> <span class='ocrx_word' id='word_1_665' title='bbox 2635 3082 2948 3149; x_wconf 84' lang='lat' dir='ltr'><strong>daemones,</strong></span> <span class='ocrx_word' id='word_1_666' title='bbox 2987 3081 3265 3152; x_wconf 86' lang='lat' dir='ltr'><strong>inquiunt,</strong></span> <span class='ocrx_word' id='word_1_667' title='bbox 3315 3095 3420 3136; x_wconf 90' lang='lat' dir='ltr'><strong>non</strong></span> <span class='ocrx_word' id='word_1_668' title='bbox 3464 3080 3662 3136; x_wconf 79' lang='lat' dir='ltr'><strong>faciunt</strong></span> <span class='ocrx_word' id='word_1_669' title='bbox 3707 3080 3812 3151; x_wconf 85' lang='lat' dir='ltr'><strong>(a).</strong></span> 
     </span>
    </p>
   </div>
   <div class='ocr_carea' id='block_1_93' title="bbox 2216 3171 3815 3248">
    <p class='ocr_par' dir='ltr' id='par_1_93' title="bbox 2216 3171 3815 3248">
     <span class='ocr_line' id='line_1_93' title="bbox 2216 3171 3815 3248; baseline -0.005 -14"><span class='ocrx_word' id='word_1_670' title='bbox 2216 3175 2482 3248; x_wconf 79' lang='lat' dir='ltr'><strong>Numquid</strong></span> <span class='ocrx_word' id='word_1_671' title='bbox 2514 3191 2641 3246; x_wconf 87' lang='lat' dir='ltr'><strong>ergo</strong></span> <span class='ocrx_word' id='word_1_672' title='bbox 2669 3176 2844 3246; x_wconf 87' lang='lat' dir='ltr'><strong>placet</strong></span> <span class='ocrx_word' id='word_1_673' title='bbox 2865 3176 2966 3240; x_wconf 90' lang='lat' dir='ltr'><strong>eis,</strong></span> <span class='ocrx_word' id='word_1_674' title='bbox 2996 3183 3052 3228; x_wconf 92' lang='lat' dir='ltr'><strong>ut</strong></span> <span class='ocrx_word' id='word_1_675' title='bbox 3072 3173 3306 3228; x_wconf 87' lang='lat' dir='ltr'><strong>volatilia</strong></span> <span class='ocrx_word' id='word_1_676' title='bbox 3328 3172 3511 3239; x_wconf 80' lang='lat' dir='ltr'><strong>nobis,</strong></span> <span class='ocrx_word' id='word_1_677' title='bbox 3534 3171 3815 3227; x_wconf 75' lang='lat' dir='ltr'><strong>daemones</strong></span> 
     </span>
    </p>
   </div>
   <div class='ocr_carea' id='block_1_94' title="bbox 2217 3263 3815 3332">
    <p class='ocr_par' dir='ltr' id='par_1_94' title="bbox 2217 3263 3815 3332">
     <span class='ocr_line' id='line_1_94' title="bbox 2217 3263 3815 3332; baseline -0.004 -8"><span class='ocrx_word' id='word_1_678' title='bbox 2217 3278 2397 3324; x_wconf 90' lang='lat' dir='ltr'><strong>antem</strong></span> <span class='ocrx_word' id='word_1_679' title='bbox 2425 3272 2587 3324; x_wconf 90' lang='lat' dir='ltr'><strong>etiam</strong></span> <span class='ocrx_word' id='word_1_680' title='bbox 2617 3268 2923 3324; x_wconf 85' lang='lat' dir='ltr'><strong>volatilibus</strong></span> <span class='ocrx_word' id='word_1_681' title='bbox 2949 3267 3272 3322; x_wconf 79' lang='lat' dir='ltr'><strong>antecellunt</strong></span> <span class='ocrx_word' id='word_1_682' title='bbox 3293 3266 3318 3320; x_wconf 90' lang='lat'><strong>?</strong></span> <span class='ocrx_word' id='word_1_683' title='bbox 3338 3264 3488 3332; x_wconf 85' lang='lat' dir='ltr'><strong>Quod</strong></span> <span class='ocrx_word' id='word_1_684' title='bbox 3515 3264 3560 3319; x_wconf 91' lang='lat' dir='ltr'><strong>si</strong></span> <span class='ocrx_word' id='word_1_685' title='bbox 3587 3263 3815 3319; x_wconf 86' lang='lat' dir='ltr'><strong>demen-</strong></span> 
     </span>
    </p>
   </div>
   <div class='ocr_carea' id='block_1_95' title="bbox 2219 3354 3817 3430">
    <p class='ocr_par' dir='ltr' id='par_1_95' title="bbox 2219 3354 3817 3430">
     <span class='ocr_line' id='line_1_95' title="bbox 2219 3354 3817 3430; baseline -0.004 -14"><span class='ocrx_word' id='word_1_686' title='bbox 2219 3362 2484 3416; x_wconf 86' lang='lat' dir='ltr'><strong>tissimum</strong></span> <span class='ocrx_word' id='word_1_687' title='bbox 2514 3369 2598 3416; x_wconf 90' lang='lat' dir='ltr'><strong>est</strong></span> <span class='ocrx_word' id='word_1_688' title='bbox 2640 3360 2870 3430; x_wconf 85' lang='lat' dir='ltr'><strong>cpiuari,</strong></span> <span class='ocrx_word' id='word_1_689' title='bbox 2904 3359 3036 3413; x_wconf 87' lang='lat' dir='ltr'><strong>nihil</strong></span> <span class='ocrx_word' id='word_1_690' title='bbox 3079 3367 3160 3413; x_wconf 88' lang='lat' dir='ltr'><strong>est</strong></span> <span class='ocrx_word' id='word_1_691' title='bbox 3199 3357 3341 3428; x_wconf 90' lang='lat' dir='ltr'><strong>quod</strong></span> <span class='ocrx_word' id='word_1_692' title='bbox 3381 3356 3447 3412; x_wconf 87' lang='lat' dir='ltr'><strong>de</strong></span> <span class='ocrx_word' id='word_1_693' title='bbox 3478 3354 3817 3411; x_wconf 84' lang='lat' dir='ltr'><strong>habitatione</strong></span> 
     </span>
    </p>
   </div>
   <div class='ocr_carea' id='block_1_96' title="bbox 2219 3447 3816 3522">
    <p class='ocr_par' dir='ltr' id='par_1_96' title="bbox 2219 3447 3816 3522">
     <span class='ocr_line' id='line_1_96' title="bbox 2219 3447 3816 3522; baseline -0.002 -15"><span class='ocrx_word' id='word_1_694' title='bbox 2219 3453 2516 3522; x_wconf 89' lang='lat' dir='ltr'><strong>superioris</strong></span> <span class='ocrx_word' id='word_1_695' title='bbox 2555 3451 2810 3507; x_wconf 77' lang='lat' dir='ltr'><strong>elementi</strong></span> <span class='ocrx_word' id='word_1_696' title='bbox 2847 3451 3037 3521; x_wconf 87' lang='lat' dir='ltr'><strong>dignos</strong></span> <span class='ocrx_word' id='word_1_697' title='bbox 3073 3464 3195 3506; x_wconf 88' lang='lat' dir='ltr'><strong>esse</strong></span> <span class='ocrx_word' id='word_1_698' title='bbox 3221 3449 3495 3504; x_wconf 64' lang='lat' dir='ltr'><strong>daemones</strong></span> <span class='ocrx_word' id='word_1_699' title='bbox 3531 3447 3816 3504; x_wconf 79' lang='lat' dir='ltr'><strong>existimo-</strong></span> 
     </span>
    </p>
   </div>
   <div class='ocr_carea' id='block_1_97' title="bbox 2220 3540 3816 3612">
    <p class='ocr_par' dir='ltr' id='par_1_97' title="bbox 2220 3540 3816 3612">
     <span class='ocr_line' id='line_1_97' title="bbox 2220 3540 3816 3612; baseline -0.003 -13"><span class='ocrx_word' id='word_1_700' title='bbox 2220 3559 2362 3610; x_wconf 91' lang='lat' dir='ltr'><strong>mus,</strong></span> <span class='ocrx_word' id='word_1_701' title='bbox 2391 3543 2582 3612; x_wconf 88' lang='lat' dir='ltr'><strong>quibus</strong></span> <span class='ocrx_word' id='word_1_702' title='bbox 2609 3559 2706 3597; x_wconf 91' lang='lat' dir='ltr'><strong>nos</strong></span> <span class='ocrx_word' id='word_1_703' title='bbox 2735 3542 3008 3611; x_wconf 77' lang='lat' dir='ltr'><strong>religionis</strong></span> <span class='ocrx_word' id='word_1_704' title='bbox 3027 3541 3221 3598; x_wconf 75' lang='lat' dir='ltr'><strong>an‘ectu</strong></span> <span class='ocrx_word' id='word_1_705' title='bbox 3242 3541 3473 3598; x_wconf 87' lang='lat' dir='ltr'><strong>subdere</strong></span> <span class='ocrx_word' id='word_1_706' title='bbox 3498 3540 3816 3598; x_wconf 86' lang='lat' dir='ltr'><strong>debeamus.</strong></span> 
     </span>
    </p>
   </div>
   <div class='ocr_carea' id='block_1_98' title="bbox 2221 3633 3818 3707">
    <p class='ocr_par' dir='ltr' id='par_1_98' title="bbox 2221 3633 3818 3707">
     <span class='ocr_line' id='line_1_98' title="bbox 2221 3633 3818 3707; baseline -0.002 -15"><span class='ocrx_word' id='word_1_707' title='bbox 2221 3636 2372 3692; x_wconf 89' lang='lat' dir='ltr'><strong>Sicut</strong></span> <span class='ocrx_word' id='word_1_708' title='bbox 2396 3637 2539 3691; x_wconf 73' lang='lat' dir='ltr'><strong>enim</strong></span> <span class='ocrx_word' id='word_1_709' title='bbox 2576 3635 2690 3692; x_wconf 81' lang='lat' dir='ltr'><strong>ﬁeri</strong></span> <span class='ocrx_word' id='word_1_710' title='bbox 2728 3636 2901 3707; x_wconf 90' lang='lat' dir='ltr'><strong>potuit</strong></span> <span class='ocrx_word' id='word_1_711' title='bbox 2925 3645 2982 3690; x_wconf 89' lang='lat' dir='ltr'><strong>ut</strong></span> <span class='ocrx_word' id='word_1_712' title='bbox 3007 3635 3167 3690; x_wconf 74' lang='lat' dir='ltr'><strong>aerize</strong></span> <span class='ocrx_word' id='word_1_713' title='bbox 3194 3635 3441 3689; x_wconf 85' lang='lat' dir='ltr'><strong>volucres</strong></span> <span class='ocrx_word' id='word_1_714' title='bbox 3469 3633 3818 3690; x_wconf 84' lang='lat' dir='ltr'><strong>terrestribus</strong></span> 
     </span>
    </p>
   </div>
   <div class='ocr_carea' id='block_1_99' title="bbox 2221 3727 3821 3797">
    <p class='ocr_par' dir='ltr' id='par_1_99' title="bbox 2221 3727 3821 3797">
     <span class='ocr_line' id='line_1_99' title="bbox 2221 3727 3821 3797; baseline -0.001 -14"><span class='ocrx_word' id='word_1_715' title='bbox 2221 3729 2377 3784; x_wconf 88' lang='lat' dir='ltr'><strong>nobis</strong></span> <span class='ocrx_word' id='word_1_716' title='bbox 2397 3745 2504 3784; x_wconf 91' lang='lat' dir='ltr'><strong>non</strong></span> <span class='ocrx_word' id='word_1_717' title='bbox 2534 3728 2708 3783; x_wconf 90' lang='lat' dir='ltr'><strong>solum</strong></span> <span class='ocrx_word' id='word_1_718' title='bbox 2735 3744 2841 3783; x_wconf 88' lang='lat' dir='ltr'><strong>non</strong></span> <span class='ocrx_word' id='word_1_719' title='bbox 2865 3729 3230 3797; x_wconf 63' lang='lat' dir='ltr'><strong>praeferantur,</strong></span> <span class='ocrx_word' id='word_1_720' title='bbox 3255 3743 3439 3783; x_wconf 88' lang='lat' dir='ltr'><strong>verum</strong></span> <span class='ocrx_word' id='word_1_721' title='bbox 3465 3727 3624 3782; x_wconf 89' lang='lat' dir='ltr'><strong>etiam</strong></span> <span class='ocrx_word' id='word_1_722' title='bbox 3646 3727 3821 3797; x_wconf 77' lang='lat' dir='ltr'><strong>subji-</strong></span> 
     </span>
    </p>
   </div>
   <div class='ocr_carea' id='block_1_100' title="bbox 2221 3818 3817 3892">
    <p class='ocr_par' dir='ltr' id='par_1_100' title="bbox 2221 3818 3817 3892">
     <span class='ocr_line' id='line_1_100' title="bbox 2221 3818 3817 3892; baseline -0.003 -15"><span class='ocrx_word' id='word_1_723' title='bbox 2221 3824 2432 3878; x_wconf 88' lang='lat' dir='ltr'><strong>ciantur</strong></span> <span class='ocrx_word' id='word_1_724' title='bbox 2461 3830 2681 3892; x_wconf 89' lang='lat' dir='ltr'><strong>propter</strong></span> <span class='ocrx_word' id='word_1_725' title='bbox 2716 3821 2994 3881; x_wconf 88' lang='lat' dir='ltr'><strong>rationalis</strong></span> <span class='ocrx_word' id='word_1_726' title='bbox 3031 3821 3244 3884; x_wconf 65' lang='lat' dir='ltr'><strong>animai,</strong></span> <span class='ocrx_word' id='word_1_727' title='bbox 3288 3836 3407 3890; x_wconf 86' lang='lat' dir='ltr'><strong>quae</strong></span> <span class='ocrx_word' id='word_1_728' title='bbox 3443 3819 3496 3874; x_wconf 92' lang='lat' dir='ltr'><strong>in</strong></span> <span class='ocrx_word' id='word_1_729' title='bbox 3525 3818 3678 3874; x_wconf 90' lang='lat' dir='ltr'><strong>nobis</strong></span> <span class='ocrx_word' id='word_1_730' title='bbox 3703 3829 3817 3884; x_wconf 87' lang='lat' dir='ltr'><strong>est,</strong></span> 
     </span>
    </p>
   </div>
   <div class='ocr_carea' id='block_1_101' title="bbox 2221 3911 3819 3984">
    <p class='ocr_par' dir='ltr' id='par_1_101' title="bbox 2221 3911 3819 3984">
     <span class='ocr_line' id='line_1_101' title="bbox 2221 3911 3819 3984; baseline -0.002 -17"><span class='ocrx_word' id='word_1_731' title='bbox 2221 3913 2574 3984; x_wconf 84' lang='lat' dir='ltr'><strong>dignitatem;</strong></span> <span class='ocrx_word' id='word_1_732' title='bbox 2605 3913 2674 3968; x_wconf 87' lang='lat' dir='ltr'><strong>ita</strong></span> <span class='ocrx_word' id='word_1_733' title='bbox 2699 3913 2809 3968; x_wconf 89' lang='lat' dir='ltr'><strong>lieri</strong></span> <span class='ocrx_word' id='word_1_734' title='bbox 2842 3914 3009 3983; x_wconf 89' lang='lat' dir='ltr'><strong>potuit</strong></span> <span class='ocrx_word' id='word_1_735' title='bbox 3032 3921 3088 3968; x_wconf 93' lang='lat' dir='ltr'><strong>ut</strong></span> <span class='ocrx_word' id='word_1_736' title='bbox 3111 3911 3404 3979; x_wconf 65' lang='lat' dir='ltr'><strong>daemones,</strong></span> <span class='ocrx_word' id='word_1_737' title='bbox 3427 3913 3672 3982; x_wconf 88' lang='lat' dir='ltr'><strong>quamvis</strong></span> <span class='ocrx_word' id='word_1_738' title='bbox 3699 3926 3819 3968; x_wconf 84' lang='lat' dir='ltr'><strong>ma-</strong></span> 
     </span>
    </p>
   </div>
   <div class='ocr_carea' id='block_1_102' title="bbox 2223 4002 3819 4076">
    <p class='ocr_par' dir='ltr' id='par_1_102' title="bbox 2223 4002 3819 4076">
     <span class='ocr_line' id='line_1_102' title="bbox 2223 4002 3819 4076; baseline -0.001 -17"><span class='ocrx_word' id='word_1_739' title='bbox 2223 4007 2304 4076; x_wconf 87' lang='lat' dir='ltr'><strong>gis</strong></span> <span class='ocrx_word' id='word_1_740' title='bbox 2328 4006 2458 4062; x_wconf 90' lang='lat' dir='ltr'><strong>aerii</strong></span> <span class='ocrx_word' id='word_1_741' title='bbox 2503 4007 2628 4073; x_wconf 92' lang='lat' dir='ltr'><strong>sint,</strong></span> <span class='ocrx_word' id='word_1_742' title='bbox 2677 4007 3018 4062; x_wconf 87' lang='lat' dir='ltr'><strong>terrestribus</strong></span> <span class='ocrx_word' id='word_1_743' title='bbox 3055 4006 3211 4061; x_wconf 90' lang='lat' dir='ltr'><strong>nobis</strong></span> <span class='ocrx_word' id='word_1_744' title='bbox 3255 4021 3363 4067; x_wconf 86' lang='lat' dir='ltr'><strong>non</strong></span> <span class='ocrx_word' id='word_1_745' title='bbox 3403 4006 3525 4062; x_wconf 89' lang='lat' dir='ltr'><strong>ideo</strong></span> <span class='ocrx_word' id='word_1_746' title='bbox 3562 4002 3819 4060; x_wconf 82' lang='lat' dir='ltr'><strong>meliores</strong></span> 
     </span>
    </p>
   </div>
   <div class='ocr_carea' id='block_1_103' title="bbox 2224 4095 3820 4169">
    <p class='ocr_par' dir='ltr' id='par_1_103' title="bbox 2224 4095 3820 4169">
     <span class='ocr_line' id='line_1_103' title="bbox 2224 4095 3820 4169; baseline -0.001 -17"><span class='ocrx_word' id='word_1_747' title='bbox 2224 4097 2352 4164; x_wconf 90' lang='lat' dir='ltr'><strong>sint,</strong></span> <span class='ocrx_word' id='word_1_748' title='bbox 2379 4099 2500 4166; x_wconf 90' lang='lat' dir='ltr'><strong>quia</strong></span> <span class='ocrx_word' id='word_1_749' title='bbox 2529 4107 2615 4152; x_wconf 89' lang='lat' dir='ltr'><strong>est</strong></span> <span class='ocrx_word' id='word_1_750' title='bbox 2642 4112 2738 4154; x_wconf 93' lang='lat' dir='ltr'><strong>aer</strong></span> <span class='ocrx_word' id='word_1_751' title='bbox 2768 4113 2927 4168; x_wconf 91' lang='lat' dir='ltr'><strong>quam</strong></span> <span class='ocrx_word' id='word_1_752' title='bbox 2960 4107 3100 4153; x_wconf 89' lang='lat' dir='ltr'><strong>terra</strong></span> <span class='ocrx_word' id='word_1_753' title='bbox 3129 4100 3411 4169; x_wconf 85' lang='lat' dir='ltr'><strong>superior;</strong></span> <span class='ocrx_word' id='word_1_754' title='bbox 3448 4095 3542 4151; x_wconf 89' lang='lat' dir='ltr'><strong>sed</strong></span> <span class='ocrx_word' id='word_1_755' title='bbox 3580 4095 3702 4151; x_wconf 91' lang='lat' dir='ltr'><strong>ideo</strong></span> <span class='ocrx_word' id='word_1_756' title='bbox 3738 4095 3820 4150; x_wconf 88' lang='lat' dir='ltr'><strong>eis</strong></span> 
     </span>
    </p>
   </div>
   <div class='ocr_carea' id='block_1_104' title="bbox 2224 4184 3820 4258">
    <p class='ocr_par' dir='ltr' id='par_1_104' title="bbox 2224 4184 3820 4258">
     <span class='ocr_line' id='line_1_104' title="bbox 2224 4184 3820 4258; baseline -0.001 -17"><span class='ocrx_word' id='word_1_757' title='bbox 2224 4186 2472 4242; x_wconf 87' lang='lat' dir='ltr'><strong>homines</strong></span> <span class='ocrx_word' id='word_1_758' title='bbox 2499 4187 2820 4257; x_wconf 71' lang='lat' dir='ltr'><strong>praeferendi</strong></span> <span class='ocrx_word' id='word_1_759' title='bbox 2845 4190 2972 4252; x_wconf 92' lang='lat' dir='ltr'><strong>sint,</strong></span> <span class='ocrx_word' id='word_1_760' title='bbox 2995 4189 3241 4258; x_wconf 89' lang='lat' dir='ltr'><strong>quoniam</strong></span> <span class='ocrx_word' id='word_1_761' title='bbox 3269 4187 3381 4258; x_wconf 87' lang='lat' dir='ltr'><strong>spei</strong></span> <span class='ocrx_word' id='word_1_762' title='bbox 3409 4186 3613 4255; x_wconf 89' lang='lat' dir='ltr'><strong>piorutn</strong></span> <span class='ocrx_word' id='word_1_763' title='bbox 3637 4184 3820 4240; x_wconf 87' lang='lat' dir='ltr'><strong>homi-</strong></span> 
     </span>
    </p>
   </div>
   <div class='ocr_carea' id='block_1_105' title="bbox 2231 4276 3818 4349">
    <p class='ocr_par' dir='ltr' id='par_1_105' title="bbox 2231 4276 3818 4349">
     <span class='ocr_line' id='line_1_105' title="bbox 2231 4276 3818 4349; baseline 0 -16"><span class='ocrx_word' id='word_1_764' title='bbox 2231 4293 2360 4333; x_wconf 86' lang='lat' dir='ltr'><strong>num</strong></span> <span class='ocrx_word' id='word_1_765' title='bbox 2403 4294 2736 4349; x_wconf 85' lang='lat' dir='ltr'><strong>nequaquam</strong></span> <span class='ocrx_word' id='word_1_766' title='bbox 2756 4281 2966 4334; x_wconf 89' lang='lat' dir='ltr'><strong>illorum</strong></span> <span class='ocrx_word' id='word_1_767' title='bbox 3001 4279 3301 4349; x_wconf 87' lang='lat' dir='ltr'><strong>desperatio</strong></span> <span class='ocrx_word' id='word_1_768' title='bbox 3320 4276 3681 4348; x_wconf 84' lang='lat' dir='ltr'><strong>comparanda</strong></span> <span class='ocrx_word' id='word_1_769' title='bbox 3708 4285 3818 4335; x_wconf 85' lang='lat' dir='ltr'><strong>est.</strong></span> 
     </span>
    </p>
   </div>
   <div class='ocr_carea' id='block_1_106' title="bbox 2225 4369 3822 4441">
    <p class='ocr_par' dir='ltr' id='par_1_106' title="bbox 2225 4369 3822 4441">
     <span class='ocr_line' id='line_1_106' title="bbox 2225 4369 3822 4441; baseline -0.001 -16"><span class='ocrx_word' id='word_1_770' title='bbox 2225 4369 2356 4425; x_wconf 87' lang='lat' dir='ltr'><strong>Nam</strong></span> <span class='ocrx_word' id='word_1_771' title='bbox 2385 4378 2441 4425; x_wconf 92' lang='lat' dir='ltr'><strong>et</strong></span> <span class='ocrx_word' id='word_1_772' title='bbox 2465 4371 2554 4425; x_wconf 87' lang='lat' dir='ltr'><strong>illa</strong></span> <span class='ocrx_word' id='word_1_773' title='bbox 2579 4376 2713 4425; x_wconf 89' lang='lat' dir='ltr'><strong>ratio</strong></span> <span class='ocrx_word' id='word_1_774' title='bbox 2736 4371 2994 4437; x_wconf 87' lang='lat' dir='ltr'><strong>Platonis,</strong></span> <span class='ocrx_word' id='word_1_775' title='bbox 3021 4386 3124 4441; x_wconf 88' lang='lat' dir='ltr'><strong>qua</strong></span> <span class='ocrx_word' id='word_1_776' title='bbox 3151 4371 3418 4429; x_wconf 89' lang='lat' dir='ltr'><strong>elementa</strong></span> <span class='ocrx_word' id='word_1_777' title='bbox 3441 4379 3669 4440; x_wconf 90' lang='lat' dir='ltr'><strong>quatuor</strong></span> <span class='ocrx_word' id='word_1_778' title='bbox 3691 4381 3822 4439; x_wconf 87' lang='lat' dir='ltr'><strong>pro-</strong></span> 
     </span>
    </p>
   </div>
   <div class='ocr_carea' id='block_1_107' title="bbox 2228 4460 3818 4534">
    <p class='ocr_par' dir='ltr' id='par_1_107' title="bbox 2228 4460 3818 4534">
     <span class='ocr_line' id='line_1_107' title="bbox 2228 4460 3818 4534; baseline -0.001 -17"><span class='ocrx_word' id='word_1_779' title='bbox 2228 4463 2476 4532; x_wconf 88' lang='lat' dir='ltr'><strong>portione</strong></span> <span class='ocrx_word' id='word_1_780' title='bbox 2501 4463 2744 4518; x_wconf 79' lang='lat' dir='ltr'><strong>contexit</strong></span> <span class='ocrx_word' id='word_1_781' title='bbox 2772 4472 2932 4534; x_wconf 90' lang='lat' dir='ltr'><strong>atque</strong></span> <span class='ocrx_word' id='word_1_782' title='bbox 2957 4463 3189 4529; x_wconf 86' lang='lat' dir='ltr'><strong>ordinat,</strong></span> <span class='ocrx_word' id='word_1_783' title='bbox 3215 4463 3287 4517; x_wconf 87' lang='lat' dir='ltr'><strong>ita</strong></span> <span class='ocrx_word' id='word_1_784' title='bbox 3312 4461 3519 4519; x_wconf 84' lang='lat' dir='ltr'><strong>duobus</strong></span> <span class='ocrx_word' id='word_1_785' title='bbox 3537 4460 3818 4526; x_wconf 78' lang='lat' dir='ltr'><strong>extremis,</strong></span> 
     </span>
    </p>
   </div>
   <div class='ocr_carea' id='block_1_108' title="bbox 2227 4552 3820 4624">
    <p class='ocr_par' dir='ltr' id='par_1_108' title="bbox 2227 4552 3820 4624">
     <span class='ocr_line' id='line_1_108' title="bbox 2227 4552 3820 4624; baseline -0.003 -14"><span class='ocrx_word' id='word_1_786' title='bbox 2227 4553 2336 4624; x_wconf 90' lang='lat' dir='ltr'><strong>igni</strong></span> <span class='ocrx_word' id='word_1_787' title='bbox 2357 4553 2708 4609; x_wconf 85' lang='lat' dir='ltr'><strong>mobilissimo</strong></span> <span class='ocrx_word' id='word_1_788' title='bbox 2733 4562 2787 4608; x_wconf 89' lang='lat' dir='ltr'><strong>et</strong></span> <span class='ocrx_word' id='word_1_789' title='bbox 2808 4563 2963 4614; x_wconf 74' lang='lat' dir='ltr'><strong>terra:</strong></span> <span class='ocrx_word' id='word_1_790' title='bbox 2990 4554 3264 4619; x_wconf 90' lang='lat' dir='ltr'><strong>immobili,</strong></span> <span class='ocrx_word' id='word_1_791' title='bbox 3287 4552 3460 4609; x_wconf 89' lang='lat' dir='ltr'><strong>media</strong></span> <span class='ocrx_word' id='word_1_792' title='bbox 3482 4552 3609 4620; x_wconf 91' lang='lat' dir='ltr'><strong>duo,</strong></span> <span class='ocrx_word' id='word_1_793' title='bbox 3635 4567 3820 4607; x_wconf 88' lang='lat' dir='ltr'><strong>aerem</strong></span> 
     </span>
    </p>
   </div>
   <div class='ocr_carea' id='block_1_109' title="bbox 2225 4643 3823 4716">
    <p class='ocr_par' dir='ltr' id='par_1_109' title="bbox 2225 4643 3823 4716">
     <span class='ocr_line' id='line_1_109' title="bbox 2225 4643 3823 4716; baseline 0 -18"><span class='ocrx_word' id='word_1_794' title='bbox 2225 4653 2281 4699; x_wconf 90' lang='lat' dir='ltr'><strong>et</strong></span> <span class='ocrx_word' id='word_1_795' title='bbox 2309 4659 2523 4714; x_wconf 87' lang='lat' dir='ltr'><strong>aquam,</strong></span> <span class='ocrx_word' id='word_1_796' title='bbox 2547 4645 2894 4712; x_wconf 85' lang='lat' dir='ltr'><strong>interserens,</strong></span> <span class='ocrx_word' id='word_1_797' title='bbox 2918 4654 2972 4700; x_wconf 93' lang='lat' dir='ltr'><strong>ut</strong></span> <span class='ocrx_word' id='word_1_798' title='bbox 2993 4655 3194 4716; x_wconf 87' lang='lat' dir='ltr'><strong>quanto</strong></span> <span class='ocrx_word' id='word_1_799' title='bbox 3214 4660 3307 4700; x_wconf 88' lang='lat' dir='ltr'><strong>aer</strong></span> <span class='ocrx_word' id='word_1_800' title='bbox 3330 4653 3415 4700; x_wconf 90' lang='lat' dir='ltr'><strong>est</strong></span> <span class='ocrx_word' id='word_1_801' title='bbox 3435 4643 3586 4714; x_wconf 90' lang='lat' dir='ltr'><strong>aquis</strong></span> <span class='ocrx_word' id='word_1_802' title='bbox 3609 4653 3664 4699; x_wconf 91' lang='lat' dir='ltr'><strong>et</strong></span> <span class='ocrx_word' id='word_1_803' title='bbox 3690 4658 3823 4698; x_wconf 86' lang='lat' dir='ltr'><strong>aere</strong></span> 
     </span>
    </p>
   </div>
   <div class='ocr_carea' id='block_1_110' title="bbox 2227 4732 3822 4808">
    <p class='ocr_par' dir='ltr' id='par_1_110' title="bbox 2227 4732 3822 4808">
     <span class='ocr_line' id='line_1_110' title="bbox 2227 4732 3822 4808; baseline -0.003 -15"><span class='ocrx_word' id='word_1_804' title='bbox 2227 4736 2385 4808; x_wconf 89' lang='lat' dir='ltr'><strong>ignis,</strong></span> <span class='ocrx_word' id='word_1_805' title='bbox 2427 4746 2577 4792; x_wconf 90' lang='lat' dir='ltr'><strong>tanto</strong></span> <span class='ocrx_word' id='word_1_806' title='bbox 2603 4745 2661 4792; x_wconf 90' lang='lat' dir='ltr'><strong>et</strong></span> <span class='ocrx_word' id='word_1_807' title='bbox 2683 4753 2835 4808; x_wconf 71' lang='lat' dir='ltr'><strong>aquae</strong></span> <span class='ocrx_word' id='word_1_808' title='bbox 2860 4737 3166 4808; x_wconf 87' lang='lat' dir='ltr'><strong>superiores</strong></span> <span class='ocrx_word' id='word_1_809' title='bbox 3200 4737 3309 4791; x_wconf 91' lang='lat' dir='ltr'><strong>sint</strong></span> <span class='ocrx_word' id='word_1_810' title='bbox 3339 4735 3529 4800; x_wconf 88' lang='lat' dir='ltr'><strong>terris;</strong></span> <span class='ocrx_word' id='word_1_811' title='bbox 3559 4732 3689 4788; x_wconf 88' lang='lat' dir='ltr'><strong>satis</strong></span> <span class='ocrx_word' id='word_1_812' title='bbox 3716 4749 3822 4789; x_wconf 86' lang='lat' dir='ltr'><strong>nos</strong></span> 
     </span>
    </p>
   </div>
   <div class='ocr_carea' id='block_1_111' title="bbox 2226 4824 3819 4894">
    <p class='ocr_par' dir='ltr' id='par_1_111' title="bbox 2226 4824 3819 4894">
     <span class='ocr_line' id='line_1_111' title="bbox 2226 4824 3819 4894; baseline -0.002 -12"><span class='ocrx_word' id='word_1_813' title='bbox 2226 4827 2480 4883; x_wconf 86' lang='lat' dir='ltr'><strong>admonet</strong></span> <span class='ocrx_word' id='word_1_814' title='bbox 2522 4828 2833 4884; x_wconf 89' lang='lat' dir='ltr'><strong>animalium</strong></span> <span class='ocrx_word' id='word_1_815' title='bbox 2878 4829 3069 4884; x_wconf 88' lang='lat' dir='ltr'><strong>merita</strong></span> <span class='ocrx_word' id='word_1_816' title='bbox 3120 4831 3227 4880; x_wconf 81' lang='lat' dir='ltr'><strong>non</strong></span> <span class='ocrx_word' id='word_1_817' title='bbox 3274 4839 3372 4894; x_wconf 90' lang='lat' dir='ltr'><strong>pro</strong></span> <span class='ocrx_word' id='word_1_818' title='bbox 3426 4824 3819 4880; x_wconf 89' lang='lat' dir='ltr'><strong>elementorum</strong></span> 
     </span>
    </p>
   </div>
   <div class='ocr_carea' id='block_1_112' title="bbox 2226 4918 3817 4991">
    <p class='ocr_par' dir='ltr' id='par_1_112' title="bbox 2226 4918 3817 4991">
     <span class='ocr_line' id='line_1_112' title="bbox 2226 4918 3817 4991; baseline 0.001 -17"><span class='ocrx_word' id='word_1_819' title='bbox 2226 4919 2476 4991; x_wconf 83' lang='lat' dir='ltr'><strong>gradibus</strong></span> <span class='ocrx_word' id='word_1_820' title='bbox 2493 4919 2826 4975; x_wconf 75' lang='lat' dir='ltr'><strong>:etimareJ&#39;Jt</strong></span> <span class='ocrx_word' id='word_1_821' title='bbox 2843 4918 2958 4990; x_wconf 87' lang='lat' dir='ltr'><strong>ipse</strong></span> <span class='ocrx_word' id='word_1_822' title='bbox 2977 4919 3172 4990; x_wconf 89' lang='lat' dir='ltr'><strong>quippe</strong></span> <span class='ocrx_word' id='word_1_823' title='bbox 3197 4919 3450 4990; x_wconf 85' lang='lat' dir='ltr'><strong>Apuleius</strong></span> <span class='ocrx_word' id='word_1_824' title='bbox 3464 4934 3586 4975; x_wconf 89' lang='lat' dir='ltr'><strong>cum</strong></span> <span class='ocrx_word' id='word_1_825' title='bbox 3604 4919 3817 4975; x_wconf 67' lang='lat' dir='ltr'><strong>caeteris</strong></span> 
     </span>
    </p>
   </div>
   <div class='ocr_carea' id='block_1_113' title="bbox 2229 5011 3819 5084">
    <p class='ocr_par' dir='ltr' id='par_1_113' title="bbox 2229 5011 3819 5084">
     <span class='ocr_line' id='line_1_113' title="bbox 2229 5011 3819 5084; baseline -0.002 -15"><span class='ocrx_word' id='word_1_826' title='bbox 2229 5021 2481 5069; x_wconf 89' lang='lat' dir='ltr'><strong>terrestre</strong></span> <span class='ocrx_word' id='word_1_827' title='bbox 2519 5013 2714 5068; x_wconf 88' lang='lat' dir='ltr'><strong>animal</strong></span> <span class='ocrx_word' id='word_1_828' title='bbox 2738 5012 3006 5069; x_wconf 88' lang='lat' dir='ltr'><strong>hominem</strong></span> <span class='ocrx_word' id='word_1_829' title='bbox 3033 5011 3162 5068; x_wconf 92' lang='lat' dir='ltr'><strong>dicit</strong></span> <span class='ocrx_word' id='word_1_830' title='bbox 3193 5011 3293 5084; x_wconf 81' lang='lat' dir='ltr'><strong>(De</strong></span> <span class='ocrx_word' id='word_1_831' title='bbox 3323 5011 3418 5068; x_wconf 77' lang='lat' dir='ltr'><strong>deo</strong></span> <span class='ocrx_word' id='word_1_832' title='bbox 3448 5012 3700 5082; x_wconf 80' lang='lat' dir='ltr'><strong>Socratis)</strong></span> <span class='ocrx_word' id='word_1_833' title='bbox 3725 5012 3819 5082; x_wconf 88' lang='lat' dir='ltr'><strong>qui</strong></span> 
     </span>
    </p>
   </div>
   <div class='ocr_carea' id='block_1_114' title="bbox 2231 5105 3822 5177">
    <p class='ocr_par' dir='ltr' id='par_1_114' title="bbox 2231 5105 3822 5177">
     <span class='ocr_line' id='line_1_114' title="bbox 2231 5105 3822 5177; baseline -0.003 -15"><span class='ocrx_word' id='word_1_834' title='bbox 2231 5117 2406 5162; x_wconf 91' lang='lat' dir='ltr'><strong>tamen</strong></span> <span class='ocrx_word' id='word_1_835' title='bbox 2427 5107 2581 5177; x_wconf 76' lang='lat' dir='ltr'><strong>longe</strong></span> <span class='ocrx_word' id='word_1_836' title='bbox 2619 5106 2942 5175; x_wconf 64' lang='lat' dir='ltr'><strong>prteponitur</strong></span> <span class='ocrx_word' id='word_1_837' title='bbox 2978 5105 3298 5160; x_wconf 85' lang='lat' dir='ltr'><strong>animalibus</strong></span> <span class='ocrx_word' id='word_1_838' title='bbox 3321 5105 3660 5176; x_wconf 84' lang='lat' dir='ltr'><strong>aquatilibus,</strong></span> <span class='ocrx_word' id='word_1_839' title='bbox 3694 5119 3822 5158; x_wconf 89' lang='lat' dir='ltr'><strong>cum</strong></span> 
     </span>
    </p>
   </div>
   <div class='ocr_carea' id='block_1_115' title="bbox 2230 5195 3819 5269">
    <p class='ocr_par' dir='ltr' id='par_1_115' title="bbox 2230 5195 3819 5269">
     <span class='ocr_line' id='line_1_115' title="bbox 2230 5195 3819 5269; baseline -0.004 -14"><span class='ocrx_word' id='word_1_840' title='bbox 2230 5199 2374 5269; x_wconf 89' lang='lat' dir='ltr'><strong>ipsas</strong></span> <span class='ocrx_word' id='word_1_841' title='bbox 2385 5213 2550 5268; x_wconf 86' lang='lat' dir='ltr'><strong>aquas</strong></span> <span class='ocrx_word' id='word_1_842' title='bbox 2569 5197 2727 5253; x_wconf 89' lang='lat' dir='ltr'><strong>terris</strong></span> <span class='ocrx_word' id='word_1_843' title='bbox 2742 5206 3016 5268; x_wconf 68' lang='lat' dir='ltr'><strong>praeponat</strong></span> <span class='ocrx_word' id='word_1_844' title='bbox 3036 5196 3206 5252; x_wconf 89' lang='lat' dir='ltr'><strong>Plato:</strong></span> <span class='ocrx_word' id='word_1_845' title='bbox 3227 5207 3285 5251; x_wconf 93' lang='lat' dir='ltr'><strong>ut</strong></span> <span class='ocrx_word' id='word_1_846' title='bbox 3300 5196 3656 5263; x_wconf 85' lang='lat' dir='ltr'><strong>intelligamus</strong></span> <span class='ocrx_word' id='word_1_847' title='bbox 3672 5195 3690 5226; x_wconf 78' lang='grc' dir='ltr'>ι</span> <span class='ocrx_word' id='word_1_848' title='bbox 3709 5209 3819 5250; x_wconf 91' lang='lat' dir='ltr'><strong>non</strong></span> 
     </span>
    </p>
   </div>
   <div class='ocr_carea' id='block_1_116' title="bbox 2231 5287 3821 5359">
    <p class='ocr_par' dir='ltr' id='par_1_116' title="bbox 2231 5287 3821 5359">
     <span class='ocr_line' id='line_1_116' title="bbox 2231 5287 3821 5359; baseline -0.002 -15"><span class='ocrx_word' id='word_1_849' title='bbox 2231 5289 2474 5346; x_wconf 89' lang='lat' dir='ltr'><strong>eumdem</strong></span> <span class='ocrx_word' id='word_1_850' title='bbox 2515 5287 2755 5344; x_wconf 87' lang='lat' dir='ltr'><strong>ordinem</strong></span> <span class='ocrx_word' id='word_1_851' title='bbox 2800 5289 3107 5355; x_wconf 87' lang='lat' dir='ltr'><strong>tenendum,</strong></span> <span class='ocrx_word' id='word_1_852' title='bbox 3149 5303 3272 5347; x_wconf 86' lang='lat' dir='ltr'><strong>cum</strong></span> <span class='ocrx_word' id='word_1_853' title='bbox 3317 5287 3490 5359; x_wconf 86' lang='lat' dir='ltr'><strong>agitur</strong></span> <span class='ocrx_word' id='word_1_854' title='bbox 3517 5288 3584 5343; x_wconf 89' lang='lat' dir='ltr'><strong>de</strong></span> <span class='ocrx_word' id='word_1_855' title='bbox 3608 5288 3821 5343; x_wconf 88' lang='lat' dir='ltr'><strong>meritis</strong></span> 
     </span>
    </p>
   </div>
   <div class='ocr_carea' id='block_1_117' title="bbox 2231 5378 3810 5450">
    <p class='ocr_par' dir='ltr' id='par_1_117' title="bbox 2231 5378 3810 5450">
     <span class='ocr_line' id='line_1_117' title="bbox 2231 5378 3810 5450; baseline -0.002 -14"><span class='ocrx_word' id='word_1_856' title='bbox 2231 5381 2548 5440; x_wconf 85' lang='lat' dir='ltr'><strong>animarum,</strong></span> <span class='ocrx_word' id='word_1_857' title='bbox 2581 5379 2671 5448; x_wconf 91' lang='lat' dir='ltr'><strong>qui</strong></span> <span class='ocrx_word' id='word_1_858' title='bbox 2702 5378 2911 5435; x_wconf 88' lang='lat' dir='ltr'><strong>videtur</strong></span> <span class='ocrx_word' id='word_1_859' title='bbox 2938 5395 3058 5435; x_wconf 81' lang='lat' dir='ltr'><strong>esse</strong></span> <span class='ocrx_word' id='word_1_860' title='bbox 3095 5379 3229 5436; x_wconf 92' lang='lat' dir='ltr'><strong>ordo</strong></span> <span class='ocrx_word' id='word_1_861' title='bbox 3258 5380 3310 5435; x_wconf 93' lang='lat' dir='ltr'><strong>in</strong></span> <span class='ocrx_word' id='word_1_862' title='bbox 3337 5379 3592 5450; x_wconf 81' lang='lat' dir='ltr'><strong>gradibus</strong></span> <span class='ocrx_word' id='word_1_863' title='bbox 3615 5393 3810 5448; x_wconf 89' lang='lat' dir='ltr'><strong>corpo-</strong></span> 
     </span>
    </p>
   </div>
   <div class='ocr_carea' id='block_1_118' title="bbox 2296 5511 3170 5579">
    <p class='ocr_par' dir='ltr' id='par_1_118' title="bbox 2296 5511 3170 5579">
     <span class='ocr_line' id='line_1_118' title="bbox 2296 5511 3170 5579; baseline 0 -15"><span class='ocrx_word' id='word_1_864' title='bbox 2296 5516 2313 5546; x_wconf 81' lang='grc' dir='ltr'>ι</span> <span class='ocrx_word' id='word_1_865' title='bbox 2348 5514 2498 5564; x_wconf 81' lang='lat' dir='ltr'><strong>Nostri</strong></span> <span class='ocrx_word' id='word_1_866' title='bbox 2522 5521 2650 5573; x_wconf 65' lang='lat' dir='ltr'><strong>Mss,</strong></span> <span class='ocrx_word' id='word_1_867' title='bbox 2673 5517 2726 5562; x_wconf 87' lang='lat' dir='ltr'><strong>ut</strong></span> <span class='ocrx_word' id='word_1_868' title='bbox 2746 5511 3028 5579; x_wconf 75' lang='lat' dir='ltr'><strong>intelligant.</strong></span> <span class='ocrx_word' id='word_1_869' title='bbox 3109 5521 3170 5564; x_wconf 76' lang='grc' dir='ltr'><strong>ιι.</strong></span> 
     </span>
    </p>
   </div>
   <div class='ocr_carea' id='block_1_119' title="bbox 2230 5593 3818 5656">
    <p class='ocr_par' dir='ltr' id='par_1_119' title="bbox 2230 5593 3818 5656">
     <span class='ocr_line' id='line_1_119' title="bbox 2230 5593 3818 5656; baseline -0.003 -6"><span class='ocrx_word' id='word_1_870' title='bbox 2230 5599 2454 5650; x_wconf 84' lang='lat' dir='ltr'><strong>animalia</strong></span> <span class='ocrx_word' id='word_1_871' title='bbox 2487 5599 2620 5647; x_wconf 89' lang='lat' dir='ltr'><strong>aeria</strong></span> <span class='ocrx_word' id='word_1_872' title='bbox 2643 5604 2694 5647; x_wconf 88' lang='lat' dir='ltr'><strong>et</strong></span> <span class='ocrx_word' id='word_1_873' title='bbox 2711 5597 2912 5646; x_wconf 66' lang='lat' dir='ltr'><strong>aetheria</strong></span> <span class='ocrx_word' id='word_1_874' title='bbox 2939 5604 3095 5656; x_wconf 88' lang='lat' dir='ltr'><strong>vocat,</strong></span> <span class='ocrx_word' id='word_1_875' title='bbox 3123 5597 3209 5647; x_wconf 89' lang='lat' dir='ltr'><strong>lib.</strong></span> <span class='ocrx_word' id='word_1_876' title='bbox 3238 5598 3259 5646; x_wconf 82' lang='lat' dir='ltr'><strong>l</strong></span> <span class='ocrx_word' id='word_1_877' title='bbox 3287 5603 3454 5646; x_wconf 86' lang='lat' dir='ltr'><strong>contra</strong></span> <span class='ocrx_word' id='word_1_878' title='bbox 3491 5593 3818 5656; x_wconf 76' lang='lat' dir='ltr'><strong>Academicos.</strong></span> 
     </span>
    </p>
   </div>
   <div class='ocr_carea' id='block_1_120' title="bbox 2232 5655 3817 5722">
    <p class='ocr_par' dir='ltr' id='par_1_120' title="bbox 2232 5655 3817 5722">
     <span class='ocr_line' id='line_1_120' title="bbox 2232 5655 3817 5722; baseline -0.003 -13"><span class='ocrx_word' id='word_1_879' title='bbox 2232 5674 2280 5709; x_wconf 91' lang='lat' dir='ltr'><strong>n.</strong></span> <span class='ocrx_word' id='word_1_880' title='bbox 2301 5660 2391 5719; x_wconf 76' lang='lat'><strong>‘20;</strong></span> <span class='ocrx_word' id='word_1_881' title='bbox 2412 5661 2562 5722; x_wconf 88' lang='lat' dir='ltr'><strong>epist.</strong></span> <span class='ocrx_word' id='word_1_882' title='bbox 2584 5659 2635 5718; x_wconf 89' lang='lat'><strong>9,</strong></span> <span class='ocrx_word' id='word_1_883' title='bbox 2659 5672 2705 5707; x_wconf 89' lang='lat' dir='ltr'><strong>n.</strong></span> <span class='ocrx_word' id='word_1_884' title='bbox 2730 5659 2790 5722; x_wconf 66' lang='lat'><strong>,3;</strong></span> <span class='ocrx_word' id='word_1_885' title='bbox 2817 5666 2869 5708; x_wconf 90' lang='lat' dir='ltr'><strong>et</strong></span> <span class='ocrx_word' id='word_1_886' title='bbox 2891 5658 2974 5708; x_wconf 88' lang='lat' dir='ltr'><strong>lib.</strong></span> <span class='ocrx_word' id='word_1_887' title='bbox 3012 5659 3044 5708; x_wconf 78' lang='lat'><strong>3</strong></span> <span class='ocrx_word' id='word_1_888' title='bbox 3065 5655 3129 5709; x_wconf 88' lang='lat' dir='ltr'><strong>de</strong></span> <span class='ocrx_word' id='word_1_889' title='bbox 3171 5659 3348 5722; x_wconf 74' lang='lat' dir='ltr'><strong>Genesi</strong></span> <span class='ocrx_word' id='word_1_890' title='bbox 3371 5657 3578 5722; x_wconf 16' lang='lat' dir='ltr'><strong>ad,l._itt.,</strong></span> <span class='ocrx_word' id='word_1_891' title='bbox 3603 5669 3712 5718; x_wconf 84' lang='lat' dir='ltr'><strong>cap.</strong></span> <span class='ocrx_word' id='word_1_892' title='bbox 3738 5655 3817 5714; x_wconf 83' lang='grc'><strong>10,</strong></span> 
     </span>
    </p>
   </div>
   <div class='ocr_carea' id='block_1_121' title="bbox 2230 5717 3818 5784">
    <p class='ocr_par' dir='ltr' id='par_1_121' title="bbox 2230 5717 3818 5784">
     <span class='ocr_line' id='line_1_121' title="bbox 2230 5717 3818 5784; baseline -0.003 -13"><span class='ocrx_word' id='word_1_893' title='bbox 2230 5735 2335 5784; x_wconf 91' lang='lat' dir='ltr'><strong>nn._</strong></span> <span class='ocrx_word' id='word_1_894' title='bbox 2366 5717 2557 5780; x_wconf 49' lang='lat'><strong>14,15,</strong></span> <span class='ocrx_word' id='word_1_895' title='bbox 2597 5717 2838 5784; x_wconf 78' lang='lat' dir='ltr'><strong>quoniam,</strong></span> <span class='ocrx_word' id='word_1_896' title='bbox 2873 5721 2944 5770; x_wconf 91' lang='lat' dir='ltr'><strong>uti</strong></span> <span class='ocrx_word' id='word_1_897' title='bbox 2982 5729 3230 5782; x_wconf 81' lang='lat' dir='ltr'><strong>postremo</strong></span> <span class='ocrx_word' id='word_1_898' title='bbox 3259 5717 3364 5770; x_wconf 81' lang='lat' dir='ltr'><strong>loco</strong></span> <span class='ocrx_word' id='word_1_899' title='bbox 3400 5719 3534 5779; x_wconf 79' lang='lat' dir='ltr'><strong>dicit,</strong></span> <span class='ocrx_word' id='word_1_900' title='bbox 3559 5717 3818 5781; x_wconf 77' lang='lat' dir='ltr'><strong>corporum</strong></span> 
     </span>
    </p>
   </div>
   <div class='ocr_carea' id='block_1_122' title="bbox 2230 5782 2868 5846">
    <p class='ocr_par' dir='ltr' id='par_1_122' title="bbox 2230 5782 2868 5846">
     <span class='ocr_line' id='line_1_122' title="bbox 2230 5782 2868 5846; baseline -0.005 -12"><span class='ocrx_word' id='word_1_901' title='bbox 2230 5782 2475 5834; x_wconf 83' lang='lat' dir='ltr'><strong>aeriarum</strong></span> <span class='ocrx_word' id='word_1_902' title='bbox 2498 5782 2673 5846; x_wconf 75' lang='lat' dir='ltr'><strong>natura</strong></span> <span class='ocrx_word' id='word_1_903' title='bbox 2695 5782 2868 5846; x_wconf 79' lang='lat' dir='ltr'><strong>vigent.</strong></span> 
     </span>
    </p>
   </div>
   <div class='ocr_carea' id='block_1_123' title="bbox 2299 5842 3697 5928">
    <p class='ocr_par' dir='ltr' id='par_1_123' title="bbox 2299 5842 3697 5928">
     <span class='ocr_line' id='line_1_123' title="bbox 2299 5842 3697 5928; baseline -0.001 -34"><span class='ocrx_word' id='word_1_904' title='bbox 2299 5845 2371 5910; x_wconf 82' lang='grc' dir='ltr'><strong>(α)</strong></span> <span class='ocrx_word' id='word_1_905' title='bbox 2397 5845 2578 5912; x_wconf 79' lang='lat' dir='ltr'><strong>Apuleii</strong></span> <span class='ocrx_word' id='word_1_906' title='bbox 2603 5845 2706 5896; x_wconf 70' lang='lat' dir='ltr'><strong>haec</strong></span> <span class='ocrx_word' id='word_1_907' title='bbox 2725 5842 2802 5897; x_wconf 72' lang='lat' dir='ltr'><strong>est</strong></span> <span class='ocrx_word' id='word_1_908' title='bbox 2819 5845 3045 5910; x_wconf 81' lang='lat' dir='ltr'><strong>exceptio</strong></span> <span class='ocrx_word' id='word_1_909' title='bbox 3059 5844 3111 5899; x_wconf 88' lang='lat' dir='ltr'><strong>in</strong></span> <span class='ocrx_word' id='word_1_910' title='bbox 3132 5843 3256 5928; x_wconf 73' lang='lat' dir='ltr'><strong>libro</strong></span> <span class='ocrx_word' id='word_1_911' title='bbox 3276 5842 3455 5897; x_wconf 84' lang='lat' dir='ltr'><strong>Dedeo</strong></span> <span class='ocrx_word' id='word_1_912' title='bbox 3477 5843 3697 5897; x_wconf 78' lang='lat' dir='ltr'><strong>Socratis.</strong></span> 
     </span>
    </p>
   </div>
  </div>
