4064 6490
246 527 395 582 rem;
424 513 520 572 sed
551 515 675 576 ﬁeri
702 534 864 592 posse
894 531 953 582 ut
976 523 1199 586 inferius
1226 512 1422 605 corpus
1447 536 1624 594 anima
1653 540 1847 598 molior

246 605 527 679 Inhabitet,
556 608 905 687 deteriorque
928 620 1193 691 superius.

243 717 467 777 CAPUT
507 720 654 780 XVI.
699 756 775 769 -—
821 729 961 798 Quid
1003 733 1067 788 ds
1106 738 1329 792 moribus
1373 748 1523 809 atque
1564 744 1844 801 actionibus

490 816 786 875 diametrum
813 824 1060 892 Apuleius
1091 826 1391 887 Platonicus
1412 836 1641 890 senserit.

309 926 385 984 De
411 932 658 989 moribus
686 952 816 1008 ergo
859 938 1162 998 daemonum
1211 959 1332 1000 cum
1365 947 1504 1003 idem
1536 949 1841 1006 Platonicus

239 1019 576 1093 loqueretur,
622 1028 762 1085 dixit
798 1033 893 1088 eds
920 1034 1121 1091 eisdem
1148 1038 1344 1105 quibus
1381 1039 1628 1097 homines
1674 1044 1839 1099 animi

241 1117 735 1184 perturbationibus
753 1125 962 1194 agitari,
983 1127 1178 1185 irritari
1202 1131 1429 1201 injuriis,
1453 1134 1723 1206 obsequiis
1744 1136 1840 1189 do-

240 1206 427 1278 nisque
451 1210 680 1280 plarari,
718 1216 954 1285 gaudere
971 1220 1283 1288 honoribus,
1315 1222 1540 1280 diversis
1562 1240 1836 1283 sacrorum

237 1296 422 1354 ritibus
439 1301 785 1371 oblectari,et
798 1308 850 1361 iu
869 1308 949 1364 eis
968 1310 1011 1363 si
1037 1311 1163 1381 quid
1189 1312 1486 1384 neglectum
1506 1315 1682 1379 fuerit.
1699 1332 1840 1373 com-

237 1391 434 1447 moveri
470 1390 580 1464 (De
593 1394 689 1450 deo
716 1396 993 1471 Socratis).
1014 1400 1155 1458 Inter
1187 1413 1383 1462 cetera
1418 1407 1580 1463 etiam
1605 1410 1750 1470 dicit.
1769 1411 1838 1468 ad

233 1495 322 1537 eos
338 1485 613 1553 pertinere
626 1488 979 1551 divinationes
995 1511 1277 1567 augurum,
1292 1501 1617 1573 aruspicum,
1632 1515 1833 1575 vatum,

232 1583 385 1647 atque
402 1581 740 1639 somniorum
768 1603 780 1638 :
802 1586 870 1643 ab
885 1588 967 1643 bis
987 1606 1197 1662 quoque
1216 1608 1338 1648 esse
1363 1596 1616 1653 miracula
1643 1615 1833 1671 mago-

231 1681 341 1723 rum
357 1669 579 1744 tlbid.).
601 1675 841 1733 Breviter
854 1690 1033 1737 autem
1063 1698 1158 1738 eos
1171 1683 1433 1743 deﬁniens
1450 1691 1540 1753 ait,
1563 1669 1835 1769 daemones

230 1772 346 1816 esse
370 1777 574 1833 genere
608 1768 880 1837 animalia,
903 1774 1084 1829 animo
1110 1777 1343 1846 passiva,
1385 1792 1565 1838 mente
1592 1784 1831 1842 rationa-

229 1850 316 1920 lia,
335 1868 566 1925 corpore
590 1860 759 1928 aeria,
784 1870 1026 1934 tempore
1044 1878 1245 1924 aeterna
1269 1886 1283 1923 :
1309 1870 1499 1928 borum
1522 1889 1650 1930 vero
1669 1877 1831 1947 quiu-

228 1960 325 2014 que
346 1947 446 2001 tria
484 1951 669 2019 priora
696 1954 801 2009 illis
828 1970 951 2013 esse
980 1958 1054 2031 (a)
1082 1976 1202 2032 quae
1231 1963 1407 2032 nobis,
1427 1975 1675 2037 quartum
1700 1986 1832 2041 pro-

229 2039 420 2109 prium,
444 2043 694 2114 quintum
712 2063 806 2104 eos
825 2066 947 2106 cum
966 2051 1068 2109 diis
1086 2054 1284 2112 habere
1308 2073 1591 2116 commune
1613 2039 1828 2135 (κὶα).

224 2128 323 2185 Sed
374 2133 534 2190 video
576 2138 739 2194 trium
777 2143 1117 2213 superiorum
1143 2164 1263 2218 quae
1305 2151 1581 2209 nobiscum
1609 2128 1827 2226 habent,

229 2220 334 2315 duo
363 2226 529 2281 etiam
550 2243 678 2285 cum
705 2230 811 2287 diis
838 2234 1059 2293 habere.
1089 2240 1352 2297 Animalia
1377 2247 1575 2315 quippe
1603 2263 1724 2305 esse
1746 2220 1830 2305 di;

224 2314 292 2368 cit
326 2327 384 2371 et
404 2316 557 2385 deos,
582 2323 678 2391 qui
702 2324 716 2355 ⁸
747 2340 848 2380 sua
872 2329 1065 2399 cuique
1085 2331 1351 2391 elementa
1386 2314 1730 2409 distribuens,
1772 2343 1827 2400 in

222 2412 568 2470 terrestribus
595 2418 915 2476 animalibus
942 2438 1041 2479 nos
1061 2427 1238 2495 posuit
1256 2441 1377 2509 cum
1398 2431 1607 2488 easteris
1635 2450 1755 2505 qua!
1772 2436 1827 2493 in

222 2507 359 2556 terra
409 2503 600 2561 vivunt
624 2518 679 2563 et
707 2511 963 2579 sentiunt,
996 2515 1049 2571 in
1081 2503 1405 2588 aquatilibus
1430 2522 1606 2592 pisces
1639 2503 1694 2581 et
1722 2528 1824 2583 alia

222 2594 480 2664 natatilia,
511 2598 565 2652 in
596 2602 756 2657 aeriis
785 2602 1080 2673 daemones,
1114 2608 1165 2664 iu
1189 2611 1426 2669 aetheriis
1452 2613 1583 2671 deos
1610 2615 1824 2687 (υἱώ).

221 2684 297 2739 Ac
324 2701 422 2755 per
443 2687 572 2756 hoc,
601 2692 743 2761 quod
765 2694 1039 2753 daemones
1060 2714 1256 2771 genere
1276 2713 1400 2759 sunt
1424 2684 1692 2773 animalia,
1716 2684 1822 2767 non

218 2777 388 2833 solum
416 2781 501 2836 eis
520 2797 644 2839 eum
674 2782 1001 2856 hominibus,
1034 2807 1223 2850 verum
1251 2796 1412 2852 etiam
1441 2813 1562 2854 cum
1587 2799 1691 2857 diis
1718 2817 1814 2871 pe-

219 2870 541 2944 coribusque
596 2891 883 2936 commune
927 2890 1047 2939 est:
1093 2885 1236 2956 quod
1285 2898 1464 2945 mente
1517 2870 1818 2961 rationalia,

218 2975 335 3018 eum
375 2964 483 3022 diis
524 2978 581 3024 et
628 2969 973 3042 hominibus;
999 2978 1142 3047 quod
1187 2987 1427 3052 tempore
1449 2992 1669 3051 aeterna,
1695 3000 1820 3042 cum

217 3053 315 3109 diis
338 3058 507 3125 solis;
541 3061 686 3131 quod
713 3066 894 3120 animo
920 3068 1153 3138 passiva,
1183 3086 1305 3127 cum
1331 3073 1634 3129 [nominibus
1653 3078 1816 3144 solis;

216 3148 352 3218 quod
394 3166 634 3222 corpore
669 3159 836 3225 aeria,
867 3160 968 3230 ipsi
1003 3172 1127 3216 sunt
1151 3163 1271 3218 soli.
1300 3164 1531 3221 Proinde
1555 3167 1696 3238 quod
1720 3183 1818 3239 ge-

215 3254 338 3296 nere
378 3254 511 3300 sunt
533 3246 808 3315 animalia,
840 3266 944 3307 non
973 3260 1057 3307 est
1083 3268 1333 3325 magnum
1358 3272 1373 3321 ;
1402 3256 1531 3326 quia
1565 3258 1667 3313 hoc
1693 3268 1819 3316 sunt

214 3342 265 3387 et
291 3348 486 3403 pecora
512 3354 525 3391 :
556 3339 699 3408 quod
727 3350 908 3397 mente
932 3344 1231 3412 rationalia,
1258 3360 1366 3403 non
1392 3356 1476 3404 est
1500 3363 1659 3420 supra
1681 3363 1813 3418 nos;

213 3424 331 3493 quia
363 3440 551 3483 sumus
580 3438 637 3485 et
666 3445 799 3490 nos:
830 3433 973 3503 quod
1014 3444 1254 3507 tempore
1280 3450 1500 3506 aeterna,
1530 3441 1656 3510 quid
1686 3442 1814 3499 boni

214 3525 314 3581 est,
345 3518 393 3572 si
422 3534 533 3575 non
574 3520 774 3578 beata?
802 3523 990 3581 Melior
1028 3538 1111 3584 est
1135 3531 1279 3585 enim
1310 3534 1620 3602 temporalis
1649 3534 1816 3592 felici-

212 3616 310 3676 tas,
353 3626 518 3681 quam
561 3615 759 3672 misera
809 3619 1101 3677 aeternitas.
1151 3622 1304 3691 Quod
1342 3625 1524 3680 animo
1562 3628 1807 3696 passiva,

210 3707 477 3773 quomodo
505 3722 667 3779 supra
697 3727 796 3768 nos
834 3723 952 3779 est;
982 3717 1196 3787 quando
1247 3729 1303 3774 et
1346 3735 1445 3775 nos
1474 3720 1576 3777 hoc
1604 3737 1808 3793 sumus,

212 3811 307 3854 nec
331 3798 405 3855 ita
435 3813 605 3869 esset,
632 3805 733 3860 nisi
761 3807 945 3864 miseri
974 3812 1257 3866 essemus?
1291 3813 1444 3881 Quod
1467 3828 1694 3887 corpore
1721 3833 1814 3873 ae-

211 3889 305 3955 ria,
322 3894 513 3962 quanti
542 3896 914 3954 a-stimandum
943 3910 1045 3967 est,
1069 3916 1191 3959 cum
1210 3906 1355 3961 omni
1381 3908 1593 3979 corpori
1619 3908 1810 3979 praefe-

210 3986 357 4035 ratur
378 3985 575 4040 animae
603 3988 1009 4063 qualiscumque
1038 4003 1225 4050 natura
1248 3998 1304 4061 ’ς
1336 4006 1391 4054 et
1436 3998 1558 4055 ideo
1592 4000 1810 4069 religio-

212 4072 290 4125 nis
317 4074 519 4140 cnltus,
554 4082 643 4148 qui
668 4081 895 4138 debetur
923 4100 989 4142 ex
1020 4088 1220 4154 animo,
1247 4105 1580 4163 nequaquam
1606 4093 1809 4151 debea-

210 4173 293 4219 tur
320 4169 369 4223 ei
395 4170 495 4239 rei,
530 4188 649 4241 quae
680 4175 900 4233 inferior
920 4189 1003 4235 est
1024 4182 1242 4237 animo?
1265 4184 1435 4241 Porro
1459 4187 1503 4243 si
1530 4188 1668 4244 inter
1692 4190 1801 4257 illa,

210 4272 324 4327 qua:
358 4261 669 4321 dmmonum
723 4283 843 4324 esse
885 4270 1033 4340 dicit,
1083 4287 1461 4333 annumeraret
1513 4280 1802 4349 virtutem,

207 4350 540 4421 sapientiam,
561 4355 885 4428 felicitatem,
905 4372 960 4419 et
977 4363 1092 4420 haec
1114 4381 1212 4422 eos
1226 4366 1428 4424 diceret
1454 4369 1654 4427 habere
1676 4388 1799 4429 cum

207 4442 304 4497 diis
327 4455 533 4502 aeterna
563 4459 723 4513 atque
750 4458 1077 4521 communia,
1109 4459 1343 4528 profecto
1369 4462 1571 4531 aliquid
1600 4463 1805 4520 diceret

207 4540 562 4607 emplaudum
594 4544 879 4616 magnique
910 4548 1247 4616 pendendqu
1276 4569 1288 4605 :
1323 4568 1423 4607 nec
1463 4554 1542 4609 sic
1584 4568 1677 4609 eos
1718 4563 1801 4610 ta-

206 4640 319 4682 men
352 4638 576 4699 propter
623 4632 738 4689 haec
764 4645 1016 4707 tanquam
1050 4639 1214 4696 Deum
1244 4642 1425 4699 colere
1459 4643 1801 4716 deberemus,

205 4719 292 4774 sed
312 4721 490 4790 potius
514 4723 708 4793 ipsum,
733 4744 763 4782 a
786 4745 892 4799 quo
918 4729 1035 4787 haec
1061 4732 1181 4788 illos
1203 4737 1477 4807 accepisse
1501 4753 1801 4795 nossemus.

204 4810 410 4877 Quanto
434 4816 616 4871 minus
662 4834 805 4874 nunc
847 4820 1050 4878 honore
1081 4824 1264 4881 divino
1292 4830 1435 4884 aeria
1477 4829 1633 4901 digna
1679 4840 1804 4888 sunt

203 4907 469 4973 animalia,
515 4909 583 4965 ad
622 4910 725 4968 hoc
756 4916 1057 4983 rationalia,
1101 4930 1157 4973 ut
1202 4921 1397 4977 misera
1426 4937 1544 4978 esse
1574 4926 1798 4994 possint,

202 4998 264 5052 ad
297 4996 401 5056 hoc
431 5005 667 5072 passiva,
689 5015 748 5061 ut
777 5007 971 5064 misera
999 5011 1126 5080 sint,
1155 5014 1223 5068 ad
1244 5013 1347 5071 hoc
1367 5024 1590 5084 interna,
1618 5027 1678 5075 ut
1700 5019 1801 5075 mi-

201 5090 391 5146 seriam
422 5092 578 5151 Iinire
603 5111 709 5151 non
736 5100 983 5170 possint?

199 5178 426 5243 CAPUT
466 5186 632 5244 XVII.
664 5219 737 5232 —
781 5192 863 5247 An
889 5194 1101 5267 dignum
1124 5197 1190 5253 sit
1218 5214 1303 5255 eos
1341 5200 1550 5272 spiritus
1590 5204 1655 5258 ab
1703 5204 1800 5261 Ιιο-

268 5280 406 5335 utine
432 5281 551 5347 coli,
581 5299 613 5336 a
640 5301 855 5355 quorum
884 5289 1017 5344 vitiis
1041 5307 1155 5345 eum
1183 5302 1417 5362 oporteat
1447 5293 1673 5350 liberari.

267 5371 322 5428 1.
363 5373 723 5447 Quapropter,
778 5389 836 5434 ut
876 5381 1119 5438 omittam
1148 5394 1364 5453 caetera,
1402 5395 1457 5441 et
1485 5385 1589 5442 huc
1626 5387 1798 5443 solum

258 5486 497 5564 ’.__sic_£r.
523 5496 574 5561 et
604 5489 936 5564 a_liquot_)tss.
963 5494 1048 5544 Alii
1071 5495 1266 5564 quidam
1288 5510 1399 5549 cum
1435 5498 1571 5550 Vind.
1605 5506 1659 5551 et
1694 5508 1798 5551 Am.

196 5549 443 5638 glutinum,
466 5550 594 5638 uiti.L
614 5549 757 5638 cuius
775 5554 902 5638 'Ioeu
929 5549 1174 5638 ‘nonnu'lli,
1388 5570 1441 5638 et
1474 5549 1654 5638 postea

197 5611 709 5685 devictumbabeut',
742 5618 973 5670 elemento
999 5633 1018 5670 :
1061 5611 1511 5685 quaht'lectioset'n
1556 5611 1809 5677 ἰήιωὲἥῶ

196 5673 520 5733 [retulerunt
542 5673 861 5729 Im'an'ienses

258 5735 283 5765 ι
316 5736 418 5784 sola
440 5741 589 5811 utilia
614 5747 709 5801 Fr,
734 5741 864 5811 omni
880 5746 1071 5811 corpori
1109 5748 1403 5811 praeferatur
1435 5747 1596 5811 anima
1619 5748 1800 5811 quatis-

194 5808 400 5875 cuntque
438 5808 644 5852 notarit.
664 5830 726 5839 —-
742 5805 852 5853 rod.
878 5805 1018 5871 2050,
1041 5805 1169 5861 omni
1185 5805 1290 5861 aeri
1313 5810 1482 5875 prta/et
1496 5818 1607 5860 (itur
1622 5805 1799 5863 animi:

189 5858 556 5932 qualiacumque
578 5874 769 5932 natura.
862 5884 919 5932 ω,

254 5921 336 5986 (a)
356 5921 553 5991 supple,
580 5929 768 5991 eadem.

1633 419 1838 481 LIBER
1875 421 2205 489 OCTAVUS.

3438 453 3550 516 us

1956 532 2301 617 perunctum,
2346 551 2489 622 quod
2537 555 2813 616 nobiscum
2854 560 3130 629 daemones
3170 567 3305 627 dixit
3345 570 3547 633 habere

1952 651 2252 707 commune,
2282 641 2335 696 id
2370 652 2453 699 est
2494 648 2655 704 animi
2697 653 2992 724 passiones,
3022 658 3068 713 si
3096 661 3275 716 omnia
3313 673 3544 734 quatuor

1952 728 2213 786 elementa
2244 734 2354 789 suis
2401 738 2717 798 animalibus
2760 745 2913 815 plena
2958 759 3098 817 sunt,
3148 728 3542 815 immortalibus

1952 821 2087 894 ignis
2136 835 2189 881 et
2234 842 2347 893 aer,
2396 835 2710 891 mortalibus
2749 855 2883 909 aqua
2923 852 2978 898 et
3006 853 3180 913 terra;
3228 864 3414 919 quaero
3442 866 3541 909 cur

1948 917 2111 972 animi
2137 918 2437 977 daemonum
2469 928 2771 994 passionum
2792 934 3030 992 turbellis
3053 948 3105 993 et
3131 917 3539 1012 tempestatibus

1947 1010 2254 1080 agitentur?
2280 1014 2616 1074 Perturbatiu
2645 1032 2726 1077 est
2753 1026 2912 1091 enim,
2948 1045 3066 1099 qua:
3089 1010 3258 1103 grzece
3286 1043 3428 1099 πάθος
3454 1038 3538 1094 di-

1948 1104 2120 1161 citur:
2166 1108 2308 1164 unde
2349 1111 2437 1165 illa
2468 1115 2634 1170 voluit
2674 1132 2866 1175 vocare
2896 1122 3073 1176 animo
3119 1130 3362 1194 passiva;
3413 1136 3537 1200 quia

1948 1197 2189 1263 verbum,
2239 1201 2306 1257 de
2349 1205 2514 1260 verbo
2562 1214 2725 1275 πάθος,
2784 1214 2961 1281 passio
3000 1214 3309 1273 diceretur‘
3357 1232 3535 1278 motus

1944 1292 2105 1346 animi
2134 1304 2319 1351 contra
2346 1298 2612 1359 rationem
2647 1301 2744 1373 (a).
2777 1306 2887 1360 Cur
2910 1322 3039 1378 ergo
3064 1320 3186 1364 sunt
3217 1313 3313 1367 ista
3345 1314 3394 1368 iu
3418 1316 3534 1369 ani-

1944 1387 2046 1441 niis
2070 1386 2393 1458 daemonum,
2416 1410 2536 1464 qua:
2560 1396 2609 1450 iu
2635 1399 2915 1466 pecoribus
2941 1418 3044 1456 nou
3071 1406 3228 1459 sunt?
3245 1406 3533 1475 Quoniam,
3612 1416 3635 1438 '

1943 1478 1987 1532 si
2015 1480 2141 1551 quid
2168 1483 2220 1537 in
2248 1499 2439 1555 pecore
2460 1488 2633 1545 simile
2657 1503 2899 1562 apparet,
2930 1511 3033 1551 non
3057 1508 3140 1551 est
3168 1501 3531 1569 perturbatio;

1942 1571 2065 1641 quia
2098 1589 2201 1628 non
2238 1586 2317 1631 est
2346 1589 2533 1635 contra
2562 1584 2845 1649 rationem,
2881 1603 2983 1659 qua
3015 1603 3205 1658 pecora
3232 1601 3439 1650 carent.
3472 1593 3531 1650 In

1942 1660 2247 1721 hominibus
2274 1680 2452 1726 autem
2502 1682 2559 1728 ut
2596 1675 2699 1729 sint
2747 1677 2861 1732 istae
2909 1682 3355 1749 perturbationes,
3405 1685 3535 1741 facit

1941 1751 2045 1810 hoc
2073 1759 2316 1827 stultitia,
2350 1765 2433 1819 vel
2465 1766 2699 1823 miseria.
2728 1768 2970 1825 Nondum
2999 1775 3138 1828 enim
3162 1790 3347 1832 sumus
3369 1778 3420 1832 in
3444 1780 3531 1835 illa

1941 1846 2269 1917 perfectione
2297 1854 2571 1924 sapientiae
2597 1859 2759 1927 beati,
2788 1877 2906 1932 qua:
2927 1864 3080 1919 nobis
3107 1866 3175 1921 ab
3204 1867 3301 1922 bac
3330 1880 3531 1925 morta-

1938 1939 2084 1999 litate
2110 1943 2347 2002 liberatis
2378 1950 2429 2004 in
2453 1949 2558 2005 line
2586 1956 2929 2022 promittitur.
2966 1958 3104 2012 Deos
3129 1976 3257 2014 vero
3287 1961 3406 2017 ideo
3431 1962 3520 2016 di-

1936 2042 2065 2089 cunt
2090 2035 2216 2092 istas
2238 2039 2661 2106 perturbationes
2682 2059 2784 2099 uou
2818 2048 3041 2117 perpeti,
3064 2038 3185 2120 quia
3216 2065 3320 2107 non
3352 2055 3527 2111 solum

1934 2129 2144 2193 aeterni,
2168 2146 2348 2187 verum
2379 2134 2538 2190 etiam
2569 2136 2704 2193 beati
2748 2148 2890 2195 sunt.
2925 2142 3147 2197 Easdem
3179 2146 3377 2216 quippe
3408 2146 3529 2202 ani-

1934 2234 2052 2275 mas
2081 2222 2368 2279 rationales
2397 2229 2557 2282 etiam
2599 2229 2741 2299 ipsos
2777 2230 2974 2289 habere
3006 2236 3304 2307 perhibent,
3333 2239 3427 2295 sed
3455 2240 3525 2296 ab

1934 2314 2077 2367 omni
2109 2314 2228 2371 labe
2267 2332 2330 2375 ac
2355 2328 2502 2388 peste
2534 2323 2864 2391 purissimas.
2902 2325 3262 2393 Quamobrem
3301 2333 3346 2387 si
3397 2349 3523 2403 pro-

1933 2412 2113 2475 pterea
2129 2406 2201 2462 dii
2221 2424 2325 2465 non
2350 2412 2745 2482 perturbantur,
2769 2418 2909 2487 quod
2933 2421 3179 2475 animalia
3197 2432 3320 2478 sunt
3340 2423 3518 2494 beata,

1932 2513 2038 2553 non
2080 2500 2311 2565 misera;
2357 2514 2411 2558 ct
2449 2516 2730 2576 propterea
2764 2524 2953 2579 pecora
2981 2528 3087 2568 non
3118 2518 3519 2588 perturbantur,

1931 2591 2070 2662 quod
2094 2594 2343 2650 animalia
2367 2608 2511 2666 sunt,
2540 2616 2661 2670 qua:
2686 2617 2785 2657 nec
2812 2601 2966 2659 beata
2997 2618 3213 2677 possunt
3246 2624 3387 2678 esse,
3421 2625 3522 2668 nec

1930 2684 2124 2740 misera
2158 2704 2171 2740 :
2216 2698 2381 2744 restat
2421 2701 2478 2745 ut
2505 2689 2780 2751 dieniones
2806 2696 2943 2751 sicut
2976 2698 3220 2757 homines
3247 2700 3368 2758 ideo
3395 2719 3523 2775 per-

1931 2775 2230 2842 turbentur,
2261 2779 2403 2850 qund
2425 2783 2673 2839 animalia
2702 2795 2827 2842 sunt
2852 2802 2957 2844 non
2978 2789 3154 2857 beata,
3180 2792 3274 2848 sed
3297 2794 3516 2851 misera.

1998 2868 2051 2923 2.
2096 2868 2306 2945 [XVIL]
2346 2872 2460 2943 Qua
2488 2875 2646 2946 igitur
2670 2878 2989 2950 insipientia,
3020 2884 3105 2938 vel
3137 2884 3313 2955 potius
3339 2902 3521 2944 anten-

1927 2958 1997 3014 tia
2043 2976 2138 3031 per
2191 2963 2422 3034 aliquam
2472 2967 2784 3039 religionem
2828 2971 3163 3031 daemonibus
3207 2977 3512 3048 subdimur,

1925 3066 2045 3107 cum
2091 3068 2186 3123 per
2232 3071 2412 3112 veram
2456 3059 2766 3130 religionem
2811 3064 2880 3119 ab
2932 3081 2995 3122 ea
3044 3068 3365 3139 vitiositate,
3408 3087 3515 3144 qua

1924 3145 2029 3200 illis
2067 3162 2250 3203 sumus
2278 3148 2500 3217 similes,
2535 3153 2859 3211 liberemur?
2885 3159 3019 3215 Cum
3045 3163 3187 3217 enim
3214 3163 3510 3233 daemones,

1922 3239 2065 3310 quod
2094 3251 2149 3295 et
2178 3241 2279 3296 iste
2306 3242 2581 3315 Apuleius,
2610 3251 2851 3323 quamvis
2879 3252 2958 3306 eis
2989 3253 3273 3322 plurimum
3305 3267 3509 3327 pareat,

1921 3338 1976 3385 et
2016 3331 2207 3389 divinis
2251 3334 2541 3393 honoribus
2583 3338 2773 3411 dignos
2816 3353 3052 3412 censeat,
3097 3355 3272 3402 tamen
3302 3350 3514 3419 cogitur

1921 3426 2183 3493 confiteri,
2210 3428 2284 3483 ira
2306 3430 2666 3502 instigentur;
2691 3435 2847 3490 nobis
2878 3452 3001 3493 vera
3029 3439 3215 3510 religio
3243 3442 3506 3513 wmcipit,

1921 3532 1991 3572 ne
2019 3519 2093 3573 ira
2126 3519 2455 3592 instigcmur,
2481 3525 2576 3581 sed
2602 3528 2649 3582 ei
2678 3529 2855 3598 potius
2886 3532 3217 3589 resistamus.
3244 3535 3375 3591 Cum
3396 3535 3510 3592 die.

1920 3623 2105 3665 moues
2132 3611 2285 3666 donis
2326 3614 2634 3684 invitantur,
2664 3618 2819 3674 nobis
2863 3636 2987 3677 vera
3022 3622 3209 3693 religio
3241 3626 3508 3696 praecipit,

1920 3714 1987 3754 ue
2012 3701 2259 3772 cuiquam
2290 3705 2553 3763 donorum
2586 3711 2898 3780 acceptione
2924 3710 3219 3770 faveamus.
3240 3714 3375 3772 Cum
3395 3718 3509 3773 da:-

1917 3806 2103 3848 mones
2131 3794 2421 3853 honoribus
2451 3800 2801 3868 mulceantur,
2832 3805 2985 3860 nobis
3010 3821 3133 3861 vera
3159 3808 3345 3880 religio
3370 3825 3508 3881 prte-

1917 3884 2067 3955 ci-pit,
2095 3896 2152 3941 ut
2180 3888 2371 3943 talibus
2403 3891 2546 3946 nullo
2573 3893 2734 3948 modo
2768 3910 3099 3952 moveamur.
3130 3894 3264 3954 Cum
3300 3900 3506 3958 dmmo-

1916 3991 2013 4032 nes
2036 3980 2384 4049 quorumdam
2414 3982 2689 4040 hominum
2718 4002 2925 4055 osores,
2957 3992 3312 4060 quorumdam
3347 4009 3501 4050 ama-

1917 4076 2059 4152 tores
2077 4071 2203 4137 sint,
2219 4088 2324 4127 aou
2343 4074 2589 4145 prudenti
2619 4078 3243 4152 trauquilloquejudicio,
3267 4084 3360 4140 sed
3378 4086 3501 4141 ani-

1913 4146 2022 4229 mo,
2053 4173 2111 4218 ut
2138 4167 2373 4236 appellat
2400 4168 2535 4240 ipse,
2557 4146 2771 4241 passivo
2787 4190 2802 4239 ;
2822 4146 2974 4230 nobis
3001 4146 3128 4231 vera
3156 4178 3342 4249 religio
3366 4197 3505 4249 prte-

1912 4256 2124 4326 cipit,ut
2139 4257 2383 4316 inimicos
2402 4271 2616 4318 nostros
2638 4265 2798 4320 etiam
2820 4265 3498 4344 diligamus(Matt/a.v,u).

1913 4348 2196 4408 Postremo
2243 4370 2461 4411 omnem
2505 4366 2707 4412 motum
2749 4358 2927 4413 cordis
2971 4370 3027 4414 et
3061 4362 3232 4416 salum
3281 4365 3499 4431 mentis,

1912 4457 2205 4513 omnesque
2225 4445 2478 4502 turbellas
2505 4457 2558 4503 et
2585 4457 2931 4519 tempestates
2959 4453 3143 4517 animi,
3172 4454 3365 4524 quibus
3391 4455 3503 4510 dae-

1909 4548 2098 4591 mones
2129 4545 2357 4593 acstuare
2384 4547 2543 4609 atque
2568 4539 2823 4597 ﬂuctuare
2848 4543 3064 4610 asserit,
3094 4560 3191 4599 nos
3221 4561 3346 4602 vera
3373 4547 3505 4603 relic
3608 4600 3612 4604 .

1908 4628 1995 4698 gio
2022 4627 2293 4697 deponere
2317 4630 2488 4699 jubet.
2515 4630 2645 4698 Qua:
2677 4634 2836 4703 igitur
2864 4649 3025 4691 causa
3053 4644 3159 4703 est,
3192 4637 3296 4692 nisi
3325 4636 3505 4694 stultia

1911 4723 1979 4774 tia
2011 4736 2269 4791 errorque
2300 4722 2621 4778 miserabilis
2649 4724 2691 4790 ',
2743 4734 2801 4780 ut
2841 4726 2892 4782 ei
2924 4736 2975 4781 te
3000 4726 3168 4784 facias
3191 4730 3501 4795 venerando

1909 4811 2186 4881 humilem,
2225 4814 2309 4870 cui
2339 4826 2389 4871 te
2413 4816 2599 4886 cupias
2625 4817 2855 4874 vivendo
2892 4820 3240 4889 dissimilem;
3269 4832 3323 4878 et
3364 4822 3496 4877 reli-

1907 4906 2064 4977 gione
2081 4908 2249 4975 colas,
2273 4924 2429 4980 quem
2454 4910 2649 4968 imitari
2668 4913 2826 4981 nolis,
2850 4928 2971 4971 cum
2996 4915 3267 4987 religionis
3288 4930 3499 4997 summa

1906 4999 1977 5056 sit
2006 4999 2201 5056 imitari
2224 5017 2383 5058 auem
2409 5003 2581 5059 colis!

1905 5113 2129 5171 CAPUT
2169 5114 2355 5172 XVIII.
2394 5141 2468 5159 -
2506 5116 2687 5185 Qualis
2712 5121 2889 5192 religio
2926 5122 3025 5187 sit,
3057 5120 3109 5174 iu
3145 5136 3245 5191 qua
3281 5120 3497 5177 docetur

1917 5249 1923 5257 .
1974 5210 2111 5282 quod
2138 5209 2394 5280 homines,
2424 5220 2481 5266 ut
2506 5213 2917 5269 commendantur
2943 5212 3040 5267 diis
3069 5212 3210 5267 bouis
3232 5256 3249 5283 ,
3296 5217 3492 5272 dwmo-

1975 5305 2121 5361 nibus
2148 5308 2221 5362 uti
2246 5305 2464 5362 debeant
2478 5306 2757 5364 advocatis.

1974 5421 2194 5481 Frustra
2220 5423 2381 5495 igitur
2403 5422 2482 5480 eis
2511 5423 2783 5495 Apuleus,
2824 5430 2877 5478 et
2900 5420 3223 5496 quicumque
3260 5422 3335 5481 ita
3362 5438 3493 5484 seu.

1966 5558 2170 5631 {codex
2195 5557 2318 5611 9050
2353 5553 2423 5631 sic
2463 5553 2586 5631 1.983!
2629 5555 2937 5631 numam
2985 5554 3389 5631 =09“.wa
3427 5559 3491 5609 αι

1902 5621 2046 5673 rerbo
2067 5622 2232 5686 pathos
2270 5620 2429 5687 passio
2450 5616 2650 5681 dicitur,
2690 5620 2774 5670 sed
2796 5616 2967 5671 melius
2988 5616 3283 5684 perturbatio
3305 5618 3492 5672 dicere:

1903 5693 1997 5745 tur,
2025 5693 2119 5735 etc.
2169 5692 2225 5733 Μ.
2400 5744 2411 5754 _
2511 5743 2559 5755 η

1967 5750 1986 5816 ξ
2011 5748 2176 5816 rlures
2199 5743 2598 5816 tts_s.,_inirabrlzs.

1965 5810 2037 5877 (ιζ)
2060 5812 2225 5877 Cicero
2250 5808 2411 5877 _i_u_li_h.
2438 5806 2468 5855 4
2489 5806 2689 5877 ἰἰιδρυι..
2725 5815 2921 5877 Qumst.,
2946 5820 3051 5877 cap.
3074 5806 3106 5855 6
3132 5820 3160 5877 7:_
3178 5807 3491 5877 tisthaitbze-

1903 5866 2039 5922 nouis
2055 5873 2158 5922 [nec
2178 5868 2410 5939 definitio,
2430 5878 2479 5920 ut
2502 5870 2798 5933 perturbatio
2815 5870 2895 5929 sit,
2920 5866 3046 5939 quod
3066 5868 3235 5939 pathos
3248 5866 3332 5939 ille
3348 5866 3489 5936 dicit.

1903 5942 2071 5989 aversa
2094 5947 2124 5984 (ι
2146 5939 2279 5984 recta
2301 5932 2483 6001 ratione
2506 5940 2670 5995 contra
2692 5938 2917 5985 naturam
2938 5932 3088 5987 animi
3110 5932 3379 5983 commom.
3472 5932 3504 5967 ἰ
