4064 6472
484 544 488 550 ’
530 541 671 605 tiunt
692 580 710 611 ,
740 544 881 603 hunc
906 544 1097 603 detulit
1120 545 1379 601 honorem
1402 589 1415 614 ,
1444 549 1522 602 sic
1547 564 1641 604 eos
1668 550 1720 605 in
1742 564 1865 605 aere
1882 543 2112 615 medios,

530 633 675 693 inter
715 637 997 695 ι)ώωίιὼ
1040 640 1233 696 omium
1281 650 1582 713 terramque
1628 646 1994 709 constituens,
2025 655 2118 714 ut,

532 729 773 798 quem
812 731 987 786 nullus
1026 732 1151 787 deus
1188 734 1425 789 miscetur
1445 737 1638 790 homini
1659 735 1852 809 (Verba
1875 737 2119 811 Apulcii),

530 821 672 889 quod
702 821 974 878 Platonem
1016 823 1215 879 dixisse
1262 827 1579 895 perhibent,
1609 829 1695 884 isti
1738 829 1804 884 ad
1833 829 1963 886 deos
2004 845 2125 899 per-

532 907 706 967 ferant
730 926 921 981 preces
949 912 1227 971 hominum
1252 959 1266 983 ,
1292 928 1348 973 et
1392 920 1515 974 inde
1554 921 1620 974 ad
1670 920 1912 976 homines
1950 922 2122 992 impc-

457 1006 463 1013 '
534 1011 668 1065 irata
716 1021 835 1073 qua:
879 1018 1124 1075 poscunt.
1154 1009 1430 1081 Indignum
1481 1014 1623 1067 enim
1669 1021 1989 1083 putaverunt
2033 1015 2121 1085 qui

532 1093 634 1149 ista
665 1098 1030 1166 crediderunt,
1065 1103 1284 1160 misceri
1312 1104 1557 1160 homines
1584 1106 1686 1160 diis
1717 1116 1767 1159 et
1791 1106 1922 1162 deos
1956 1107 2127 1160 homi-

531 1187 691 1243 nibus
722 1207 735 1241 :
768 1188 987 1259 dignum
1029 1203 1209 1248 autem
1262 1196 1473 1250 misceri
1513 1196 1784 1250 (temones
1836 1206 1889 1252 et
1927 1197 2028 1252 diis
2071 1207 2127 1253 et

535 1274 842 1336 hominibus
866 1324 879 1347 ,
926 1282 1052 1340 hinc
1095 1285 1255 1352 petita
1296 1289 1385 1357 qui
1423 1289 1689 1357 allegent,
1722 1288 1843 1344 inde
1870 1302 2124 1344 concessa

419 1393 446 1417 ο
533 1370 625 1439 qui
664 1383 948 1442 apporteut
978 1394 992 1430 :
1020 1386 1081 1432 ut
1126 1377 1370 1434 videlicet
1408 1378 1570 1434 homo
1608 1390 1820 1447 castus,
1852 1390 1905 1435 et
1944 1382 2010 1437 ab
2038 1395 2127 1435 ar-

536 1462 667 1516 tium
696 1467 1021 1535 magicorum
1050 1468 1342 1529 sceleribus
1367 1472 1605 1537 alienus,
1638 1486 1734 1528 eos
1756 1480 2006 1542 patronos
2034 1472 2128 1527 ad-

534 1551 716 1609 hibeat
742 1596 755 1619 ,
786 1573 879 1626 per
899 1574 1036 1629 quos
1063 1562 1208 1617 illum
1231 1562 1303 1617 dii
1325 1564 1610 1619 exaudiant
1630 1605 1644 1633 ,
1674 1566 1765 1634 qui
1788 1565 1902 1620 haec
1923 1574 2123 1632 amant,

535 1659 658 1713 qua:
689 1647 778 1703 ille
806 1664 913 1705 non
951 1652 1180 1709 amando
1210 1653 1270 1709 iit
1313 1654 1524 1725 dignior
1561 1672 1719 1728 quem
1750 1656 1953 1713 facilius
1978 1664 2037 1713 et
2066 1658 2129 1712 li-

537 1735 750 1793 bentius
779 1742 1033 1799 exaudire
1062 1743 1311 1801 debeant.
1341 1748 1539 1802 Amant
1563 1749 1761 1820 quippe
1792 1750 1863 1804 illi
1888 1750 2128 1805 scenicas

540 1830 914 1898 turpitudines,
948 1849 1080 1904 quas
1112 1851 1219 1892 non
1241 1849 1386 1897 amat
1414 1840 1663 1907 pudicitia
1692 1852 1911 1895 :amant
1938 1842 1989 1895 in
2017 1858 2131 1897 nta-

539 1918 726 1977 lciiciis
753 1938 1025 1993 magorum
1058 1929 1204 1985 mille
1229 1930 1459 1987 nocendi
1485 1927 1881 2005 artes(Virgit.,
1910 1932 2125 1989 Eadd.

536 2010 625 2069 lib.
678 2012 747 2082 7,
787 2029 915 2073 uera.
954 2017 1103 2088 358),
1133 2035 1266 2089 quas
1293 2037 1401 2077 non
1447 2030 1592 2077 amat
1640 2025 1963 2081 innocentia.
1987 2025 2129 2097 Ergo

537 2112 594 2167 et
617 2106 875 2176 pudicitia
903 2120 958 2167 et
996 2113 1330 2183 innocentia,
1371 2118 1418 2173 si
1448 2117 1575 2188 quid
1608 2118 1676 2174 ab
1701 2118 1805 2174 diis
1838 2119 2129 2188 impetrare

536 2197 797 2265 voluerit,
828 2218 935 2287 non
964 2207 1159 2275 poterit
1184 2207 1299 2264 suis
1324 2210 1564 2278 meritis,
1592 2210 1698 2267 nisi
1735 2212 1848 2266 suis
1891 2211 2128 2267 interve-

537 2292 809 2355 nientibus
833 2297 1080 2357 inimicis.
1110 2300 1227 2357 Non
1246 2303 1491 2373 estquod
1516 2304 1623 2360 ista
1644 2307 1853 2375 poetica
1895 2307 2126 2375 ﬁgmen-

534 2393 590 2440 ta
610 2425 626 2451 ,
655 2396 710 2442 et
738 2386 992 2447 theatriea
1020 2392 1247 2449 ludibria
1272 2394 1568 2465 justiticare
1590 2407 1834 2453 conetur.
1858 2397 2129 2455 Habemus

535 2485 724 2533 contra
756 2479 855 2537 ista
893 2483 1206 2553 magistrum
1248 2502 1434 2545 eorum
1459 2500 1515 2543 et
1545 2496 1706 2544 tanta:
1730 2488 1872 2558 apud
1900 2504 1996 2545 eos
2034 2505 2126 2544 au-

538 2569 805 2633 ctoritatis
831 2572 1107 2630 Platonem
1134 2593 1148 2629 :
1171 2577 1217 2631 si
1246 2577 1414 2648 pudor
1436 2578 1697 2637 humanus
1728 2580 1798 2635 ita
1819 2581 1888 2636 de
1913 2595 1973 2637 se
1991 2582 2131 2637 male

536 2670 793 2727 meretur,
827 2672 886 2719 ut
912 2680 1019 2721 non
1048 2667 1226 2725 solum
1268 2668 1457 2739 diligat
1498 2670 1671 2742 turpia
1696 2711 1712 2738 ,
1742 2687 1927 2728 verum
1966 2674 2126 2752 etiam

538 2749 804 2823 divinitati
824 2756 1097 2819 existimet
1120 2768 1293 2831 grata.

537 2861 766 2921 CAPUT
805 2866 949 2924 XiX.
982 2900 1051 2912 ——
1072 2870 1158 2926 .De
1183 2873 1444 2943 impietate
1472 2877 1597 2931 artis
1623 2877 1868 2949 magiae,
1902 2894 2015 2947 quae
2037 2895 2132 2954 ραν

791 2962 1005 3017 trocinio
1025 2964 1202 3019 nititur
1223 2967 1492 3036 spirituum
1515 2969 1874 3040 malignorum.

609 3067 778 3125 Porro
804 3071 1059 3129 adversus
1084 3078 1317 3148 magicas
1345 3090 1485 3136 artes
1503 3122 1519 3149 ,
1551 3080 1619 3136 de
1647 3080 1838 3153 quibus
1869 3081 2127 3154 quosdam

538 3159 701 3218 limis
746 3163 984 3222 infelices
1018 3177 1073 3223 et
1100 3168 1261 3224 nimis
1288 3170 1480 3240 impios
1507 3172 1666 3229 etiam
1710 3174 1929 3247 gloriari
1970 3175 2126 3244 libet,

537 3267 721 3312 nonne
772 3258 944 3327 ipsam
991 3261 1258 3329 publicam
1304 3263 1475 3319 lucem
1505 3266 1521 3297 ¹
1549 3273 1734 3322 testem
1779 3267 1994 3324 citabo?
2022 3266 2131 3331 Cur

540 3348 683 3404 enim
713 3358 818 3406 tam
846 3354 1079 3422 graviter
1122 3355 1220 3411 ista
1261 3356 1563 3428 plectuntur
1591 3362 1874 3418 severitate
1919 3363 2126 3435 legum,

537 3442 586 3500 si
613 3458 776 3516 opera
817 3450 1257 3506 sunt‘numinum
1297 3453 1679 3508 colendorum?
1708 3456 1790 3510 An
1823 3453 1959 3512 forte
2002 3457 2131 3527 istas

537 3533 689 3608 leges
716 3534 1007 3594 Christiani
1058 3542 1433 3609 instituerunt,
1483 3544 1672 3616 quibus
1719 3555 1865 3604 artes
1911 3551 2131 3622 magicae

536 3629 830 3698 puniuntur
846 3629 872 3683 ?
889 3630 1190 3689 Secundum
1214 3651 1374 3707 quem
1398 3638 1557 3692 alium
1583 3629 1803 3697 sensum
1820 3685 1833 3710 ,
1865 3643 1964 3699 nisi
1987 3646 2130 3715 quod

537 3716 657 3774 haec
697 3722 957 3778 maleficia
1005 3728 1185 3796 generi
1232 3726 1467 3786 humano
1512 3733 1810 3802 perniciosa
1863 3750 1982 3792 esse
2022 3750 2128 3794 non

539 3808 758 3867 dubium
786 3822 895 3880 est,
924 3817 999 3871 ait
1026 3828 1177 3888 poeta
1206 3821 1534 3877 clarissimus
1556 3864 1571 3890 ,

599 3919 974 4001 festorﬁbara,
991 3927 1131 4001 deos,
1157 3941 1208 4001 et
1226 3940 1294 4001 te,
1314 3947 1565 4001 germana,
1586 3944 1821 4001 tuumque

600 3984 923 4049 ommput,
941 3984 1151 4060 magicas
1168 3984 1638 4060 invithﬁiaegingie'r”
1650 3984 1787 4048 me;
1798 3984 1823 4048 ἱ

942 4053 962 4114 (
988 4052 1179 4117 rirgiL,
1417 4057 1499 4109 lib.
1519 4052 1574 4121 Ζ,
1599 4073 1724 4113 vers.
1750 4061 1860 4125 492,
1886 4062 2037 4128 4%.)

539 4148 675 4210 Illud
706 4154 865 4210 etiam
887 4197 902 4223 ,
928 4158 1067 4228 quod
1098 4160 1204 4215 alio
1231 4161 1348 4217 loco
1376 4162 1443 4217 de
1472 4164 1556 4218 bis
1584 4163 1789 4222 artibus
1817 4165 1985 4236 dicit,

602 4273 763 4332 Atque
793 4277 923 4321 satas
944 4269 1038 4321 alio
1060 4273 1155 4323 vidi
1174 4258 1438 4341 traducere-
1455 4289 1680 4341 messes;

1333 4337 1515 4405 (Eclog.
1538 4341 1590 4403 8,
1608 4337 1733 4394 vers.
1757 4342 1881 4409 99.)

536 4449 607 4494 eo
631 4437 775 4508 quod
819 4439 920 4496 hac
964 4442 1213 4511 pestifera
1256 4446 1621 4521 scelerataque
1654 4449 1895 4507 doctrina
1924 4452 2131 4512 fructus

536 4528 699 4586 alieni
742 4531 795 4586 in
821 4532 954 4588 alias
997 4542 1167 4589 terras
1213 4536 1483 4595 transferri
1530 4541 1879 4612 perhibentur
1907 4563 1921 4600 :
1952 4560 2131 4605 nonne

538 4618 598 4678 in
624 4620 905 4679 duodecim
936 4624 1153 4682 Tabulis
1176 4670 1191 4696 ,
1222 4629 1275 4685 id
1301 4639 1384 4687 est
1407 4631 1771 4692 Romanorum
1817 4639 2131 4711 antiquissiv-

538 4713 643 4772 mis
670 4715 876 4788 legibus
900 4759 915 4786 ,
943 4717 1134 4775 Cicero
1162 4735 1550 4783 commemorat
1578 4742 1697 4785 esse
1725 4732 2085 4803 conscriptum
2111 4775 2127 4801 ,

539 4805 591 4863 ei
631 4808 722 4880 qui
770 4807 873 4865 hoc
922 4809 1107 4867 fecerit
1135 4815 1451 4885 supplicium
1495 4822 1842 4879 constitutum
1872 4823 1990 4899 (a)?
2026 4825 2133 4882 Po-

538 4905 744 4956 stremo
772 4900 887 4972 ipse
912 4903 1165 4973 Apuleius
1191 4909 1448 4980 numquid
1476 4912 1615 4983 apud
1638 4912 1849 4985 iudices
1883 4916 2132 4975 christia-

538 5005 639 5048 nos
667 4992 736 5050 de
763 4995 982 5067 magicis
1001 4998 1205 5056 artibus
1226 5012 1506 5061 accusatus
1529 5014 1612 5063 est
1636 5005 1754 5081 (ὸν
1776 5006 1922 5077 Quas
1947 5011 2129 5083 utique

538 5083 643 5145 sibi
669 5085 905 5157 obiectas
923 5129 938 5152 ,
970 5090 1014 5145 si
1042 5088 1249 5148 divinas
1271 5102 1330 5150 et
1355 5095 1475 5166 pias
1508 5110 1635 5155 esse
1662 5108 1920 5171 noverat,
1946 5111 2007 5158 et
2044 5103 2131 5158 di-

540 5175 784 5243 vinarum
805 5187 1137 5255 potestatum
1172 5185 1428 5255 operibus
1452 5202 1722 5261 congruas
1741 5231 1759 5259 ,
1798 5207 1911 5249 non
1952 5191 2127 5250 solum

541 5279 636 5322 eas
662 5267 905 5326 conﬁteri
932 5270 1156 5343 debuit,
1186 5275 1281 5333 sed
1309 5277 1471 5339 etiam
1512 5280 1758 5351 proﬁteri
1776 5320 1798 5351 ,
1839 5282 1988 5356 iuges
2008 5284 2128 5341 eul-

543 5438 558 5455 ,
600 5378 733 5455 [δία
755 5393 869 5455 ngas.
909 5383 990 5455 At_
1010 5387 1147 5449 editi,
1172 5386 1375 5453 gloriari
1406 5386 1521 5447 libet
1541 5388 1806 5447 εηηοωίρω
1829 5393 2125 5455 mm

536 5441 1266 5555 ipsamfubticmntuccm,’t'ytc.
1506 5442 1513 5447 “
1582 5441 1586 5443 ’
1638 5441 1647 5447 ⁷

540 5504 1388 5591 “(fit.2..9“°239iu.5!i3!’913rsa
1414 5512 1705 5591 fritamentis
1727 5525 1822 5579 οειυ
1844 5516 1940 5579 cui
1958 5518 2127 5591 auges

537 5570 1174 5655 ffif.’1‘.‘i“i:..9“i-i’3“‘£‘.’l‘
1200 5585 1395 5655 arma"
1414 5570 1773 5655 ίησῖηιαεέιῖκὲῖ
1792 5570 1899 5653 iw?"
1918 5570 2127 5655 ιξζέειιῖξρξι

539 5633 748 5701 segetem
788 5628 1050 5691 peléxeris.
1091 5633 1192 5684 Has
1229 5635 1371 5698 leges
1410 5628 1665 5690 memerat,
1695 5628 2125 5703 Pliniusflibfﬂii:

537 5690 768 5772 Historia}
792 5695 1177 5772 uaptura'lis,‘cap.
1198 5697 1257 5771 .2;
1276 5700 1488 5772 Seu-cca,
1519 5701 1604 5772 lib.
1636 5703 1667 5752 ι
1687 5704 2018 5772 Qtitcstionum
2041 5718 2129 5756 na-

539 5754 790 5827 turalium,
818 5770 926 5827 cap.
949 5756 1007 5820 7;
1033 5754 1271 5827 Apuleius
1296 5764 1340 5827 in
1361 5754 1614 5827 Apologia.
1643 5754 1811 5817 et‘alii.

603 5815 675 5891 (ρ)
702 5815 958 5891 ιὶσῖηρὲὶει
994 5815 1265 5891 postulatus
1293 5815 1663 5891 ⁸ἴυῇιἊριῖὶρίἰιέ
1684 5815 1831 5891 apud
1877 5831 2128 5884 Claudium

735 5879 1245 5959 Διη·ιςΐίξςιιιξιξιηιηιῐιὶξῐλ(ξ
1261 5879 1601 5959 t_:b‘r_is_tiatiun_ii
1618 5879 1911 5959 V’_id.'Epist._
1923 5879 2143 5959 ita—cii;

543 5941 630 5999 lini
650 5952 699 5999 et
724 5941 929 6009 August.
955 5945 1062 6005 156.
1085 5961 1132 6000 n.
1160 5946 1205 6010 l,
1236 5954 1287 6005 et
1312 5948 1417 6016 158,
1440 5966 1522 6007 un.
1547 5953 1622 6018 t8,
1652 5953 1729 6008 19.
1749 5941 1900 5965 ﬂm-
1924 5941 2129 6011 “fm'

1626 436 1714 492 oe
1752 430 2077 493 c‘mrm:
2119 402 2254 505 cui,
2296 437 2352 493 s.
2389 396 2754 496 Ancusrtm

2233 564 2367 620 pans
2393 550 2571 620 potlus
2594 592 2608 616 ,
2638 550 2831 621 quibus
2857 553 2972 605 haec
2998 547 3414 619 prohiberentur
3442 556 3497 608 et
3514 547 3821 619 damnanda

2231 649 2565 712 putarentur,
2599 658 2719 713 qua:
2750 641 2933 698 haberi
2963 640 3203 697 miranda
3233 651 3289 697 et
3332 642 3633 699 veneranda
3660 658 3823 719 opor-

2229 744 2387 791 teret.
2420 736 2497 792 Ita
2520 738 2662 792 enim
2691 736 2771 792 vel
2801 735 3119 791 sententiam
3144 750 3296 791 suam
3344 737 3691 807 persuaderet
3728 737 3822 806 ju-

2229 828 2458 896 dicibus,
2486 831 2571 887 vel
2597 873 2613 899 ,
2645 832 2692 887 si
2716 832 2791 886 illi
2819 832 3114 888 secundum
3144 832 3353 903 iniquas
3377 831 3523 901 leges
3548 838 3819 900 saperent,

2228 938 2459 995 eumque
2507 924 2633 980 talia
2683 923 3065 994 praedicantem
3094 931 3256 994 atque
3294 922 3601 981 laudantem
3645 929 3825 977 morte

2228 1017 2587 1082 mulctarent,
2618 1016 2774 1088 digna
2821 1017 3016 1073 animae
3063 1017 3203 1073 illius
3250 1016 3529 1073 daemones
3554 1013 3696 1071 dona
3732 1029 3827 1073 ro-

2226 1108 2526 1178 penderent
2548 1149 2564 1174 ,
2594 1123 2693 1179 pro
2715 1122 2944 1178 quorum
2968 1107 3165 1167 divinis
3185 1107 3440 1179 operibus
3464 1103 3826 1177 [indicandis

2228 1198 2515 1259 humanam
2548 1200 2709 1257 vitam
2754 1200 2854 1257 sibi
2882 1200 3046 1256 adimi
3074 1214 3181 1256 non
3224 1200 3458 1261 timeret.
3484 1198 3636 1255 Sicut
3673 1209 3827 1257 mar—

2228 1302 2376 1364 tyres
2423 1296 2590 1350 nostri
2612 1336 2627 1361 ,
2659 1311 2781 1351 cum
2824 1295 2904 1351 eis
2934 1309 3028 1365 pro
3072 1295 3299 1351 crimine
3326 1293 3650 1365 objiceretar
3675 1288 3827 1346 chri-

2229 1386 2402 1445 stiana
2424 1387 2613 1458 religio
2630 1428 2649 1455 ,
2677 1404 2782 1458 qua
2812 1396 3072 1444 noverant
3091 1401 3153 1445 se
3179 1386 3294 1443 ﬁeri
3320 1387 3500 1442 salvos
3520 1393 3582 1445 ot
3616 1384 3825 1456 M0-

2233 1478 2475 1541 sissimos
2514 1480 2569 1537 in
2596 1488 2859 1539 attentum
2880 1522 2897 1546 ,
2930 1495 3038 1537 non
3069 1496 3189 1536 eam
3216 1478 3463 1552 negando
3500 1476 3829 1549 temporales

2234 1586 2420 1641 partes
2460 1572 2692 1630 evadere
2726 1574 3047 1644 delegerunt
3069 1590 3084 1643 ;
3108 1573 3208 1630 sed
3252 1573 3430 1644 potius
3469 1570 3779 1629 cmltcndo
3805 1610 3825 1640 ,

2234 1666 2534 1734 Proﬁtcndo
2556 1707 2572 1731 ,
2600 1667 2943 1738 pradicando
2964 1709 2980 1734 ,
3013 1678 3070 1725 et
3111 1682 3210 1738 pro
3234 1666 3339 1723 hac
3363 1666 3546 1722 omnia
3592 1662 3830 1720 ﬁdeliter

2230 1758 2547 1830 fortiterque
2572 1759 2856 1821 tolerando
2879 1801 2894 1824 ,
2924 1768 3127 1819 etcum
3154 1760 3242 1831 pia
3262 1758 3560 1816 securitate
3586 1756 3830 1813 motion-

2231 1852 2304 1907 do
2322 1894 2341 1917 .
2375 1853 2521 1923 leges
2551 1853 2743 1923 quibus
2768 1852 3173 1922 prohibebatur,
3203 1852 3525 1912 albescere
3548 1849 3831 1921 campido—

2232 1953 2357 2013 runt
2381 1986 2396 2011 ,
2424 1946 2733 2017 nmtariquo
2775 1944 3039 2007 iecerunt.
3086 1945 3254 2017 liuius
3288 1953 3471 2000 autom
3519 1941 3833 2016 ﬁnitosophi

2232 2035 2496 2099 Platonici
2523 2037 2893 2109 copiosissima
2914 2045 2974 2094 et
2994 2037 3350 2094 disertissima
3384 2046 3566 2094 exstat
3608 2036 3787 2092 oratio
3809 2075 3829 2103 ,

2234 2147 2337 2203 qua
2362 2133 2569 2189 eritnen
2597 2134 2790 2189 artium
2816 2133 3144 2205 magicam
3168 2148 3202 2189 a
3228 2147 3289 2189 se
3315 2133 3550 2189 alienum
3586 2144 3710 2187 esse
3731 2129 3835 2185 deo
3894 2126 3898 2129 ⁷

2233 2225 2406 2283 timuit
2426 2268 2445 2293 ,
2472 2241 2637 2298 sequo
2662 2227 2820 2283 aliter
2848 2242 2957 2283 non
2986 2227 3107 2284 vult
3132 2224 3476 2283 innocentem
3502 2224 3692 2288 videri,
3721 2221 3835 2278 nisi

2232 2331 2296 2373 es
2325 2317 2575 2387 negando
2598 2333 2719 2389 quae
2743 2333 2851 2374 non
2880 2328 3110 2390 possunt
3129 2318 3201 2374 ab
3228 2317 3514 2373 innocente
3541 2313 3833 2372 committi.

2233 2409 2305 2471 At
2324 2408 2511 2466 omnia
2541 2409 2796 2489 miracula
2824 2422 3105 2480 magorum
3127 2449 3143 2476 ,
3170 2423 3307 2479 quos
3334 2415 3479 2463 recte
3519 2406 3683 2462 sentit
3706 2418 3839 2463 csso

2233 2500 2567 2559 damnandos
2589 2542 2605 2568 ,
2651 2501 2911 2557 doctrinis
2941 2501 3075 2557 ﬁunt
3094 2512 3154 2559 et
3180 2501 3436 2573 operibus
3478 2499 3789 2556 daemonum
3816 2513 3835 2565 ε

2233 2606 2369 2662 quos
2414 2590 2609 2649 viderit
2654 2606 2751 2648 cur
2796 2599 3019 2651 censeat
3062 2590 3447 2657 honcmndos,
3496 2588 3843 2647 necessarios

2233 2698 2330 2743 eos
2358 2696 2610 2741 asserens
2643 2682 2974 2751 perferendis
3014 2682 3083 2740 ad
3118 2682 3253 2740 deos
3299 2682 3496 2741 nostris
3537 2680 3791 2752 precibus
3816 2719 3841 2752 ,

2234 2788 2462 2843 quorum
2494 2774 2752 2832 debemus
2776 2790 2942 2847 opera
2970 2776 3212 2832 devitarc
3231 2817 3245 2841 ,
3272 2775 3319 2830 si
3346 2774 3415 2831 ad
3448 2774 3615 2830 Deum
3647 2785 3841 2829 verum

2235 2879 2424 2937 preces
2474 2875 2688 2923 nostras
2733 2866 2982 2925 volumus
3026 2867 3329 2937 pervenire.
3359 2864 3563 2921 Deinde
3606 2877 3797 2936 quam
3819 2903 3840 2931 ,

2237 2958 2426 3027 quales
2452 2972 2642 3027 preces
2671 2958 2947 3025 hominum
2970 2958 3077 3017 ὥς
3100 2958 3257 3015 bonis
3279 2973 3378 3029 per
3404 2957 3679 3013 (immunes
3703 2955 3845 3012 allo—

2232 3050 2349 3121 gari
2394 3058 2588 3121 putat,
2630 3051 2905 3122 magicas,
2950 3066 3022 3107 an
3069 3051 3284 3115 licitas?
3324 3050 3382 3108 Si
3421 3049 3657 3121 magicas
3681 3087 3697 3114 ,
3729 3060 3842 3103 uo-

2235 3139 2355 3201 lunt
2382 3142 2518 3201 tates
2546 3160 2560 3196 :
2586 3142 2635 3199 si
2660 3142 2835 3199 licitas
2857 3183 2872 3207 ,
2904 3143 3095 3200 nolunt
3118 3157 3216 3214 per
3242 3143 3396 3199 talos.
3420 3141 3479 3198 Si
3503 3150 3683 3196 autem
3702 3153 3845 3210 poo-

2234 3242 2388 3293 cutor
2432 3236 2701 3306 paenitens
2743 3249 2935 3307 preces
2990 3235 3198 3302 ﬁndit,
3252 3234 3491 3291 maritae
3536 3235 3584 3289 sl
3628 3229 3843 3302 aliquid

2237 3329 2506 3399 liticinum
2533 3326 2791 3393 admisit;
2824 3329 2969 3389 itane
2997 3326 3213 3383 tandem
3239 3326 3348 3382 illis
3376 3322 3844 3383 intercedentibus

2235 3421 2429 3492 accipit
2472 3422 2685 3477 veniam
2710 3462 2726 3488 ,
2754 3421 2948 3492 quibus
2974 3419 3375 3491 impellentibus
3403 3426 3494 3472 aut
3533 3414 3843 3475 [sumtibus

2234 3528 2295 3571 se
2320 3513 2583 3570 cecidisse
2619 3513 2824 3584 plangit
2852 3512 2906 3568 in
2935 3511 3194 3582 culpam?
3226 3510 3308 3566 An
3336 3521 3392 3567 et
3416 3509 3518 3580 ipsi
3556 3507 3843 3564 daemones

2236 3614 2297 3661 ut
2340 3605 2548 3676 possint
2588 3605 2974 3675 penitentibus
3000 3603 3198 3660 mereri
3224 3600 3610 3673 indulgentiam
3637 3639 3653 3662 .
3684 3597 3845 3669 prio-

2234 3711 2326 3757 res
2362 3706 2568 3769 agunt,
2612 3696 2758 3768 quod
2809 3712 2905 3754 eos
2948 3696 3290 3767 deceperint,
3340 3690 3715 3766 paenitentiam
3763 3690 3786 3723 ⁸
3814 3689 3842 3747 ι

2234 3787 2351 3846 Hoc
2373 3804 2536 3847 nemo
2558 3804 2792 3859 unquam
2821 3789 2891 3846 de
2928 3787 3267 3845 damonibus
3293 3785 3429 3841 dixit
3459 3802 3475 3840 :
3504 3782 3628 3854 quia
3666 3780 3715 3837 si
3758 3779 3845 3836 ita

2234 3891 2381 3941 esset
2402 3921 2419 3946 .
2452 3897 2789 3954 nequaquam
2813 3882 2915 3940 sibi
2941 3880 3206 3939 auderent
3242 3879 3455 3936 divinos
3478 3878 3712 3939 honores
3731 3889 3838 3933 ex-

2237 3984 2419 4047 petere
2435 4017 2452 4044 ,
2480 3976 2569 4046 qui
2594 3974 2904 4046 pernitendo
2926 3974 3299 4039 desiderarent
3319 3972 3388 4028 ad
3404 3971 3630 4045 gratiam
3656 3965 3845 4023 venio

2237 4069 2517 4140 pervenire
2543 4071 2585 4124 ³.
2612 4068 2690 4125 lbi
2734 4070 2879 4129 enim
2927 4077 3012 4127 est
3058 4066 3376 4126 detestanda
3422 4062 3713 4135 sepeliuit.
3744 4058 3840 4117 hic

2236 4161 2512 4221 humilitas
2535 4161 2861 4220 miseranda.

2233 4275 2459 4336 CAPUT
2495 4276 2616 4334 XX.
2645 4307 2719 4319 —
2742 4278 2823 4332 An
2849 4276 3152 4332 credentium
3176 4274 3244 4329 sit
3267 4271 3402 4344 quod
3426 4269 3499 4325 dii
3526 4266 3645 4323 boni
3671 4266 3839 4323 liben-

2397 4372 2495 4426 tius
2517 4371 2830 4427 dtzmonibus
2851 4386 3003 4442 quam
3030 4366 3316 4424 hominibus
3335 4365 3660 4419 misceantur.

2306 4488 2377 4544 At
2407 4486 2547 4544 enim
2576 4503 2772 4561 urgens
2800 4502 2957 4544 causa
2986 4496 3038 4543 ct
3062 4484 3361 4541 arctissima
3388 4479 3532 4553 cogit
3555 4477 3838 4545 daemones

2236 4581 2446 4640 medios
2474 4583 2612 4639 inter
2633 4583 2763 4638 deos
2788 4591 2841 4637 et
2870 4580 3115 4645 homines
3144 4593 3324 4651 agerc,
3349 4585 3405 4632 ut
3430 4575 3498 4630 ab
3520 4570 3839 4631 hominibus

2243 4674 2473 4732 offerant
2524 4675 2864 4742 desiderata,
2913 4682 2965 4729 et
3014 4687 3045 4728 a
3091 4671 3192 4726 diis
3239 4669 3475 4726 referant
3522 4667 3835 4736 impetrata.

2234 4769 2490 4836 Qumnam
2520 4767 2732 4823 tandem
2755 4782 2912 4822 causa
2937 4773 3020 4823 est
3044 4764 3165 4833 ista,
3196 4770 3248 4818 et
3274 4769 3470 4834 quanta
3495 4756 3842 4827 necessitas?

2234 4859 2369 4930 Quia
2397 4860 2573 4916 nullus
2597 4898 2620 4929 ,-
2656 4858 2942 4929 inquiunt,
2976 4856 3118 4911 Deus
3146 4853 3402 4909 miscetur
3425 4849 3650 4915 homini.
3680 4846 3841 4903 Prm-

2235 4954 2378 5011 clara
2421 4954 2580 5025 igitur
2609 4952 2865 5007 sanctitas
2893 4948 3027 5018 Dei,
3061 4947 3148 5021 qui
3178 4961 3284 5003 non
3330 4945 3586 5017 miscetur
3625 4940 3844 4999 homini

2235 5044 2555 5118 supplicanti
2580 5088 2593 5113 ,
2624 5056 2678 5102 et
2702 5046 2961 5101 miscetur
2989 5041 3221 5098 dacmoni
3251 5037 3522 5115 arroganti
3547 5053 3561 5104 ;
3591 5051 3699 5099 non
3727 5036 3847 5095 mi-

2234 5149 2416 5210 scetur
2441 5137 2643 5195 homini
2684 5135 2961 5210 poenitenti
2988 5177 3003 5207 ,
3029 5142 3084 5190 et
3111 5132 3368 5189 miscetur
3409 5128 3647 5201 dmmoni
3679 5125 3848 5185 deci-

2232 5208 2401 5307 pienti
2428 5249 2442 5305 ;
2472 5248 2578 5287 non
2609 5208 2864 5287 miscetur
2903 5227 3107 5284 homini
3129 5222 3459 5298 confugienti
3483 5220 3551 5285 ad
3577 5219 3847 5276 divinita-

2237 5334 2345 5394 tem
2370 5367 2388 5397 ,
2420 5335 2472 5381 et
2499 5322 2754 5381 miscetur
2780 5321 3013 5379 (ιπηιοηὶ
3061 5317 3282 5392 ﬁngenti
3309 5315 3642 5383 divinitatem
3669 5329 3684 5381 ;
3720 5327 3848 5375 non

2236 5417 2509 5490 miscetur.
2539 5417 2741 5473 homini
2789 5415 2990 5489 petenti
3037 5411 3421 5485 indulgentiam
3444 5451 3459 5478 ,
3490 5416 3547 5465 et
3575 5406 3851 5463 miscetur

2234 5513 2466 5577 ὀπωουί
2508 5512 2754 5573 suadenti
2800 5509 3093 5584 nequitiam
3121 5525 3137 5576 ;
3165 5523 3273 5565 non
3322 5506 3579 5579 miscetur
3625 5500 3850 5565 homini

2234 5619 2335 5676 per
2360 5604 2760 5676 philosophicas
2785 5603 2955 5659 libros
2984 5610 3173 5673 poetas
3200 5599 3273 5654 de
3297 5597 3437 5655 bene
3480 5595 3720 5652 instituta
3748 5595 3844 5650 ci-

2232 5699 2400 5759 vitate
2426 5699 2648 5770 pellenti
2668 5739 2686 5767 ,
2716 5706 2772 5755 et
2797 5697 3056 5755 miscetur
3079 5692 3315 5753 daemoni
3343 5707 3373 5747 a
3400 5688 3734 5764 principibus
3782 5695 3848 5744 et

2298 5834 2313 5864 ¹
2338 5834 2421 5897 [lic
2438 5831 2562 5895 apud
2580 5825 2699 5897 Iov.
2714 5829 2920 5897 additur,
2939 5833 2994 5897 ut
3011 5834 3057 5877 et
3086 5826 3183 5891 ipsi
3205 5832 3367 5891 postea
3389 5818 3847 5897 ﬂt‘pipthﬁtdttb

2232 5895 2440 5960 gentiam
2509 5894 2639 5957 quod
2658 5894 2720 5943 ab
2744 5893 2887 5960 editis
2907 5885 3025 5960 aliis
3038 5898 3091 5941 et
3107 5885 3141 5940 ’τι
3164 5885 3500 5952 nianuscriptis
3518 5885 3678 5940 abest.

2297 5960 2317 5992 ³
2340 5953 2641 6021 amittas.
2661 5953 2919 6024 pertinere.
2983 5959 3041 6007 tt.
