4064 6480
264 328 359 385 245
1624 363 1825 426 LIBER
1862 369 2193 435 OCTAVUS.

257 447 597 518 pontificibus
627 454 860 514 civitatis
883 475 979 537 per
1006 465 1248 532 scenicos
1279 469 1428 534 ludos
1457 488 1729 546 poetarum
1761 486 1845 541 lu-

257 537 418 596 dibria
461 546 762 614 requirenti
787 568 803 616 ;
831 568 936 610 non
969 557 1222 618 miscetur
1247 563 1447 626 homini
1473 569 1697 630 deorum
1740 580 1845 633 cri-

255 631 388 695 mina
418 632 622 705 ﬁngere
649 641 952 710 prohibenti
978 691 992 720 ,
1016 659 1069 704 et
1092 652 1343 712 miscetur
1363 657 1592 720 themoni
1618 680 1676 724 se
1698 667 1844 724 falsis

252 721 469 779 deorum
499 728 822 792 criminibus
849 738 1136 799 oblectanti
1164 764 1176 808 ;
1207 763 1313 804 non
1361 752 1612 814 miscetur
1641 759 1841 817 homini

251 831 521 886 magorum
550 823 756 886 scelera
781 828 943 897 justis
971 833 1176 904 legibus
1201 841 1441 908 punienti
1465 886 1479 910 ,
1511 857 1562 902 et
1589 851 1842 910 miscetur

248 907 476 966 thetnoni
507 918 745 988 ttiagicas
781 932 929 986 artes
955 924 1170 1000 docenti
1196 907 1250 990 et
1292 907 1575 1008 itnpleuti;
1606 959 1710 1002 non
1740 949 1842 1004 mi-

250 1012 424 1056 scetur
453 1004 659 1066 homini
692 1011 1043 1082 imitationem
1073 1022 1335 1086 daemonis
1358 1004 1581 1101 iugianti
1606 1078 1622 1102 ,
1653 1047 1708 1093 et
1734 1041 1837 1096 Ini-

245 1103 417 1150 sectur
443 1096 679 1160 dthOIIi
708 1105 1077 1180 deceptionem
1105 1116 1335 1182 hominis
1361 1096 1672 1197 aucupanti!

242 1227 467 1290 CAPUT
506 1234 651 1291 XXI.
678 1271 749 1282 —
775 1244 853 1298 An
880 1247 1191 1308 (immanibus
1222 1259 1408 1314 nuntiis
1452 1270 1498 1315 et
1541 1264 1832 1335 interpreti-

315 1323 408 1378 bus
431 1326 509 1381 dii
534 1337 766 1401 utantur,
796 1337 1007 1410 fallique
1033 1359 1086 1397 se
1112 1344 1173 1399 ab
1205 1349 1274 1402 eis
1301 1359 1389 1405 aut
1429 1353 1660 1425 ignorent
1683 1399 1698 1427 ,
1746 1370 1832 1414 aut

307 1418 483 1474 uelint.

305 1551 354 1605 i.
384 1550 490 1609 Sed
513 1557 767 1618 nimirum
793 1573 951 1622 tanta:
978 1568 1133 1642 hujus
1157 1575 1499 1644 absurditatis
1520 1594 1576 1642 et
1596 1585 1832 1660 indigui-

238 1642 354 1697 tatis
392 1655 477 1700 est
523 1664 714 1722 magna
747 1659 1067 1728 necessitas,
1101 1642 1476 1736 quodsciiieet
1503 1676 1633 1740 deos
1660 1642 1828 1739 tellis.-

235 1734 338 1789 rios
359 1736 594 1796 humana
619 1758 868 1805 curantes
889 1753 1015 1822 quid
1046 1766 1324 1820 terrestres
1344 1763 1587 1824 homines
1607 1785 1826 1842 agerent

233 1827 409 1898 utique
439 1831 668 1900 lateret,
695 1840 793 1894 nisi
823 1842 1091 1906 dmtnones
1132 1853 1260 1910 aerii
1301 1858 1642 1930 nuntiarent;
1689 1882 1820 1934 quo-

231 1922 366 1976 niam
397 1925 573 1982 mthcr
599 1929 753 2002 longe
779 1949 808 1988 a
843 1945 982 1994 terra
1025 1951 1106 2000 est
1135 1944 1343 2017 alteque
1370 1964 1663 2022 suspensus
1684 1999 1700 2023 ,
1728 1973 1822 2016 aer

229 2018 347 2071 ‘vero
370 2017 563 2076 :ethcri
595 2032 856 2100 terrzeqne
882 2035 1178 2112 contiguus.
1211 2039 1255 2102 Ο
1283 2043 1579 2108 mirabilem
1609 2052 1820 2122 sapient»

229 2108 344 2164 tiam
373 2113 385 2166 !
416 2113 556 2180 Quid
602 2119 746 2176 aliud
775 2123 841 2178 de
881 2125 982 2182 diis
1031 2108 1117 2186 isti
1160 2135 1397 2198 sentiunt
1417 2178 1434 2206 ,
1466 2155 1601 2211 quos
1628 2108 1818 2203 omnes

225 2205 450 2274 Optimos
481 2208 671 2278 volunt
689 2253 704 2278 ,
737 2214 838 2272 nisi
867 2231 958 2276 eos
987 2230 1042 2276 et
1066 2221 1298 2288 humana
1320 2205 1507 2290 curare
1530 2275 1547 2302 ,
1579 2250 1647 2292 ne
1669 2237 1814 2294 cuitu

223 2294 502 2353 vidcantur
522 2301 746 2374 indigni,
770 2317 822 2370 et
849 2322 1066 2381 propter
1093 2316 1478 2379 elementorum
1507 2325 1813 2389 distantiam

222 2385 446 2448 humana
479 2398 724 2464 nescire,
759 2410 816 2456 ut
843 2405 1128 2466 credantur
1162 2411 1433 2476 daamones
1480 2426 1810 2492 necessarii,

222 2489 270 2534 et
305 2483 372 2536 ob
405 2484 511 2540 hoc
555 2489 718 2548 etiam
750 2494 848 2570 ipsi
886 2507 1135 2570 putentur
1175 2505 1426 2577 colendi,
1454 2526 1548 2580 per
1576 2529 1709 2584 quos
1727 2516 1811 2574 .dii

217 2576 418 2642 possint
459 2588 512 2633 et
540 2581 668 2651 quid
695 2584 746 2642 itt
776 2588 934 2648 rebus
960 2590 1207 2652 humanis
1235 2576 1424 2668 agatur
1451 2576 1731 2666 addiscere
1755 2621 1811 2667 et

217 2665 295 2719 ubi
321 2679 537 2737 oportet
564 2670 869 2736 hominibus
897 2682 1221 2748 subvenire?
1251 2665 1364 2748 iioc
1390 2693 1436 2748 si
1459 2694 1531 2750 ita
1558 2707 1674 2768 est,
1705 2700 1808 2758 diis

217 2755 324 2814 istis
353 2761 514 2822 bonis
557 2768 726 2838 magis
756 2780 912 2830 notus
949 2785 1033 2832 est
1075 2778 1284 2846 dazmon
1332 2800 1428 2854 per
1453 2802 1650 2860 corpus
1678 2793 1808 2851 vici-

213 2865 330 2908 num
348 2897 362 2920 ,
387 2872 553 2926 quam
587 2860 746 2920 homo
775 2881 871 2938 per
894 2870 1126 2931 animum
1151 2873 1370 2938 bonum.
1394 2880 1439 2936 0
1460 2884 1684 2942 multum
1709 2888 1808 2945 do-

210 2942 360 3002 lenda
401 2956 735 3026 necessitas,
766 2975 832 3016 an
861 2965 1038 3032 petius
1077 2968 1344 3030 irridenda
1375 2975 1459 3031 vel
1489 2977 1802 3039 detestanda

209 3042 440 3110 vanitas,
473 3062 543 3100 ne
567 3049 638 3102 sit
667 3065 799 3106 vana
829 3054 1110 3115 divinitas!
1142 3061 1197 3118 Si
1228 3064 1370 3122 enini
1401 3070 1581 3128 animo
1610 3073 1678 3129 ab
1701 3077 1801 3132 ob-

209 3134 405 3194 stacolo
435 3141 685 3214 corporis
721 3142 890 3202 libero
932 3149 1168 3208 animum
1211 3167 1454 3217 nostrum
1500 3163 1682 3221 videre
1725 3167 1797 3224 dii

208 3234 466 3298 possunt,
501 3245 604 3288 non
633 3234 699 3290 ad
728 3236 831 3292 hoc
857 3239 1188 3308 daemonibus
1216 3249 1459 3322 indigent
1490 3259 1689 3315 nuntiis
1713 3279 1727 3317 :
1751 3263 1798 3317 si

204 3327 376 3390 autem
404 3321 710 3384 animorum
739 3327 934 3390 indicia
961 3340 1258 3408 corporalia
1276 3383 1291 3411 ,
1320 3347 1495 3415 qualia
1525 3360 1650 3408 sunt
1677 3355 1796 3410 vul-

204 3416 314 3482 tus,
373 3414 613 3490 locutio,
662 3434 882 3493 motus,
908 3443 1002 3498 per
1027 3447 1222 3504 corpus
1265 3414 1421 3498 suum
1465 3448 1673 3503 mtherii
1723 3451 1793 3507 dii

202 3507 465 3580 sentiunt,
493 3519 548 3570 et
574 3513 699 3571 inde
723 3518 978 3590 colligunt
1003 3527 1131 3596 quid
1155 3531 1315 3590 etiam
1343 3535 1614 3597 damones
1659 3559 1795 3600 nun.

201 3594 355 3664 rictu,
383 3614 612 3672 possunt
654 3617 711 3664 et
746 3594 1038 3679 mendaciis
1066 3620 1370 3683 daemonum
1397 3629 1591 3704 decipi.
1625 3635 1792 3694 Porro

199 3686 476 3798 sitientum
494 3697 747 3764 divinitas
774 3720 805 3760 a
831 3707 1165 3774 (immanibus
1191 3734 1298 3776 non
1327 3732 1500 3792 potest
1517 3686 1661 3798 iani,
1683 3732 1752 3789 ab
1771 3735 1787 3767 ί

196 3779 375 3842 θεωροὶ
400 3785 709 3862 divinitate,
728 3799 870 3868 quod
893 3802 1130 3874 agimus.
1161 3825 1265 3868 non
1290 3779 1785 3890 potest'ignﬁor—ariw'.

260 3872 311 3926 2.
343 3876 547 3940 Vellem
579 3896 758 3954 autem
788 3892 918 3957 mihi
939 3872 1032 3958 isti
1053 3872 1314 3973 dicerent,
1347 3872 1530 3966 ntruni
1551 3912 1654 3970 (liis
1679 3915 1787 3972 du:-

194 3981 375 4029 moncs
422 3977 798 4048 nuntiarerini
839 3986 908 4046 de
949 3990 1263 4055 criminibus
1307 3999 1529 4059 deorum
1579 4009 1784 4077 poetica

195 4056 396 4123 Platoni
425 4065 712 4138 displicere
742 4074 1014 4148 ﬁgmenta,
1048 4094 1102 4140 et
1128 4088 1226 4144 sibi
1255 4106 1316 4147 ea
1345 4056 1554 4163 placere
1574 4056 1782 4159 celave-

190 4151 320 4222 rint;
345 4170 412 4222 an
433 4167 724 4234 utrumque
743 4171 1118 4237 oceuitaverint
1137 4221 1151 4246 ,
1176 4151 1412 4256 deosqite
1437 4205 1558 4250 esse
1574 4197 1778 4253 malue-

189 4243 290 4306 rint
316 4250 480 4308 totius
503 4255 581 4310 rei
611 4256 772 4328 hujus
798 4261 1044 4334 ignaros;
1078 4286 1146 4327 ait
1185 4285 1467 4350 utrumque
1510 4279 1778 4347 indicave-

188 4336 322 4406 rint,
345 4352 402 4396 et
425 4345 731 4416 religiosam
763 4369 886 4425 erga
910 4357 1042 4418 deos
1071 4363 1309 4424 Platonis
1339 4336 1693 4448 prudentiam,
1724 4394 1780 4440 et

1339 4425 1354 4441 ,
1378 4425 1693 4448 ,_,w----._...,
1724 4425 1775 4440 υ.

187 4425 238 4482 in
275 4431 406 4493 deos
449 4437 764 4508 injuriosam
809 4447 1085 4515 libidinem
1128 4473 1315 4530 suam;
1360 4480 1427 4521 an
1457 4476 1775 4532 sententiam

190 4524 396 4590 quidem
428 4527 703 4602 Platonis,
735 4553 839 4608 qua
870 4544 1038 4605 uoluit
1065 4547 1196 4610 deos
1239 4524 1334 4624 per
1362 4524 1774 4630 impiam—liceri:

182 4618 402 4678 centiam
427 4634 705 4697 poetarum
736 4631 883 4700 falsis
900 4638 1214 4706 criminibus
1239 4618 1507 4719 infamari,
1539 4656 1773 4726 ignotam

1153 4704 1158 4706 _
1539 4704 1770 4726 -σ.--.-...

179 4704 278 4761 diis
299 4726 421 4767 esse
450 4717 754 4796 voluerint,
785 4741 933 4790 suam
971 4747 1098 4794 vero
1128 4741 1448 4814 nequitiam,
1483 4764 1584 4818 qua
1616 4752 1770 4811 ludos

178 4803 416 4860 scenicos
464 4819 682 4881 amant,
715 4819 906 4886 quibus
938 4823 1026 4878 illa
1068 4827 1290 4898 deorum
1322 4834 1582 4894 dedecora
1623 4845 1767 4903 cele-

177 4889 412 4966 brantur,
439 4905 670 4974 prodere
689 4925 795 4970 non
816 4915 1125 4980 erubuerint
1150 4923 1231 4980 vel
1251 4927 1539 4988 timuerint.
1563 4934 1767 4998 Horum

173 4997 434 5060 ιιιιειιυοι»,
485 5009 606 5066 qua:
647 5000 1026 5077 interrogando
1055 5019 1338 5090 proposui,
1368 5026 1642 5094 quodlibet
1670 4997 1767 5088 eli;

170 5089 310 5149 sant,
341 5092 400 5139 et
430 5086 482 5141 in
511 5091 751 5161 quolibet
776 5112 961 5156 eorum
993 5086 1248 5174 quantum
1287 5086 1412 5172 mali
1443 5117 1509 5174 de
1533 5119 1636 5178 diis
1663 5086 1763 5184 bo.

169 5173 250 5228 nis
292 5180 604 5253 opinentur,
638 5191 932 5249 attendant.
964 5173 1021 5252 Si
1048 5203 1190 5258 enim
1214 5206 1442 5276 primum
1471 5212 1758 5294 elegerint,

169 5269 463 5294 M_f---__n2
514 5291 526 5294 _
616 5288 626 5294 .
816 5285 850 5294 ..
926 5289 937 5294 -
1080 5293 1085 5294 ,

167 5269 465 5329 confessuri
508 5288 634 5334 sunt
677 5297 783 5340 non
816 5285 1030 5347 licuisse
1058 5293 1160 5350 diis
1191 5269 1344 5358 bonis
1369 5299 1609 5362 habitare
1637 5269 1759 5372 cuni

161 5356 301 5418 bono
324 5365 575 5438 Platone,
587 5375 815 5445 ‘quando
841 5394 1027 5438 eorum
1053 5356 1277 5457 injurias
1325 5356 1759 5468 prohibebatZ‘e-i

162 5450 434 5515 habitasse
455 5476 576 5518 cum
599 5464 932 5530 dtemonihus
959 5478 1132 5546 malis,
1166 5485 1380 5552 quando
1404 5502 1592 5545 eorum
1616 5491 1756 5564 inju-

156 5542 244 5600 riis
275 5551 649 5624 exsultabant;
677 5574 800 5617 eum
826 5563 900 5620 dii
931 5567 1054 5624 boni
1081 5542 1352 5631 hominem
1374 5577 1570 5638 bonum
1595 5542 1754 5657 longe

153 5649 179 5689 a
207 5653 268 5695 se
295 5646 534 5712 positum
577 5655 795 5712 nonnisi
819 5673 915 5730 per
963 5662 1133 5722 malos
1176 5665 1448 5730 daemones
1494 5686 1748 5749 nossent,

203 5799 221 5878 Ῐ
251 5802 424 5878 Ε’ἒεξίν
443 5804 531 5878 9’?!
553 5807 604 5859 ίιι
626 5812 1044 5878 Memacenis
1064 5830 1171 5876 Mss.
1239 5835 1293 5878 tu.

200 5863 221 5893 ³
249 5861 336 5917 ωε
359 5861 530 5932 incipit
549 5861 696 5937 caput
708 5861 848 5927 ἐῖὶῖ
864 5861 968 5932 Ξῖ

3445 419 3550 479 946

1959 508 2091 561 quos
2116 497 2353 554 vicinos‘
2387 521 2546 565 nosse
2568 527 2671 569 non
2700 530 2935 589 possent.
2965 523 3019 581 Si
3047 535 3224 585 autem
3255 537 3562 596 secundum-

1955 586 2230 656 eiegerint,
2261 605 2313 648 et
2335 606 2612 673 utrumque
2634 612 2950 671 occultatum
2983 634 3013 674 a
3042 620 3374 685 daemonibus
3397 629 3545 688 dixe-

1952 678 2075 746 rint,
2109 690 2166 735 ut
2204 682 2275 738 dii
2315 690 2534 748 omnino
2563 701 2826 761 nescirent
2852 716 2906 762 et
2937 709 3173 770 Platonis
3203 718 3544 794 religiosissi-

1953 784 2092 825 mnm
2121 773 2288 846 legem
2319 791 2374 836 et
2401 783 2703 848 daemonum
2732 798 3044 876 sacrilegam
3089 797 3498 874 delectationem
3522 833 3538 886 ;

1953 865 2074 886 η.-ζ..Ι
2102 867 2143 886 Ξμ
2257 870 2274 886 ἱ
2382 875 2395 886 ⁸
2584 883 2594 886 ³

2927 865 2953 876 ν
3250 865 3279 874 τ’
3354 865 3381 866 "
3400 865 3407 866 ί
3423 865 3498 869 “’““
3522 865 3538 886 τ

1949 865 2074 932 quid
2102 867 2154 922 in
2197 870 2356 929 rebus
2382 875 2627 940 humanis
2655 901 2750 956 per
2775 889 3130 956 internuntios
3154 900 3427 963 daemones
3468 907 3541 965 dii

1948 970 2107 1012 nosse
2139 961 2340 1020 utiliter
2368 983 2618 1041 possunt,
2645 982 2857 1049 quando
2887 985 2972 1041 illa
3001 991 3279 1068 nesciunt,
3309 1013 3429 1074 qum
3483 1002 3534 1064 in

1948 1044 2199 1074 “num
2250 1055 2274 1074 ,
2294 1072 2327 1074 _
2491 1061 2505 1074 .
2841 1073 2849 1074 κ

2661 1044 2680 1049 -
3071 1044 3279 1068 γαν---Ἶ
3351 1044 3429 1055 ww
3483 1044 3534 1064 ἰ’

1945 1044 2202 1107 honorem
2241 1055 2463 1115 deorum
2491 1061 2750 1124 bonorum
2776 1073 3032 1144 religione
3058 1044 3342 1142 bonorum1
3359 1088 3536 1148 homi-

1944 1153 2070 1195 num
2101 1155 2288 1204 contra
2315 1151 2586 1212 libidinem
2619 1162 2880 1222 malorum
2909 1168 3211 1235 daemonum
3233 1178 3534 1240 decernth

1945 1232 2069 1286 tur?
2097 1234 2153 1292 Si
2187 1256 2311 1296 vero
2340 1247 2555 1304 tertium
2588 1253 2867 1325 elegerint,
2898 1271 2952 1316 et
2981 1279 3086 1320 non
3112 1269 3281 1326 solum
3320 1285 3536 1336 senten-

1944 1321 2066 1378 tiam
2091 1326 2325 1387 Platonis
2349 1335 2570 1396 deorum
2598 1342 2817 1415 injurias
2845 1352 3234 1428 prohibentem,
3260 1365 3351 1419 sed
3373 1368 3533 1433 etiam

1939 1413 2240 1477 daemonum
2263 1429 2552 1497 nequitiam
2570 1435 2793 1496 deorum
2816 1443 3023 1515 injuriis
3041 1452 3413 1534 exsultantem,
3438 1477 3534 1540 per

1939 1511 2151 1540 ιιηοιΙΑη.
2187 1516 2316 1540 Jun-
2338 1537 2351 1540 _
2379 1539 2383 1540 ,
2643 1533 2654 1540 .
2781 1537 2830 1540 __,

2867 1511 2881 1515 ν
3322 1511 3413 1534 πάι
3478 1511 3524 1519 ν’

1937 1511 2152 1567 eosdem
2183 1516 2455 1580 daemones
2504 1533 2720 1589 nuntios
2761 1537 2863 1594 diis
2911 1543 3208 1605 innotuisse
3238 1511 3532 1628 responde-

1937 1601 2070 1628 κει...
2106 1604 2203 1628 ι---
2235 1625 2259 1628 η
2348 1615 2381 1628 -ο

3130 1601 3204 1605 -ν-
3239 1601 3324 1608 -ν-
3367 1601 3509 1624 *ν’-κ

1936 1601 2072 1670 rint;
2105 1604 2205 1664 hoc
2233 1615 2478 1673 nuntiare
2508 1631 2606 1688 est,
2634 1641 2700 1680 an
2724 1627 3023 1691 insultare?
3047 1637 3116 1695 Et
3152 1641 3225 1702 dii
3249 1601 3530 1721 utriimque

1936 1695 2010 1721 αξη
2033 1699 2204 1721 nni-ii“
2234 1712 2248 1721 ι
2344 1708 2356 1720 ’
2471 1719 2474 1721 ‘

3159 1695 3224 1702 ἡ--
3253 1695 3528 1721 ------..,..ν

1933 1695 2010 1752 sic
2030 1699 2270 1770 audiunt,
2313 1708 2392 1764 sic
2427 1719 2708 1788 utrumque
2733 1736 3100 1799 cognoscunt,
3133 1741 3191 1789 ut
3219 1751 3324 1792 non
3355 1740 3528 1797 solum

1932 1791 2191 1868 malignos
2217 1796 2491 1866 daemones
2514 1806 2736 1874 deorum
2777 1791 3018 1887 dignitati
3046 1791 3102 1879 et
3127 1825 3368 1886 Platonis
3403 1833 3526 1888 reli-

1929 1881 2073 1960 gioni
2113 1895 2380 1954 contraria
2428 1901 2704 1970 cupientes
2732 1881 2894 1980 atque
2923 1912 3178 1974 facientes
3206 1935 3238 1974 n
3282 1937 3382 1978 suo
3429 1940 3522 1981 ac-

1927 1991 2082 2036 cessu
2109 1999 2212 2039 non
2251 2003 2488 2061 arceant,
2519 2011 2701 2054 verum
2733 2004 2892 2064 etiam
2921 2022 3016 2076 per
3039 2011 3162 2072 illos
3188 2015 3361 2078 malos
3390 2034 3517 2088 pro-

1923 2072 2151 2144 pinquos
2229 2081 2434 2150 Platoni
2493 2087 2634 2145 bono
2697 2072 2984 2172 longinquo
3049 2103 3187 2168 dona
3247 2112 3520 2176 transmit-

1926 2173 2055 2223 tant.
2113 2170 2202 2228 Sic
2261 2178 2406 2233 enim
2460 2196 2553 2238 eos
2613 2170 3001 2256 elementorum
3063 2201 3212 2274 quasi
3270 2214 3516 2268 catenata

1923 2261 2093 2319 series
2119 2265 2419 2339 colligavit,
2447 2285 2503 2330 ut
2533 2276 2634 2334 illis
2674 2296 2700 2333 a
2741 2285 2932 2359 quibus
2958 2261 3338 2362 criniinantur,
3382 2313 3516 2358 con-

1915 2351 2066 2428 jungi
2097 2362 2339 2430 possint;
2370 2364 2493 2423 huic
2523 2385 2553 2424 a
2579 2387 2686 2443 quo
2715 2351 3074 2440 defenduntur
3095 2427 3111 2456 ,
3140 2402 3244 2444 non
3273 2394 3512 2460 possint:

1921 2454 2204 2522 utrumque
2232 2455 2462 2516 scientes
2481 2502 2497 2528 ,
2522 2462 2616 2522 sed
2644 2468 2784 2522 aeris
2813 2479 2866 2525 et
2894 2481 3046 2530 terra:
3074 2454 3307 2548 pondera
3339 2491 3512 2542 trans-

1920 2549 2129 2600 mutare
2174 2562 2283 2603 non
2307 2551 2564 2614 valentes.
2585 2557 2702 2613 Jam
2725 2564 2865 2636 quod
2883 2567 3145 2642 reliquum
3169 2583 3269 2640 ρει,
3290 2576 3334 2636 si
3355 2593 3513 2648 quar-

1917 2642 2027 2690 tum
2054 2639 2317 2711 elegerint
2339 2689 2352 2712 ,
2390 2648 2541 2719 pejus
2571 2664 2652 2708 est
2678 2659 2908 2720 caeteris.
2938 2639 3065 2730 Quis
3094 2665 3235 2724 enim
3267 2666 3436 2737 ierat,
3465 2673 3510 2728 si

1914 2741 2192 2799 poetarum
2218 2737 2286 2793 de
2315 2738 2418 2796 diis
2445 2742 2835 2806 immortalibus
2865 2754 3150 2814 criminosa
3182 2758 3431 2832 ﬁgmenta
3459 2773 3512 2821 et

1912 2821 2244 2883 theatrorum
2272 2831 2486 2904 indigna
2517 2837 2766 2906 ludibria,
2795 2859 3053 2917 suamque
3076 2849 3125 2904 in
3155 2850 3238 2906 his
3264 2855 3510 2913 omnibus

1909 2913 2341 2976 ardentissimam
2360 2926 2702 2996 cupiditatem
2721 2942 2775 2987 ct
2795 2937 3164 2996 stm'issimat'n
3183 2943 3507 3016 voluptatem

1909 3003 2011 3061 diis
2037 3008 2310 3070 daemones
2342 3020 2756 3096 nuntiaverunt,
2789 3040 2840 3083 et
2862 3073 2876 3096 ,
2911 3033 3049 3102 quod
3093 3034 3243 3094 Plato
3271 3038 3506 3110 philoso-

1907 3097 2065 3166 phica
2106 3105 2365 3173 gravitate
2391 3109 2460 3166 tle
2499 3117 2697 3184 Optima
2728 3123 2997 3190 republica
3030 3125 3144 3186 haec
3173 3133 3349 3188 omnia
3379 3149 3503 3192 cen-

1905 3192 2012 3246 suit
2037 3199 2380 3266 removenda,
2415 3213 2732 3276 tacuerunt;
2767 3221 2820 3266 ut
2846 3214 2955 3286 jatn
2989 3218 3061 3278 dii
3093 3221 3215 3278 boni
3245 3242 3340 3296 per
3369 3230 3502 3285 tales

1905 3287 2120 3342 liliiIIlOS
2146 3305 2305 3347 nosse
2331 3308 2593 3366 cogantur
2621 3302 2758 3358 mala
2786 3309 3161 3381 pessimorum,
3185 3330 3283 3374 nec
3303 3321 3498 3387 aliena,

1902 3377 1998 3431 sed
2027 3383 2337 3440 eorumdem
2369 3391 2714 3460 nuntiorum,
2747 3377 2906 3472 atque
2952 3401 3034 3459 his
3078 3410 3342 3468 contraria
3387 3428 3498 3472 non

1901 3467 2145 3528 sinantur
2171 3491 2327 3534 nosse
2358 3480 2496 3538 bona
2528 3467 3001 3564 philosophorum,
3027 3513 3146 3562 cum
3189 3501 3276 3560 illa
3302 3506 3411 3574 sint
3440 3508 3494 3570 in

1900 3557 2168 3633 injuriam,
2202 3567 2298 3623 ista
2328 3571 2380 3627 in
2411 3557 2668 3643 honorem
2697 3557 2931 3654 ipsorum
2955 3587 3210 3658 deorum?

1897 3694 2129 3770 CAPUT
2159 3701 2325 3764 XXII.
2349 3737 2420 3750 -—
2449 3709 2529 3766 De
2550 3714 2835 3786 abjiciendo
2857 3722 3000 3777 cultu
3026 3725 3331 3800 daemonum,
3363 3748 3487 3790 con-

2489 3812 2569 3860 tra
2592 3805 2881 3878 Apuleium.

1960 3925 2096 3995 Quia
2124 3929 2286 4002 igitur
2305 3935 2436 3992 nihil
2467 3937 2688 3998 istorum
2710 3955 2937 4016 quatuor
2959 3950 3264 4034 eligendum
3285 3967 3391 4036 est,
3413 3977 3486 4021 ne

1892 4016 1944 4072 in
1972 4019 2208 4090 quolibet
2237 4039 2423 4083 eorum
2451 4031 2517 4086 de
2543 4032 2646 4089 diis
2674 4043 2781 4100 tam
2808 4041 2949 4104 male
3272 4016 3486 4124 {restat

1890 4117 1948 4164 ut
1975 4112 2119 4169 nullo
2149 4117 2309 4184 modo
2335 4122 2662 4190 credendum
2693 4129 2782 4201 sit,
2813 4134 2954 4210 quod
2981 4135 3235 4220 Apuleius

1888 4201 2016 4260 dere
2038 4207 2245 4279 nititur,
2269 4222 2323 4268 et
2342 4220 2663 4298 quicumque
2685 4223 2772 4278 alii
2794 4201 2917 4282 sunt
2937 4201 3176 4300 ejusdem
3200 4201 3481 4309 sententia:

1886 4296 2226 4372 philosophi,
2257 4304 2328 4359 ita
2355 4321 2474 4365 esse
2520 4296 2726 4372 medios
2750 4296 3034 4382 daemon—es
3070 4296 3210 4390 inter
3252 4296 3479 4394 denset

1884 4388 2131 4449 homines
2175 4405 2422 4469 tanquam
2468 4407 2829 4470 internuntios
2878 4420 2932 4466 et
2979 4413 3325 4490 interpretes,
3385 4423 3478 4502 qui

1884 4479 2001 4502 μ’,
2033 4481 2056 4502 ,.
2188 4499 2197 4502 Α
2834 4501 2837 4502 ν
2907 4501 2913 4502 κ

1882 4479 2007 4538 hinc
2030 4481 2204 4542 ierant
2231 4491 2515 4559 petitiones
2544 4507 2754 4556 nostras
2779 4543 2793 4578 ,
2828 4501 2953 4559 inde
2978 4479 3211 4574 referant
3252 4479 3475 4582 deorum

1879 4579 2191 4647 suppetias:
2220 4583 2315 4637 sed
2358 4601 2477 4641 esse
2502 4589 2719 4662 spiritus
2749 4595 2975 4662 nocendi
3003 4601 3414 4682 cupidissimos,
3441 4624 3475 4666 a

1873 4665 2077 4736 justitia
2107 4673 2317 4740 penitus
2356 4675 2580 4747 alienos,
2613 4684 2859 4764 superbia
2897 4665 3148 4764 tumidos,
3181 4665 3470 4768 invidanlia

1879 4760 2086 4832 lividos,
2118 4763 2327 4831 fallacia
2356 4769 2576 4830 callidos
2611 4791 2622 4828 :
2651 4760 2741 4847 qui
2769 4777 2821 4848 in
2851 4778 2952 4842 hoc
2977 4760 3192 4854 quidem
3217 4803 3342 4850 aere
3370 4760 3467 4852 ut-

1875 4852 2065 4922 hitant,
2086 4857 2207 4926 quia
2231 4858 2299 4915 de
2325 4861 2447 4918 cmli
2467 4866 2758 4937 superioris
2775 4852 3104 4933 sublimitate
3119 4877 3331 4949 dejecti,
3352 4896 3465 4938 me-

1873 4944 1978 5004 rito
2003 4946 2404 5020 irregressibilis
2425 4961 2866 5030 transgressionis
2893 4965 2946 5020 in
2973 4966 3075 5022 hoc
3100 4944 3201 5023 sibi
3226 4944 3463 5042 congruo

1873 5037 2014 5094 velut
2040 5054 2257 5098 carcere
2285 5047 2631 5116 przedamnati
2659 5063 2812 5122 sunt;
2839 5071 2940 5128 nec
2961 5065 3136 5125 tamen
3157 5059 3277 5128 quia
3300 5076 3461 5132 supra

1871 5139 2042 5187 terras
2066 5142 2119 5188 et
2151 5148 2319 5207 aquas
2355 5139 2468 5194 aeri
2491 5141 2513 5174 ⁸
2534 5141 2683 5198 locus
2707 5154 2810 5214 est,
2840 5146 2962 5202 ideo
2984 5159 3038 5202 et
3064 5149 3164 5219 ipsi
3192 5159 3320 5206 sunt
3342 5168 3460 5220 me-

1867 5221 1986 5276 ritis
2011 5225 2320 5294 superiores
2350 5227 2653 5292 hominibus
2671 5277 2687 5306 ,
2718 5236 2811 5306 qui
2831 5251 2924 5296 eos
2959 5254 3067 5302 non
3094 5248 3309 5309 terreno
3337 5261 3460 5308 cors-

1867 5329 2018 5386 pore,
2047 5317 2141 5374 sed
2169 5320 2338 5378 electo
2367 5323 2422 5379 in
2445 5327 2700 5382 auxilium
2731 5328 2844 5386 Deo
2871 5345 3022 5399 vero,
3051 5333 3137 5406 pia
3166 5345 3350 5394 mente
3372 5340 3454 5398 fa.-

1863 5409 2063 5466 cillime
2088 5422 2341 5483 superant
2372 5414 2470 5489 (a).
2496 5417 2601 5474 Sed
2630 5421 2812 5476 multis
2855 5422 3012 5493 plane
3049 5427 3457 5500 participatione

1926 5592 1944 5623 ί
1969 5592 2110 5676 editi,
2463 5599 2633 5676 abest,
2652 5598 2793 5676 sibi,
2807 5613 2836 5654 a
2856 5607 2963 5660 Mss.
2987 5610 3130 5658 Forte
3165 5605 3452 5676 legendum,

1859 5667 1990 5720 quos,
2018 5661 2110 5708 etsi
2129 5661 2320 5718 ticinos,
2342 5671 2479 5710 nosse
2499 5673 2591 5712 non
3216 5661 3248 5676 “’

1921 5716 2678 5805 ῑὲρξιηίξίέϋξολεεῑςε.ςξεξειέξςη,
2912 5793 2922 5804 .
2982 5793 2996 5805 .
3021 5796 3029 5805 .
3240 5794 3249 5804 .

1928 5778 2003 5845 (a)
2029 5789 2094 5854 De
2114 5781 2219 5866 loco
2236 5778 2527 5866 despumari-ﬂ
2547 5784 2959 5866 plurajpassiinjn
2982 5793 3116 5866 hisce
3140 5793 3280 5866 libris
3301 5792 3449 5866 habet

1861 5845 2176 5911 Augustinus.
2200 5845 2371 5893 confer
2397 5845 2653 5911 etiam'lib.
2677 5845 2742 5899 d'e
2767 5859 2869 5903 Nat.
2897 5855 3008 5904 Boni
3042 5862 3209 5908 contra
3231 5855 3434 5911 Mallia!-

1857 5917 1910 5956 n.
1935 5907 2014 5968 35,
2041 5915 2093 5956 et
2114 5907 2177 5955 tle
2199 5915 2360 5969 Agone
2380 5907 2662 5972 Christiano,
2688 5927 2738 5962 n.
2760 5914 2808 5964 5.
