4064 6482
501 361 606 420 ΞΠ

501 492 645 533 verae
667 475 944 548 religionis
969 473 1202 547 indignis
1225 515 1241 544 ,
1272 481 1528 544 tanquam
1568 473 1738 543 captis
1763 471 2096 543 subditisque

503 569 850 624 dominantur
881 587 893 624 :
926 581 1152 639 quorum
1199 565 1446 620 maxima:
1494 566 1632 637 parti
1670 565 2002 620 mirabilibus
2043 575 2099 620 et

504 659 785 717 fallacibus
829 659 995 730 signis
1038 658 1154 713 sive
1195 656 1492 723 factorum,
1537 657 1650 710 sive
1691 655 2095 725 praedictorum,

505 753 637 810 deos
689 769 748 809 se
805 767 926 810 esse
984 759 1382 823 persuaserunt.
1425 749 1750 818 Quibusdam
1793 763 1920 805 vero
1971 748 2098 803 vilia

505 860 693 901 eorum
733 844 1006 914 aliquanto
1043 844 1296 898 attentius
1321 851 1376 897 et
1395 841 1702 912 diligentius
1732 839 2093 908 intuentibus,

504 953 611 994 non
655 945 943 1008 potuerunt
981 936 1304 1007 persuadere
1332 934 1475 1006 quod
1498 933 1570 989 dii
1611 933 1747 1000 sint,
1775 944 1934 1003 atque
1960 932 2100 987 inter

504 1026 636 1084 deos
687 1037 740 1083 et
769 1027 1016 1083 homines
1046 1027 1405 1082 internuntios
1433 1040 1496 1080 ac
1523 1025 1900 1081 beneficiorum
1931 1026 2099 1094 impe-

507 1127 740 1176 tratores
765 1134 827 1176 se
850 1134 970 1176 esse
994 1122 1264 1174 finxerunt
1289 1137 1301 1173 :
1329 1119 1374 1172 si
1403 1125 1578 1172 tamen
1601 1133 1704 1171 non
1728 1117 1886 1171 istum
1907 1117 2098 1170 saltem

509 1211 775 1268 honorem
807 1212 1052 1267 homines
1083 1214 1162 1266 eis
1191 1207 1537 1265 deferendum
1567 1217 1834 1278 putarunt,
1862 1207 1948 1277 qui
1982 1207 2100 1262 illos

507 1321 612 1361 nec
637 1305 769 1362 deos
808 1320 928 1361 esse
957 1304 1280 1370 credebant,
1311 1302 1434 1372 quia
1459 1301 1630 1356 malos
1660 1300 1940 1365 videbant;
1969 1299 2100 1355 deos

508 1409 687 1454 autem
733 1413 922 1453 omnes
969 1397 1139 1453 bonos
1159 1397 1445 1461 volebant,
1493 1410 1592 1450 nec
1628 1393 1894 1449 audebant
1921 1404 2100 1449 tamen

509 1493 730 1549 omnino
770 1493 1018 1564 indignos
1064 1493 1246 1549 dicere
1276 1491 1480 1547 honore
1510 1491 1728 1556 divino;
1758 1490 1988 1545 maxime
2029 1504 2102 1546 ne

508 1584 846 1642 offenderent
891 1586 1117 1656 populos
1140 1626 1152 1650 ,
1179 1601 1210 1639 a
1239 1583 1430 1654 quibus
1457 1584 1537 1638 eis
1574 1581 1863 1638 cernebant
1891 1582 2102 1637 invete-

509 1686 626 1734 rata
647 1679 1026 1749 superstitione
1052 1693 1148 1749 per
1173 1686 1250 1732 tot
1270 1693 1422 1734 sacra
1452 1687 1506 1733 et
1535 1677 1730 1747 templa
1757 1675 1968 1731 serviri.

509 1810 739 1868 CAPUT
759 1812 1023 1868 XXIII.—
1039 1812 1175 1879 Quid
1193 1811 1405 1867 Hermes
1422 1811 1775 1881 Trismegistus
1799 1812 1862 1866 de
1885 1809 2104 1865 idolola-

586 1906 687 1960 tria
735 1906 976 1972 senserit,
1027 1915 1073 1960 et
1113 1905 1250 1960 unde
1288 1905 1417 1961 scire
1462 1906 1677 1977 potuerit
1726 1904 2104 1976 superstitiones

585 1997 865 2070 sEgyptias
890 1999 1214 2070 auferendus.

586 2127 640 2183 Ι.
680 2126 814 2182 Nam
858 2127 1072 2184 diversa
1111 2127 1179 2184 de
1209 2128 1313 2184 illis
1341 2126 1567 2184 Hermes
1594 2127 1878 2200 Egyptius
1899 2169 1916 2196 ,
1946 2141 2106 2199 quem

515 2219 919 2291 'l‘rismegistum
946 2230 1172 2290 vocant,
1205 2221 1372 2277 sensit
1401 2231 1456 2278 et
1480 2222 1692 2293 scripsit
1723 2221 1823 2294 (a).
1854 2220 2109 2291 Apuleius

515 2313 656 2368 enim
683 2313 814 2368 deos
839 2313 1056 2384 quidem
1081 2313 1203 2368 illos
1225 2323 1384 2384 negat
1412 2330 1426 2366 :
1457 2313 1549 2368 sed
1578 2329 1698 2368 cum
1725 2313 1852 2366 dicit
1875 2313 1945 2367 ita
1972 2312 2110 2368 inter

515 2404 762 2460 homines
797 2405 1030 2477 deosque
1070 2405 1298 2477 quadam
1327 2405 1613 2460 medietate
1640 2405 1877 2470 versari,
1907 2413 1966 2458 ut
2007 2403 2110 2459 ho-

516 2497 753 2552 minibus
781 2497 921 2568 apud
945 2497 1088 2569 ipsos
1103 2498 1236 2554 deos
1257 2498 1544 2553 necessarii
1574 2497 1852 2553 videantur
1869 2540 1884 2565 ,
1911 2498 2110 2553 cultum

516 2604 706 2644 eorum
732 2604 763 2643 a
804 2605 1156 2659 supernorum
1188 2591 1412 2646 deorum
1441 2591 1700 2662 religione
1743 2606 1850 2644 non
1878 2598 2112 2660 separat.

519 2679 614 2736 ille
659 2690 836 2735 autem
858 2680 1144 2752 Egyptius
1170 2681 1306 2737 alios
1351 2681 1480 2737 deos
1519 2695 1637 2737 esse
1663 2681 1791 2736 dicit
1829 2696 1859 2735 a
1903 2694 2114 2736 summo

521 2771 635 2828 Deo
664 2771 867 2840 factos,
901 2773 1036 2827 alios
1061 2773 1129 2828 ab
1153 2771 1478 2829 hominibus.
1505 2772 1620 2828 Hoc
1648 2773 1737 2844 qui
1766 2772 1945 2840 audit,
1977 2773 2115 2828 sicut

521 2880 552 2920 a
600 2881 688 2928 me
717 2866 947 2936 positum
989 2875 1101 2932 est,
1137 2874 1288 2936 putat
1327 2865 1431 2922 dici
1475 2865 1542 2920 de
1570 2865 1903 2930 simulacris,
1935 2868 2058 2936 quia
2094 2865 2112 2897 ι

521 2976 682 3031 opera
713 2969 836 3015 sunt
858 2977 1110 3016 manuum
1137 2960 1414 3017 hominum
1441 2979 1454 3016 :
1478 2972 1532 3016 at
1556 2961 1643 3016 ille
1669 2961 1891 3017 visibilia
1915 2970 1969 3016 et
1986 2977 2118 3017 con-

525 3055 823 3111 trectabilia
851 3055 1138 3110 simulacra
1159 3097 1175 3124 ,
1203 3055 1352 3112 velut
1381 3070 1606 3126 corpora
1630 3054 1850 3110 deorum
1877 3069 1996 3121 esse
2023 3071 2114 3111 as-

524 3147 685 3214 serit;
715 3147 894 3204 inesse
939 3159 1118 3203 autem
1162 3147 1246 3202 his
1274 3147 1529 3218 quosdam
1577 3147 1794 3218 spiritus
1825 3147 2112 3214 invitatos,

523 3239 612 3309 qui
641 3239 854 3296 valeant
883 3239 1106 3311 aliquid,
1139 3239 1252 3295 sive
1279 3239 1344 3294 ad
1377 3237 1704 3304 nocendum,
1736 3239 1847 3294 sive
1875 3235 1941 3293 ad
1973 3239 2116 3294 desi-

524 3331 672 3388 deria
709 3348 894 3389 eorum
927 3335 1178 3390 nonnulla
1200 3333 1516 3405 complenda
1542 3375 1560 3403 ,
1586 3350 1616 3389 a
1643 3333 1834 3405 quibus
1853 3334 1930 3388 eis
1951 3333 2117 3389 divini

527 3423 762 3480 honores
790 3434 841 3481 et
868 3425 1044 3481 cultus
1070 3426 1328 3496 obsequia
1358 3425 1686 3481 deferuntur.
1717 3424 1825 3479 Hos
1853 3439 1980 3495 ergo
2008 3423 2118 3496 Spi-

525 3517 664 3572 ritus
690 3517 979 3574 invisibiles
1009 3533 1105 3588 per
1134 3527 1302 3573 artem
1331 3516 1616 3587 quamdam
1643 3515 1938 3572 visibilibus
1958 3515 2118 3573 rebus

441 3635 444 3638 ~
525 3611 820 3682 corporalis
863 3611 1099 3667 materia:
1129 3609 1382 3682 cepulare
1404 3612 1448 3678 ',
1483 3620 1540 3666 ut
1568 3609 1676 3666 sint
1699 3610 1848 3681 quasi
1886 3609 2118 3666 animata

531 3716 762 3774 corpora
784 3745 802 3770 ,
833 3701 940 3758 illis
963 3702 1237 3775 spiritibus
1265 3703 1443 3758 dicata
1470 3710 1526 3758 et
1563 3701 1770 3758 subdita
1801 3702 2082 3758 simulacra
2100 3743 2118 3770 ,

527 3795 634 3850 hoc
667 3808 787 3852 esse
811 3795 938 3851 dicit
964 3796 1094 3852 deos
1116 3795 1292 3854 facere
1311 3839 1326 3865 ,
1359 3811 1584 3868 eamque
1612 3811 1856 3868 magnam
1885 3808 1938 3853 et
1963 3798 2124 3852 mira-

528 3885 694 3942 bilem
735 3886 867 3942 deos
905 3886 1136 3944 faciendi
1178 3889 1453 3958 accepisse
1497 3889 1742 3944 homines
1782 3899 2122 3960 potestatem.

531 3975 702 4046 Hujus
724 3974 961 4049 Egyptii
988 3977 1172 4044 verba,
1201 3978 1339 4034 sicut
1361 3979 1412 4033 in
1441 3988 1680 4034 nostram
1707 3979 1938 4050 linguam
1961 3981 2125 4036 inter-

534 4078 740 4138 pretata
771 4078 930 4138 sunt,
963 4085 1157 4141 ponam
1193 4069 1292 4144 (b).
1331 4070 1399 4124 Et
1437 4071 1674 4142 quoniam
1703 4073 1765 4125 de
1791 4073 2122 4144 cognatione,

533 4156 726 4228 inquit,
761 4169 807 4214 et
833 4161 1086 4214 consortio
1110 4161 1371 4215 hominum
1395 4161 1703 4230 deorumque
1726 4163 1868 4216 nobis
1887 4162 2126 4218 indicitur

531 4267 718 4318 sermo,
751 4262 1044 4323 potestatem
1065 4254 1304 4320 hominis,
1327 4269 1359 4309 o
1389 4253 1610 4324 Asclepi,
1642 4255 1837 4324 vimque
1859 4272 2123 4327 cognosce.

537 4341 810 4410 Dominus,
836 4345 1025 4416 inquit.
1051 4355 1096 4400 et
1116 4345 1297 4410 Pater,
1317 4347 1394 4402 vel
1415 4347 1552 4418 quod
1571 4358 1642 4402 est
1666 4365 1936 4413 summum,
1965 4347 2122 4418 Deus,

533 4446 589 4491 ut
617 4435 825 4504 effector
867 4448 938 4494 est
969 4439 1178 4494 deorum
1207 4441 1484 4496 cwlestium
1507 4483 1522 4508 ,
1553 4443 1626 4496 ita
1672 4443 1821 4496 homo
1865 4443 2012 4511 ﬁctor
2054 4457 2127 4499 est

537 4531 744 4584 deorum
769 4531 856 4603 qui
896 4531 949 4584 in
991 4531 1190 4600 templis
1219 4541 1336 4586 sunt
1379 4532 1603 4587 humana
1649 4535 1967 4603 proximitate
2001 4551 2126 4589 con-

537 4623 660 4675 tenti
680 4620 722 4677 ³.
754 4621 823 4676 Et
865 4622 1020 4692 paulo
1052 4631 1172 4693 post
1213 4641 1228 4678 :
1261 4621 1348 4678 Ita
1375 4623 1685 4688 humanitas,
1721 4625 1909 4696 inquit,
1933 4643 2130 4697 semper

537 4731 728 4770 memor
755 4725 951 4770 natura
977 4725 1024 4769 et
1054 4715 1264 4786 originis
1289 4733 1393 4772 sua:
1413 4715 1436 4748 ⁸
1463 4717 1517 4772 in
1560 4717 1652 4771 illa
1691 4719 1962 4774 divinitatis
2005 4719 2126 4773 imi-

540 4805 727 4860 tatione
755 4814 1067 4876 perseverat;
1097 4813 1150 4858 ut
1180 4806 1326 4860 sicuti
1357 4804 1514 4861 Pater
1537 4824 1599 4862 ac
1642 4807 1918 4876 Dominus,
1968 4818 2022 4864 ut
2049 4811 2130 4864 sui

571 4943 633 5054 “*8
645 4949 776 5004 ιον..
812 4954 923 5007 qua
963 4941 1415 4995 :dissentientibus
1443 4943 1588 4995 editis
1629 4943 1738 4996 aliis
1779 4951 1832 4996 et
1868 4945 2131 4996 manuscri-

538 5019 727 5116 ριξδίιε.
751 5065 894 5129 2050,
917 5063 1153 5129 copulari.
1219 5075 1274 5118 η.

603 5128 626 5194 ξ
648 5135 696 5194 tn
718 5127 911 5194 dialogo
931 5127 1152 5179 Ilercurii
1177 5129 1408 5194 Asclepio,
1427 5130 1684 5194 conjuncti.

601 5186 626 5220 ⁸
648 5192 697 5235 In
722 5186 952 5252 Asclepio,
978 5203 1165 5256 semper
1189 5186 1344 5242 vicina
1373 5186 1562 5245 natura:
1591 5200 1637 5243 et
1659 5191 1835 5256 origini
1854 5204 1973 5243 suae.
1999 5193 2132 5256 Apud

539 5253 672 5319 ζον..
694 5251 880 5312 semper
899 5251 1318 5319 memor'ltumanw
1333 5261 1521 5305 natura:
1533 5262 1578 5304 et
1599 5251 1799 5319 originis
1821 5267 1942 5305 sure.
1969 5251 2131 5316 Abest,

538 5309 832 5379 Ιιιιῃιᾳηφιέ
855 5315 1047 5379 caeteris
1071 5314 1214 5379 editis
1237 5321 1289 5364 et
1303 5328 1332 5364 a
1355 5309 1705 5379 manuscriptis".

542 5371 681 5482 mia;
707 5372 806 5420 Vid.
829 5379 952 5422 Lact.
975 5373 1105 5426 lih.l
1131 5379 1300 5438 lnstit.,
1328 5390 1435 5440 asp.
1459 5378 1508 5439 6,
1540 5371 1775 5443 et'Cyrill.
1799 5385 1930 5430 cont.
1954 5376 2131 5431 Julian.

610 5494 680 5568 (li)
707 5503 818 5568 qua;
841 5495 1122 5568 infra_all'crt
1146 5501 1452 5568 Augustinus,
1483 5509 1595 5568 sunt
1619 5515 1682 5568 ex
1705 5501 1898 5568 dialogo
1929 5511 2135 5553 Herme-

544 5555 609 5604 tls
632 5555 864 5618 Asclepio,
889 5560 972 5620 qui
995 5555 1279 5625 abApulEio
1303 5555 1596 5625 atadaurensi
1633 5564 1680 5611 in
1705 5555 1907 5613 latinum
1931 5578 2135 5615 conver-

543 5628 632 5692 sthts
647 5625 940 5692 przenotatur
957 5634 968 5669 :
987 5622 1076 5692 sed
1102 5622 1284 5692 tipitleii
1301 5623 1516 5675 latinitas
1534 5627 1600 5692 ibi
1618 5625 1924 5692 desideratur
1941 5631 2003 5675 ah
2021 5640 2136 5692 eru-

547 5675 736 5754 ditis-:-
751 5697 774 5725 ι
796 5683 1124 5754 Oratio_pl_an_c
1138 5675 1267 5735 'sicca
1294 5689 1649 5754 ct_c_xsanguis,
1674 5705 1696 5729 ν
1729 5689 1884 5754 inquit
1909 5689 2130 5754 larcher,

555 5754 579 5783 ι
604 5740 824 5810 nihilque
846 5740 1005 5810 simile
1029 5747 1217 5796 habens
1242 5740 1776 5810 Apuleiamevubertati,
1797 5740 2132 5810 'Wouvcrium,

557 5814 581 5880 ξ
603 5803 888 5880 ξςξγριςίυςῃ
912 5805 1131 5880 aliosque
1161 5803 1340 5880 multos
1359 5811 1574 5862 eruditos
1612 5803 1820 5875 impulit,
1858 5821 1912 5866 ut
1937 5826 2002 5864 ex
2029 5803 2136 5877 ejus

555 5876 581 5912 ς
603 5873 794 5930 scriptis
817 5873 1072 5931 ejicereut.
1093 5888 1114 5917 ν
1215 5878 1271 5922 .u.

1556 357 1646 415 DE
1682 356 2003 416 CIVITATE
2043 355 2176 427 DEI,
2213 356 2275 415 8.
2313 355 2677 417 AUGUSTINI

3666 354 3780 415 ειη

2203 473 2392 528 similes
2416 483 2614 541 essent,
2645 473 2764 529 deos
2801 472 2919 544 fecit
2959 480 3199 541 artanos,
3227 470 3299 527 ita
3335 471 3621 530 humanitas
3656 477 3781 552 deos

2201 580 2321 618 suos
2349 581 2414 620 ea:
2437 566 2516 619 sui
2545 565 2708 620 vultus
2747 561 3075 619 similitudine
3101 565 3361 635 ﬁguraret.
3394 565 3490 621 Hic
3511 581 3631 621 cum
3671 569 3780 623 As-

2201 656 2426 726 clepius,
2458 657 2524 712 ad
2545 673 2700 728 quem
2729 657 2958 712 maxime
2987 657 3318 728 loquebatur,
3344 658 3395 713 ei
3422 659 3783 730 respondisset

2201 759 2362 821 atque
2381 750 2624 817 dixisset,
2653 750 2866 807 Statuas
2889 750 3042 814 dicis,
3067 766 3101 805 ο
3124 751 3504 822 Trismegiste:
3535 762 3643 808 tum
3669 753 3780 819 ille,

2203 841 2412 897 Statuas
2432 885 2448 910 ,
2481 843 2685 914 inquit,
2716 861 2746 898 ο
2773 843 2994 913 Asclepi,
3020 842 3220 898 videsne
3258 844 3277 876 ί
3317 854 3560 914 quatenus
3585 855 3638 898 tu
3678 845 3788 916 ipse

2202 935 2437 1006 difﬁdas?
2465 941 2653 992 statuas
2679 938 2928 991 animatas
2952 953 3100 992 sensu
3140 948 3186 991 et
3225 937 3407 1009 spiritu
3433 939 3637 1009 plenas,
3665 949 3786 993 tan-

2203 1034 2351 1091 taque
2395 1029 2637 1099 facientes
2675 1038 2723 1082 et
2761 1029 2920 1093 talia;
2947 1039 3141 1083 statuas
3183 1032 3466 1100 futurorum
3513 1030 3786 1102 priest-ias,

2207 1136 2364 1191 eaque
2389 1130 2540 1185 sorte,
2569 1131 2702 1188 vate,
2729 1123 2936 1177 somniis
2955 1164 2970 1187 ,
2997 1122 3265 1193 multisque
3286 1123 3401 1177 aliis
3427 1123 3574 1177 rebus
3604 1123 3791 1193 prardi-

2204 1222 2367 1265 centes
2388 1213 2408 1243 ²
2430 1229 2449 1278 ;
2481 1213 2845 1266 imbecillitates
2873 1212 3160 1268 hominibus
3187 1213 3460 1284 facientes,
3486 1230 3665 1282 easque
3701 1231 3796 1267 cu-

2203 1316 2392 1371 rantes,
2423 1307 2677 1360 tristitiam
2701 1307 3026 1376 lletitiamque
3053 1306 3075 1337 ³
3105 1323 3196 1376 pro
3216 1307 3423 1362 meritis.
3460 1308 3537 1360 An
3565 1307 3790 1377 ignoras,

2204 1413 2234 1452 ο
2262 1398 2462 1468 Asclepi
2481 1440 2497 1466 ,
2529 1398 2663 1469 quod
2693 1397 2959 1470 Egyptus
2993 1399 3161 1471 imago
3207 1399 3272 1454 sit
3307 1401 3419 1454 cali
3435 1415 3455 1466 ;
3498 1409 3615 1464 aut,
3658 1400 3794 1468 quod

2202 1500 2276 1546 est
2303 1491 2486 1558 verius,
2516 1491 2780 1546 translatio
2804 1500 2892 1545 aut
2919 1491 3173 1546 descensio
3199 1492 3422 1546 omnium
3461 1507 3574 1562 qua:
3614 1490 3803 1561 guber-

2205 1591 2396 1636 nantur
2422 1591 2571 1652 atque
2595 1595 2886 1637 exercentur
2910 1583 2964 1636 in
3004 1585 3128 1637 ctelo
3147 1599 3167 1648 ,°
3195 1600 3255 1637 ac
3296 1583 3342 1637 si
3375 1583 3641 1637 dicendum
3683 1592 3798 1667 est,

2205 1675 2373 1730 verius
2399 1683 2534 1730 terra
2559 1685 2732 1730 nostra
2760 1675 2940 1729 mundi
2953 1677 3102 1729 totius
3127 1684 3200 1729 est
3221 1674 3498 1744 templum?
3519 1675 3583 1728 Et
3604 1684 3794 1740 tamen,

2206 1767 2447 1836 quoniam
2475 1768 2712 1838 praescire
2735 1777 2912 1822 cuncta
2959 1767 3256 1839 prudentem
3299 1769 3478 1834 decet,
3532 1769 3667 1822 istud
3711 1784 3802 1822 vos

2207 1859 2442 1932 ignorare
2481 1862 2561 1932 fas
2598 1875 2699 1914 non
2734 1870 2852 1916 est:
2881 1859 3134 1914 Futurum
3181 1869 3374 1930 tempus
3426 1868 3499 1914 est
3522 1901 3536 1926 ,
3563 1875 3660 1930 quo
3705 1875 3806 1929 ap-

2210 1961 2384 2024 pareat
2411 1951 2692 2024 :Egyptios
2712 1969 2964 2008 incassum
2995 1954 3080 2023 pia
3097 1964 3260 2008 mente
3289 1952 3597 2007 divinitatem
3624 1951 3806 2006 sedula

2207 2045 2451 2118 religione
2493 2062 2713 2102 servasse
2748 2045 2771 2078 ⁸
2811 2057 2856 2101 et
2907 2047 3070 2101 omnis
3113 2063 3286 2102 eorum
3333 2055 3508 2102 sancta
3553 2045 3808 2101 veneratio

2211 2138 2266 2193 in
2286 2139 2484 2193 irritum
2510 2155 2690 2192 casura
2715 2140 3038 2210 frustrabitur
3053 2139 3096 2192 ⁸.

2283 2229 2338 2285 2.
2371 2229 2570 2285 Deinde
2619 2231 2799 2285 multis
2845 2229 3022 2284 verbis
3069 2228 3294 2285 Hermes
3324 2228 3466 2284 hunc
3505 2228 3681 2284 locum
3710 2243 3808 2283 ex-

2212 2325 2452 2394 sequitur
2473 2365 2490 2392 ,
2535 2323 2714 2394 inquo
2745 2323 2954 2378 videtur
2981 2322 3083 2378 hoc
3102 2331 3312 2393 tempus
3343 2321 3659 2393 praedicere,
3700 2333 3812 2391 quo

2216 2418 2503 2472 christiana
2535 2417 2742 2488 religio,
2769 2426 2970 2487 quanto
2994 2425 3077 2471 est
3101 2415 3342 2471 veracior
3367 2427 3525 2486 atque
3553 2415 3810 2483 sanctior,

2220 2519 2367 2564 tanto
2395 2508 2765 2564 vehementius
2785 2516 2840 2562 et
2862 2507 3081 2563 liberius
3102 2515 3291 2562 cuncta
3323 2507 3528 2560 fallacia
3557 2508 3814 2574 figmenta

2219 2601 2510 2665 subvertit;
2540 2611 2597 2655 ut
2621 2600 2787 2672 gratia
2809 2599 3073 2654 verissimi
3102 2598 3392 2654 Salvatoris
3419 2597 3612 2652 liberet
3633 2597 3817 2651 homi-

2219 2708 2340 2748 nem
2375 2693 2444 2747 ab
2470 2693 2550 2747 eis
2574 2692 2676 2748 diis
2706 2707 2840 2763 quos
2885 2691 3008 2748 facit
3042 2691 3233 2757 homo,
3261 2698 3316 2744 et
3334 2689 3382 2744 ei
3411 2689 3520 2745 Deo
3539 2689 3734 2744 subdat
3781 2703 3818 2745 a

2218 2799 2326 2856 quo
2354 2785 2523 2839 lactus
2551 2794 2631 2838 est
2651 2782 2834 2837 homo.
2865 2780 2970 2838 Sed
2998 2781 3216 2836 Hermes
3233 2822 3248 2846 ,
3269 2795 3388 2835 cum
3417 2779 3512 2834 ista
3536 2777 3777 2850 praedicit
3796 2819 3815 2846 ,

2218 2877 2362 2934 velut
2391 2877 2594 2932 amicus
2613 2875 2814 2930 eisdem
2838 2873 3285 2930 luditicationibus
3311 2872 3612 2926 daemonum
3644 2869 3818 2941 loqui-

2221 2979 2326 3037 tur,
2356 2985 2457 3025 nec
2483 2968 2832 3024 christianum
2878 2981 3071 3022 nomen
3099 2964 3379 3020 evidenter
3404 2962 3684 3033 exprimit;
3715 2959 3819 3016 sed

2222 3072 2468 3132 tanquam
2483 3077 2544 3116 ea
2561 3061 2870 3116 tollerentur
2882 3069 3039 3130 atque
3051 3057 3375 3123 delerentur,
3389 3070 3609 3126 quorum
3622 3054 3821 3109 obser-

2220 3155 2432 3211 vatione
2450 3154 2688 3211 ccelestis
2712 3152 3004 3208 similitudo
3019 3149 3374 3206 custodiretur
3395 3148 3447 3203 iu
3465 3145 3716 3219 Egyplo,
3741 3144 3821 3202 ita

2222 3249 2337 3305 haec
2361 3249 2531 3304 futura
2551 3247 2856 3318 deplorans,
2876 3247 3114 3300 luctuosa
3139 3241 3529 3316 quodammodo
3557 3238 3822 3309 pradica-

2223 3345 2369 3400 tione
2390 3352 2632 3398 testatur.
2656 3342 2782 3396 Erat
2797 3341 2937 3395 enim
2959 3339 3145 3405 dehis,
3163 3337 3230 3393 de
3245 3334 3575 3408 quibusdicit
3590 3335 3827 3403 Aposto-

2221 3436 2327 3503 lus,
2346 3435 2486 3506 quod
2499 3442 2846 3506 cognoscentes
2857 3429 3044 3497 Deum,
3065 3446 3165 3484 non
3181 3429 3308 3484 sicut
3325 3425 3486 3481 Deum
3498 3423 3824 3497 gloriﬁcave-

2223 3539 2362 3595 runt,
2392 3537 2483 3583 aut
2517 3529 2710 3600 gratias
2759 3535 3002 3598 egerunt;
3029 3523 3117 3578 sed
3143 3528 3450 3578 evanuerunt
3475 3520 3530 3573 in
3556 3518 3827 3590 cogitatio-

2226 3621 2370 3678 nibus
2402 3621 2507 3676 suis
2525 3662 2541 3687 ,
2573 3628 2619 3675 et
2646 3619 2967 3674 obscuratum
2996 3625 3069 3671 est
3098 3615 3339 3685 insipiens
3376 3628 3462 3666 cor
3486 3627 3656 3666 eorum
3686 3624 3704 3663 :
3733 3609 3825 3662 di-

2225 3725 2390 3771 centes
2415 3715 2548 3770 enim
2574 3729 2628 3768 se
2655 3729 2762 3768 esse
2785 3711 3058 3782 sapientes,
3081 3705 3226 3762 stulti
3253 3708 3374 3778 [acti
3392 3712 3542 3770 sunt;
3565 3713 3612 3758 et
3637 3702 3827 3755 immu-

2227 3819 2456 3865 taverunt
2471 3808 2686 3881 gloriam
2706 3804 2988 3875 incorrupti
3002 3801 3101 3857 Dei
3118 3802 3173 3857 in
3189 3797 3565 3855 similitudinem
3581 3794 3828 3865 imaginis

2231 3899 2574 3970 corruptibilis
2603 3898 2819 3953 hominis
2839 3897 2856 3967 (
2879 3895 3028 3950 Roru.
3051 3909 3091 3958 ι,
3117 3891 3320 3961 2185)
3345 3908 3358 3945 :
3387 3899 3440 3946 et
3467 3898 3678 3946 cetera.
3701 3901 3827 3958 quae

2229 4007 2652 4050 commemorare
2680 3991 2891 4061 longum
2908 3995 3009 4043 est.
3039 3985 3198 4040 Hulta
3227 3983 3421 4053 quippe
3449 3979 3570 4036 talia
3597 3977 3726 4033 dicit
3753 3975 3828 4034 de

2231 4103 2342 4142 uno
2367 4102 2495 4141 vero
2523 4086 2629 4140 Deo
2650 4083 2964 4139 fabricatore
2985 4077 3190 4142 mundi,
3212 4073 3384 4148 qualia
3406 4074 3600 4130 veritas
3622 4071 3784 4128 habet
3806 4087 3825 4127 :

2233 4189 2288 4236 et
2313 4179 2498 4234 nescio
2513 4176 2782 4248 quomodo
2809 4174 2896 4228 illa
2917 4170 3290 4227 obscuratione
3315 4164 3492 4222 cordis
3510 4166 3575 4219 ad
3605 4165 3705 4218 ista
3729 4161 3831 4218 de-

2234 4273 2427 4328 labitur
2453 4312 2469 4338 ,
2510 4279 2567 4324 ut
2616 4269 2718 4323 diis
2745 4281 2878 4336 quos
2905 4265 3188 4319 confitetur
3229 4260 3296 4314 ab
3343 4256 3644 4313 hominibus
3671 4253 3787 4309 fieri
3806 4293 3828 4322 ,

2235 4380 2446 4434 semper
2485 4363 2611 4418 velit
2640 4361 2883 4416 homines
2911 4356 3063 4412 subdi
3088 4397 3102 4421 ,
3132 4363 3186 4410 et
3235 4353 3349 4408 hinc
3375 4351 3553 4406 futuro
3585 4361 3832 4418 tempore

2235 4457 2453 4529 plangat
2473 4453 2690 4510 auferri.
2721 4451 2880 4520 Quasi
2901 4449 3186 4521 quidquam
3210 4445 3279 4499 sit
3300 4443 3561 4499 infelicius
3581 4440 3828 4508 homine,

2235 4551 2319 4606 cui
2375 4565 2470 4604 sua
2519 4549 2765 4618 figmenta
2797 4543 3139 4599 dominantur
3171 4556 3185 4593 :
3214 4553 3335 4594 cum
3379 4536 3449 4592 sit
3490 4535 3727 4601 facilius,
3767 4539 3834 4588 ut

2235 4653 2484 4714 tanquam
2511 4640 2642 4696 deos
2665 4637 2908 4704 colendo,
2933 4649 3069 4706 quos
3093 4632 3237 4699 fecit,
3266 4645 3366 4687 nec
3388 4629 3503 4700 ipse
3529 4627 3599 4683 sit
3621 4627 3786 4682 homo
3808 4625 3836 4658 ⁸

2238 4818 2249 4830 ο
2301 4757 2334 4865 1
2344 4752 2647 4865 “istud”,
2672 4753 2858 4815 absque
2881 4747 3130 4814 particula,
3151 4759 3243 4810 ne;
3263 4758 3374 4810 quae
3396 4745 3446 4795 in
3468 4742 3662 4795 excusis
3679 4747 3834 4793 estet

2238 4831 2284 4865 In
2337 4831 2390 4865 SC
2411 4833 2456 4865 el
2474 4830 2538 4865 10.

2235 4825 2284 4868 in
2306 4825 2456 4878 Ascle;
2470 4825 2538 4878 rio.

2298 4882 2318 4912 ⁸
2342 4881 2415 4928 sic
2437 4869 2604 4941 [ilnrcs
2637 4884 2690 4928 et
2720 4875 2936 4941 melioris
2955 4877 3305 4941 notzeiatss.__At
3327 4869 3464 4941 editi,
3485 4881 3544 4920 ea
3566 4880 3675 4941 quae
3703 4869 3839 4941 forte

2235 4948 2365 5004 vates
2385 4931 2537 5004 ornnis
2571 4939 2773 5004 ignoret,
2797 4938 2847 4987 in
2867 4937 3030 5004 multis
3062 4940 3107 5004 et
3130 4932 3275 4984 variis
3318 4933 3459 4983 rebus
3473 4931 3836 5004 .prardiceutes.

2237 4990 2483 5066 Asclepius
2505 4990 2641 5059 vero,
2660 4990 2839 5066 cusaue
2859 4999 2982 5066 forte
3005 5003 3132 5066 rates
3153 5007 3312 5045 omnes
3333 4990 3551 5066 sontniis,
3573 4990 3840 5066 multisque
3921 4995 3939 5008 ‘

2237 5063 2346 5115 aliis
2529 5055 2870 5127 ριάέάίειῖήιεεξ
2882 5061 2972 5127 Sed
3007 5065 3279 5127 nostrorum
3300 5055 3728 5127 manuscriptOrum
3753 5055 3841 5127 le-_

2237 5126 2379 5178 ctioni
2427 5115 2556 5175 l'ave't
2585 5124 2708 5175 alius
2727 5125 2823 5173 iste
2861 5120 3062 5186 asclepii
3112 5119 3262 5180 locus,
3303 5116 3526 5182 qmedam
3542 5115 3754 5166 sortibus
3782 5121 3844 5167 α

2239 5185 2964 5258 αἱςίηωὶοηῇὺιιξ-ρνωάὶςαηρε.

2303 5251 2324 5282 ³
2351 5257 2468 5308 Vox,
2510 5241 2742 5307 lictitiam,
2790 5248 2841 5296 in
2882 5241 3100 5308 Asclepio
3137 5241 3460 5292 desideratur.
3479 5265 3542 5278 —
3561 5247 3729 5290 Noster
3773 5247 3845 5304 Α,

2240 5310 2559 5374 (miliumque
2572 5311 2837 5374 afferentes.

2301 5324 2408 5362 tuta
2521 5325 2549 5360 e
2572 5324 2837 5374 querentes.
3142 5367 3152 5378 .
3777 5365 3788 5376 _

2301 5376 2324 5406 δ
2347 5324 2666 5446 Sicmrique
2696 5369 3036 5432 manuscriptl,
3071 5367 3250 5480 quibus
3285 5353 3532 5427 Asclepios
3565 5369 3841 5415 consentit.

2331 5436 2465 5480 alio.
2505 5433 2742 5480 divinitati
2777 5431 2994 5480 sedulam
3027 5439 3302 5480 remanent
3329 5439 3558 5478 servasse.
3598 5432 3736 5474 Forte
3764 5425 3841 5476 In-

2241 5443 2297 5487 st
2331 5425 2465 5494 editi,
2505 5425 2742 5496 divinitati
2777 5425 2994 5496 sedulam
3024 5425 3302 5496 religiosum
3329 5425 3558 5496 servasse.
3598 5425 3848 5496 For-lentas

2277 5487 2472 5555 cadum,
2498 5495 2734 5546 divinitati
2765 5493 2936 5544 sedula
2966 5487 3193 5555 religione
3223 5489 3440 5540 servisse.
3457 5513 3520 5526 --
3542 5496 3645 5537 Mss.
3667 5487 3764 5536 706
3785 5493 3849 5542 et

2239 5512 2472 5610 $1031,
2498 5512 2734 5546 (nummis
2765 5512 2936 5544 secuta
2966 5512 3193 5555 rettgwrw
3223 5512 3520 5540 wrvsssc.-—
3542 5512 3611 5536 tua:

2365 5595 2381 5614 .
2440 5557 2666 5608 unum.
2743 5617 2755 5622 Α
2917 5562 2974 5604 n.
3360 5611 3392 5622 Α
3455 5611 3467 5622 ,
3525 5611 3538 5622 ,
3601 5610 3611 5620 ε

2305 5624 2326 5654 ⁸
2352 5611 2524 5678 Verba,
2545 5627 2589 5670 et
2626 5617 2778 5670 omnis
2801 5631 2965 5668 eorum
2985 5623 3156 5681 sancta
3179 5611 3418 5681 veneratio
3447 5611 3498 5662 in
3518 5611 3714 5681 irritum
3749 5623 3845 5660 ca-

2241 5697 2357 5734 sura
2379 5672 2718 5747 frustrabitur,
2745 5681 2964 5730 Mercurii
3000 5687 3114 5728 sunt
3147 5679 3194 5727 in
3218 5675 3451 5739 Asclepio,
3494 5675 3580 5724 sed
3620 5672 3697 5721 hic
3738 5687 3846 5724 non

2242 5747 2670 5796 babenturinatss.
2967 5801 2987 5805 Α
3050 5801 3061 5805 _
3119 5801 3128 5805 ,
3293 5799 3304 5805 ,
3387 5801 3397 5805 ,
3609 5798 3628 5805 -
3681 5795 3691 5805 .

2307 5809 2328 5839 ⁸
2354 5809 2488 5877 mliti,
2515 5806 2703 5877 amisit
2723 5803 2927 5877 ﬁtcilius,
2951 5801 3062 5877 ﬁeri
3095 5801 3206 5877 deos
3225 5799 3427 5877 colendo
3450 5810 3566 5863 quos
3597 5798 3731 5860 fecit,
3773 5809 3851 5877 ’με

2247 5873 2345 5936 ipse
2369 5871 2424 5920 sit
2444 5861 2596 5920 homo.
2623 5861 3021 5918 iniiéudantur'ad
3045 5871 3243 5915 veteres
3261 5861 3422 5913 libros.

3820 5947 3864 6008 ί
