4064 6482
261 491 412 578 quam
437 486 521 578 ut
538 495 639 578 per
659 485 778 557 ejus
805 491 1005 550 cultum
1045 495 1118 553 dii
1145 500 1350 570 posslnt
1383 517 1531 575 esse,
1560 523 1692 578 quos
1730 511 1853 570 iecit

263 570 437 674 homo.
467 574 634 674 Citius
657 582 800 649 enim
831 586 889 641 fit
925 596 982 642 ut
1010 587 1169 647 homo
1204 593 1261 648 in
1285 595 1490 654 honore
1515 570 1730 670 positus
1757 619 1852 674 pe-

261 665 472 723 coribus
493 686 600 726 non
623 672 928 769 intelligens
954 696 1290 756 comparetur
1315 688 1483 760 (Psal.
1519 665 1696 760 invni,
1730 665 1851 769 i3),

262 771 413 861 quam
446 770 501 861 ut
530 767 689 861 operi
714 768 814 861 Dei
836 771 902 825 ad
924 773 1042 844 ejus
1071 776 1354 849 imaginem
1382 782 1536 851 facto,
1563 787 1613 841 id
1642 799 1722 844 est
1753 767 1853 861 ipst

263 845 482 947 homini,
505 870 643 947 opus
673 857 908 918 hominis
934 845 1265 934 prmfcratur.
1299 845 1634 947 Quapropter
1659 845 1852 937 merito

262 937 418 1040 homo
443 943 627 1043 deficit
651 950 721 1043 ab
751 952 865 1021 illo,
895 958 984 1028 qui
1004 974 1127 1016 eum
1157 961 1299 1032 fecit,
1321 937 1461 1023 ἐαξη
1491 937 1589 1025 sibi
1630 975 1854 1043 ptmlicit

263 1036 369 1100 ipse
393 1036 536 1104 quod
567 1037 710 1096 fecit.

325 1124 377 1179 5.
411 1125 736 1226 Haec—vana,
789 1135 1132 1211 deceptoria,
1180 1148 1500 1220 perniciosa,
1550 1153 1808 1226 sacrilega
1832 1156 1850 1188 ι

262 1214 482 1275 Hermes
501 1221 808 1298 Egyptius,
837 1235 958 1303 quia
990 1214 1198 1310 tempus
1223 1258 1332 1311 quo
1350 1214 1690 1304 auferrentur
1718 1214 1850 1306 ven-

263 1316 428 1365 turum
441 1314 682 1409 sciebat,
705 1319 920 1380 dolebat
948 1345 962 1381 :
991 1329 1084 1385 sed
1117 1340 1222 1386 tam
1251 1334 1588 1405 impudenter
1613 1338 1848 1409 dolebat,

262 1415 408 1470 quam
439 1403 814 1476 imprudenter
841 1417 1061 1474 sciebat.
1110 1421 1228 1479 Non
1256 1403 1397 1482 enim
1429 1427 1546 1485 huic
1567 1432 1614 1485 ei
1641 1403 1852 1489 revela;

263 1503 402 1595 verat
428 1497 664 1595 Spiritus
708 1516 946 1576 sanctus,
988 1511 1127 1568 sicut
1168 1515 1452 1588 Propbctis
1493 1523 1714 1591 sanctis,
1760 1525 1850 1595 qui

263 1583 368 1686 hare
397 1591 757 1686 praeﬁdentes
781 1611 901 1654 cum
931 1583 1290 1663 exsultatione
1302 1609 1547 1666 dicebant
1573 1632 1585 1668 :
1621 1613 1682 1668 Si
1697 1583 1851 1686 faciet

261 1677 400 1778 [nimo
421 1680 566 1748 deos,
591 1695 772 1778 etecce
791 1690 892 1759 ipsi
910 1711 1008 1749 non
1033 1709 1146 1752 sunt
1170 1699 1244 1754 dii
1273 1700 1483 1773 (Jerem.
1514 1722 1620 1764 xvi.
1645 1677 1760 1778 2ft).
1783 1708 1852 1765 Et

260 1769 354 1822 alio
388 1772 510 1828 loco
535 1792 549 1827 :
585 1776 697 1832 Erit
723 1782 774 1835 in
805 1783 893 1838 illo
919 1786 1022 1854 die,
1059 1790 1180 1845 dicit
1204 1769 1474 1860 Dominus,
1507 1769 1849 1856 exterminabo

257 1866 456 1918 nomina
498 1869 888 1933 simulacrorum
935 1897 966 1934 a
1010 1893 1162 1948 terra,
1206 1897 1252 1940 et
1282 1904 1380 1942 non
1408 1891 1524 1960 jam
1556 1893 1648 1946 erit
1677 1911 1848 1949 eorum

257 1958 493 2055 memoria
515 1960 697 2028 (Zach.
728 1983 842 2034 xm,
867 1970 942 2041 ‘2).
959 1971 1180 2044 Proprie
1196 1993 1323 2033 vero
1345 1958 1672 2053 deASgypto,
1705 1985 1847 2055 quod

257 2045 315 2099 ad
340 2047 482 2105 hanc
507 2068 624 2109 rem
651 2058 857 2126 attinet,
890 2064 957 2116 ita
987 2077 1202 2122 sanctus
1224 2069 1384 2127 Isaias
1417 2045 1696 2146 [irdplietat
1777 2077 1846 2132 Et

256 2143 583 2238 movebuntur
608 2157 899 2224 manufacta
917 2155 1138 2230 Egi/pd
1153 2179 1184 2215 a
1205 2164 1336 2233 {acie
1356 2143 1484 2238 ejus,
1509 2143 1553 2221 et
1566 2185 1654 2222 car
1670 2187 1843 2226 eorum

257 2235 576 2294 vincetur'in
597 2244 670 2297 eis
696 2243 847 2314 (lsai.
876 2265 983 2315 xix,
1018 2253 1071 2323 l)
1093 2271 1105 2306 :
1131 2263 1183 2310 et
1202 2235 1391 2312 czetera
1415 2261 1734 2330 hujusmodi.
1762 2266 1839 2320 Ex

256 2341 353 2396 quo
377 2345 580 2398 genere
604 2347 657 2389 et
685 2337 757 2391 illi
785 2351 956 2407 erant,
990 2345 1078 2413 qui
1106 2357 1387 2404 venturum
1416 2352 1555 2422 quod
1585 2355 1842 2422 sciebant,

255 2423 461 2479 venisse
488 2428 790 2494 gaudebant
825 2453 838 2488 :
880 2438 1049 2506 qualis
1079 2441 1318 2508 Siineon,
1353 2447 1523 2515 qualis
1556 2449 1724 2512 Anna,
1755 2450 1844 2520 qui

257 2528 368 2568 mox
401 2526 588 2573 natum
618 2521 833 2590 desum;
865 2530 1038 2598 qualis
1067 2531 1357 2600 Elisabcth,
1389 2553 1508 2606 qua:
1537 2541 1694 2594 etiam
1719 2557 1845 2596 con-

257 2616 471 2704 ceptum
494 2611 547 2665 in
573 2613 770 2682 Spiritu
799 2622 1014 2689 agnovit
1040 2621 1190 2695 (Luc.
1221 2641 1280 2691 ll,
1305 2626 1508 2693 25-58;
1544 2629 1592 2692 t.'
1613 2634 1842 2704 xii-45):

255 2700 418 2766 qualis
449 2701 662 2772 Petrus,
700 2709 970 2767 rcvelante
997 2712 1155 2771 Patre
1186 2718 1388 2784 dicens,
1442 2720 1515 2774 Tu
1543 2740 1595 2777 es
1615 2700 1845 2780 Christus

256 2787 416 2888 filius
445 2793 537 2849 Dei
568 2799 664 2852 viri
689 2801 899 2871 (.lluttli.
929 2822 1036 2872 xvi,
1068 2809 1177 2877 lli).
1229 2811 1360 2867 lluic
1385 2826 1560 2869 autem
1589 2815 1844 2888 Egyptio

256 2883 323 2938 illi
354 2888 580 2956 spiritus
624 2893 983 2953 indicaverunt
1031 2901 1204 2956 futura
1256 2915 1490 2975 tempora
1532 2883 1843 2977 perditionis

254 2990 376 3042 sure,
420 2980 510 3050 qui
537 2983 697 3038 etiam
731 2991 976 3057 prmsenti
1019 2992 1068 3046 in
1096 3009 1258 3050 carne
1298 2997 1520 3052 Domino
1553 3009 1842 3059 trementes

253 3068 515 3138 dixerunt,
566 3075 705 3142 Quid
751 3081 923 3135 venisti
971 3094 1088 3138 ante
1125 3096 1322 3156 tempus
1366 3092 1576 3160 perdere
1609 3109 1700 3147 nos
1727 3092 1840 3160 (Id.

252 3175 358 3226 vni,
385 3165 525 3235 29)?
553 3168 667 3224 sive
693 3172 814 3242 quia
845 3174 1077 3230 subitum
1107 3178 1211 3233 illis
1259 3182 1374 3247 luit,
1424 3183 1564 3252 quod
1605 3183 1840 3240 futurum

251 3258 484 3327 quidem,
513 3261 608 3316 sed
643 3264 842 3321 tardius
871 3270 1265 3339 epinabantur;
1297 3276 1409 3329 sive
1435 3277 1555 3346 quia
1582 3279 1839 3347 perditio-

251 3361 367 3402 nem
398 3365 552 3406 suam
581 3352 716 3411 hanc
746 3357 913 3426 ipsam
938 3361 1204 3429 dicebant,
1234 3382 1335 3436 qua
1376 3367 1534 3423 liebat
1557 3378 1615 3424 ut
1643 3369 1839 3442 cogniti

251 3456 652 3510 spernerentur.
708 3451 775 3506 Et
821 3453 921 3510 hoc
949 3466 1065 3511 erat
1102 3469 1221 3514 ante
1246 3470 1464 3531 tempus,
1514 3464 1564 3518 id
1604 3473 1688 3520 est
1715 3475 1840 3521 ante

251 3543 456 3608 tempus
500 3538 707 3611 iudicii,
758 3560 864 3616 quo
911 3557 1110 3604 interna
1174 3550 1516 3611 damnatione
1583 3556 1837 3625 puniendi

248 3641 367 3686 sunt
407 3649 532 3689 cum
565 3637 814 3694 omnibus
839 3641 998 3697 etiam
1032 3644 1356 3713 hominibus,
1402 3649 1490 3716 qui
1517 3665 1701 3706 eorum
1742 3667 1835 3708 so-

248 3723 435 3781 cietate
460 3725 815 3786 detinentur:
865 3733 1002 3789 sicut
1043 3737 1232 3807 religio
1262 3738 1514 3810 loquitur,
1574 3757 1695 3812 qua:
1738 3757 1838 3799 nec

247 3814 396 3884 fallit,
430 3835 532 3876 nec
554 3821 786 3891 fallitur;
816 3841 921 3882 non
953 3827 1090 3884 sicut
1126 3828 1228 3886 iste
1254 3833 1402 3902 quasi
1424 3833 1446 3864 ³
1485 3833 1631 3889 omni
1675 3846 1837 3890 vento

246 3906 499 3978 doctrinae
519 3909 645 3970 hinc
665 3923 828 3986 atque
850 3915 972 3973 inde
1000 3919 1253 3988 perﬂatus
1282 3921 1497 3993 (Ephes.
1531 3939 1600 3990 Iv,
1635 3925 1746 3993 14),
1783 3933 1840 3982 et

247 3995 390 4056 falsis
416 4016 544 4058 vera
575 4005 925 4076 permiscens,
954 4009 1098 4066 dolet
1126 4014 1276 4084 quasi
1309 4015 1595 4085 perituram
1625 4018 1838 4090 religio-

245 4105 360 4146 nem
385 4107 549 4164 quam
596 4107 778 4167 postea
803 4099 1105 4170 conﬁtetur,
1137 4119 1396 4162 errorem.

243 4200 468 4262 CAPUT
503 4206 694 4266 XXIV.
716 4240 788 4252 --
811 4212 1076 4279 Quomodo
1112 4215 1328 4274 Hermes
1353 4231 1583 4292 patenter
1614 4223 1635 4255 ⁸
1653 4241 1838 4294 paren-

308 4304 415 4350 tum
430 4313 642 4354 suorum
657 4303 722 4357 sit
737 4309 996 4377 confessus
1023 4324 1415 4383 errorem,quem
1437 4323 1603 4369 tamen
1619 4316 1836 4371 doluerit

307 4391 687 4450 destruendum.

307 4485 358 4540 ί.
386 4485 515 4543 Post
553 4489 720 4545 multa
751 4491 892 4548 enim
924 4493 990 4549 ad
1025 4492 1127 4551 hoc
1157 4496 1328 4566 ipsum
1360 4498 1516 4565 redit,
1547 4508 1607 4556 ut
1641 4501 1832 4558 iterum

239 4572 378 4632 dicat
423 4576 494 4634 de
539 4579 643 4636 diis
689 4597 826 4652 quos
852 4583 1099 4641 homines
1139 4587 1402 4658 fecerunt,
1458 4592 1529 4645 ita
1561 4592 1829 4663 loquens:

239 4666 343 4723 Sed
361 4670 477 4742 jam
501 4671 566 4726 de
585 4673 773 4730 talibus
791 4676 891 4731 sint
910 4679 1035 4734 satis
1057 4677 1192 4734 dicta
1220 4683 1363 4736 talia.
1393 4681 1418 4736 Ι
1427 4692 1608 4751 terum,
1640 4685 1830 4757 inquit,

237 4763 302 4815 ad
319 4762 575 4820 hominem
600 4768 945 4841 rationemque
966 4771 1249 4841 redeamus,
1288 4791 1352 4830 ea:
1379 4793 1478 4848 quo
1503 4777 1672 4832 divino
1699 4779 1834 4834 dono

238 4854 384 4912 homo
407 4858 603 4914 animal
621 4860 810 4917 dictum
831 4873 905 4919 est
929 4865 1198 4922 rationale.
1225 4867 1278 4922 Μ
1285 4869 1399 4924 inus
1419 4870 1551 4924 enim
1574 4872 1829 4940 miranda,

236 4951 325 5005 etsi
353 4953 592 5009 miranda
615 4966 733 5011 sunt
759 4974 872 5030 qua
913 4961 976 5014 de
1017 4961 1219 5017 homine
1246 4963 1383 5018 dicta
1415 4975 1554 5020 sunt.
1590 4964 1832 5022 Omnium

236 5041 367 5097 enim
413 5045 721 5101 mirabilium
761 5049 876 5104 vicit
918 5051 1328 5119 admirationem,
1365 5055 1502 5124 quod
1528 5056 1677 5110 homo
1702 5057 1831 5112 divi-

236 5149 349 5187 nam
376 5137 540 5205 potuit
568 5137 790 5196 invenire
812 5152 1069 5211 naturam,
1100 5162 1319 5217 eamque
1342 5148 1548 5218 efﬁcere.
1575 5150 1830 5216 Quoniam

236 5241 349 5296 ergo
378 5229 557 5300 proavi
588 5233 748 5287 nostri
789 5234 1004 5289 multum
1033 5238 1267 5292 errabant
1314 5241 1447 5294 circa
1489 5241 1702 5296 deorum
1746 5260 1832 5298 ra-

236 5317 414 5374 tionem
436 5323 706 5404 increduli,
746 5335 795 5380 et
827 5344 927 5383 non
951 5331 1404 5389 animaduertentes
1429 5335 1498 5388 ad
1517 5335 1707 5391 cultum
1749 5355 1830 5393 re-

239 5407 569 5486 ligionemque
611 5417 856 5487 divinam,
908 5422 1201 5478 invenerunt
1237 5436 1396 5481 artem
1430 5444 1531 5500 qua
1585 5429 1830 5500 eﬁicerent

294 5529 314 5605 ξ
337 5528 675 5605 aliquovms,
698 5536 968 5602 sacrilegia.
1029 5601 1040 5605 _
1733 5584 1735 5586 .

235 5592 746 5702 wmtgaﬁtcietur.
771 5607 827 5649 At
844 5592 970 5663 Mss,
993 5601 1226 5655 vincetur.
1245 5607 1385 5657 Isaias
1406 5607 1456 5656 in
1472 5615 1636 5659 Greco
1655 5608 1826 5675 habet,

293 5716 475 5797 ξὴιοξ.ἒ
618 5721 753 5797 fditi
765 5731 928 5775 autem
952 5725 1032 5777 alii
1058 5734 1109 5778 et
1132 5733 1458 5796 manuscripti,
1478 5732 1634 5797 quasi.
1658 5760 1720 5771 —
1742 5743 1822 5786 Ms.

230 5772 374 5844 2050,
392 5772 475 5841 qui
714 5791 771 5833 Μ.

589 5856 689 5921 am.
715 5852 794 5921 Er:
815 5855 866 5921 et
888 5863 1061 5921 omnes
1081 5859 1188 5921 Mss.
1211 5881 1274 5892 --
1296 5864 1346 5908 In
1366 5863 1434 5920 3.,
1452 5868 1613 5921 quant.
1668 5864 1727 5910 It.

291 5903 313 5937 ⁸
335 5909 638 5976 manuscripti
662 5921 761 5960 non
780 5910 981 5971 habent,
1006 5920 1242 5988 potenter.

1650 389 1854 452 LIBER
1893 396 2231 461 OCTAVUS.

1965 518 2103 574 deos.
2128 520 2222 576 Cui
2240 523 2456 582 iuventte
2473 526 2819 602 adjunxernnt
2835 531 3068 588 virtutem
3087 531 3155 593 de
3173 533 3349 590 mundi
3365 544 3548 590 natura

1963 615 2354 684 convenientem;
2371 637 2577 692 eamque
2591 623 2872 687 miscentes.
2885 627 3122 697 quoniam
3135 627 3152 659 ¹
3171 627 3367 682 animus
3381 627 3548 697 facere

1962 721 2061 759 non
2083 718 2332 776 poterant,
2356 723 2613 769 evocantes
2625 717 2821 772 animas
2856 717 3121 773 fwmonum
3136 718 3214 774 vel
3226 719 3542 792 angelorum,

1961 815 2045 854 eas
2083 802 2373 859 indiderunt
2419 807 2721 879 imaginibus
2748 812 2934 866 sanctis
2959 812 3236 882 divinisque
3278 813 3548 884 mysteriis,

1961 909 2050 962 per
2068 910 2193 960 quas
2217 896 2355 950 idola
2383 908 2431 952 et
2452 900 2572 955 bene
2591 900 2832 971 faciendi,
2860 911 2905 958 et
2931 906 3079 969 male,
3099 906 3225 961 vires
3248 905 3430 960 habere
3455 921 3551 976 po-

1959 987 2168 1042 tuisseut
2212 988 2371 1062 (Pag.
2419 989 2532 1064 99).
2582 993 2775 1050 Nescio
2815 1005 2988 1064 utrum
3033 1000 3110 1053 sic
3165 1001 3550 1054 conliterentur

1958 1079 2060 1149 ipsi
2089 1081 2362 1139 daemones
2387 1083 2635 1156 adjurati,
2688 1089 2956 1158 quomodo
2990 1089 3090 1145 iste
3123 1090 3403 1147 confessus
3440 1098 3543 1147 est.

1963 1172 2232 1241 Quoniam,
2261 1176 2449 1246 inquit,
2483 1179 2657 1246 proavi
2681 1184 2840 1235 nostri
2873 1164 3089 1235 multum
3131 1181 3363 1237 errabant
3409 1184 3548 1238 circa

1959 1265 2168 1322 deorum
2204 1271 2452 1326 rationem
2493 1271 2760 1338 increduli,
2802 1283 2975 1328 etnon
3000 1276 3448 1332 animaduertentes
3476 1276 3547 1332 ad

1957 1360 2148 1415 cultum
2172 1363 2559 1434 religionemque
2580 1365 2821 1430 divinam,
2847 1369 3138 1422 invenerunt
3162 1378 3318 1424 artem
3345 1386 3444 1438 qua
3468 1372 3546 1440 el-

1959 1454 2163 1521 ﬁcerent
2203 1457 2344 1513 deos.
2390 1457 2783 1529 Numquidnam
2831 1462 3022 1517 saltem
3061 1461 3400 1518 mediocriter
3450 1476 3545 1519 eos

1957 1545 2087 1601 dixit
2110 1562 2343 1618 errasse,
2361 1559 2418 1605 ut
2438 1551 2575 1607 hanc
2598 1561 2768 1608 artem
2800 1554 3099 1609 invenirent
3126 1553 3348 1610 faciendi
3389 1553 3546 1621 deos;

1956 1650 2048 1695 aut
2076 1650 2358 1698 contentus
2395 1642 2492 1698 fuit
2534 1643 2736 1712 dicere,
2779 1645 3061 1712 Errabant,
3114 1646 3214 1702 nisi
3244 1645 3465 1703 adderet
3491 1654 3546 1704 et

1955 1733 2179 1801 diceret,
2211 1733 2434 1790 Multum
2464 1735 2753 1792 errabant?
2798 1737 2902 1794 Iste
2930 1753 3060 1808 ergo
3081 1738 3280 1794 multus
3315 1753 3468 1794 error
3491 1745 3547 1794 et

1957 1825 2299 1883 incredulitas
2322 1843 2428 1884 non
2449 1829 2986 1886 animadvertentium
3013 1831 3079 1886 ad
3101 1832 3303 1887 cultum
3326 1830 3544 1903 religio-

1957 1934 2184 1990 nemque
2215 1921 2472 1988 divinam,
2526 1923 2728 1978 invenit
2767 1932 2934 1978 artem
2977 1939 3078 1993 qua
3109 1923 3346 1980 efﬁceret
3387 1923 3540 1979 deos.

1957 2011 2022 2065 Et
2045 2021 2217 2068 uniten
2245 2013 2385 2083 quod
2412 2015 2609 2070 multus
2637 2031 2789 2071 error
2811 2024 2865 2071 ct
2887 2014 3230 2071 incredulitas
3253 2023 3307 2071 et
3338 2031 3367 2070 a
3395 2014 3542 2072 cultu

1952 2119 2015 2160 ac
2062 2107 2317 2178 religione
2345 2108 2521 2163 divina
2563 2110 2774 2165 aversio
2799 2110 2962 2166 animi
3003 2110 3228 2178 invenit,
3283 2119 3342 2166 ut
3377 2109 3543 2166 homo

1953 2205 2066 2252 arte
2092 2196 2288 2254 faceret
2315 2199 2466 2264 deos,
2497 2200 2599 2258 hoc
2623 2201 2769 2257 dolet
2796 2203 2875 2257 vir
2897 2202 3112 2272 sapiens
3138 2210 3388 2273 tanquam
3408 2201 3542 2257 reli-

1950 2287 2162 2356 giouem
2200 2289 2432 2346 divinam
2457 2304 2686 2348 venturo
2714 2303 2864 2348 certo
2885 2302 3126 2364 tempore
3155 2292 3374 2349 auferri.
3407 2293 3539 2350 Vide
3607 2321 3623 2332 ν

1952 2379 1995 2432 si
2023 2395 2127 2434 non
2155 2390 2209 2435 ct
2237 2383 2286 2436 vi
2316 2383 2494 2438 divina
2523 2385 2784 2453 majorum
2802 2401 3017 2440 suorum
3037 2400 3275 2441 errorem
3307 2395 3537 2457 prmtere

1951 2471 2080 2527 itum
2129 2476 2352 2542 prodi-re
2380 2519 2393 2540 ,
2444 2485 2500 2532 et
2550 2479 2600 2532 vi
2642 2479 2941 2534 diabolica’
2993 2496 3202 2551 pmnam
3231 2481 3534 2536 dmmonum

1950 2564 2182 2620 futuram
2211 2569 2394 2624 dolere
2433 2571 2792 2640 compellitur.
2849 2571 2904 2627 Si
2949 2573 3090 2628 enim
3123 2574 3304 2644 proavi
3348 2589 3534 2630 eorum

1951 2657 2174 2711 multum
2205 2660 2436 2714 errando
2453 2661 2593 2716 circa
2625 2661 2844 2718 deorum
2875 2664 3136 2718 rationem
3166 2663 3538 2720 incredulitate

1949 2761 2001 2804 et
2022 2752 2304 2806 aversione
2325 2754 2486 2808 animi
2519 2770 2545 2806 a
2575 2755 2720 2809 cultu
2747 2772 2810 2812 ac
2836 2756 3091 2831 religione
3115 2756 3293 2811 divina
3321 2756 3540 2813 invene-

1949 2854 2071 2898 runt
2092 2855 2258 2900 artem
2288 2863 2390 2916 qua
2427 2847 2560 2904 deos
2585 2851 2896 2915 el'licerent;
2927 2849 3066 2920 quid
3095 2851 3310 2918 mirum,
3350 2849 3394 2904 si
3423 2850 3538 2906 haec

1947 2953 2036 2993 ars
2057 2939 2367 2996 detestanda
2382 2943 2632 3014 quidquid
2656 2944 2774 3000 fecit
2795 2960 2980 3001 aversa
3008 2961 3038 2999 a
3066 2945 3322 3016 religione
3337 2924 3536 3012 diiina,

1947 3034 2188 3090 aufertur
2217 3037 2471 3106 religione
2502 3039 2703 3103 divina.
2734 3055 2854 3095 cum
2881 3041 3077 3095 veritas
3109 3038 3359 3096 emendat
3385 3054 3538 3095 erro-

1947 3140 2082 3192 rem,
2139 3128 2270 3182 lides
2301 3129 2571 3199 redarguit
2597 3131 3042 3200 incredulitatem,
3087 3131 3369 3188 conversio
3416 3147 3538 3188 cor-

1946 3216 2070 3286 rigit
2093 3218 2427 3274 aversionem
2451 3219 2472 3251 ³
2493 3219 2516 3274 ?
3043 3281 3052 3285 ,

2015 3309 2070 3364 2.
2113 3312 2168 3367 Si
2195 3312 2338 3366 enim
2373 3312 2545 3369 tacitis
2571 3314 2748 3369 causis
2766 3314 3008 3375 dixisset.
3039 3329 3266 3384 proavos
3289 3328 3415 3370 suos
3444 3312 3530 3369 in-

1944 3404 2156 3460 venisse
2180 3415 2351 3460 artem
2372 3422 2474 3477 qua
2496 3405 2628 3462 deos
2653 3406 2889 3462 facerent
2909 3423 2923 3471 ;
2943 3416 3180 3462 nostrum
3205 3407 3302 3462 fuit
3327 3408 3533 3477 utique,

1943 3497 1987 3552 si
2017 3498 2142 3564 quid
2172 3506 2375 3553 rectum
2405 3499 2655 3570 piumque
2687 3514 3014 3570 saperemus,
3055 3498 3332 3555 attendere
3367 3507 3421 3552 et
3448 3497 3532 3552 vi-

1942 3589 2074 3646 dere
2129 3605 2462 3660 nequaquam
2510 3589 2630 3646 illos
2681 3591 2750 3647 ad
2791 3592 2926 3647 hanc
2966 3600 3133 3646 artem
3183 3599 3533 3662 perventuros

1943 3678 2128 3748 fuisse,
2160 3696 2264 3752 qua
2291 3679 2453 3736 homo
2477 3681 2607 3736 deos
2635 3682 2776 3746 facit,
2807 3681 2850 3736 si
2876 3697 2905 3735 a
2935 3684 3158 3736 veritate
3186 3696 3290 3736 non
3314 3680 3535 3735 aberra-

1941 3782 2082 3839 rent,
2123 3775 2167 3827 si
2189 3788 2251 3828 ea
2282 3788 2402 3844 qua:
2435 3773 2544 3828 Deo
2564 3773 2720 3844 digna
2746 3782 2871 3828 sunt
2896 3773 3196 3836 crederent,
3219 3772 3264 3828 si
3289 3772 3528 3828 animttm

1940 3864 2284 3920 adverterent
2309 3865 2376 3920 ad
2401 3866 2599 3921 cultum
2627 3866 3044 3938 religionemque
3072 3865 3328 3922 divinam.
3353 3866 3417 3920 Et
3444 3874 3531 3921 ta-

1941 3975 2064 4014 mcn
2103 3960 2148 4014 si
2173 3975 2364 4015 causas
2387 3961 2517 4015 artis
2543 3959 2700 4031 hujus
2731 3976 2828 4017 nos
2850 3961 3151 4017 diceremus
3181 3961 3406 4016 multum
3437 3974 3527 4015 er-

1941 4066 2118 4108 rorem
2162 4050 2437 4108 hominum
2478 4065 2532 4110 et
2579 4053 3002 4110 incredulitatem
3034 4063 3087 4110 et
3109 4053 3272 4108 animi
3299 4051 3530 4109 errantis

1940 4154 2096 4216 atque
2124 4145 2354 4201 inﬁdelis
2375 4162 2405 4202 a
2431 4147 2610 4201 divina
2636 4147 2892 4217 religione
2923 4146 3281 4212 aversionem,
3314 4153 3528 4200 utcum-

1940 4253 2043 4309 que
2081 4237 2296 4294 ferenda
2332 4247 2475 4294 esset
2521 4238 2845 4310 impudentia
2889 4238 3250 4294 resistentium
3279 4235 3527 4293 veritati:

1939 4343 2062 4382 cum
2090 4345 2216 4384 vero
2243 4329 2384 4384 idem
2410 4331 2545 4400 ipse,
2568 4330 2656 4400 qui
2685 4337 2999 4400 potestatem
3025 4328 3180 4399 hujus
3205 4328 3336 4384 artis
3366 4341 3528 4397 super

1939 4423 2115 4475 omnia
2141 4429 2333 4476 caetera
2357 4421 2579 4475 miratur
2607 4421 2658 4474 in
2687 4421 2921 4486 homine,
2961 4435 3064 4491 qua
3097 4420 3169 4474 illi
3195 4419 3325 4474 deos
3351 4419 3527 4473 facere

1938 4530 2252 4570 concessum
2270 4524 2368 4577 est,
2385 4525 2438 4568 et
2453 4515 2598 4569 dolet
2611 4525 2887 4569 venturum
2906 4527 3026 4568 esse
3044 4521 3272 4584 tempus,
3291 4527 3395 4584 quo
3413 4510 3528 4566 haec

1938 4611 2116 4676 omnia
2137 4609 2356 4664 deorum
2385 4606 2634 4678 figmenta
2663 4607 2731 4662 ab
2753 4607 3054 4661 hominibus
3085 4606 3340 4672 instituta,
3363 4603 3523 4660 etiam

1938 4702 2142 4774 legibus
2189 4701 2477 4771 iubeantur
2523 4700 2759 4766 auferri;
2806 4699 3092 4756 confitetur
3137 4708 3319 4756 tamen
3363 4709 3524 4768 atque

1937 4795 2186 4865 exprimit
2214 4808 2424 4861 causas,
2467 4809 2630 4864 quare
2655 4793 2720 4849 ad
2751 4794 2850 4849 ista
2881 4801 3190 4865 perventum
3213 4793 3300 4859 sit,
3342 4791 3524 4846 dicens

1937 4902 2164 4958 proavos
2184 4901 2311 4942 suos
2332 4886 2499 4942 multo
2527 4901 2711 4942 errore
2726 4899 2782 4942 et
2796 4886 3183 4952 incredulitate,
3206 4893 3259 4940 et
3284 4883 3519 4938 animum

1936 4995 2043 5034 non
2066 4979 2392 5036 advertendo
2417 4981 2483 5034 ad
2513 4980 2714 5036 cultum
2740 4980 3157 5052 religionemque
3179 4976 3410 5032 divinam
3440 4975 3522 5030 in-

1935 5072 2148 5128 venisse
2201 5072 2338 5128 hanc
2381 5082 2549 5127 artem
2603 5087 2707 5143 qua
2749 5070 2986 5127 facerent
3027 5069 3200 5125 deos:
3256 5080 3354 5122 nos
3392 5065 3519 5138 quid

1935 5175 2147 5238 opprtet
2194 5166 2374 5224 dicere
2417 5167 2500 5222 vel
2550 5166 2726 5237 potius
2769 5164 2894 5234 quid
2938 5176 3114 5233 agere,
3167 5159 3269 5215 nisi
3297 5168 3523 5232 quantas

1934 5273 2218 5330 possumus
2259 5261 2456 5330 gratias
2489 5259 2713 5314 Domino
2750 5257 2858 5311 Deo
2886 5263 3090 5322 nostro,
3136 5254 3224 5324 qui
3254 5252 3369 5310 hmo
3394 5269 3525 5311 con:

1933 5355 2112 5410 trariis
2154 5354 2351 5420 causis,
2399 5369 2558 5424 quam
2603 5351 2840 5408 instituta
2887 5357 3032 5414 sunt,
3082 5347 3335 5405 abstulit?
3387 5347 3521 5404 Nam

1931 5446 2073 5519 quod
2096 5447 2322 5502 instituit
2341 5443 2626 5500 multitudo
2643 5442 2862 5507 erroris,
2888 5441 3107 5499 abstulit
3130 5443 3211 5498 via
3241 5443 3522 5511 veritatis;

1931 5539 2074 5613 quod
2103 5541 2331 5596 instituit
2350 5539 2714 5604 incredulitas,
2749 5537 2968 5593 abstulit
2991 5535 3164 5606 fides;
3194 5537 3336 5610 quod
3359 5535 3514 5592 insti-

1994 5673 2010 5705 ι
2037 5679 2084 5722 tn
2105 5671 2337 5736 Ilsclepio,
2355 5678 2409 5723 et
2437 5669 2676 5734 quoniam.

1992 5737 2013 5806 ξ
2035 5736 2112 5806 sic
2125 5742 2198 5806 ter.
2221 5731 2272 5785 e't
2291 5731 2394 5783 uss.
2415 5731 2468 5806 at
2488 5742 2616 5792 μιν..
2638 5731 2886 5806 εῌζιυίάία
2903 5732 3159 5806 diabqlica.
3240 5794 3253 5806 _
3414 5799 3426 5806 Δ
3452 5791 3465 5806 0

1993 5798 2182 5888 'f‘ii-E".
2195 5811 2302 5848 "‘m
2326 5794 3519 5888 '2'“?§ﬁ"1£’.‘$‘ff.f'ffff£’a§ﬂ“.{efﬁgit

1928 5857 2288 5926 credulitatem,
2305 5857 2548 5926 conversio
2569 5857 2780 5925 corrigat
2801 5857 3110 5910 eversionem.
3129 5864 3183 5908 At
3207 5857 3332 5919 Mss,
3355 5867 3540 5926 emata:

1929 5921 2034 5985 dat,
2058 5921 2323 5986 redarguit,
2346 5920 2560 5984 corrigit.
