4064 6540
447 532 568 592 ruin
610 542 905 611 martyrum
954 534 1241 594 memorias
1283 532 1565 593 imminere
1607 535 1926 592 maerebant.
1971 534 2029 591 in

450 627 633 683 multis
668 629 812 684 enim
856 628 1048 684 talibus
1075 628 1206 685 locis
1237 635 1553 700 torquentur
1592 635 1648 684 et
1688 627 2028 694 conﬁtentur,

452 728 507 773 et
533 718 599 775 de
629 720 889 790 possessis
916 720 1191 777 hominum
1219 719 1534 790 corporibus
1561 719 1864 790 ejiciuntur.

452 808 680 867 CAPUT
710 810 923 866 XXVII.
953 841 1026 854 —
1045 811 1125 867 De
1143 813 1294 868 modo
1320 812 1526 866 honoris
1545 853 1560 877 ,
1587 828 1734 883 quem
1759 810 2035 867 Christiani

909 901 1214 975 martyribus
1270 903 1583 976 impendunt.

532 994 584 1048 I.
616 993 725 1050 Nec
747 1004 925 1051 tamen
955 1011 1054 1050 nos
1082 995 1285 1052 eisdem
1321 995 1646 1068 martyribus
1687 993 1904 1066 templa,
1945 1007 2036 1049 sa-

459 1088 732 1157 cerdotia,
765 1104 916 1144 sacra
957 1099 1012 1146 et
1035 1089 1292 1145 sacriﬁcia
1341 1088 1716 1144 constituimus
1743 1105 1758 1143 :
1787 1085 2036 1158 quoniam

459 1198 566 1236 nou
595 1183 728 1252 ipsi,
761 1184 856 1238 sed
885 1184 1024 1239 Deus
1051 1199 1236 1239 eorum
1286 1183 1440 1239 nobis
1465 1191 1546 1239 est
1589 1183 1748 1238 Deus.
1797 1182 2040 1236 llonora-

460 1289 579 1328 mus
601 1290 731 1330 sane
761 1276 1047 1331 memorias
1088 1290 1274 1330 eorum
1305 1285 1552 1346 tauquam
1584 1283 1888 1329 sanctorum
1940 1272 2040 1326 ho-

460 1368 662 1423 minum
689 1368 802 1428 Dei.
833 1369 923 1440 qui
953 1385 1119 1440 usque
1147 1368 1212 1425 ad
1237 1380 1462 1424 mortem
1488 1383 1770 1440 corporum
1823 1381 2042 1422 suorum

462 1474 560 1529 pro
587 1459 813 1515 veritate
836 1469 1132 1527 certarunt,
1164 1470 1221 1516 ut
1248 1461 1607 1516 iuuotesceret
1652 1473 1777 1516 vera
1830 1459 2040 1530 religio,

463 1550 608 1607 falsis
652 1550 894 1622 ﬁctisque
949 1552 1413 1622 convictiszquod
1461 1553 1620 1607 etiam
1674 1553 1718 1608 si
1754 1552 1842 1620 qui
1887 1560 2044 1606 antea

465 1643 786 1706 sentiebant,
812 1643 1046 1700 timendo
1073 1644 1454 1714 reprimebant.
1479 1643 1609 1710 Quis
1638 1651 1818 1699 autem
1845 1641 2046 1697 audivit

465 1738 749 1808 aliquando
771 1737 1003 1792 ﬁdelium
1021 1745 1248 1793 stantem
1263 1737 1594 1794 sacerdotem
1615 1737 1679 1792 ad
1697 1737 1865 1792 altare
1885 1736 2046 1791 etiam

466 1843 630 1900 super
650 1838 889 1884 sanctum
918 1844 1112 1899 corpus
1139 1829 1389 1901 martyris
1405 1827 1472 1884 ad
1503 1829 1594 1885 Dei
1627 1828 1885 1884 honorem
1929 1827 2047 1883 cul-

469 1929 688 1992 tumque
717 1930 1080 1976 constructum
1107 1963 1120 1986 ,
1149 1921 1326 1977 dicere
1349 1921 1401 1976 in
1425 1921 1692 1991 precibus,
1721 1920 1902 1976 Olfero
1955 1918 2046 1974 tibi

467 2010 808 2077 sacriﬁcium,
840 2012 1016 2074 Petre.
1032 2013 1116 2068 vel
1137 2011 1318 2073 Paule.
1343 2012 1426 2068 vel
1443 2011 1742 2084 Cypriane;
1765 2027 1883 2066 cum
1909 2009 2048 2080 apud

466 2117 651 2160 eorum
679 2106 966 2160 memorias
991 2104 1248 2159 offeratur
1275 2104 1402 2168 Deo,
1452 2104 1538 2174 qui
1569 2118 1663 2159 eos
1700 2111 1757 2159 et
1807 2103 2050 2157 homines

467 2204 523 2252 et
544 2205 808 2268 martyres
833 2195 992 2261 fecit;
1019 2204 1074 2251 et
1101 2196 1301 2251 sanctis
1338 2195 1451 2251 suis
1471 2195 1690 2266 Angelis
1715 2194 1921 2250 caelesti
1953 2192 2053 2248 ho-

468 2302 603 2345 nore
624 2288 864 2352 sociavit;
885 2297 946 2342 ut
971 2303 1032 2344 ea
1060 2287 1368 2344 celebritate
1380 2296 1434 2342 et
1458 2286 1568 2342 Deo
1593 2301 1720 2342 vero
1737 2286 1806 2341 de
1831 2286 2040 2340 illorum

471 2382 711 2439 victoriis
752 2383 948 2453 gratias
975 2397 1216 2452 agamus,
1238 2392 1293 2436 et
1316 2396 1414 2435 nos
1459 2379 1526 2435 ad
1571 2379 1919 2434 imitationem
1967 2386 2052 2432 ta-

471 2473 600 2529 lium
647 2489 965 2530 coronarum
1014 2481 1171 2543 atque
1229 2472 1522 2543 palmarum
1575 2470 1762 2526 eodem
1810 2471 2054 2524 invocato

470 2565 523 2622 in
545 2567 799 2620 auxilium
821 2581 883 2622 ex
907 2565 1116 2620 illorum
1146 2565 1416 2619 memoriae
1440 2562 1783 2618 renovatione
1806 2562 2056 2618 adhorte-

473 2660 637 2713 mur?
686 2656 1046 2728 Qumcumque
1094 2657 1252 2728 igitur
1304 2655 1628 2711 adhibentur
1681 2653 2052 2726 religiosorum

473 2751 728 2822 obsequia
791 2752 842 2806 iu
890 2761 1184 2822 martyrum
1239 2750 1740 2814 locis,ornamenta
1791 2757 1914 2804 sunt
1943 2763 2056 2804 me-

472 2844 760 2899 moriarum
786 2884 802 2909 ,
834 2857 937 2898 nou
969 2858 1118 2898 sacra
1160 2843 1242 2898 vel
1284 2842 1540 2898 sacrificia
1565 2853 1897 2898 mortuorum
1933 2851 2054 2897 tan-

476 2950 640 3004 quam
703 2935 924 2990 deorum
973 2935 1072 3008 (a).
1105 2934 1433 3006 Quicumque
1479 2936 1638 2990 etiam
1699 2936 1883 3006 epulas
1930 2949 2056 2991 suas

474 3039 541 3084 eo
599 3027 876 3094 deferunt,
931 3027 1074 3099 quod
1127 3027 1340 3098 quidem
1381 3044 1410 3082 a
1455 3027 1765 3082 christianis
1810 3026 2049 3083 meliori-

475 3121 574 3176 bus
590 3136 694 3175 non
728 3121 782 3176 ﬁt
804 3163 820 3184 ,
850 3130 903 3177 et
934 3121 984 3175 in
1012 3121 1278 3191 plerisque
1304 3129 1569 3176 terrarum
1623 3121 1765 3177 nulla
1809 3122 1928 3176 talis
1974 3129 2057 3177 est

475 3212 837 3276 consuetudo;
867 3223 1044 3269 tamen
1071 3213 1393 3284 quicumque
1419 3213 1470 3268 id
1503 3213 1724 3282 faciunt,
1754 3229 1888 3286 quas
1933 3230 2056 3272 cum

475 3305 839 3376 apposuerint,
867 3314 1052 3371 orant,
1085 3315 1142 3362 et
1162 3305 1438 3374 auferunt,
1467 3317 1524 3362 ut
1549 3319 1850 3373 vescantur,
1879 3309 1964 3364 vel
1991 3325 2058 3364 ex

477 3394 556 3451 eis
593 3397 755 3452 etiam
801 3396 1161 3468 indigentibus
1206 3397 1519 3470 largiantur,
1561 3400 1882 3455 sanctiﬁcari
1931 3400 2056 3455 sibi‘

475 3501 570 3543 eas
595 3489 780 3542 volunt
810 3505 903 3558 per
932 3490 1122 3544 merita
1163 3501 1454 3562 martyrum
1500 3490 1553 3545 in
1584 3492 1800 3548 nomine
1849 3491 2058 3548 Domini

477 3588 775 3652 martyrum
792 3579 865 3652 (b)
876 3618 890 3632 .
903 3579 1019 3635 Non
1031 3590 1210 3636 autem
1228 3596 1349 3637 esse
1369 3581 1467 3636 ista
1481 3581 1739 3638 sacriﬁcia
1768 3593 2059 3656 martyrum

475 3671 623 3726 novit
645 3676 735 3743 qui
766 3671 909 3727 novit
940 3688 1127 3741 unum,
1155 3673 1295 3746 quod
1317 3675 1479 3731 etiam
1504 3677 1524 3707 ¹
1555 3675 1664 3732 illic
1690 3676 1931 3747 oll'ertur,
1959 3677 2062 3734 Sa-

475 3763 733 3820 criﬁcium
758 3764 1206 3821 Christianorum.

546 3855 601 3911 2.
641 3855 749 3911 Nos
773 3857 953 3928 itaque
979 3867 1246 3928 martyres
1267 3867 1482 3915 nostros
1510 3873 1610 3916 nec
1626 3859 1819 3918 divinis
1839 3860 2061 3921 honori.

540 3963 559 3994 ¹
584 3963 658 4025 sic
681 3970 786 4025 Mss.
809 3963 925 4013 Εᾱίιί
949 3976 1085 4025 vero,
1109 3963 1196 4014 ibi.

539 4025 568 4088 '_
585 4023 722 4084 Editi,
886 4023 1088 4088 Attius;
1115 4025 1239 4085 loco,
1265 4033 1382 4088 Deo,
1406 4025 1605 4083 habent.
1625 4028 1788 4080 etimit.

544 4085 618 4210 fit;
796 4086 884 4160 lib.
909 4086 971 4138 Ξ)
992 4096 1160 4138 contra
1181 4085 1420 4150 Faustum,
1444 4102 1550 4153 cap.
1574 4089 1654 4140 2i.

566 4145 595 4196 b
643 4148 756 4198 vide
779 4147 867 4199 lib.
891 4148 924 4198 6
943 4149 1178 4210 confess"
1205 4163 1313 4210 cap.
1331 4149 1380 4202 2.

643 4148 756 4198 vide
779 4147 867 4199 lib.
891 4148 924 4198 6
943 4149 1178 4211 confess"
1205 4163 1313 4214 cap.
1331 4149 1380 4202 2.

1527 419 1616 479 DE
1651 417 1973 478 CIVITATE
2008 416 2149 492 DEI,
2186 419 2248 477 S.
2285 419 2653 480 AUGUSTINI

2139 537 2260 606 bus,
2288 551 2389 593 nec
2413 535 2661 592 humanis
2687 533 2998 590 criminibus
3045 530 3293 600 colimus,
3342 531 3480 588 sicut
3532 532 3720 589 colunt

2137 629 2213 686 illi
2265 628 2396 685 deos
2418 643 2548 684 suos
2575 645 2589 684 :
2613 641 2713 684 nec
2738 625 2998 683 sacriﬁcia
3048 624 3152 681 illis
3180 623 3476 689 oll‘erimus.
3503 639 3605 679 nec
3627 639 3726 679 eo-

2138 737 2255 777 rum
2295 720 2486 792 probra
2531 720 2585 776 in
2626 735 2814 776 eorum
2865 733 3016 774 sacra
3063 716 3447 774 convertimus.
3484 716 3619 771 Nam
3653 715 3725 773 de

2141 812 2280 869 Iside
2319 829 2485 870 uxore
2513 812 2714 881 Osiris,
2762 810 3012 884 Egyptia
3043 809 3174 878 dea,
3200 817 3257 865 et
3301 809 3368 865 de
3410 808 3725 881 parentibus

2140 921 2352 973 eorum,
2377 908 2466 978 qui
2515 919 2704 962 omnes
2744 919 2900 976 reges
2946 902 3113 960 fuisse
3147 901 3474 967 scribuntur,
3530 901 3726 972 quibus

2142 998 2450 1070 parentibus
2477 998 2589 1053 suis
2616 997 2702 1052 illa
2727 1011 2849 1052 cum
2897 995 3243 1063 sacriﬁcaret,
3273 994 3475 1050 invenit
3533 991 3725 1048 hordei

2143 1101 2402 1162 segetem,
2430 1100 2591 1160 atque
2621 1088 2744 1146 inde
2768 1090 2943 1158 spicas
2971 1087 3164 1150 marito
3189 1087 3302 1158 regi
3328 1093 3383 1141 et
3409 1086 3528 1155 ejus
3543 1085 3724 1140 consi-

2144 1184 2298 1240 liario
2323 1184 2584 1240 Mercurio
2599 1181 2991 1239 demonstravit
3014 1223 3031 1246 ,
3061 1180 3202 1237 unde
3223 1181 3468 1236 eamdem
3490 1187 3546 1235 et
3570 1179 3732 1234 εει-θ

2145 1292 2258 1333 rem
2279 1278 2500 1342 volunt,
2531 1291 2650 1348 qua:
2674 1284 2730 1331 et
2750 1284 2948 1345 quanta
2975 1274 3134 1341 mala,
3167 1290 3272 1328 non
3318 1288 3347 1326 a
3395 1271 3568 1342 poetis
3588 1311 3602 1334 .
3633 1269 3732 1327 sed

2146 1368 2389 1439 mysticis
2417 1381 2604 1422 corum
2635 1366 2828 1422 litteris
2849 1365 3125 1421 memoriae
3153 1363 3402 1420 mandata
3418 1363 3548 1430 sint,
3568 1364 3730 1429 sicut,

2147 1459 2327 1516 Leone
2351 1457 2630 1516 sacerdote
2674 1457 2934 1530 prodente
2952 1500 2968 1525 ,
2995 1457 3060 1512 ad
3089 1455 3458 1529 Olympiadem
3503 1464 3732 1510 matrem

2149 1553 2330 1608 scribit
2356 1551 2660 1609 Alexander
2684 1551 2783 1623 (a),
2817 1550 3105 1622 Iegantqui
3137 1550 3322 1605 volunt
3366 1549 3446 1605 vel
3481 1557 3731 1620 possunt,

2150 1653 2204 1700 et
2229 1645 2467 1700 recolant
2490 1644 2578 1715 qui
2607 1643 2884 1713 legerunt;
2915 1651 2970 1698 et
3019 1641 3236 1697 videant
3253 1640 3446 1712 quibus
3501 1639 3738 1696 homini-

2151 1736 2250 1792 bus
2271 1736 2515 1801 mortuis,
2547 1735 2631 1790 vel
2653 1734 2725 1792 de
2750 1735 2945 1806 quibus
2962 1748 3150 1790 eorum
3175 1733 3327 1790 factis
3357 1741 3606 1803 tauquam
3627 1731 3736 1788 diis

2153 1845 2303 1887 sacra
2325 1829 2520 1886 fuerint
2547 1829 2808 1885 instituta.
2856 1827 3011 1883 Absit
3049 1836 3108 1882 ut
3147 1841 3240 1882 eos
3263 1867 3279 1892 ,
3305 1825 3550 1897 quamvis
3600 1823 3737 1907 deos

2157 1923 2416 1991 habeant,
2446 1923 2645 1978 sanctis
2664 1921 2987 1994 martyribus
3009 1921 3228 1984 nostris,
3250 1933 3386 1991 quos
3399 1927 3575 1974 tamen
3602 1917 3740 1973 deos

2153 2033 2262 2073 non
2292 2017 2567 2081 habemus,
2597 2017 2700 2070 uila
2730 2031 2796 2071 ex
2825 2023 2977 2086 parte
3005 2014 3239 2069 audeant
3261 2026 3604 2084 comparare.
3634 2009 3730 2066 Sic

2153 2111 2296 2166 enim
2352 2125 2458 2165 non
2503 2110 2878 2165 constituimus
2929 2107 3272 2171 sacerdotes,
3321 2121 3421 2162 nec
3464 2105 3743 2161 offerimus

2155 2202 2414 2257 sacriﬁcia
2447 2200 2770 2274 martyribus
2799 2200 3031 2265 nostris;
3061 2200 3188 2271 quia
3229 2199 3582 2270 incongruum
3603 2238 3618 2265 ,
3653 2197 3743 2252 in-

2155 2293 2392 2350 debitum
2419 2333 2437 2360 ,
2469 2293 2710 2348 illicitum
2751 2300 2864 2359 est,
2897 2301 3058 2362 atque
3099 2291 3188 2345 uni
3235 2290 3344 2347 Deo
3374 2286 3745 2345 tantummodo

2155 2374 2392 2442 debitum
2422 2403 2436 2441 :
2469 2395 2526 2440 ut
2551 2400 2651 2442 nec
2677 2383 2992 2440 criminibus
3019 2383 3161 2448 suis,
3181 2399 3280 2440 nec
3307 2381 3446 2438 ludis
3483 2397 3576 2438 eos
3623 2389 3745 2437 tur-

2157 2479 2394 2551 pissimis
2441 2478 2804 2545 oblectemus,
2833 2478 2920 2534 ubi
2947 2477 3032 2534 vel
3083 2476 3278 2548 ﬂagitia
3329 2474 3418 2532 isti
3469 2474 3749 2531 celebrant

2159 2573 2381 2630 deorum
2435 2587 2695 2640 suorum,
2745 2573 2831 2638 si,
2880 2587 3001 2628 cum
3053 2571 3565 2634 bomiues‘essent,
3616 2567 3750 2624 talia

2156 2665 2580 2731 commiserunt;
2611 2665 2696 2721 vel
2721 2663 2946 2720 conﬁcta
3002 2662 3388 2719 delectamenta
3440 2660 3746 2717 daemonum

2159 2759 2444 2817 noxiorum
2468 2799 2484 2826 ,
2513 2757 2559 2814 si
2586 2757 2832 2814 homines
2859 2772 2964 2812 non
3003 2755 3232 2811 fuerunt.
3266 2753 3346 2810 Ex
3397 2753 3501 2809 isto
3548 2766 3751 2824 genere

2159 2852 2464 2908 daemonum
2492 2849 2749 2907 Socrates
2796 2864 2902 2903 non
2953 2847 3175 2903 haberet
3199 2847 3359 2902 deum
3383 2887 3400 2913 ,
3428 2846 3474 2901 si
3524 2843 3752 2901 haberet

2163 2945 2352 3001 Deum‘
2380 2961 2394 3000 :
2423 2944 2516 3002 sed
2544 2944 2769 3000 fortasse
2793 2941 2998 2998 homini
3022 2941 3090 2996 ab
3115 2941 3201 2995 illa
3233 2948 3348 2996 arte
3369 2938 3596 2995 faciendi
3616 2938 3753 2994 deos

2161 3041 2339 3096 alieno
2355 3048 2408 3095 et
2435 3036 2736 3103 innocenti,
2770 3036 2844 3092 illi
2889 3031 3298 3105 importaverint
3339 3031 3497 3087 talem
3549 3030 3750 3101 deum,

2162 3132 2252 3204 qui
2278 3130 2464 3187 eadem
2486 3138 2607 3186 arte
2624 3128 2896 3185 excellere
2913 3125 3215 3183 voluerunt.
3245 3123 3382 3192 Quid
3407 3139 3537 3194 ergo
3565 3121 3752 3194 plura?

2162 3223 2278 3280 Non
2304 3237 2424 3279 esse
2458 3222 2677 3294 spiritus
2707 3219 2837 3275 istos
2865 3217 3120 3275 colendos
3165 3225 3385 3288 propter
3410 3216 3570 3270 vitam
3622 3213 3757 3268 bea-

2164 3320 2294 3373 tam‘
2317 3331 2436 3387 qua:
2481 3324 2602 3385 post
2645 3321 2871 3368 mortem
2899 3310 3074 3371 futura
3097 3317 3203 3377 est,
3235 3305 3411 3364 nullus
3436 3307 3520 3364 vel
3542 3305 3754 3362 medio-

2163 3411 2327 3466 criter
2355 3408 2588 3480 prudens
2631 3407 2868 3478 ambigit.
2917 3404 3024 3461 Sed
3071 3403 3299 3460 fortasse
3351 3399 3545 3457 dicturi
3589 3406 3752 3464 sunt,

2163 3502 2295 3559 deos
2313 3499 2526 3572 quidem
2547 3514 2667 3556 esse
2691 3512 2878 3553 omnes
2899 3498 3068 3553 bonos
3086 3538 3101 3562 ,
3128 3494 3400 3550 daemones
3413 3500 3588 3548 autem
3617 3491 3755 3547 alios

2165 3593 2356 3662 malos,
2385 3591 2520 3648 alios
2548 3590 2814 3646 bonos:et
2832 3604 2928 3645 eos
2957 3604 3052 3659 per
3069 3602 3202 3659 quos
3230 3584 3298 3642 ad
3327 3583 3488 3640 vitam
3519 3584 3573 3639 in
3593 3593 3756 3638 teter-

2164 3702 2296 3743 num
2322 3687 2529 3743 beatam
2557 3685 2924 3756 perveniamus
2963 3681 3218 3738 colendos
3265 3693 3386 3736 esse
3427 3676 3757 3745 censebunt,

2166 3793 2302 3852 quos
2331 3780 2500 3836 bonos
2528 3779 2832 3850 opinantur.
2855 3774 3008 3844 Quod
3051 3773 3206 3846 quale
3243 3771 3345 3840 sit,
3374 3770 3484 3844 jam
3513 3771 3567 3826 in
3599 3769 3761 3826 volu-

2167 3877 2312 3932 mine
2337 3873 2580 3945 sequenti
2619 3871 2906 3928 videndum
2947 3879 3052 3926 est.

2232 4036 2250 4068 ί
2276 4030 2510 4092 verba,st'
2547 4029 2744 4081 haberet
2781 4037 2954 4095 Deum,
2985 4028 3163 4079 absunt
3204 4037 3234 4076 a
3265 4030 3374 4076 uss.
3415 4021 3542 4084 766,
3563 4019 3765 4074 alboet

2165 4095 2308 4148 2053.
2370 4101 2428 4144 Μ.

2234 4159 2308 4222 (a)
2331 4165 2498 4220 Supra,
2528 4169 2636 4220 cap.
2653 4156 2704 4206 5.

478 4292 3762 4322 W

1571 4396 2045 4508 LIBER
2136 4402 2685 4514 NONUS.

480 4605 2229 4691 .€‘¥!£‘:1.€“i1‘:!‘9!3_1“:£9EEEEJECEDQOemortum.cultu.
2248 4618 2430 4691 quiane
2452 4579 3360 4691 qui-.sviﬁlﬂiﬁlal‘lﬁsifﬂsLPS‘i‘liﬁ
3381 4603 3775 4691 29999:?

543 4664 791 4737 sui-uenus
807 4685 822 4731 ς
836 4672 895 4744 ,ιιι
919 4671 1012 4720 iam
1028 4664 1128 4744 ιεω
1151 4669 1274 4744 mare
1295 4671 1354 4721 iis
1373 4664 2650 4744 acut-rh.mansumasaaahaatseenuain
2669 4676 2879 4725 merum
2900 4664 3103 4744 θιίοηῑιίῐι
3127 4664 3772 4744 secretasque-22-

543 4729 654 4805 Eum
677 4748 690 4783 :
714 4729 816 4798 qua
834 4735 864 4796 ii
881 4745 939 4783 se
963 4729 1162 4805 exilosa
1179 4732 1456 4785 diﬁ‘erentia
1486 4729 1791 4798 probat'nulli
1809 4729 2008 4794 omnino
2031 4729 2054 4794 ὃ

2280 4741 2370 4794 sed
2401 4741 2486 4791 uni
2506 4739 2691 4790 Christo
2713 4747 2890 4786 munus
2910 4733 3192 4785 mediatoris
3207 4731 3454 4783 hominum
3469 4729 3529 4780 ad
3551 4729 3777 4779 beatitu-

545 4797 710 4848 dinem
732 4797 877 4860 posse
899 4803 1202 4858 competere.

2027 4888 2291 4947 9W9

485 5049 711 5108 CAPUT
737 5045 1024 5106 PRIMUM.
1049 5075 1122 5090 —
1148 5047 1229 5103 Ad
1277 5065 1424 5121 quem
1473 5049 1744 5105 articulum
1791 5049 2070 5119 disputatio
2104 5096 2106 5098 .

559 5144 820 5216 praemissa
841 5142 1140 5216 peruenerit,
1162 5151 1209 5198 et
1231 5144 1356 5215 quid
1383 5144 1752 5200 discutiendum
1771 5145 1836 5201 sit
1861 5145 1925 5200 de
1941 5146 2070 5201 resi-

558 5239 659 5291 dua
683 5237 978 5308 quastione.

560 5329 630 5384 Et
653 5331 822 5385 bonos
849 5338 904 5386 et
927 5330 1097 5386 malos
1134 5329 1264 5388 deos
1283 5345 1402 5388 esse
1427 5330 1641 5404 quidam
1666 5331 1868 5404 opinati
1914 5339 2072 5390 sunt:

487 5421 703 5493 quidam
730 5435 860 5476 vero
900 5421 968 5478 de
992 5421 1097 5479 diis
1123 5423 1344 5480 meliora
1392 5425 1682 5481 sentientes
1701 5465 1717 5492 ,
1743 5434 1946 5482 tantum
1997 5423 2077 5482 eis

490 5513 710 5570 honoris
757 5513 1036 5586 laudisque
1090 5517 1424 5585 tribuerunt,
1480 5527 1542 5574 ut
1593 5518 1796 5574 nullum
1851 5517 2076 5575 deorum

491 5605 688 5663 malum
719 5605 942 5664 credere
969 5606 1251 5667 auderent.
1275 5609 1381 5667 Sed
1403 5609 1479 5665 illi
1525 5610 1616 5682 qui
1641 5609 1772 5666 deos
1816 5609 2076 5681 quosdam

490 5697 662 5755 bonos
679 5740 695 5766 ,
724 5697 981 5770 quosdam
1007 5701 1178 5758 malos
1203 5716 1324 5758 esse
1348 5701 1612 5768 dixerunt,
1642 5701 1914 5756 daamones
1939 5716 2078 5772 quo-

491 5806 597 5862 quo
657 5791 1063 5864 appellaverunt
1114 5795 1331 5852 nomine
1376 5795 1633 5852 deorum:
1686 5809 1989 5866 quanquam
2025 5801 2082 5852 et

491 5881 664 5956 deos,
691 5884 791 5945 sed
824 5885 1032 5957 rarius,
1063 5888 1282 5946 nomine
1313 5887 1648 5954 daemonum;
1690 5887 1764 5944 ita
1803 5895 1860 5945 ut
1906 5887 2083 5960 ipsum

2177 5057 2360 5115 Jovem
2381 5100 2397 5126 ,
2429 5069 2588 5127 quem
2615 5054 2801 5110 volunt
2828 5061 2948 5106 esse
2964 5058 3148 5117 regem
3173 5055 3237 5098 ac
3263 5036 3557 5110 principem
3605 5042 3780 5090 cmte-
3818 5033 3829 5048 '

2177 5165 2357 5208 rorum
2368 5149 2454 5216 .ab
2471 5149 2700 5206 Homero
2714 5144 2976 5200 fateantur
2989 5138 3288 5194 daemonem
3305 5127 3779 5201 nuncupatum(a).

2179 5243 2243 5300 Ili
2257 5251 2451 5309 autem,
2469 5240 2559 5313 qui
2575 5251 2762 5294 omnes
2781 5235 2912 5291 deos
2940 5229 3150 5289 nonnisi
3169 5229 3340 5284 bonos
3365 5237 3484 5281 esse
3505 5227 3782 5313 asserunt,

2182 5345 2239 5392 et
2266 5335 2423 5405 longe
2451 5312 2845 5403 prmstantiores
2871 5326 2950 5381 eis
2996 5318 3300 5378 hominibus
3347 5315 3436 5387 qui
3479 5312 3605 5370 boni
3655 5325 3787 5382 per-

2183 5426 2433 5483 hibentur
2459 5423 2667 5487 merito,
2702 5427 2982 5476 moventur
3005 5414 3310 5470 daemonum
3339 5407 3510 5472 factis,
3532 5420 3652 5482 quae
3678 5418 3787 5461 ne-

2181 5539 2306 5595 gare
2327 5536 2431 5576 non
2446 5524 2686 5590 possunt,
2705 5528 2872 5584 eaque
2888 5506 3036 5566 nullo
3056 5505 3215 5564 modo
3229 5521 3257 5559 a
3276 5503 3398 5568 diis,
3425 5515 3562 5595 quos
3587 5508 3787 5595 omnes

2183 5589 2354 5674 bonos
2368 5589 2571 5679 volunt,
2583 5605 2842 5664 committi
2855 5618 3010 5675 posse
3025 5598 3408 5662 existimantes,
3423 5589 3787 5649 differentiam

2186 5708 2325 5764 inter
2351 5705 2484 5762 deos
2507 5710 2562 5759 et
2589 5700 2862 5758 daemones
2895 5693 3150 5750 adhibere
3175 5696 3474 5762 coguntur;
3517 5693 3577 5740 ut
3616 5679 3804 5754 quido‘

2252 5887 2328 5954 (a)
2352 5883 2591 5938 Plutarch.
2615 5884 2666 5935 in
2687 5876 2857 5934 libello
2878 5873 3008 5942 'quod
3029 5876 3285 5931 cessarunt
3305 5864 3518 5923 oracula.
