4064 6486
258 407 353 468 257

257 520 374 595 quid
401 518 481 577 eis
527 516 726 576 merito
774 516 1021 592 displicet
1068 518 1122 575 iu
1166 517 1419 590 operibus
1442 520 1526 575 vel
1562 519 1840 576 aﬂ'ectibus

255 615 425 689 pravis
444 655 459 682 ,
485 613 684 685 quibus
712 612 821 669 vim
844 628 993 668 suam
1016 611 1357 668 manifestam
1379 613 1573 669 occulti
1596 614 1837 683 spiritus,

254 706 302 763 id
326 705 547 762 credant
587 719 712 761 esse
762 704 1103 769 damonum,
1138 719 1245 760 non
1296 703 1539 760 deorum.
1571 704 1677 761 Sed
1717 706 1838 775 quia

254 799 465 857 eosdem
496 798 774 855 daemones
804 796 942 853 inter
970 796 1213 853 homines
1235 805 1290 853 et
1325 796 1457 854 deos
1507 797 1578 853 ita
1631 798 1839 855 medios

258 893 573 951 constitutos
645 899 872 962 putant,
926 899 1177 960 tanquam
1229 890 1404 945 nullus
1432 884 1586 947 deus
1637 890 1838 947 homini

258 986 545 1043 misceatur
568 992 627 1039 ut
648 983 775 1039 hinc
803 982 1073 1054 perferant
1092 981 1387 1039 desiderata
1409 1024 1425 1048 ,
1459 982 1582 1038 inde
1608 986 1839 1039 referant

252 1076 718 1147 impetrata;atque
733 1073 837 1130 hoc
852 1072 1111 1130 Platonici
1133 1073 1383 1145 praecipui
1396 1073 1835 1146 philosophorum

251 1184 305 1224 ac
330 1168 656 1223 nobilissimi
678 1168 938 1235 sentiunt,
968 1182 1089 1223 cum
1117 1168 1310 1237 quibus
1336 1169 1479 1223 velut
1507 1184 1629 1223 cum
1656 1170 1837 1225 escel~

251 1259 558 1316 lentioribus
575 1259 936 1329 placuitistam
959 1262 1265 1317 examinare
1283 1260 1835 1333 quaestionem,utrum

251 1351 413 1406 cultus
466 1350 820 1421 plurimorum
841 1350 1064 1407 deorum
1099 1352 1265 1422 prosit
1306 1350 1372 1406 ad
1406 1353 1833 1424 consequendam

250 1445 399 1501 vitam
423 1445 662 1512 beatam,
691 1460 811 1515 qua:
837 1454 960 1517 post
981 1454 1213 1501 mortem
1242 1444 1416 1501 futura
1446 1456 1529 1502 est
1552 1464 1566 1500 :
1590 1446 1731 1501 libro
1755 1463 1838 1503 su.

253 1540 452 1611 periore
478 1537 863 1610 qumsivimus,
885 1553 991 1609 quo
1018 1548 1171 1609 pacto
1198 1538 1497 1604 daemones,
1529 1539 1617 1610 qui
1646 1540 1837 1595 talibus

252 1630 506 1703 gaudent,
529 1630 707 1702 qualia
737 1630 861 1686 boni
900 1639 955 1686 et
985 1630 1277 1701 prudentes
1308 1631 1552 1687 homines
1578 1646 1833 1688 aversan-

253 1734 328 1779 tur
368 1733 424 1779 et
447 1723 705 1779 damnant
730 1764 748 1791 ,
778 1722 830 1777 id
875 1730 957 1777 est
983 1722 1273 1794 sacrilega,
1301 1722 1559 1793 ﬂagitiosa
1581 1765 1597 1791 ,
1632 1724 1836 1780 facino-

256 1828 361 1873 τοδε
382 1858 398 1881 ,
431 1831 542 1871 non
573 1814 641 1871 de
663 1815 903 1886 quolibet
929 1815 1146 1871 homine
1170 1858 1185 1883 ,
1212 1815 1307 1871 sed
1338 1816 1406 1871 de
1433 1816 1561 1888 ipsis
1589 1817 1693 1872 diis
1737 1818 1832 1889 ﬁg-

253 1920 418 1967 menta
451 1917 769 1981 poetarum,
814 1918 867 1964 et
912 1910 1236 1980 magicorum
1282 1910 1475 1965 artium
1520 1910 1833 1967 sceleratam

252 2004 678 2076 puniendumque
705 2003 1033 2065 violentiam,
1066 2004 1273 2075 possint
1298 2005 1449 2076 quasi
1487 2006 1834 2078 propinquio-

251 2112 327 2153 res
346 2105 403 2152 et
430 2095 718 2152 amiciores
737 2095 840 2151 diis
883 2095 1038 2151 bonis
1063 2097 1350 2152 conciliare
1378 2096 1624 2154 homines
1640 2098 1831 2166 bonos;

252 2196 300 2242 et
320 2189 417 2242 hoc
443 2188 587 2242 nulla
614 2188 822 2243 ratione
842 2203 1030 2258 posse.
1060 2199 1391 2259 compertum
1419 2198 1522 2246 est.

251 2278 471 2337 CAPUT
493 2278 558 2334 ll.
587 2309 659 2320 -—
680 2279 761 2334 An
786 2280 917 2334 inter
940 2279 1194 2336 dwmones
1212 2323 1227 2349 ,
1255 2281 1432 2353 quibus
1453 2282 1525 2337 dii
1551 2283 1835 2353 superiores

312 2381 462 2439 sunt,
491 2372 560 2426 sit
586 2372 764 2444 aliqua
784 2390 905 2443 pars
925 2374 1166 2429 bonorum
1188 2417 1202 2440 ,
1232 2392 1449 2447 quorum
1486 2377 1725 2449 prasidio
1767 2379 1836 2432 ad

311 2480 481 2518 mam
505 2463 867 2525 beatitudinem
887 2467 1045 2536 possit
1081 2467 1303 2522 humana
1343 2469 1515 2523 anima
1557 2470 1830 2541 pervenire.

310 2556 547 2613 Proinde
574 2555 663 2613 hic
688 2556 844 2624 liber,
874 2558 1013 2614 sicut
1038 2559 1090 2614 iu
1117 2559 1262 2617 illius
1293 2559 1399 2617 line
1455 2563 1831 2632 promisimus,

249 2649 660 2723 disputationem
677 2653 953 2709 continere
970 2652 1183 2711 debebit
1197 2654 1266 2711 de
1282 2655 1651 2731 ditl‘erentia(si
1673 2674 1833 2729 quam

249 2746 429 2801 volunt
449 2745 637 2817 esse),
668 2762 772 2800 non
795 2746 1016 2802 deorum
1043 2747 1182 2803 inter
1214 2763 1308 2817 se,
1340 2765 1475 2820 quos
1501 2766 1688 2808 omnes
1734 2752 1833 2808 bo-

256 2852 346 2893 nos
366 2836 557 2893 dicunt
578 2853 594 2902 ;
613 2850 714 2893 nec
737 2837 806 2894 de
830 2837 1126 2894 diﬂ‘erentia
1153 2840 1375 2896 deorum
1403 2850 1458 2898 et
1498 2841 1797 2899 daemonum
1816 2885 1831 2910 ,

256 2950 478 3005 quorum
504 2935 629 2991 illos
672 2935 739 2991 ab
760 2935 1067 2993 hominibus
1093 2938 1247 3009 longe
1273 2940 1485 3009 lateque
1513 2940 1798 3011 sejungunt
1817 2983 1832 3008 ,

249 3026 373 3081 istos
399 3027 543 3082 inter
570 3027 702 3083 deos
716 3036 773 3083 et
792 3027 1037 3085 homines
1056 3030 1319 3085 collocant
1340 3047 1353 3096 ;
1381 3031 1476 3087 sed
1498 3031 1565 3088 de
1585 3032 1836 3089 differen-

252 3118 313 3173 tia
342 3118 587 3189 ipsorum
608 3119 914 3176 dmmonum
935 3162 951 3185 ,
980 3121 1121 3192 quod
1148 3121 1214 3177 ad
1242 3132 1557 3193 prmsentem
1603 3125 1836 3196 pertinet

246 3214 610 3282 quzestionem.
645 3210 772 3287 [IL]
800 3213 953 3284 Apud
984 3214 1267 3285 plerosque
1294 3216 1436 3270 enim
1460 3217 1714 3272 usitatum
1744 3227 1829 3273 est

244 3304 337 3365 dici
365 3306 506 3359 alios
534 3304 735 3370 bonos,
758 3306 893 3361 alios
920 3308 1087 3362 malos
1114 3307 1421 3364 dmmoues:
1452 3325 1572 3380 quae
1613 3310 1732 3366 sive
1764 3311 1836 3366 sit

244 3399 395 3452 etiam
424 3398 848 3463 Platonicorum,
877 3400 989 3456 sive
1032 3402 1390 3471 quorumlibet
1415 3404 1675 3459 sententia
1694 3446 1708 3469 ,
1738 3420 1835 3459 nc-

244 3504 503 3560 quaquam
533 3488 651 3560 ejus
676 3499 758 3545 cst
794 3490 1106 3562 negligenda
1129 3491 1392 3547 diseussio
1414 3533 1431 3559 ,
1459 3509 1525 3549 ne
1554 3494 1835 3565 quisquam

245 3584 383 3638 velut
418 3583 697 3640 daemones
726 3584 898 3640 bonos
920 3585 1225 3655 sequendos
1254 3586 1353 3641 sibi
1378 3602 1496 3642 esse
1524 3589 1833 3655 arbitretur,

245 3689 336 3747 per
349 3692 487 3747 quos
510 3690 760 3748 tanquam
784 3677 1010 3745 medios,
1035 3678 1136 3733 dlis
1161 3694 1296 3749 quos
1316 3694 1503 3735 omnes
1532 3680 1701 3735 bonos
1722 3696 1838 3737 cre-

245 3769 357 3838 dit,
390 3770 517 3825 dum
568 3770 845 3826 conciliari
893 3770 1107 3827 allectat
1128 3780 1183 3825 et
1207 3771 1419 3839 studet,
1452 3780 1510 3826 ut
1536 3772 1687 3842 quasi
1715 3788 1836 3829 cum

244 3864 319 3919 eis
374 3864 543 3934 possit
590 3880 715 3921 esse
744 3873 868 3936 post
914 3874 1180 3932 mortem,
1222 3866 1455 3921 irretitus
1486 3867 1837 3940 malignorum

245 3957 524 4027 spirituum
565 3956 929 4029 deceptusque
956 3957 1159 4014 fallacia
1181 4001 1197 4025 ,
1228 3959 1385 4030 longe
1410 3958 1624 4016 aberret
1644 3977 1673 4015 a
1704 3976 1834 4017 vero

247 4048 374 4113 Deo,
391 4064 514 4104 cum
527 4066 635 4121 qtto
652 4050 790 4117 solo,
809 4057 863 4105 ct
877 4052 929 4106 in
945 4066 1052 4121 quo
1067 4052 1202 4117 solo,
1227 4060 1282 4107 et
1302 4051 1368 4107 de
1381 4068 1491 4123 quo
1507 4054 1643 4119 solo,
1662 4054 1839 4111 anima

247 4141 474 4198 humana
495 4186 512 4210 ,
543 4144 596 4200 id
627 4153 711 4202 est
753 4144 1028 4200 rationalis
1056 4155 1111 4200 et
1136 4145 1526 4212 intellectualis,
1556 4146 1708 4203 beata
1735 4158 1835 4204 est.

248 4256 471 4315 CAPUT
520 4258 608 4313 lli.
639 4290 712 4301 —
744 4258 871 4326 Qute
910 4260 1223 4315 dwmonibus
1263 4260 1509 4332 Apuleius
1549 4264 1799 4317 adscribet
1820 4281 1842 4331 ,-

314 4351 497 4420 quibus
539 4366 659 4405 cum
698 4350 944 4404 rationem
987 4367 1087 4405 non
1129 4350 1431 4419 subtrahat,
1478 4352 1607 4407 nihil
1648 4354 1842 4409 virtutis

316 4444 564 4515 assignat.

316 4557 448 4623 Quae
496 4556 657 4627 igitur
702 4563 786 4613 est
813 4555 1108 4612 diﬂ'erentia
1136 4557 1439 4612 dazmonum
1484 4556 1743 4614 bonorum
1790 4568 1845 4615 et

249 4650 551 4707 malorum?
576 4648 1006 4721 quandoquidem
1041 4650 1345 4705 Platonicus
1370 4649 1640 4720 Apuleius,
1665 4651 1732 4707 de
1761 4651 1845 4707 bis

250 4743 626 4800 nniversaliter
650 4741 922 4799 disserens
946 4784 961 4809 ,
994 4751 1049 4799 et
1078 4751 1183 4797 tam
1215 4743 1379 4797 multa
1410 4742 1633 4814 loquens
1661 4743 1728 4800 de
1755 4760 1848 4801 ae—

250 4838 344 4895 riis
388 4851 578 4894 eorum
610 4835 961 4907 corporibus,
993 4835 1060 4891 de
1105 4834 1385 4890 virtutibus
1428 4835 1591 4890 tacuit
1634 4836 1846 4892 animo-

249 4946 367 4986 rum
391 4973 409 4994 ,
440 4929 638 5002 quibus
676 4939 856 4985 essent
902 4927 1105 4998 prtediti
1134 4969 1148 4992 ,
1180 4928 1223 4982 si
1264 4926 1389 4982 boni
1433 4936 1633 4983 essent.
1661 4927 1851 4984 Tacuit

250 5038 380 5093 ergo
410 5020 756 5078 beatitudinis
785 5034 999 5075 causam
1024 5036 1039 5086 ;
1072 5019 1321 5075 indicium
1351 5034 1480 5074 vero
1507 5019 1735 5075 miseria:
1768 5030 1849 5075 ta-

249 5130 375 5171 cere
403 5131 511 5170 non
543 5114 750 5184 potuit,
800 5112 1061 5169 confitens
1102 5125 1288 5167 eorum
1321 5119 1552 5166 mentem
1577 5148 1601 5178 τ
1625 5126 1727 5182 qua
1760 5128 1848 5168 ra-

252 5207 479 5263 tionales
505 5221 628 5263 esse
672 5204 982 5276 perhibuit,
1014 5218 1121 5257 non
1155 5202 1344 5257 saltem
1390 5200 1645 5257 imbutam
1674 5205 1850 5260 muni-

251 5308 480 5373 tamque
500 5300 718 5365 virtute,
738 5296 1075 5371 passionibus
1103 5296 1265 5352 animi
1294 5296 1747 5355 irrationabilibus
1767 5314 1853 5354 ne~

250 5408 522 5467 quaquam
552 5391 767 5459 cedere,
799 5390 895 5448 sed
934 5390 1103 5463 ipsam
1133 5405 1366 5462 quoque,
1398 5390 1537 5446 sicut
1571 5391 1850 5448 stultorum

248 5488 516 5544 mentium
548 5499 669 5541 mos
701 5493 783 5541 est
806 5526 821 5550 ,
869 5482 1184 5556 procellosis
1221 5482 1615 5554 quodammodo
1638 5494 1852 5556 pertur-

249 5577 563 5637 bationibus
591 5578 801 5650 agitari.
830 5576 1006 5633 Verba
1044 5590 1273 5646 namque
1297 5573 1413 5643 ejus
1436 5574 1504 5630 de
1530 5574 1630 5631 hac
1664 5592 1725 5633 re
1753 5577 1853 5633 ista

248 5683 381 5729 sunt
412 5691 428 5728 :
463 5672 547 5728 Ea:
584 5673 679 5726 hoc
717 5676 871 5743 ferme
892 5672 1179 5727 daemonum
1209 5685 1416 5723 numero
1440 5710 1455 5735 ,
1490 5669 1659 5740 inquit
1682 5712 1695 5731 ,
1729 5687 1852 5739 poe-

251 5774 322 5821 ta
360 5768 565 5830 solent,
610 5765 1001 5837 haudquaquam
1045 5762 1281 5834 procula
1312 5763 1516 5815 ueritate
1538 5803 1553 5827 ,
1599 5779 1767 5817 osores
1808 5772 1857 5818 et

251 5869 512 5913 mutares
540 5856 876 5929 quorumdam
906 5854 1167 5910 hominum
1206 5853 1325 5908 deos
1351 5855 1581 5925 fingere;
1618 5855 1710 5909 hos
1739 5872 1859 5927 pro-

251 5966 468 6021 sperare
495 5960 547 6008 et
594 5949 797 6007 evehere
820 5990 836 6018 ,
863 5949 980 6005 illos
1027 5956 1203 6003 contra
1247 5947 1503 6004 adversari
1528 5956 1577 6002 st
1619 5948 1852 6021 aﬂliqsre,

1662 403 1869 461 LIBER
1901 402 2149 464 NONUS.

3424 408 3531 467 258

1947 517 2117 591 Igitur
2134 529 2183 575 et
2208 520 2430 576 misereri
2452 562 2467 587 ,
2489 530 2535 575 et
2554 522 2809 593 indignari
2830 563 2847 588 ,
2869 531 2917 577 et
2941 524 3063 595 angi
3085 566 3098 586 ,
3127 532 3175 578 et
3200 520 3362 579 laetari
3384 566 3400 590 ,
3423 542 3532 579 om-

1946 627 2158 697 nemque
2199 613 2406 666 humani
2432 614 2590 667 animi
2628 616 2807 683 faciem
2835 615 2940 686 puti
2961 657 2976 677 ,
3009 615 3163 669 simili
3190 627 3328 669 motu
3365 618 3531 671 cordis

1946 710 1992 756 et
2017 702 2127 756 salo
2153 703 2331 757 mentis
2353 746 2369 769 ,
2401 720 2490 774 per
2518 722 2687 759 omnes
2708 707 3067 777 cogitationum
3086 717 3239 763 cestus
3261 710 3528 777 ﬂuctuare.

1948 794 2079 877 Qua:
2100 796 2507 851 omnesturbellte
2530 806 2936 871 tempestatesque
2960 802 3187 870 procula
3207 800 3414 856 deorum
3434 817 3532 855 car-

1946 884 2147 939 lestium
2173 886 2533 956 tranquillitate
2558 888 2788 943 exsulant
2810 890 3080 961 (Apuleius
3106 892 3159 945 in
3188 892 3314 946 libro
3334 891 3415 947 De
3436 894 3530 948 deo

1946 975 2215 1049 Socratis).
2247 976 2384 1032 Num
2414 986 2494 1033 est
2522 978 2573 1033 in
2605 977 2688 1035 his
2712 980 2886 1035 verbis
2929 981 3030 1035 ulla
3061 981 3318 1037 dubitatio
3341 1024 3357 1049 ,
3386 981 3528 1053 quod

1945 1085 2049 1125 non
2074 1073 2373 1126 animorum
2398 1072 2603 1142 aliquas
2627 1072 2905 1128 inferiores
2926 1085 3121 1143 partes,
3140 1074 3234 1129 sed
3262 1075 3402 1145 ipsas
3417 1074 3530 1129 dte-

1944 1178 2160 1219 monum
2189 1174 2418 1231 mentes,
2449 1166 2638 1236 quibus
2664 1167 2939 1221 rationalia
2960 1175 3084 1223 sunt
3106 1168 3351 1223 animalia
3376 1209 3390 1232 ,
3416 1168 3526 1223 vel-

1943 1264 1999 1311 ut
2045 1259 2398 1327 procellosum
2415 1258 2584 1314 salum
2611 1260 2744 1315 dixit
2771 1266 3071 1331 passionum
3092 1271 3405 1332 tempestate
3424 1272 3526 1317 tur-

1942 1347 2091 1404 bari?
2112 1359 2169 1405 ut
2197 1366 2263 1407 ne
2288 1350 2591 1407 hominibus
2619 1352 2833 1424 quidem
2862 1353 3187 1423 sapientibus
3215 1368 3528 1425 comparan-

1943 1442 1997 1497 di
2027 1443 2133 1499 sint
2156 1485 2171 1509 ,
2203 1446 2290 1516 qui
2340 1445 2643 1516 ltujusmodi
2674 1446 3157 1517 perturbationibus
3186 1447 3483 1503 animorum
3506 1486 3525 1514 ,

1942 1548 1972 1588 a
2001 1536 2193 1605 quibus
2235 1536 2462 1592 humana
2494 1553 2599 1593 non
2630 1548 2711 1593 est
2737 1538 2987 1592 immunis
3017 1536 3298 1592 infirmitas
3320 1579 3335 1604 ,
3367 1536 3527 1592 etiam

1942 1641 2061 1681 cum
2089 1643 2181 1683 eas
2209 1629 2362 1699 hujus
2390 1632 2513 1686 viue
2554 1630 2859 1686 conditione
2890 1630 3159 1701 patiuntur
3180 1672 3197 1697 ,
3230 1639 3408 1686 mente
3431 1630 3529 1685 im-

1941 1718 2245 1788 perturbata
2284 1722 2536 1777 resistunt
2561 1764 2575 1787 ,
2606 1737 2710 1777 nou
2737 1724 2813 1777 eis
2839 1722 3089 1778 cedentes
3113 1722 3178 1776 ad
3205 1723 3403 1793 aliquid
3430 1738 3525 1793 ap-

1942 1808 2274 1878 probandum
2300 1813 2383 1867 vel
2414 1812 2825 1883 perpetrandum
2851 1853 2867 1878 ,
2894 1812 3034 1883 qttod
3060 1813 3324 1869 exorbitet
3348 1814 3415 1869 ab
3445 1813 3529 1869 iti-

1941 1916 2074 1957 nere
2103 1905 2379 1973 sapientia:
2405 1915 2459 1961 et
2484 1906 2598 1975 lege
2622 1905 2839 1976 justitize
2857 1923 2871 1960 :
2891 1907 2986 1962 sed
3012 1907 3187 1961 stultis
3216 1907 3528 1963 mortalibus

1941 2000 1997 2048 et
2021 1992 2231 2064 injustis
2253 2037 2269 2061 ,
2301 2012 2406 2050 non
2433 1997 2748 2067 corporibus
2771 2039 2786 2064 ,
2816 1997 2909 2052 sed
2948 1997 3183 2052 moribus
3213 1998 3413 2053 similes
3443 1999 3527 2067 (ut

1940 2097 2047 2137 non
2078 2083 2251 2140 dicam
2269 2086 2584 2149 deteriores,
2603 2103 2668 2141 eo
2694 2103 2799 2157 quo
2817 2091 3133 2145 vetustiores
3158 2097 3211 2144 et
3226 2088 3402 2143 debita
3423 2104 3529 2160 poe-

1939 2187 2007 2227 na
2026 2174 2390 2248 insanabiles),
2404 2178 2570 2248 ipsius
2581 2195 2789 2250 quoque
2806 2181 3017 2244 utentis,
3033 2190 3089 2235 ut
3105 2182 3204 2236 iste
3220 2182 3524 2251 appellavit,

1939 2264 2055 2320 salo
2072 2264 2353 2332 ﬂuctuant;
2376 2285 2473 2324 nec
2498 2269 2548 2323 in
2569 2270 2787 2325 veritate
2805 2279 2963 2341 atque
2988 2272 3201 2337 virtute,
3221 2288 3323 2342 qua
3350 2273 3529 2329 turbu-

1940 2356 2102 2412 lentis
2127 2367 2183 2413 et
2204 2360 2380 2428 pravis
2395 2360 2762 2418 all‘ectionibus
2787 2374 3128 2436 repugnatur,
3152 2381 3220 2422 ex
3237 2366 3339 2421 ulla
3356 2366 3523 2423 animi

1941 2460 2093 2521 parte
2121 2451 2440 2508 consistunt.

1940 2562 2166 2621 CAPUT
2215 2566 2303 2621 IV.
2334 2596 2406 2608 —
2433 2566 2513 2623 De
2558 2568 3010 2640 perturbationibus
3037 2588 3149 2642 quae
3176 2572 3344 2627 animo
3388 2572 3527 2627 acci-

2013 2660 2137 2713 dunt
2160 2699 2175 2726 ,
2221 2676 2336 2732 quae
2376 2662 2441 2716 sit
2484 2659 2938 2734 Peripateticorum
2984 2663 3369 2736 Stoicorumque
3408 2682 3526 2721 sen-

2014 2752 2187 2807 tentia.

2013 2867 2066 2923 1.
2100 2867 2227 2922 Dure
2251 2875 2374 2923 sunt
2398 2869 2676 2924 sententiae
2704 2869 3143 2942 philosophorum
3168 2911 3183 2938 ,
3210 2870 3279 2929 de
3304 2871 3386 2929 his
3415 2871 3531 2929 ani-

1941 2958 2014 3015 mi
2040 2961 2292 3027 tuatibtts,
2316 2978 2432 3032 qua:
2458 2963 2629 3019 ϐιωθί
2660 2969 2785 3026 πάθη
2816 2965 2856 3032 ⁸,
2890 2965 3056 3021 nostri
3083 2975 3259 3022 autem
3288 2968 3527 3040 quidam,

1940 3050 2080 3105 sicut
2107 3052 2291 3106 Cicero
2323 3051 2443 3121 (De
2473 3053 2683 3110 Finibus
2707 3096 2723 3123 ,
2774 3054 2864 3110 lib.
2893 3058 2929 3111 5
2952 3098 2966 3123 ,
3011 3073 3126 3127 cap.
3158 3058 3267 3124 20;
3316 3057 3526 3114 Tuscul.

1945 3142 2138 3210 Qutest.
2172 3143 2259 3197 tib.
2291 3144 2361 3211 δ,
2395 3161 2508 3215 cap.
2530 3148 2602 3209 4;
2636 3148 2724 3200 lib.
2753 3148 2825 3211 s,
2856 3164 3007 3218 capp.
3038 3149 3073 3206 5
3095 3190 3112 3215 ,
3145 3149 3178 3205 6
3200 3190 3217 3215 ,
3246 3132 3527 3223 alibique),

1944 3234 2373 3305 perturbationes
2395 3277 2408 3300 ,
2442 3236 2654 3306 quidam
2683 3236 2992 3293 affectiones
3014 3280 3030 3305 ,
3057 3239 3143 3294 vel
3170 3238 3391 3296 an‘ectus
3412 3241 3486 3315 (a)
3512 3284 3527 3307 ,

1941 3327 2155 3399 quidam
2183 3344 2308 3384 vero
2332 3369 2347 3391 ,
2374 3329 2507 3383 sicut
2533 3329 2632 3383 iste
2655 3328 2722 3383 de
2752 3345 2926 3400 graeco
2955 3326 3259 3402 expressius
3283 3372 3299 3397 ,
3328 3334 3530 3404 passio-

1942 3435 2039 3476 nes
2065 3428 2276 3475 vocant.
2309 3420 2415 3477 llas
2443 3436 2570 3492 ergo
2596 3420 3044 3493 perturbationes,
3063 3423 3176 3478 sive
3197 3423 3527 3491 aliectiones,

1942 3512 2055 3568 sive
2083 3513 2356 3582 passiones
2384 3513 2599 3584 quidam
2631 3514 2930 3584 philosophi
2960 3513 3145 3569 dicunt
3170 3516 3330 3572 etiam
3363 3516 3414 3572 in
3445 3532 3532 3573 sa-

1945 3604 2174 3675 pientem
2201 3605 2392 3661 cadere
2417 3648 2431 3672 ,
2465 3605 2558 3661 sed
2590 3606 2887 3661 moderatas
2914 3605 3210 3678 rationique
3239 3608 3527 3679 subjectus,

1945 3705 2002 3751 ut
2027 3698 2104 3752 eis
2130 3698 2273 3767 leges
2301 3698 2714 3767 quodammodo,
2744 3698 2935 3769 quibus
2962 3699 3029 3755 ad
3057 3701 3412 3758 necessarium
3438 3719 3531 3759 re-

1944 3789 2190 3860 digantur
2219 3788 2455 3851 modum,
2482 3789 2773 3844 dominatio
2798 3791 2992 3846 mentis
3020 3791 3276 3862 imponat.
3307 3793 3418 3850 Hoc
3438 3795 3531 3867 qui

1944 3883 2214 3948 sentiunt,
2260 3881 2519 3938 Platonici
2548 3892 2672 3937 sunt
2715 3883 2828 3939 sive
2854 3884 3175 3941 Aristotelici
3201 3927 3218 3953 ,
3257 3902 3379 3941 cum
3408 3888 3533 3944 Ari-

1945 3975 2166 4031 stoteles
2194 3974 2488 4046 discipulus
2517 3975 2751 4032 Platonis
2794 3974 2955 4032 fuerit
2978 4018 2994 4043 ,
3020 3979 3109 4047 qui
3152 3991 3351 4035 sectam
3383 3981 3533 4037 Peri-
3566 4000 3567 4005 π

1947 4069 2229 4140 pateticam
2278 4068 2534 4124 condidit.
2582 4068 2714 4124 Aliis
2740 4079 2919 4126 autem
2944 4112 2960 4138 ,
3005 4072 3142 4127 sicut
3182 4073 3412 4143 Stoicis,
3439 4092 3536 4133 ca-

1947 4160 2075 4217 dere
2120 4162 2255 4217 ullus
2284 4162 2501 4216 omnino
2530 4162 2895 4232 hujuscemodi
2922 4165 3199 4235 passiones
3243 4166 3294 4221 in
3321 4169 3537 4238 sapien-

1950 4260 2057 4309 tem
2086 4268 2192 4308 non
2241 4254 2431 4323 placet.
2467 4252 2575 4309 llos
2604 4261 2782 4309 autem
2807 4296 2823 4323 ,
2854 4254 2905 4309 id
2935 4264 3019 4311 est
3061 4256 3270 4313 Stoicos
3290 4300 3305 4324 ,
3349 4257 3539 4317 Cicero

1950 4346 2003 4401 itt
2035 4347 2188 4401 libris
2213 4346 2279 4402 de
2305 4346 2526 4401 Finibus
2554 4346 2816 4403 bonorum
2843 4358 2897 4404 et
2922 4349 3204 4416 malorum,
3226 4353 3404 4408 verbis
3428 4370 3534 4409 ma-

1949 4438 2030 4509 gis
2053 4454 2211 4508 quam
2241 4438 2399 4493 rebus
2426 4438 2681 4493 adversus
2709 4438 3012 4495 Platonicos
3036 4455 3131 4495 seu
3158 4442 3541 4513 Peripateticos

1950 4538 2159 4587 certare
2182 4528 2451 4585 convincit
2481 4544 2497 4580 :
2528 4528 2958 4600 quandoquidem
2984 4529 3152 4587 Stoici
3191 4532 3379 4588 nolunt
3402 4532 3541 4590 bona

1951 4621 2240 4693 appellare,
2264 4621 2359 4678 sed
2383 4621 2663 4677 commoda
2686 4622 2926 4693 corporis
2955 4632 3009 4679 et
3030 4633 3282 4693 externa;
3310 4641 3377 4683 eo
3400 4626 3541 4697 quod

1953 4715 2156 4774 nullum
2187 4715 2384 4771 bonum
2411 4715 2597 4770 volunt
2623 4728 2742 4770 esse
2769 4713 3002 4771 hominis
3039 4727 3234 4788 praeter
3252 4720 3501 4774 virtutem
3525 4760 3542 4785 ,

1955 4817 2207 4879 tauquam
2247 4815 2416 4862 artem
2440 4805 2579 4862 bene
2603 4805 2813 4863 vivendi
2839 4848 2855 4876 ,
2886 4823 3006 4879 qua
3034 4809 3247 4865 nonnisi
3285 4809 3339 4866 in
3365 4809 3546 4866 animo

1955 4910 2056 4959 est.
2080 4902 2204 4958 Hinc
2228 4910 2407 4957 autem
2434 4901 2521 4956 isti
2546 4901 2860 4972 simpliciter
2873 4910 2927 4957 et
2949 4918 3016 4958 ex
3031 4903 3299 4959 communi
3328 4903 3547 4973 loquen-

1956 4995 2009 5051 di
2035 4994 2420 5053 consuetudine
2449 4995 2721 5067 appellaut
2741 4996 2911 5061 bona;
2944 4996 3038 5052 sed
3067 4998 3116 5051 in
3148 4995 3548 5066 comparatione

1956 5090 2171 5145 virtutis
2194 5130 2209 5155 ,
2239 5104 2343 5159 qua
2370 5098 2513 5144 recte
2538 5089 2734 5144 vivitur
2757 5131 2773 5156 ,
2809 5104 2969 5161 parva
3008 5097 3062 5143 et
3085 5088 3293 5158 exigua.
3324 5088 3405 5144 Ex
3442 5105 3550 5161 quo

1959 5182 2019 5237 ilt
2040 5223 2055 5248 ,
2085 5191 2140 5235 ιιι
2161 5179 2229 5236 ab
2254 5181 2494 5250 utrisque
2515 5181 2789 5252 quodlibet
2808 5190 3065 5235 vocentur
3086 5221 3103 5246 ,
3130 5193 3224 5235 seu
3246 5178 3388 5237 bona
3411 5222 3429 5248 ,
3455 5198 3551 5239 seu

1958 5273 2239 5330 commoda
2264 5315 2280 5340 ,
2311 5274 2424 5344 pari
2449 5282 2623 5329 tamen
2650 5272 3003 5329 mstimatione
3024 5285 3317 5343 pensentur
3337 5316 3354 5343 ,
3378 5292 3479 5334 nec
3498 5278 3552 5333 in

1960 5366 2062 5423 hac
2088 5367 2383 5438 quastione
2425 5366 2587 5423 Stoici
2615 5365 2948 5422 delectentur
2970 5408 2985 5432 ,
3014 5366 3116 5422 nisi
3162 5369 3401 5426 novitate
3427 5386 3553 5426 ver-

1962 5461 2174 5516 borum.
2202 5460 2427 5516 Videtur
2455 5474 2583 5531 ergo
2609 5458 2739 5513 mihi
2766 5457 2923 5513 etiam
2952 5458 3003 5513 in
3032 5457 3156 5526 hoc,
3186 5461 3278 5517 ubi
3302 5462 3555 5533 quatritur

1961 5563 2139 5611 utrum
2165 5554 2411 5610 accidant
2450 5552 2678 5623 sapienti
2717 5550 2998 5622 passiones
3038 5553 3242 5621 animi,
3272 5570 3340 5611 an
3368 5556 3436 5612 ab
3476 5556 3557 5612 eis

2029 5769 2046 5800 ι
2071 5764 2402 5822 Scribendum,
2427 5774 2537 5825 qua:
2570 5761 2727 5811 cneci
2762 5760 2923 5824 pathé,
2965 5776 3029 5814 ex
3069 5766 3355 5816 auctoritate
3391 5776 3559 5815 manu-

1963 5832 2286 5912 scriptprui'q,‘
2299 5828 2552 5912 jusserunt
2574 5831 2738 5875 Patres
2761 5825 3057 5878 Benedictini
3093 5828 3144 5887 in
3166 5826 3403 5901 addeudis

1963 5890 2121 5941 arceri
2145 5890 2327 5952 mihi]
2354 5890 2357 5893 ‘
2421 5894 2478 5936 Μ.

2032 5953 2106 6018 (a)
2128 5950 2324 6014 Qtslnttl.
2346 5949 2438 6002 lib.
2462 5948 2684 6013 61nstit.,
2708 5964 2815 6016 cap.
2834 5950 2925 6015 ΞΛ
2954 5950 3035 6035 ﬂ),
