4064 6484
526 497 599 552 sit
623 504 842 566 prorsus
864 472 1069 546 alienus
1091 527 1108 555 ,
1136 483 1203 562 de
1226 480 1404 539 verbis
1428 492 1523 536 eos
1552 478 1727 549 potius
1751 489 1910 547 quam
1936 471 2004 528 de
2028 485 2114 527 re-

529 563 818 646 bus‘facerc
833 579 1271 640 controversiam.
1287 573 1419 632 Nam
1437 583 1489 629 et
1514 572 1659 644 ipsos
1679 569 1811 625 nihil
1834 567 1957 623 hinc
1972 563 2114 622 aliud

528 696 690 753 quam
718 676 1019 735 Platonicos
1066 679 1121 728 et
1166 667 1549 740 Peripateticos
1576 664 1778 721 sentire
1827 659 2073 717 existimo
2096 699 2112 728 ,

531 780 789 845 quantum
815 767 883 825 ad
910 766 1021 824 vim
1048 778 1231 821 rerum
1253 760 1480 826 attinet,
1512 772 1623 815 non
1642 755 1713 814 ad
1735 753 2116 812 vocabulorum

531 877 743 920 sonum.
1092 848 1097 853 ’

600 956 655 1012 2.
688 954 761 1013 Ut
800 952 945 1011 enim
974 950 1077 1006 alia
1121 947 1363 1004 omittam
1387 943 1583 1017 quibus
1607 940 1663 998 id
1700 937 1982 998 ostendam
2003 976 2021 1006 ,
2050 948 2120 992 ne

531 1053 746 1120 longum
773 1046 984 1112 faciam,
1002 1042 1198 1114 aliquid
1220 1054 1384 1097 unum
1405 1035 1548 1109 quod
1572 1035 1641 1093 sit
1659 1030 2117 1092 evidentissimum

530 1142 727 1199 dicam.
747 1139 805 1196 ln
831 1138 984 1196 libris
1008 1124 1200 1208 quibus
1227 1132 1409 1189 titulus
1430 1138 1513 1186 est
1537 1124 1781 1184 Noctium
1799 1124 2115 1189 Atticarum,

530 1234 717 1292 scribit
742 1232 809 1287 Α.
840 1228 1046 1288 Gellius
1071 1228 1111 1295 ί,
1141 1225 1223 1281 vir
1249 1219 1629 1296 elegantissimi
1656 1215 1877 1289 eloquii,
1904 1224 1959 1272 et
1983 1213 2123 1269 mul-

519 1337 603 1399 tm
626 1340 691 1382 ac
716 1322 958 1382 facunda
982 1318 1220 1377 scientiae
1243 1358 1260 1383 ,
1290 1331 1350 1373 se
1380 1313 1658 1385 navigasse
1684 1307 1970 1382 aliquando
1997 1321 2120 1363 cum

532 1417 765 1492 quodam
789 1412 1107 1489 philosopho
1127 1407 1293 1466 nobili
1316 1407 1520 1464 Stoico.
1548 1403 1597 1460 is
1624 1399 1992 1474 philosophus,
2016 1397 2123 1454 sic-

533 1491 595 1568 ut
634 1510 794 1566 latius
830 1517 887 1563 et
913 1503 1169 1572 uberius,
1215 1497 1356 1573 quod
1405 1512 1507 1570 ego
1544 1493 1778 1552 breviter
1822 1491 2079 1561 attingam
2103 1529 2119 1558 ,

535 1611 719 1661 narrat
740 1601 807 1657 Α.
833 1598 1033 1657 Gellius
1071 1594 1208 1668 (Lib.
1242 1592 1309 1649 l9
1334 1624 1349 1661 ι
1378 1607 1495 1663 cap.
1529 1588 1582 1659 1)
1610 1627 1626 1655 ,
1654 1601 1776 1643 cum
1816 1581 1947 1640 illud
1973 1581 2122 1637 navi-

533 1696 679 1768 gium
696 1690 939 1750 horribili
960 1688 1097 1746 coelo
1116 1695 1174 1743 et
1190 1684 1322 1741 mari
1340 1678 1790 1755 periculosissime
1809 1675 2121 1749 iactaretur,

535 1762 587 1845 vi
632 1785 840 1843 timoris
861 1779 1134 1853 expalluit.
1162 1774 1220 1833 Id
1245 1772 1678 1831 animadversum
1702 1777 1788 1826 est
1822 1768 1891 1824 ab
1928 1766 2006 1823 eis
2034 1762 2125 1838 qui

533 1881 759 1937 aderant
778 1916 796 1946 ,
823 1874 1065 1947 quamvis
1091 1871 1146 1928 in
1176 1869 1365 1925 mortis
1392 1865 1585 1922 vicinia
1610 1905 1626 1931 ,
1655 1860 2020 1920 curiosissime
2045 1866 2127 1915 at-

536 1976 716 2040 tentis,
744 1978 995 2026 utrumne
1022 1960 1377 2036 philosophus
1400 1958 1580 2014 animo
1607 1954 1931 2010 turbaretur.
1965 1950 2126 2040 Dein-

534 2064 605 2121 de
629 2038 946 2133 tempestate
970 2062 1258 2122 transacta,
1275 2066 1399 2108 mox
1426 2060 1484 2105 ut
1509 2047 1765 2105 securitas
1780 2038 2126 2117 praebuitcol-

535 2152 790 2227 loquendi
823 2149 911 2207 vel
937 2149 1098 2204 etiam
1122 2143 1390 2218 garriendi
1421 2142 1596 2199 locum
1621 2181 1637 2208 ,
1664 2136 1879 2210 quidam
1905 2140 1969 2227 es
2003 2133 2087 2227 his
2109 2173 2125 2199 ,

535 2225 672 2321 quos
700 2244 851 2302 navis
894 2242 982 2298 illa
1026 2238 1308 2311 portabat,
1340 2235 1492 2291 dives
1532 2229 1839 2288 luxuriosus
1862 2225 2128 2283 Asiaticus

532 2341 909 2416 philosophum
939 2337 1245 2409 compellat,
1277 2333 1503 2390 illudens
1529 2328 1673 2401 quod
1702 2324 2037 2383 extimuisset
2056 2330 2129 2377 at-

534 2453 639 2509 que
685 2434 963 2507 polluisset
988 2474 1001 2498 ,
1031 2445 1152 2486 cum
1183 2429 1299 2499 ipse
1327 2424 1615 2481 mansisset
1640 2417 1934 2490 intrepidus
1973 2416 2027 2472 in
2063 2429 2130 2471 eo

536 2505 1042 2599 quod—impendebat
1069 2518 1254 2575 exitio.
1283 2520 1354 2571 At
1379 2515 1468 2570 ille
1489 2505 2027 2599 AristipptSocratici
2054 2519 2131 2599 re-

537 2586 797 2691 sponsum
818 2610 1021 2683 retulit,
1052 2608 1287 2684 quicum
1312 2602 1366 2665 in
1391 2622 1452 2664 re
1476 2599 1637 2665 Simili
1664 2598 1852 2660 eadem
1882 2598 2039 2691 verba
2064 2586 2133 2654 ab

542 2686 760 2768 homine
782 2702 944 2765 simili
967 2696 1228 2769 audisset,
1245 2696 1524 2771 respondit
1548 2692 1696 2753 illum
1725 2704 1820 2766 pro
1845 2686 2022 2748 anima
2039 2704 2135 2746 ne-

539 2804 784 2879 quissimi
811 2799 1093 2858 nebulonis
1134 2796 1327 2853 merito
1364 2807 1471 2849 non
1515 2790 1680 2846 luisse
1717 2782 2004 2879 sollicitum
2028 2825 2044 2851 ,
2075 2797 2135 2838 se

539 2870 718 2955 autem
760 2904 858 2967 pro
885 2884 1140 2963 Aristippi
1182 2889 1359 2944 anima
1384 2885 1576 2943 timere
1601 2879 1870 2939 debuisse.
1899 2870 2014 2934 Hac
2042 2876 2135 2967 illo

539 2988 705 3049 divite
738 2963 1091 3060 responsione
1131 2976 1353 3055 depulso
1377 3022 1392 3047 ,
1425 2986 1607 3051 postea
1651 2972 1897 3049 quaesivit
1921 2972 1987 3027 A.
2017 2963 2135 3027 Gel-

536 3082 648 3140 lius
676 3091 706 3136 a
736 3072 1076 3153 philosopho,
1110 3076 1217 3132 non
1248 3068 1549 3145 exagitandi
1575 3066 1776 3135 animo,
1810 3061 1904 3123 sed
1932 3063 2137 3153 discen-

542 3170 598 3232 di
622 3218 638 3244 ,
666 3150 909 3246 quianam
936 3170 1029 3226 illa
1053 3160 1192 3225 ratio
1219 3172 1363 3223 esset
1400 3160 1614 3236 pavoris
1642 3160 1745 3216 sui.
1777 3156 1877 3226 Qui
1904 3156 1965 3212 ut
1985 3150 2138 3211 doce-

540 3274 629 3324 ret
653 3260 923 3321 hominem
947 3255 1153 3319 sciendi
1180 3254 1356 3315 studio
1383 3255 1592 3311 naviter
1613 3262 1895 3310 accensum
1921 3290 1936 3317 ,
1964 3252 2138 3320 prota-

540 3359 606 3417 lit
630 3357 808 3415 statim
849 3348 917 3412 de
944 3350 1207 3411 sarcinula
1238 3364 1333 3406 sua
1356 3344 1524 3406 Stoici
1553 3342 1782 3417 Epicteti
1816 3338 2011 3399 librum
2036 3382 2053 3407 ,
2083 3338 2138 3395 in

546 3444 654 3525 quo
681 3462 743 3507 ea
774 3451 971 3520 scripta
997 3453 1180 3516 essent
1202 3488 1217 3512 ,
1249 3454 1369 3519 qua:
1398 3444 1755 3513 congruerent
1782 3434 2012 3493 decretis
2040 3432 2141 3490 Ζε-

547 3540 704 3599 nonis
741 3548 795 3598 et
816 3532 1099 3611 Chrysippi
1126 3578 1140 3601 ,
1172 3548 1307 3608 quos
1346 3532 1510 3590 fuisse
1539 3526 1840 3588 Stoicorum
1872 3525 2141 3598 principes

548 3620 813 3692 novimus.
844 3630 901 3687 in
945 3642 1011 3688 eo
1039 3630 1177 3686 libro
1202 3638 1261 3685 se
1288 3625 1482 3698 legisse
1521 3618 1651 3681 dicit
1675 3620 1740 3678 Α.
1768 3618 1972 3678 Gellius
1995 3660 2009 3685 ,
2039 3616 2143 3674 hoc

544 3724 744 3785 Stoicis
784 3720 1046 3798 placuisse
1069 3764 1085 3791 ,
1131 3719 1273 3792 quod
1303 3717 1463 3774 animi
1507 3715 1621 3773 visa
1648 3755 1663 3780 ,
1709 3726 1842 3784 quas
1870 3709 2144 3781 appellant

550 3816 861 3893 phantasias
885 3860 901 3887 ,
931 3828 1031 3873 nec
1055 3818 1111 3872 in
1139 3820 1404 3888 potestate
1432 3818 1517 3867 est
1542 3817 1719 3866 utrum
1746 3816 1799 3863 et
1820 3802 2034 3877 quando
2070 3803 2145 3858 in-

551 3892 733 3970 cidant
758 3910 936 3966 animo
958 3916 974 3978 ;
1005 3916 1127 3965 eum
1148 3902 1370 3962 Veniunt
1389 3902 1410 3937 ¹
1445 3916 1513 3959 ex
1536 3894 1862 3957 terribilibus
1890 3904 1945 3953 et
1969 3892 2147 3952 formi-

553 3998 818 4059 dabliibus
840 3994 1003 4055 rebus
1026 4038 1041 4065 ,
1072 4006 1295 4054 necesse
1321 4002 1403 4051 est
1420 3992 1590 4049 etiam
1618 3986 1874 4061 sapientis
1908 3982 2145 4043 animum

553 4101 843 4160 moveant;
874 4090 949 4149 ita
974 4098 1034 4147 ut
1059 4087 1330 4161 paulisper
1354 4086 1435 4143 vel
1469 4092 1716 4157 pavescat
1736 4091 1883 4138 metu
1907 4124 1923 4150 ,
1957 4082 2038 4136 vel
2060 4080 2148 4136 tri-

556 4184 700 4244 Stitia
744 4182 1089 4242 contrahatur
1113 4221 1127 4247 ,
1159 4190 1408 4251 tanquam
1454 4178 1536 4233 his
1562 4175 1897 4249 passionibus
1936 4189 2146 4247 przeve-

558 4278 829 4339 nientibus
851 4278 1049 4335 mentis
1072 4283 1126 4333 et
1148 4274 1371 4331 rationis
1394 4270 1625 4328 officium
1660 4288 1674 4327 :
1707 4282 1805 4325 nec
1830 4269 1950 4326 ideo
1971 4279 2147 4326 tamen

558 4366 615 4429 in
638 4378 819 4427 mente
862 4364 977 4425 fieri
1006 4364 1310 4439 opinionem
1341 4360 1507 4432 mali,
1538 4374 1638 4419 nec
1680 4359 1964 4432 approbari
2008 4360 2107 4416 ista
2130 4401 2146 4428 ,

559 4462 745 4537 eisque
768 4460 1082 4520 consentiri.
1113 4454 1226 4515 Hoc
1251 4456 1395 4514 enim
1421 4466 1545 4513 esse
1568 4455 1756 4511 volunt
1780 4455 1833 4510 in
1864 4462 2147 4525 potestate,

561 4552 723 4630 idque
736 4542 1004 4614 interesse
1027 4559 1252 4610 censent
1275 4542 1415 4607 inter
1430 4548 1663 4605 animum
1681 4548 1936 4618 sapientis
1951 4556 2004 4604 et
2029 4546 2152 4603 stul-

562 4647 603 4709 ιι
626 4693 642 4721 ,
671 4638 815 4723 quod
856 4642 1002 4705 stulti
1030 4642 1238 4703 animus
1265 4640 1467 4701 eisdem
1498 4640 1832 4715 passioaibus
1859 4636 2042 4711 cedit,
2067 4646 2152 4697 at-

562 4748 669 4815 que
685 4730 1056 4797 accommodat
1082 4734 1278 4793 mentis
1303 4748 1578 4791 assensum
1604 4750 1619 4803 ;
1650 4731 1905 4805 sapientis
1933 4738 2109 4789 autem
2135 4773 2150 4800 ,

564 4824 809 4908 quamvis
847 4834 940 4889 eas
984 4828 1306 4887 necessitate
1343 4829 1574 4901 patiatur
1597 4869 1612 4895 ,
1640 4827 1837 4883 retinet
1866 4830 2042 4883 tamen
2087 4824 2154 4882 de

564 4924 651 4983 his
696 4934 818 4998 quae
861 4924 1116 4995 appetere
1156 4920 1249 4977 vel
1295 4912 1475 4992 fugere
1515 4917 1903 4975 rationabiliter
1948 4918 2151 4987 debet,

566 5030 752 5076 veram
806 5022 861 5075 et
912 5009 1158 5072 stabilem
1210 5010 1527 5069 inconcussa
1575 5020 1759 5069 mente
1813 5010 2150 5068 sententiam.

569 5108 694 5167 llaec
732 5117 795 5166 ut
834 5108 983 5181 potui
1007 5098 1029 5177 ,5
1063 5112 1170 5162 nan
1208 5105 1425 5176 quidem
1467 5104 1798 5161 commodius
1838 5106 1902 5159 A.
1944 5100 2114 5160 Gellio
2137 5145 2152 5170 ,

542 5202 664 5259 -sed
710 5202 856 5259 certe
896 5199 1157 5267 brevius,
1203 5204 1294 5267 et,
1328 5208 1384 5254 ut
1432 5205 1597 5269 puto,
1631 5197 1839 5269 planius
1886 5194 2153 5268 exposui,

568 5296 689 5365 qua:
736 5288 830 5349 ille
879 5296 938 5349 se
990 5290 1045 5348 in
1100 5286 1336 5363 Epicteti
1387 5287 1528 5346 libro
1580 5284 1775 5362 legisse
1824 5300 2153 5345 commemo-

568 5384 654 5440 rat
683 5424 699 5450 ,
742 5386 868 5439 eum
897 5396 965 5438 ex
996 5379 1227 5439 decretis
1254 5378 1557 5440 Stoicorum
1586 5378 1792 5436 dixisse
1821 5386 1979 5449 atque
2027 5388 2155 5435 sen-

569 5475 726 5531 tisse.
1034 5498 1037 5501 π

642 5570 698 5627 3.
728 5568 857 5640 Qum
881 5568 928 5624 si
952 5567 1023 5624 ita
1053 5578 1210 5635 sunt,
1243 5573 1335 5625 aut
1358 5564 1489 5624 nihil
1516 5611 1529 5635 ,
1562 5576 1651 5622 aut
1676 5578 1813 5637 pene
1838 5564 1970 5621 nihil
1996 5560 2159 5621 distat

636 5702 651 5765 ξ
678 5701 811 5765 vinci
842 5709 892 5765 et
914 5708 1038 5763 Mss,
1059 5700 1277 5765 mellina.
1308 5711 1360 5752 At
1379 5712 1475 5765 Am.
1501 5707 1572 5750 Er.
1594 5708 1643 5751 et
1665 5708 1771 5751 ιον.
1800 5710 1853 5765 Α,
1882 5698 2073 5752 Gellius.

636 5764 656 5793 ³
678 5763 751 5811 sic
766 5761 991 5826 plerique
1009 5761 1335 5828 manuscripti.
1364 5764 1427 5812 Ad
1454 5766 1587 5823 editi,
1607 5778 1717 5816 cum
1738 5763 1943 5816 veritam.
1961 5790 2025 5801 —-
2045 5771 2159 5814 Pau-

526 5854 533 5861 -
569 5823 619 5876 lo
642 5832 750 5891 post
981 5829 1130 5878 uestri
1160 5823 1285 5887 MssI,
1307 5839 1496 5879 necesse
1519 5835 1601 5877 est.
1643 5835 1691 5877 in
1722 5834 1790 5888 8.,
1827 5839 2017 5937 uacessc
2039 5839 2155 5879 csse.

1589 360 1679 418 DE
1704 353 2031 416 CIVITATE
2069 349 2205 417 DEI,
2244 349 2302 404 S.
2343 345 2712 405 AUGUSTlNl

2227 466 2364 521 inter
2376 465 2677 522 Stoicorum
2698 464 3031 536 aliorumque
3048 462 3490 537 philosophorum
3505 463 3815 537 opinionem

2221 555 2290 615 de
2329 557 2665 631 passionibus
2692 566 2745 617 et
2769 552 3255 629 perturbationibus
3298 557 3599 614 animorum
3632 574 3649 614 :
3681 559 3816 623 utri-

2221 667 2325 725 que
2342 652 2486 709 enim
2504 659 2738 708 mentem
2760 651 3130 722 rationemque
3152 651 3412 722 sapientis
3436 651 3503 706 ab
3526 664 3713 707 earum
3728 648 3819 708 do-

2221 744 2516 803 minatione
2529 743 2841 803 defendunt.
2860 743 2928 801 Et
2951 742 3074 800 ideo
3098 742 3325 801 fortasse
3340 741 3525 801 dicunt
3548 756 3642 798 cas
3666 741 3722 798 in
3739 754 3820 799 sa-

2223 838 2457 911 pientem
2485 852 2592 895 non
2631 836 2823 895 cadere
2852 834 3059 920 Stoici,
3088 836 3217 907 quia
3236 849 3574 907 nequaquam
3598 835 3718 905 ejus
3741 848 3821 890 sa-

2224 920 2479 1004 pientiam
2500 973 2517 1001 ,
2549 947 2652 1004 qua
2696 932 2878 1002 utique
2902 929 3115 1003 sapiens
3140 937 3224 989 est
3244 970 3262 997 ,
3293 927 3402 985 ullo
3427 942 3614 985 errore
3643 926 3819 983 obnu-

2223 1025 2395 1085 bilant
2416 1066 2433 1094 ,
2464 1032 2554 1080 aut
2597 1024 2717 1081 labe
2759 1023 3096 1081 subvertant.
3127 1020 3390 1078 Accidunt
3415 1029 3592 1077 autem
3635 1019 3822 1076 annuo

2225 1116 2482 1188 sapientis
2505 1160 2522 1185 ,
2552 1116 2699 1172 salva
2742 1113 3034 1171 serenitate
3075 1112 3351 1183 sapientia:
3372 1153 3389 1178 ,
3423 1118 3641 1182 propter
3683 1105 3776 1166 illa
3800 1149 3819 1178 ,

2226 1222 2345 1281 quae
2369 1192 2649 1264 commoda
2675 1206 2761 1262 vel
2788 1192 3127 1265 incommoda
3150 1201 3458 1274 appellant,
3482 1199 3727 1272 quamvis
3756 1213 3826 1256 ea

2227 1298 2398 1356 nolint
2440 1297 2617 1354 dicere
2644 1296 2783 1353 bona
2811 1296 2897 1352 vel
2925 1281 3087 1351 maia.
3131 1292 3265 1349 Nam
3294 1292 3535 1363 profecto
3576 1291 3623 1347 si
3665 1290 3826 1347 nihili

2226 1384 2486 1462 penderet
2505 1404 2597 1446 eas
2619 1403 2707 1444 res
2732 1387 2819 1443 ille
2844 1385 3195 1458 philosophus
3219 1427 3233 1448 ,
3260 1398 3393 1456 quas
3414 1384 3736 1440 amissurum
3764 1396 3826 1440 se

2227 1445 2504 1554 naufragio
2539 1478 2805 1538 sentiebat
2826 1445 3030 1546 ..εἰρυιί
3055 1445 3137 1533 est
3161 1445 3396 1567 vita-ista
3422 1474 3672 1546 salusque
3697 1489 3825 1531 cor-
3859 1445 3876 1567 ι

2227 1574 2403 1649 poris;
2439 1584 2543 1629 non
2571 1574 2644 1628 ita
2673 1570 2799 1627 illud
2828 1560 3122 1643 periculum
3150 1558 3608 1640 perhorresceret,
3629 1574 3687 1622 ut

2228 1666 2361 1723 loris
2384 1663 2546 1724 etiam
2576 1661 2882 1720 testimonio
2912 1658 3250 1733 proderetur.
3273 1652 3659 1717 Verumtamen
3688 1665 3745 1714 et
3770 1648 3826 1713 ii-

2228 1742 2333 1812 iam
2364 1762 2570 1826 poterat
2596 1752 2985 1824 permotionem
3011 1753 3139 1821 pati,
3170 1758 3226 1804 et
3253 1748 3410 1805 lixam
3438 1758 3622 1805 tenere
3642 1754 3828 1804 mente

2229 1842 2549 1904 sententiam
2573 1884 2589 1912 ,
2624 1840 2787 1899 vitam
2828 1840 2971 1898 illam
2998 1836 3331 1912 salutemque
3374 1832 3614 1912 corporis
3635 1880 3653 1910 ,
3684 1838 3828 1911 quo-

2230 1953 2350 1996 rum
2385 1935 2728 1994 amissionem
2770 1928 3073 1991 minabatur
3110 1931 3441 2006 tempestatis
3481 1930 3787 1988 immanitas
3810 1972 3829 2001 ,

2230 2045 2339 2087 non
2381 2040 2500 2087 esse
2542 2018 2682 2083 bona
2710 2040 2829 2099 quae
2858 2022 2979 2082 illos
3002 2067 3019 2095 ,
3047 2014 3242 2096 quibus
3282 2020 3560 2090 inessent,
3591 2018 3834 2080 facerent

2229 2117 2404 2180 bonos
2430 2164 2444 2189 ,
2476 2118 2615 2178 sicut
2638 2110 2765 2175 facit
2801 2114 3029 2191 iustitia.
3063 2116 3218 2186 Quod
3242 2123 3423 2173 autem
3465 2114 3614 2171 aiunt
3636 2130 3699 2171 ea
3729 2130 3835 2174 nec

2234 2215 2377 2271 bona
2406 2202 2723 2286 appellanda
2749 2220 2891 2279 esse,
2920 2209 3015 2266 sed
3043 2202 3364 2276 commoda;
3392 2205 3682 2265 verborum
3711 2223 3837 2265 cer-

2234 2303 2421 2364 tamini
2447 2346 2462 2374 ,
2492 2319 2599 2361 non
2647 2318 2828 2360 rerum
2870 2300 3107 2360 examini
3152 2296 3515 2372 deputandum
3556 2307 3655 2357 est.
3689 2290 3838 2370 Quid

2234 2399 2377 2455 enim
2404 2394 2666 2460 interest,
2701 2399 2877 2451 utrum
2905 2392 3081 2468 aptius
3102 2391 3241 2450 bona
3264 2388 3525 2449 vocentur
3545 2434 3560 2459 ,
3588 2406 3656 2449 an
3682 2406 3839 2450 eom-

2235 2488 2391 2547 moda
2417 2504 2433 2557 ;
2460 2476 2588 2544 dum
2634 2495 2812 2543 tamen
2835 2501 2905 2543 ne
2933 2484 3017 2543 bis
3042 2486 3277 2557 privetur
3299 2524 3315 2551 ,
3346 2494 3457 2539 non
3478 2482 3659 2540 minus
3686 2476 3839 2541 Stoi-

2236 2597 2334 2638 cus
2360 2624 2374 2649 ,
2402 2592 2562 2652 quam
2588 2576 2973 2651 Peripateticus
3012 2585 3262 2650 pavescat
3285 2584 3343 2632 et
3367 2572 3598 2647 palleat;
3628 2591 3691 2632 ea
3727 2591 3841 2638 non

2238 2673 2515 2745 aequaliter
2541 2668 2881 2745 appellando,
2913 2670 3007 2727 sed
3034 2664 3312 2743 aequaliter
3336 2664 3689 2726 testimando?
3715 2670 3844 2727 Arn-

2236 2764 2309 2824 bo
2335 2770 2466 2822 sane
2490 2807 2506 2832 ,
2534 2764 2581 2821 si
2605 2762 2870 2821 bonorum
2911 2760 3138 2820 istorum
3170 2777 3268 2819 seu
3292 2759 3698 2823 commodorum
3736 2777 3843 2835 pe-

2238 2854 2422 2915 riculis
2467 2854 2537 2914 ad
2569 2852 2826 2928 ilagitium
2856 2852 2943 2912 vel
2982 2853 3193 2911 facinus
3221 2860 3514 2926 urgeantur
3534 2895 3550 2924 ,
3581 2862 3641 2910 ut
3680 2854 3844 2911 aliter

2238 2960 2302 3009 ea
2330 2951 2562 3009 retinere
2606 2960 2715 3006 non
2745 2947 2996 3022 possint,
3028 2948 3187 3005 malle
3227 2960 3287 3005 se
3315 2945 3500 3005 dicunt
3527 2944 3643 3004 lucc
3691 2947 3839 3004 amit-

2240 3048 2356 3098 tere
2399 3036 2593 3113 quibus
2623 3049 2814 3095 natura
2842 3037 3085 3110 corporis
3133 3035 3280 3093 salva
3304 3045 3359 3093 et
3402 3032 3684 3095 incolumis
3728 3031 3843 3093 ha-

2241 3130 2396 3189 betur
2416 3173 2432 3199 ,
2480 3140 2639 3204 quam
2702 3126 2794 3186 illa
2835 3128 3173 3186 committere
3227 3127 3423 3201 quibus
3463 3126 3673 3201 iustitia
3724 3126 3849 3185 vio-

2240 3229 2401 3286 latur.
2432 3216 2511 3281 ita
2550 3236 2705 3280 mens
2729 3266 2744 3291 ,
2771 3221 2864 3280 ubi
2909 3220 3013 3279 lixa
3053 3227 3140 3279 est
3182 3222 3284 3277 ista
3312 3220 3579 3278 sententia
3605 3263 3622 3288 ,
3666 3220 3850 3280 nullas

2243 3316 2675 3391 perturbationes
2697 3357 2715 3385 ,
2765 3312 2977 3371 etiamsi
3028 3312 3273 3370 accidant
3324 3308 3667 3369 inferioribus
3719 3311 3849 3369 aui-

2243 3408 2317 3467 mi
2360 3405 2603 3483 partibus
2623 3449 2640 3478 ,
2673 3408 2728 3465 in
2767 3421 2828 3465 se
2855 3414 3042 3465 contra
3070 3405 3332 3463 rationem
3375 3406 3669 3477 praevalere
3715 3421 3847 3478 per-

2244 3502 2454 3561 mittit:
2486 3503 2617 3575 quin
2663 3501 2772 3558 imo
2818 3499 2899 3558 eis
2945 3500 3060 3571 ipsa
3107 3497 3453 3565 dominatur,
3500 3499 3688 3570 eisque
3736 3502 3849 3554 non

2244 3593 2630 3655 consentiendo
2651 3638 2668 3665 ,
2697 3593 2793 3651 sed
2839 3593 3016 3666 potius
3063 3590 3363 3651 resistendo
3402 3607 3624 3666 regnum
3682 3594 3853 3650 virtu-

2246 3688 2314 3747 tis
2340 3696 2575 3745 exercet.
2619 3684 2804 3744 Talem
2832 3683 3090 3743 describit
3126 3685 3287 3741 etiam
3317 3684 3564 3758 Virgilius
3588 3682 3805 3742 Ainean
3829 3727 3850 3758 ,

2246 3785 2338 3842 ubi
2369 3784 2443 3839 ait
2469 3799 2484 3839 :

2307 3881 2444 3927 lens
2456 3875 2654 3927 immota
2688 3879 2854 3923 manet
2896 3866 3399 3945 laugmeeyolvuntur
3414 3870 3603 3920 inanes.

2840 3906 2872 3999 ξ
2886 3933 3075 3986 md.
3100 3932 3186 3985 at.
3207 3933 3257 3995 4,
3279 3945 3404 3984 vers.
3438 3932 3596 3996 449.)

2886 3932 3075 3986 me.
3100 3932 3186 3985 tib.
3207 3933 3257 3995 4,
3279 3945 3404 3984 vers.
3438 3932 3596 3996 449.)

2249 4019 2478 4103 CAPUT
2517 4019 2582 4075 V.
2602 4047 2676 4060 --
2698 4018 2846 4085 Quod
2875 4019 3155 4089 passiam,
3180 4033 3295 4088 qua
3317 4017 3622 4073 christianos
3646 4018 3855 4077 animos

2275 4113 2517 4184 alliciunt,
2536 4127 2637 4166 non
2661 4111 2715 4165 in
2735 4111 2910 4166 uitium
2940 4110 3163 4184 trahant,
3178 4110 3268 4165 sed
3288 4110 3521 4167 virtutem
3538 4121 3829 4167 exerceant.

2323 4203 2439 4259 Non
2470 4213 2553 4258 est
2581 4217 2721 4257 nunc
2751 4216 2969 4258 necesse
2998 4182 3215 4272 copiose
3262 4215 3325 4256 ac
3352 4200 3636 4275 diligenter
3662 4212 3859 4261 esten--

2258 4290 2390 4353 dere
2411 4336 2426 4363 ,
2467 4294 2593 4366 quid
2623 4292 2690 4351 de
2730 4292 2845 4350 istis
2887 4293 3222 4365 passionibus
3248 4291 3437 4349 doceat
3464 4292 3744 4364 Scriptura
3766 4292 3860 4350 di-

2260 4388 2381 4443 vina
2404 4427 2420 4454 ,
2462 4402 2565 4457 qua
2590 4385 2880 4442 christiana
2906 4384 3136 4441 eruditio
3164 4386 3487 4442 continetur.
3515 4385 3627 4442 Deo
3652 4385 3863 4459 quippe

2257 4479 2401 4535 illam
2442 4479 2611 4549 ipsam
2643 4486 2879 4533 mentem
2907 4476 3122 4548 subjicit
3142 4477 3428 4548 regendam
3453 4488 3509 4534 et
3530 4478 3859 4551 iuvandam,

2257 4571 2527 4642 mentique
2554 4571 2831 4643 passiones
2863 4569 2932 4624 ita
2963 4566 3323 4626 moderandas
3350 4578 3512 4642 atque
3538 4566 3861 4643 frenandas,

2256 4671 2317 4721 ut
2353 4660 2403 4719 in
2449 4642 2580 4719 usus
2615 4660 2839 4733 juStitiat
2872 4668 3271 4718 convertantur.
3314 4658 3552 4733 Denique
3587 4658 3641 4718 in
3689 4642 3864 4720 disci-

2254 4759 2403 4830 plina
2444 4765 2624 4813 nostra
2662 4769 2768 4811 non
2814 4762 2919 4810 tam
2963 4755 3218 4826 quaeritur
3257 4762 3437 4812 utrum
3480 4754 3597 4827 pius
3639 4754 3866 4814 animus

2259 4841 2520 4906 irascatur
2538 4888 2554 4916 ,
2586 4847 2679 4904 Sed
2703 4858 2868 4919 quare
2896 4844 3186 4915 irascatur;
3217 4860 3318 4903 nec
3345 4855 3527 4903 utrum
3556 4846 3627 4905 sit
3644 4846 3865 4916 tristis,

2261 4938 2357 4999 sed
2399 4936 2541 4996 unde
2589 4938 2659 4995 sit
2701 4939 2903 5005 tristis;
2952 4951 3051 4994 nec
3100 4944 3279 4994 utrum
3330 4937 3533 5007 timeat,
3581 4936 3677 4995 sed
3727 4932 3869 5010 quid

2263 5032 2465 5089 timeat.
2502 5027 2663 5087 irasci
2692 5030 2835 5087 enim
2864 5030 3126 5100 peccanti,
3169 5037 3229 5086 ut
3255 5030 3588 5101 corrigatur;
3616 5023 3869 5089 constri-

2263 5126 2392 5184 stari
2418 5128 2515 5197 prb
2540 5123 2759 5192 afﬂicto,
2790 5132 2846 5180 ut
2872 5125 3165 5191 liberetur;
3195 5126 3385 5181 timere
3411 5122 3755 5195 periclitanti,
3790 5142 3872 5184 ne

2262 5224 2479 5291 pereat;
2510 5218 2691 5272 nescio
2718 5225 2894 5272 utrum
2939 5216 3221 5289 quisquam
3265 5230 3394 5271 sana
3422 5212 3870 5275 consideratione

2262 5307 2639 5380 reprehendat.
2685 5303 2817 5363 Nam
2863 5315 2917 5364 et
2960 5304 3379 5365 misericordiam
3422 5304 3725 5365 Stoicorum
3776 5321 3872 5369 est

2263 5398 2438 5456 solere
2471 5398 2689 5469 culpare
2720 5398 2794 5472 (α)
2824 5416 2837 5453 :
2862 5399 2958 5456 sed
2987 5410 3186 5471 quanto
3216 5396 3497 5457 honestius
3527 5400 3620 5457 ille
3643 5398 3871 5459 Stoicus

2264 5488 2629 5550 misericordia
2661 5492 3067 5562 perturbare‘tur
3096 5492 3325 5550 hominis
3367 5490 3646 5561 liberandi,
3693 5512 3870 5568 quam

2264 5587 2456 5642 timore
2487 5584 2745 5658 naufragii
2770 5589 2785 5641 ι
2814 5585 2993 5659 Longe
3022 5586 3212 5643 melius
3238 5595 3291 5643 et
3317 5586 3624 5655 humanius,
3656 5600 3712 5645 ct
3741 5591 3870 5661 pio-

2266 5693 2383 5735 rum
2418 5679 2666 5735 sensibus
2691 5679 3145 5735 accommodatius
3164 5679 3350 5737 Cicero
3372 5682 3423 5736 in
3450 5680 3678 5738 Caesaris
3702 5680 3871 5742 laude

2266 5774 2471 5827 locutus
2498 5782 2598 5840 cst,
2634 5774 2718 5829 ubi
2748 5774 2819 5827 ait
2846 5792 2856 5825 :
2889 5770 3048 5827 Nulla
3089 5773 3151 5828 de
3179 5774 3436 5830 virtutibus
3458 5776 3554 5830 tuis
3582 5793 3671 5831 m’c
3695 5779 3871 5833 admi—
3975 5770 3978 5772 ’

2337 5892 2406 5955 (u)
2436 5893 2532 5945 \‘id.
2560 5892 2699 5954 infra,
2719 5890 2803 5944 lib.
2832 5893 2908 5956 H,
2934 5906 3067 5956 capp.
3094 5892 3123 5943 8
3148 5900 3197 5945 et
3215 5893 3259 5943 9.
