4064 6480
225 484 456 548 utilior,
475 495 570 538 stoc
587 484 786 556 gratior
809 481 1150 538 misericordia
1173 491 1244 538 est
1267 479 1438 553 (Orat.
1461 497 1554 554 pro
1574 483 1636 550 ρ.
1662 481 1815 552 Liga-

225 579 328 646 rio,
369 593 488 646 cap.
539 575 612 632 12
633 575 676 648 ).
731 575 870 644 Quid
915 585 1000 632 est
1039 583 1216 632 autem
1279 575 1672 637 misericordia.
1717 575 1818 630 nisi

227 672 416 727 alim
445 669 680 726 miserim
709 669 952 740 quasdam
993 670 1046 724 in
1085 677 1270 724 nostro
1296 669 1458 724 corde
1486 669 1816 738 compassio,

227 777 334 836 qua
375 764 598 834 utique,
641 763 688 818 si
733 777 1014 832 possumus
1034 799 1052 830 ,
1089 761 1374 818 subvenire
1417 761 1820 832 compellimur?

227 855 414 912 Servit
439 863 622 912 autem
635 862 826 910 motus
851 854 952 910 iste
973 853 1186 922 rationi,
1211 854 1424 924 quando
1455 853 1524 909 ita
1552 853 1820 926 praebetur

227 945 602 1002 misericordia
623 985 640 1012 ,
673 945 958 1015 ut‘justitia
987 955 1332 1000 conservetur
1349 987 1366 1014 ,
1391 945 1506 1002 sive
1527 959 1652 1000 cum
1685 943 1820 998 indi-

227 1041 373 1111 genti
401 1039 658 1096 tribuitur
675 1075 694 1107 ,
737 1039 852 1094 sive
877 1053 998 1094 cum
1029 1039 1316 1110 ignoscitur
1343 1037 1640 1110 pmnitenti.
1673 1036 1820 1094 lianc

227 1133 440 1195 Cicero,
470 1131 682 1186 locutor
709 1130 974 1202 egregius,
999 1145 1106 1186 non
1131 1130 1390 1186 dubitavit
1413 1129 1682 1200 appellare
1709 1127 1819 1184 vir-

233 1233 422 1292 tutem,
441 1238 602 1294 quam
629 1224 840 1280 Stoicos
865 1224 1003 1280 inter
1027 1223 1152 1278 vitia
1177 1237 1462 1278 numerare
1487 1237 1592 1276 non
1621 1221 1816 1291 pudet:

231 1315 316 1384 qni
345 1325 552 1382 tamen,
579 1323 640 1370 ut
671 1315 850 1370 docuit
875 1315 1009 1370 liber
1037 1315 1264 1384 Epicteti
1291 1313 1604 1369 nobilissimi
1633 1313 1816 1378 Stoici,

230 1422 294 1461 ex
339 1405 574 1462 decretis
615 1405 849 1461 Zenonis
883 1415 936 1460 et
965 1405 1278 1478 Chrysippi,
1323 1406 1413 1476 qui
1457 1405 1615 1476 hujus
1659 1414 1818 1460 scetze

231 1499 426 1570 primos
448 1499 530 1570 (tt)
553 1493 870 1564 habuerunt,
893 1498 1198 1570 huiusmodi
1221 1501 1494 1570 passiones
1513 1499 1564 1554 in
1585 1499 1818 1554 animum

231 1587 488 1660 sapientis
529 1587 851 1657 admittunt,
903 1607 1062 1662 quem
1115 1592 1258 1646 vitiis
1303 1592 1548 1648 omnibus
1597 1591 1818 1646 libermn

233 1683 430 1737 volunt.
479 1683 636 1738 Unde
661 1685 722 1738 lit
747 1699 1097 1753 consequens,
1127 1693 1186 1740 ut
1212 1685 1326 1739 haec
1349 1685 1458 1755 ipsa
1499 1699 1604 1739 non
1635 1693 1821 1754 putent

233 1777 370 1844 vitia,
398 1775 617 1847 quando
645 1776 870 1846 sapienti
896 1777 971 1832 sic
997 1777 1262 1846 accidunt,
1285 1787 1344 1832 ut
1365 1777 1546 1832 contra
1567 1777 1818 1832 virtutem

231 1867 420 1924 mentis
443 1869 815 1940 rationemque
837 1869 966 1924 nihil
989 1869 1212 1940 possint,
1236 1877 1289 1925 et
1312 1881 1412 1924 una
1435 1869 1502 1923 sit
1523 1869 1819 1940 eademque

231 1959 488 2015 Scultenna
535 1955 1009 2029 Peripateticorum
1031 2001 1044 2024 ,
1091 1959 1172 2015 vel
1203 1961 1360 2017 etiam
1393 1957 1816 2028 Platonicorum,

234 2055 282 2108 lit
299 2049 538 2122 ipsorum
555 2051 854 2108 Stoicorum
872 2069 884 2106 :
899 2051 1012 2118 sed,
1033 2059 1092 2108 ut
1114 2051 1190 2108 ait
1202 2047 1423 2120 Tullius,
1439 2053 1584 2108 verbi
1610 2061 1822 2109 contro-

239 2147 408 2200 Versia
423 2145 536 2214 iam
555 2141 643 2198 ditt
663 2149 902 2216 torqueat
923 2143 1164 2200 homines
1177 2141 1448 2201 Graeculus
1463 2145 1820 2202 Contentionis

231 2237 718 2308 cupidiores,quam
733 2233 1071 2306 veritatislbc
1083 2245 1298 2304 oratore,
1316 2235 1402 2292 tib.
1420 2249 1455 2302 t,
1483 2251 1529 2291 c.
1552 2235 1613 2293 ll
1635 2280 1650 2304 ,
1666 2237 1816 2310 su).

231 2323 526 2383 Scdadbue
557 2329 752 2383 merito
781 2329 942 2397 (μισ)ιὶ
973 2335 1166 2398 potest,
1205 2335 1379 2383 utrum
1409 2329 1472 2382 ad
1501 2330 1644 2384 vitae1
1681 2341 1818 2399 prte-

233 2421 390 2475 sentis
403 2415 676 2490 pertineat
694 2419 1075 2484 inﬁrmitatem,
1095 2423 1254 2476 etiam
1277 2421 1326 2475 in
1346 2421 1640 2491 quibusque
1669 2423 1820 2476 bouis

231 2507 414 2567 oﬁicils
427 2503 800 2581 hujuscemodi
823 2512 1024 2582 perpeti
1046 2511 1266 2567 aﬁ'ectus
1283 2527 1296 2566 :
1311 2513 1476 2566 sancti
1493 2525 1620 2567 vero
1632 2513 1818 2583 Augeli

229 2605 278 2660 δι
303 2607 418 2660 sine
449 2601 528 2658 ira
558 2605 780 2674 puniant
809 2619 942 2674 quos
958 2603 1220 2674 accipient
1241 2611 1437 2659 tuterna
1459 2603 1550 2660 Del
1577 2605 1692 2676 lege
1717 2615 1816 2674 pu-

232 2693 469 2764 niendos,
499 2705 556 2753 et
584 2697 796 2752 miseris
823 2699 936 2752 sine
967 2697 1196 2753 miserim
1222 2697 1592 2767 contpassione
1621 2699 1818 2754 subve-

231 2785 392 2858 itiant,
421 2801 480 2847 et
508 2787 934 2862 periclitantibus
959 2793 1036 2846 eis
1063 2801 1196 2861 quos
1215 2787 1460 2861 diligunt,
1489 2790 1604 2846 sine
1625 2791 1818 2846 timore

230 2883 584 2955 epituientur;
643 2883 697 2938 et
745 2890 918 2938 tamen
971 2881 1194 2937 istarum
1239 2883 1454 2936 nomina
1510 2883 1816 2951 passionum

233 2973 618 3030 consuetudine
661 2969 946 3030 locationis
993 2973 1236 3028 humanm
1269 2973 1427 3028 etiam
1455 2976 1506 3026 in
1537 2981 1630 3028 eos
1659 2985 1816 3027 usur-

232 3075 438 3140 pentur,
463 3075 686 3138 propter
706 3065 988 3138 quamdam
1017 3077 1234 3136 cperum
1255 3067 1678 3133 similitudinem,
1711 3079 1815 3122 non

233 3165 442 3230 propter
489 3157 833 3214 affectionem
885 3157 1249 3213 inﬁrmitatem
1285 3175 1296 3210 :
1330 3157 1468 3212 sicut
1517 3155 1630 3227 ipse
1677 3159 1818 3212 Deus

235 3251 522 3307 secundum
563 3249 869 3321 Scripturas
899 3249 1175 3315 irascitur,
1219 3257 1318 3304 nec
1347 3257 1524 3304 tamen
1555 3249 1662 3303 ulla
1690 3261 1814 3319 pas-

233 3341 370 3396 sione
403 3341 653 3396 turbatur
683 3337 780 3412 (b).
815 3341 923 3394 lloc
949 3339 1089 3393 enim
1120 3339 1340 3394 verbum
1373 3327 1618 3394 vindictas
1655 3349 1813 3396 usur-

235 3435 368 3504 pavit
393 3433 639 3500 effectus,
671 3447 778 3490 non
807 3431 946 3488 illius
973 3431 1308 3487 turbulentus
1339 3432 1579 3488 allectus.

236 3567 448 3627 CAPUT
475 3568 566 3624 Vl.
587 3599 659 3610 -——
682 3565 874 3636 Quibus
905 3567 1218 3638 passionibus
1240 3567 1522 3634 dtemoncs,
1551 3568 1815 3636 conﬁtente

297 3663 529 3732 Apuleio.
554 3663 890 3734 exagitentur,
918 3676 1132 3732 quorum
1158 3675 1251 3733 0pc
1275 3660 1498 3714 homines
1529 3661 1666 3730 apud
1695 3661 1811 3716 deos

297 3757 472 3810 asserit
493 3755 749 3828 adjuvari.

299 3889 408 3957 Qua
439 3885 654 3944 interim
689 3887 760 3943 de
805 3887 1005 3943 sanctis
1035 3885 1250 3956 Angelis
1292 3889 1588 3956 qumstione
1615 3887 1805 3956 dilata,

235 3979 502 4035 rideamus
554 3977 1006 4050 quemadmodum
1061 3977 1240 4033 dicunt
1293 3977 1549 4032 Platonici
1607 3979 1810 4034 medios

235 4071 498 4127 dmmones
525 4073 666 4126 inter
688 4071 822 4126 deos
851 4079 906 4125 et
935 4069 1178 4124 homines
1202 4069 1520 4124 constitutos
1547 4070 1662 4123 istis
1689 4085 1812 4140 pos-

233 4163 428 4219 sionum
459 4163 677 4218 testibus
703 4163 980 4217 ﬂuctuare.
1011 4160 1070 4216 Si
1093 4161 1232 4214 enhn
1257 4167 1436 4214 mente
1453 4163 1518 4216 ab
1540 4160 1623 4214 his
1645 4162 1807 4218 libera

235 4255 410 4325 eisque
453 4253 768 4309 dominante
815 4259 990 4308 motus
1033 4251 1398 4321 hujuscemodi
1441 4255 1806 4320 paterentur“,

233 4357 330 4400 non
367 4361 464 4402 eos
507 4345 711 4401 diceret
755 4345 1010 4416 Apuleius
1036 4343 1194 4398 simili
1221 4351 1368 4397 metu
1393 4343 1568 4398 cordis
1600 4352 1652 4399 et
1694 4345 1809 4399 salo

233 4439 415 4494 mentis
435 4449 531 4510 per
545 4447 736 4493 omnes
753 4437 1131 4508 cegitationum
1153 4443 1314 4490 aestus
1333 4435 1585 4488 ﬂuctuare
1601 4433 1702 4502 (De
1715 4435 1808 4490 dco

231 4527 499 4602 Socratis).
547 4529 665 4599 Ipsa
699 4529 860 4600 igitur
880 4541 1032 4583 mens
1049 4539 1263 4592 eorum,
1303 4525 1352 4578 id
1385 4535 1469 4580 est
1493 4539 1618 4595 pars
1647 4526 1808 4580 animi

227 4627 487 4695 superior,
515 4637 616 4694 qua
639 4621 929 4677 rationales
953 4627 1101 4686 sunt,
1123 4619 1176 4674 in
1197 4631 1298 4689 qua
1327 4619 1494 4672 virtus
1517 4627 1572 4672 et
1597 4617 1812 4687 sapien-

227 4715 314 4775 tia.
333 4715 376 4768 si
393 4714 506 4768 ulla
527 4714 606 4768 eis
626 4707 788 4778 esset,
806 4711 1142 4782 passionibus
1161 4709 1477 4764 turbulentis
1499 4707 1806 4764 inferiorum

227 4807 384 4864 animi
415 4807 648 4878 partium
675 4804 924 4876 regendis
947 4803 1390 4872 moderandisque
1415 4801 1805 4868 dominaretur;

229 4901 355 4970 ipsa,
387 4901 628 4968 inquam,
661 4907 816 4952 mens
834 4909 1039 4962 eorum,
1075 4893 1212 4950 sicut
1239 4895 1338 4949 iste
1357 4893 1658 4948 Platonicus
1677 4908 1806 4948 con-

230 4991 418 5058 ﬁtetur,
443 4991 560 5048 salo
582 4990 1036 5062 perturbationum
1059 4989 1296 5044 ﬂuctuat.
1315 4987 1560 5056 Subiecta
1583 4995 1809 5057 estergo

229 5095 371 5142 mens
405 5085 712 5142 daemonum
749 5083 1081 5154 passionibus
1101 5081 1376 5136 libidinum
1398 5117 1412 5144 ,
1443 5079 1805 5146 formidinum,

231 5179 442 5246 iramm,
473 5185 634 5248 atque
653 5176 1016 5246 hujuscemodi
1041 5175 1270 5230 cancris.
1289 5173 1417 5240 ch
1439 5173 1598 5242 igitur
1617 5185 1740 5240 pars
1753 5172 1806 5226 in

231 5267 300 5325 eis
313 5271 480 5326 libera
497 5279 583 5324 est
595 5275 924 5338 composque
939 5265 1230 5334 sapientiai.
1247 5275 1350 5335 qua
1367 5261 1742 5332 placeantdiis,
1756 5271 1809 5318 et

285 5428 301 5486 ἔ
326 5431 374 5476 In
399 5435 504 5476 Mss.
529 5421 792 5484 nonnullis,
813 5425 976 5486 utrum
999 5431 1109 5468 cum
1129 5418 1192 5468 ad
1213 5417 1339 5486 nitar,
1367 5424 1460 5486 etc.
1481 5415 1622 5486 I'aulo
1629 5421 1742 5486 post
1761 5415 1810 5464 in

233 5485 322 5557 sola
345 5475 562 5538 editione
584 5493 725 5534 Lov.:
753 5475 914 5532 sancti
935 5491 1044 5532 vero
1083 5478 1246 5554 {myrti
1279 5475 1389 5528 cum
1411 5483 1456 5530 et
1495 5475 1600 5528 sine
1621 5475 1697 5526 ira
1718 5489 1808 5542 pu-

235 5559 470 5672 ηῗιὲξίἱιὶ,
495 5623 594 5661 non
613 5611 888 5672 paterentur
919 5619 934 5657 :
959 5602 1086 5654 male
1104 5615 1158 5653 ac
1179 5602 1534 5666 refragantibus
1551 5601 1808 5650 manuscri-

235 5681 292 5734 [ιιι

287 5687 358 5798 l(sti)
381 5745 440 5786 Su
477 5735 582 5798 ple,
605 5739 784 5797 partes.

287 5799 352 5850 ibi
375 5751 482 5850 uti).
509 5797 598 5848 lib.
626 5797 648 5846 l
676 5803 844 5847 contra
867 5791 1060 5842 advers.
1085 5795 1199 5850 Leg.
1241 5795 1290 5838 et
1311 5789 1482 5850 t’ropht

375 5785 648 5850 i'id.'lib.'l
676 5803 844 5847 contra
867 5791 1060 5842 advers.
1085 5795 1199 5851 Leg.
1241 5795 1290 5838 et
1311 5789 1552 5854 ιἰ-υρΙιρῐ.³
1581 5799 1630 5836 ιι.
1658 5785 1734 5846 κιο,
1758 5795 1808 5836 et

1641 365 1840 422 LIBER
1878 363 2122 424 NONUS.

3399 373 3505 432 262

1923 483 1990 540 ad
2014 482 2272 542 bonorum
2298 501 2506 546 morum
2525 491 2540 522 ‘
2567 490 2964 548 similitudinem
2983 491 3286 550 hominibus
3303 506 3502 549 consu-

1925 573 2064 642 lant;
2093 592 2216 632 eum
2239 593 2422 636 eorum
2451 598 2602 640 mens
2641 585 2944 656 passionum
2987 585 3127 641 vitiis
3153 583 3425 658 subiugata
3453 593 3508 642 et

1921 680 2199 737 Oppressa,
2229 671 2480 742 quidquid
2511 675 2737 732 rationis
2763 677 3076 734 naturaliter
3105 673 3284 746 habet,
3311 677 3379 733 ad
3404 667 3506 732 fal-

1924 756 2142 814 lendum
2165 763 2219 816 et
2255 761 2624 833 decipiendum
2651 769 2798 826 tanto
2820 771 2992 826 acrius
3017 771 3278 838 intendat,
3309 781 3508 843 quanto

1923 853 2042 904 eum
2071 851 2240 922 magis
2261 855 2496 923 possidet
2515 859 2740 914 nocendi
2759 861 3061 932 cupiditas?
3527 891 3538 948 ι

1922 977 2151 1040 CAPUT
2185 975 2291 1041 Vill.
2315 1019 2384 1029 —
2408 985 2555 1058 Quod
2583 987 2834 1050 Platonici
2857 987 3106 1070 figmentis
3132 1003 3392 1070 poetarum
3425 997 3502 1055 in-

1995 1079 2212 1148 fantulos
2256 1093 2482 1136 asserunt
2532 1081 2650 1140 deos
2697 1085 2759 1141 de
2805 1093 3172 1146 contrariorum
3224 1093 3506 1149 studiorum

1994 1169 2284 1240 certamine,
2301 1189 2415 1227 cum
2431 1173 2511 1229 Ita!
2525 1179 2692 1246 partes
2715 1177 3018 1248 dwmdnum,
3040 1200 3138 1237 non
3158 1183 3362 1240 deorum
3382 1187 3501 1242 sint.

1993 1301 2146 1369 Quod
2173 1303 2222 1358 si
2249 1307 2522 1378 quisquam
2551 1309 2716 1378 dicit,
2762 1327 2868 1368 non
2911 1329 2978 1370 el
3011 1318 3252 1378 ontn'tttm
3273 1355 3290 1388 ,
3317 1321 3414 1378 sed
3437 1337 3504 1380 ex

1921 1393 2184 1450 maiorum
2213 1397 2516 1454 dmmonum
2551 1417 2776 1458 numero
2817 1419 2956 1472 esse,
2997 1421 3130 1477 quos
3177 1420 3346 1480 poeta:
3367 1429 3503 1484 quo-

1921 1486 2168 1542 rumdam
2199 1487 2474 1546 hominum
2505 1507 2694 1550 osores
2719 1505 2774 1550 et
2799 1507 3066 1554 amatores
3089 1499 3220 1558 deos
3248 1517 3354 1558 non
3387 1519 3506 1574 pro-

1921 1579 2012 1634 cul
2043 1595 2074 1633 a
2115 1583 2338 1639 veritate
2375 1587 2836 1658 contingunt:hos
2861 1593 3005 1648 enim
3043 1593 3178 1648 dixit
3221 1596 3503 1666 Apuleius,

1921 1671 2040 1726 Iulo
2065 1676 2262 1729 mentis
2291 1691 2386 1746 per
2415 1693 2603 1734 omnes
2621 1682 3002 1752 cogitationum
3021 1696 3186 1742 metus
3209 1667 3503 1746 liticinum:

1921 1766 2192 1835 quomodo
2221 1769 2358 1824 istud
2393 1771 2688 1842 intelligere
2733 1777 3058 1845 poterimus,
3095 1780 3344 1849 quando,
3385 1795 3505 1837 cum

1925 1855 2028 1914 hoc
2055 1857 2286 1926 diceret,
2335 1877 2440 1916 non
2479 1867 2826 1935 quorumdam
2852 1907 2868 1935 ,
2903 1869 2954 1922 id
2981 1879 3062 1926 est
3089 1873 3352 1930 malorum
3369 1913 3384 1942 ,
3411 1873 3506 1932 sed

1923 1949 2160 2004 omnium
2177 1951 2479 2008 dmmonum
2503 1957 2840 2014 medietatem
2855 1971 3072 2032 propter
3091 1963 3234 2018 aeria
3257 1979 3504 2035 corpora,

1924 2039 2064 2096 inter
2089 2043 2220 2098 deos
2245 2053 2298 2099 et
2329 2045 2574 2102 homines
2595 2049 2971 2108 describebat?
2997 2053 3110 2110 lloc
3135 2057 3278 2112 enim
3301 2057 3378 2112 ait
3401 2059 3506 2114 lin-

1922 2135 2050 2200 gere
2075 2145 2278 2202 poetas,
2311 2137 2450 2206 quod
2471 2153 2536 2193 ex
2563 2141 2782 2196 istorum
2803 2143 3108 2200 dmmonum
3131 2163 3354 2204 numero
3373 2149 3506 2206 deos

1923 2219 2156 2290 faciunt,
2189 2237 2242 2280 et
2279 2228 2359 2282 eis
2387 2228 2608 2284 deorum
2641 2233 2854 2288 nomina
2899 2235 3200 2305 imponunt,
3235 2249 3292 2294 et
3309 2241 3506 2310 quibus

1921 2313 2190 2370 voluerint
2209 2315 2512 2376 hominibus
2541 2337 2606 2376 ex
2631 2321 2714 2378 his
2732 2325 2934 2380 amicos
2958 2327 3306 2400 inimicosque
3329 2331 3508 2388 distri-

1923 2402 2092 2458 buunt
2121 2407 2226 2461 lieti
2253 2410 2504 2466 carminis
2533 2411 2792 2482 impunita
2819 2415 3060 2484 licentia;
3107 2436 3228 2474 cum
3264 2421 3396 2478 deos
3435 2423 3506 2478 ob

1923 2497 2006 2552 his
2033 2497 2336 2556 daemonum
2359 2505 2618 2574 moribus,
2643 2515 2702 2560 et
2721 2507 2928 2564 cmlesti
2949 2511 3066 2566 ioco
3087 2522 3144 2567 et
3162 2513 3506 2571 [reatitudinis

1919 2589 2190 2658 opulentia
2213 2602 2448 2650 remotos
2471 2609 2592 2652 esse
2627 2597 2940 2666 perhibeant
2957 2599 3060 2672 (De
3087 2606 3184 2658 deo
3225 2605 3502 2674 Socratis).

1923 2681 2048 2738 lltcc
2069 2695 2152 2740 est
2189 2699 2318 2758 ergo
2339 2689 2486 2742 tictio
2507 2701 2810 2762 poetarum,
2833 2693 2964 2750 deos
2983 2695 3162 2752 dicere
3181 2699 3270 2766 qui
3297 2698 3372 2752 dii
3399 2713 3505 2755 non

1923 2788 2064 2842 suun,
2089 2793 2290 2849 eosque
2309 2781 2410 2836 sub
2429 2782 2648 2838 deorum
2671 2787 2971 2842 nominibus
2993 2789 3134 2845 inter
3149 2807 3208 2846 re
3231 2791 3507 2850 decertare

1923 2877 2140 2937 propter
2173 2871 2424 2956 homines
2446 2911 2462 2940 ,
2507 2889 2644 2945 quos
2691 2891 2786 2947 pro
2817 2879 2994 2934 audio
3019 2881 3250 2950 partium
3283 2883 3508 2954 diligunt

1921 2960 2004 3014 vel
2033 2960 2282 3016 oderunt.
2322 2963 2437 3018 Non
2471 2967 2652 3034 procul
2687 2979 2918 3026 autenm
2951 2973 3178 3028 veritate
3203 2973 3332 3030 dicit
3369 2974 3508 3032 hanc

1917 3065 2040 3106 esse
2079 3051 2384 3120 ﬁctionem;
2415 3061 2664 3126 quoniam
2689 3060 2912 3118 deorum
2941 3065 3192 3134 appellati
3231 3067 3507 3126 vocabulis

1919 3143 2008 3210 qui
2039 3142 2112 3196 dii
2143 3159 2248 3198 non
2277 3157 2418 3212 sunt,
2449 3149 2582 3204 tales
2607 3158 2786 3208 tamen
2805 3153 3184 3212 describuntur
3205 3157 3504 3226 dtnmones,

1917 3233 2104 3303 quales
2127 3245 2270 3290 sunt.
2295 3237 2530 3308 Denique
2557 3240 2682 3296 hinc
2699 3257 2820 3298 esse
2843 3243 2974 3298 dicit
3001 3246 3334 3303 llomericatn
3359 3250 3502 3306 illam

1917 3325 2206 3382 Minervam
2233 3365 2254 3395 ,
2307 3345 2419 3400 qua
2469 3333 2648 3386 mediis
2707 3335 2912 3390 cratibus
2970 3335 3180 3390 Graium
3225 3340 3503 3396 cohibenda

1917 3419 2104 3476 Achilli
2123 3425 2384 3477 interuenit
2405 3422 2610 3496 (Ibid.).
2636 3425 2788 3494 Quod
2806 3441 2934 3497 ergo
2953 3427 3184 3484 Minerva
3207 3431 3296 3484 illa
3319 3431 3497 3500 fuerit,

1917 3516 2184 3583 poeticum
2225 3517 2342 3572 vult
2381 3533 2502 3573 esse
2547 3519 2884 3588 ﬁgmentum;
2921 3533 2988 3576 eo
3029 3523 3168 3592 quod
3213 3523 3500 3582 Minervam

1915 3605 2072 3662 deam
2113 3615 2282 3676 putat.
2327 3623 2553 3679 eantque
2595 3611 2734 3666 inter
2758 3611 2920 3678 deos,
2951 3628 3088 3684 quos
3112 3629 3300 3670 omnes
3331 3613 3502 3672 bonos

1919 3699 2212 3770 beatosque
2240 3701 2430 3766 credit,
2459 3705 2508 3756 in
2531 3703 2632 3758 alta
2655 3703 2874 3760 aetheria
2899 3707 3025 3762 sedc
3045 3707 3292 3774 collocat,
3319 3710 3501 3776 procul

1915 3805 1946 3844 ο
1983 3793 2390 3848 conversatione
2427 3795 2752 3850 mortalium.
2783 3796 2936 3864 Quod
2961 3807 3138 3852 autem
3163 3795 3356 3868 alit-ptis
3383 3799 3495 3856 dte-

1917 3897 2040 3940 m0u
2087 3887 2250 3942 fuerit
2291 3887 2492 3944 Graecis
2537 3887 2722 3944 favens
2767 3889 3114 3962 'l‘rojanisque
3166 3892 3498 3961 contrarius,

1913 3977 2054 4032 sicut
2094 3977 2232 4032 alius
2269 3977 2526 4034 adversus
2549 3979 2766 4034 Graecos
2793 3979 3146 4050 Troianorum
3173 3982 3461 4051 opitulator
3481 4026 3499 4050 ,

1913 4081 2074 4138 quem
2101 4067 2326 4122 Veneris
2351 4083 2448 4124 seu
2473 4069 2654 4124 Martis
2677 4071 2894 4126 nomine
2919 4071 3058 4126 idem
3081 4081 3236 4141 poeta
3263 4089 3500 4130 commc-

1915 4169 2110 4225 morat,
2139 4175 2276 4230 quos
2295 4161 2428 4215 deos
2449 4161 2550 4216 iste
2581 4161 2704 4216 talia
2729 4176 2836 4216 non
2866 4171 3084 4234 agentes
3108 4164 3160 4218 in
3191 4165 3500 4222 cmlcstibus

1915 4250 2334 4306 habitationibus
2376 4252 2560 4321 ponit;
2605 4259 2660 4306 et
2704 4251 2758 4306 hi
2805 4253 3076 4310 datmones
3111 4271 3208 4328 pro
3248 4257 3328 4312 eis
3365 4273 3500 4328 quos

1913 4341 2186 4410 nutabant,
2216 4352 2400 4398 contra
2427 4357 2522 4398 eos
2549 4357 2684 4414 quos
2713 4344 2958 4414 oderant,
2991 4347 3129 4402 inter
3165 4363 3226 4404 se
3249 4349 3500 4408 decerta-

1913 4433 2108 4499 verint,
2135 4431 2240 4488 hoc
2269 4449 2372 4488 non
2403 4436 2586 4503 procul
2613 4450 2646 4490 a
2675 4435 2898 4492 veritate
2925 4447 3108 4504 poetas
3139 4439 3340 4496 dixisse
3368 4455 3500 4496 con-

1913 4523 2086 4580 fessus
2111 4535 2212 4580 est.
2263 4527 2336 4581 De
2377 4525 2462 4580 his
2489 4527 2686 4596 quippe
2713 4529 2812 4582 ista
2845 4528 3132 4596 dixerunt,
3165 4547 3300 4600 quos
3327 4530 3499 4598 homi-

1913 4617 2070 4670 nibus
2095 4617 2254 4670 situili
2297 4624 2446 4672 motu
2483 4617 2661 4672 cordis
2701 4627 2756 4672 ct
2794 4619 2909 4674 salo
2953 4621 3145 4676 mentis
3183 4637 3278 4692 per
3310 4638 3499 4686 omnes

1913 4708 2291 4778 cogitationum
2345 4718 2508 4764 aestus
2549 4708 2808 4766 ﬂuctuare
2861 4723 3124 4780 testatur,
3175 4725 3232 4770 ut
3281 4727 3496 4786 possent

1913 4814 2126 4854 amores
2153 4809 2208 4854 et
2236 4800 2388 4867 odia,
2429 4817 2538 4856 non
2569 4817 2664 4872 pro
2689 4803 2896 4873 justitia
2919 4845 2933 4870 ,
2967 4806 3060 4862 sed
3090 4807 3226 4862 sicut
3261 4811 3488 4878 populus

1913 4891 2101 4946 similis
2137 4905 2322 4946 eorum
2367 4892 2422 4946 in
2455 4895 2800 4949 venatoribus
2830 4905 2883 4952 et
2916 4898 3114 4966 aurigis
3135 4938 3148 4962 ,
3203 4895 3491 4952 secundum

1911 4995 2126 5036 suarum
2155 4982 2326 5038 studia
2359 4985 2608 5054 partium,
2639 5001 2738 5057 pro
2765 4987 2883 5040 aliis
2904 4987 3156 5044 adversus
3178 4989 3309 5040 alios
3336 5002 3493 5042 exer-

1913 5088 2036 5128 cere
2065 5073 2164 5144 (a).
2203 5073 2258 5128 Id
2283 5077 2422 5130 enim
2449 5077 2655 5132 videtur
2695 5077 3036 5147 philosophus
3065 5087 3279 5132 'cura‘sse
3315 5077 3492 5134 Plato-

1913 5164 2090 5230 nicus,
2125 5181 2222 5232 ne,
2249 5181 2368 5220 cum
2397 5167 2512 5222 haec
2537 5183 2566 5221 a
2593 5167 2762 5237 poetis
2791 5177 3111 5222 canerentur
3131 5209 3146 5234 ,
3193 5184 3296 5222 non
3328 5185 3356 5224 a
3385 5169 3495 5226 dte-

1913 5257 2161 5312 monibus
2189 5259 2410 5326 mediis,
2454 5259 2549 5314 sed
2579 5257 2644 5314 ab
2683 5258 2810 5327 ipsis
2838 5257 2971 5320 diis,
3013 5273 3237 5326 quorum
3277 5261 3494 5318 nomine

1914 5359 2085 5418 poeta:
2114 5349 2358 5420 tingendo
2379 5359 2598 5421 ponunt,
2633 5349 2746 5404 ﬁeri
2775 5349 3138 5406 crederentur.

1977 5556 1990 5586 ¹
2017 5555 2090 5602 Sic
2109 5553 2272 5615 probae
2293 5560 2420 5602 noue
2435 5559 2539 5602 Mss.
2565 5557 2618 5600 At
2635 5551 2784 5601 editio
2803 5557 2914 5601 ιον.
2927 5551 3138 5615 omittit,
3161 5565 3348 5603 morum
3377 5567 3395 5604 :
3411 5569 3496 5606 cu-

1914 5617 1986 5680 ius
2011 5611 2137 5664 vocis
2161 5616 2263 5664 loco
2289 5617 2419 5680 tum.
2461 5623 2510 5680 et
2549 5623 2646 5661 Mn.
2671 5615 2877 5674 habent,
2904 5611 3362 5678 tleoram.bouique
3385 5631 3489 5680 pro,

1941 5689 2166 5734 auorum,
2196 5684 2263 5724 ttr.
2289 5677 2448 5734 lt‘titcl,
2475 5677 2658 5724 horum.

1975 5741 2045 5800 (ιι)
2070 5739 2172 5851 γῗὸ
2195 5746 2352 5788 Enarr.
2379 5739 2428 5787 in
2463 5735 2586 5789 t‘sal.
2611 5751 2794 5800 xxnx,
2829 5749 2912 5788 nn.
2948 5737 2980 5787 8
3003 5747 3054 5790 et
3085 5739 3146 5800 9,
3195 5745 3248 5788 et
3283 5741 3332 5790 in
3357 5737 3484 5792 Pal.

1975 5817 2006 5851 ι.
2033 5813 2080 5850 ιι.
2167 5837 2180 5849 .

1911 5815 2006 5858 ιιιι,
2033 5813 2080 5850 ll.
2105 5813 2180 5851 ‘IU.
