4064 6502
566 401 678 462 963

567 516 799 580 CAPUT
831 513 1137 573 ναι-οε
1158 511 1259 568 diis
1285 509 1566 567 calestibus
1589 517 1636 563 et
1664 506 1976 562 daemonibus
2001 505 2154 560 aeriis

643 611 1021 680 hominibusque
1039 607 1246 663 terrenis
1267 604 1466 676 Apuleii
1501 601 1752 657 Platonici
1774 599 2023 670 deﬁnitio.

642 748 782 819 Quid
822 747 912 804 illa
954 745 1071 817 ipsa
1112 742 1352 801 deﬁnitio
1397 739 1724 807 dtemonum,
1774 751 2035 809 parumne
2075 734 2160 791 in-

571 841 768 899 tuenda
793 848 876 897 est
897 839 1009 912 (ubi
1031 845 1180 896 certe
1199 851 1388 893 omnes
1415 830 1822 891 determinando
1840 830 2158 902 complexus

569 935 700 1005 est),
727 932 870 1006 quod
893 933 968 988 ait
999 930 1274 988 daemones
1304 943 1426 985 esse
1449 941 1648 1000 genere
1674 922 1945 990 animalia,
1976 923 2158 978 animo

569 1033 814 1101 passiva,
866 1033 1046 1082 mente
1083 1021 1384 1089 rationalia,
1433 1034 1661 1090 corpore
1707 1019 1874 1082 aeria,
1919 1026 2158 1088 tempore

567 1129 766 1176 aeterna
811 1117 1036 1192 (κίων
1079 1117 1138 1174 In
1174 1117 1367 1188 quibus
1409 1114 1642 1187 quinque
1688 1111 2155 1177 commemoratis,

571 1211 704 1267 nihil
725 1210 859 1266 dixit
878 1209 1119 1274 omnino,
1141 1207 1285 1280 quod
1303 1209 1320 1240 ί
1347 1204 1622 1262 daemones
1642 1219 1762 1260 cum
1790 1202 1944 1259 bonis
1965 1201 2154 1258 saltem

568 1301 877 1359 hominibus
905 1301 958 1357 id
984 1301 1293 1357 viderentur
1331 1298 1528 1355 habere
1552 1311 1856 1363 commune,
1883 1295 2022 1367 quod
2049 1310 2157 1350 non

567 1404 712 1452 esset
750 1395 805 1450 in
852 1393 1026 1450 malis.
1072 1391 1204 1448 Nam
1240 1391 1385 1463 ipsos
1430 1389 1672 1446 homines
1715 1404 1837 1444 cum
1886 1388 2158 1459 aliquanto

571 1489 731 1546 latius
757 1487 1113 1545 describenda
1138 1487 1614 1557 complecteretur,
1653 1499 1751 1538 suo
1793 1484 1912 1538 loco
1943 1483 2012 1538 de
2051 1483 2158 1538 illis

567 1579 754 1636 dicens
785 1591 1034 1652 tanquam
1061 1577 1128 1635 de
1158 1577 1355 1633 inlimis
1383 1585 1544 1647 atque
1580 1576 1830 1640 terrenis,
1861 1590 1982 1630 cum
2012 1573 2158 1644 prius

565 1671 788 1728 dixisset
812 1674 881 1728 de
907 1669 1218 1727 omlestihus
1256 1669 1386 1734 diis;
1431 1677 1488 1723 ut
1531 1667 1919 1724 commendatis
1953 1665 2156 1721 duabus

567 1764 809 1836 partibus
834 1779 902 1820 ex
929 1777 1139 1819 summo
1167 1772 1218 1819 et
1251 1762 1435 1816 intimo
1463 1762 1724 1826 ultimis”,
1758 1759 1914 1816 tertio
1945 1760 2062 1815 loco
2089 1759 2157 1814 de

568 1858 762 1916 mediis
783 1857 1118 1913 daemonibus
1140 1856 1449 1926 loqueretur
1469 1873 1482 1908 :
1502 1853 1528 1908 l
1537 1855 1672 1926 gitur
1693 1855 1940 1917 homines,
1965 1852 2153 1923 inquit,

562 1951 762 2007 ratione
787 1953 1009 2006 cluentes
1021 1948 1064 2012 ³.
1093 1948 1322 2004 oratione
1351 1946 1616 2017 pollentes,
1649 1945 2018 2000 immortalibus
2044 1944 2158 1998 uni-

564 2042 662 2097 mis
679 2081 698 2110 ,
741 2039 1056 2096 moribundis
1082 2039 1317 2095 membris
1333 2080 1348 2105 ,
1385 2038 1572 2093 levibus
1596 2048 1644 2093 et
1672 2039 1839 2093 anxiis
1864 2036 2115 2091 mentibus
2138 2076 2153 2101 ,

565 2133 724 2188 brutis
765 2141 811 2187 et
853 2133 1084 2187 obnoxiis
1136 2131 1464 2200 corporibus,
1512 2130 1838 2185 dissimilibus
1893 2129 2114 2184 moribus
2138 2170 2154 2197 ,

563 2223 811 2280 similibus
837 2225 1126 2289 erroribus,
1167 2223 1415 2290 pervicaci
1455 2223 1704 2290 audacia,
1757 2223 2004 2292 pertinaci
2031 2237 2150 2290 spe,

563 2332 709 2372 casso
725 2318 918 2384 labore,
935 2322 1144 2388 fortuna
1157 2317 1374 2382 caduca,
1395 2313 1694 2384 singillatim
1711 2315 1969 2380 mortales,
1989 2313 2156 2367 cuncti

564 2420 733 2465 tamen
782 2409 1016 2464 uniuerso
1062 2423 1244 2482 genere
1293 2408 1552 2478 perpetui,
1607 2407 1824 2461 vicissim
1867 2406 2156 2478 sufﬁciendo

565 2503 708 2575 prole
752 2501 1041 2571 mutabiles,
1089 2501 1286 2557 uolucri
1309 2512 1550 2571 tempore,
1584 2501 1731 2554 tarda
1757 2501 2028 2570 sapientia,
2057 2503 2158 2556 cita

564 2605 754 2662 morte,
785 2595 1000 2666 querula
1027 2596 1131 2650 vita
1167 2601 1329 2650 tetras
1369 2593 1596 2648 incolunt
1629 2591 1729 2662 (De
1758 2593 1852 2648 deo
1881 2592 2152 2664 Socratis).

566 2687 700 2745 Cum
732 2686 858 2744 hic‘
896 2697 1004 2744 tam
1031 2687 1198 2743 multa
1223 2685 1468 2755 diceret,
1509 2703 1630 2759 quae
1667 2687 1734 2743 ad
1767 2689 2018 2758 plurimos
2053 2687 2154 2744 ho-

568 2778 744 2836 mines
783 2779 1087 2851 pertinent,
1128 2779 1387 2852 numquid
1415 2781 1573 2835 etiam
1619 2778 1747 2836 illud
1790 2783 1984 2846 tacuit,
2012 2779 2155 2850 quod

565 2879 788 2928 noverat
813 2886 936 2928 esse
965 2887 1274 2944 paucorum,
1307 2872 1396 2928 ubi
1425 2873 1500 2927 ait
1527 2873 1676 2926 tarda
1701 2873 1986 2943 sapientia?
2009 2871 2154 2944 quod

563 2966 609 3022 si
642 2965 1096 3037 prmterniisisset.
1123 2965 1272 3022 nullo
1302 2965 1462 3021 modo
1493 2975 1639 3021 recte
1667 2980 1836 3036 genus
1864 2964 2152 3021 humanum

564 3056 939 3130 descriptionis
966 3056 1122 3130 hujus
1145 3065 1251 3113 tam
1274 3057 1476 3113 intenta
1496 3056 1765 3128 diligentia
1789 3057 2148 3113 terminasset.

562 3153 699 3211 Cum
729 3169 859 3210 vero
885 3152 1109 3210 deorum
1139 3153 1512 3210 excellentiam
1534 3152 1953 3217 commendaret,
1983 3152 2153 3222 ipsam

563 3243 981 3314 beatitudinem,
1023 3259 1130 3316 quo
1174 3244 1365 3299 volunt
1408 3242 1654 3300 homines
1696 3259 1793 3314 per
1838 3244 2151 3315 sapientiam

561 3336 874 3408 pervenire,
906 3336 956 3391 in
983 3336 1062 3392 eis
1087 3335 1375 3391 afﬁrmavit
1411 3336 1693 3392 excellere.
1729 3335 1958 3392 Proinde
1985 3336 2030 3391 si
2057 3337 2156 3393 ali-

559 3443 696 3500 quos
725 3429 997 3485 daemones
1041 3429 1214 3485 bonos
1237 3428 1399 3483 vellet
1442 3427 1698 3498 intelligi,
1749 3427 1948 3498 aliquid
1991 3428 2153 3484 etiam

560 3521 616 3576 in
656 3521 890 3592 ipsorum
920 3521 1280 3592 descriptione
1309 3528 1555 3590 poneret,
1599 3519 1742 3576 unde
1771 3519 1856 3576 vel
1886 3535 2008 3575 cum
2051 3520 2154 3576 diis

558 3612 789 3684 aliquam
816 3612 1161 3669 beatitudinis
1183 3621 1410 3683 partem,
1438 3612 1521 3666 vel
1542 3626 1663 3667 cum
1691 3610 1996 3667 hominibus
2015 3625 2151 3682 qua-

559 3704 894 3776 lemcumque
914 3705 1230 3776 sapientiam
1249 3703 1772 3774 putarenturhabere
1787 3719 2148 3761 communem.

560 3796 712 3852 Nunc
736 3812 862 3852 vero
885 3797 1087 3852 nullum
1115 3795 1312 3852 bonum
1339 3811 1525 3851 eorum
1553 3799 2014 3865 commemoravit,
2043 3811 2152 3869 quo

559 3887 684 3948 boni
713 3889 1088 3945 discernuntur
1113 3904 1145 3944 a
1176 3889 1351 3944 malis.
1375 3889 1627 3957 Quamvis
1647 3897 1700 3944 et
1722 3903 1906 3945 eorum
1933 3889 2151 3945 malitia:

559 3979 776 4036 liberius
806 3979 1173 4052 exprimenda:
1217 3979 1558 4050 pepercerit,
1603 3994 1707 4034 non
1737 3989 1848 4035 tam
1874 3996 1941 4036 ne
1967 3981 2146 4052 ipsos,

559 4089 719 4145 quam
763 4089 834 4130 ne
877 4074 1112 4130 cultores
1158 4089 1344 4128 eorum
1371 4115 1384 4137 ,
1431 4071 1569 4142 apud
1614 4087 1748 4142 quos
1797 4073 2146 4144 loquebatur,

560 4167 856 4224 offenderet
880 4185 894 4222 :
918 4166 1236 4239 signiﬁcavit
1280 4175 1457 4221 tamen
1499 4165 1846 4235 prudentibus
1870 4209 1885 4232 ,
1927 4167 2050 4238 quid
2081 4166 2150 4224 de

559 4259 668 4315 illis
715 4260 918 4316 sentire
970 4259 1259 4324 deberent;
1317 4257 1748 4328 quandoquidem
1800 4257 1962 4324 deos,
2012 4273 2148 4330 quos

559 4367 748 4408 omnes
791 4352 961 4407 bonos
988 4353 1277 4423 beatosque
1300 4349 1445 4406 credi
1477 4351 1680 4418 voluit,
1709 4351 1777 4406 ab
1803 4366 1992 4407 eorum
2022 4367 2146 4422 pns-

557 4445 818 4513 sionibus,
843 4454 1023 4517 atque,
1047 4445 1188 4499 utait
1211 4445 1343 4514 ipse,
1370 4443 1610 4498 turbellis
1635 4443 1782 4498 omni
1809 4443 1968 4500 modo
1988 4460 2146 4515 sepa-

559 4541 732 4608 ravit,
780 4540 892 4594 sola
947 4539 1068 4594 illos
1127 4553 1411 4608 corporum
1451 4537 1746 4593 :cternitate
1783 4539 2144 4608 conjuugcns;

556 4631 737 4688 animo
756 4641 932 4686 autem
955 4645 1059 4686 non
1076 4630 1199 4694 diis,
1217 4629 1311 4684 sed
1331 4629 1634 4684 hominibus
1655 4629 1856 4684 similes
1874 4628 2147 4687 daemones

555 4724 896 4796 apertissime
935 4723 1207 4778 iuculcans
1230 4741 1244 4778 :
1267 4732 1320 4777 et
1365 4721 1465 4776 hoc
1511 4737 1617 4776 non
1655 4722 1928 4792 sapientia:
1968 4721 2143 4789 bono,

554 4818 708 4890 cujus
733 4828 788 4873 ct
816 4816 1061 4872 homines
1101 4824 1324 4887 possunt
1365 4831 1485 4871 esse
1530 4815 1844 4886 participes;
1891 4815 1984 4870 sed
2029 4831 2148 4886 per-

555 4911 858 4968 turbatione
885 4909 1192 4980 passionum
1214 4949 1230 4971 ,
1260 4923 1380 4979 qua:
1407 4909 1582 4962 stultis
1608 4907 1868 4979 malisque
1898 4907 2145 4963 domina-

553 5013 662 5071 tur,
687 5019 717 5059 a
742 5000 1072 5074 sapientibus
1096 5015 1224 5055 vero
1251 5009 1303 5056 et
1331 5000 1487 5055 bonis
1517 4999 1587 5054 itu
1620 5005 1838 5070 regitur,
1872 5009 1929 5054 ut
1959 5001 2146 5056 malint

553 5113 672 5153 eam
700 5112 806 5153 non
838 5095 1069 5163 habere,
1113 5108 1275 5166 quam
1302 5095 1537 5150 vincere.
1579 5093 1710 5148 Nam
1736 5095 1780 5148 si
1812 5108 1920 5149 non
1945 5107 2143 5166 corpo-

614 5343 630 5374 ⁸
658 5345 818 5392 Forte.
841 5351 952 5392 auo.

614 5353 630 5374 ι
658 5353 818 5400 vorte,
841 5353 952 5406 quo.

613 5406 632 5435 ¹
657 5401 881 5469 ετᾼιιιχαά
905 5399 1141 5469 animuin.
1171 5401 1471 5469 Castigantnr
1499 5399 1566 5469 ad
1605 5405 1804 5469 veteres
1832 5399 1996 5469 libros,
2026 5416 2145 5469 quo-

551 5478 658 5515 rum
697 5463 958 5515 lectionem
993 5463 1242 5514 mntirmat
1285 5461 1400 5525 illud
1445 5461 1585 5520 infra,
1631 5475 1680 5512 n.
1726 5463 1796 5523 12,
1843 5461 2059 5525 dictum,'
2078 5468 2142 5517 de

549 5531 740 5599 amabas
777 5538 966 5578 natura
989 5525 1202 5578 partibus
1223 5524 1421 5587 ultimis,
1460 5525 1512 5576 id
1535 5530 1606 5576 est
1626 5525 1824 5576 summis
1854 5534 1995 5592 atque
2027 5524 2143 5593 inﬁ-

552 5601 770 5724 Tg'ltjra
807 5651 887 5701 hic
915 5652 1132 5724 codlcum
1176 5652 1404 5724 varietas.
1442 5648 1578 5724 Vind.
1601 5657 1777 5724 Almeet
1810 5651 1975 5724 probae
2013 5659 2140 5724 notas

550 5716 661 5765 Ias.
689 5715 887 5778 habent,
909 5713 1288 5778 gattdentes,_Er_.
1320 5720 1452 5771 L0v.,
1490 5711 1784 5778 plaudentes.
1820 5711 1911 5778 Alii
1917 5775 1928 5778 _
1945 5714 2139 5778 quidam

551 5782 680 5839 Nam,
717 5774 967 5839 (immites.
991 5774 1226 5839 Nonnulli,
1251 5776 1479 5839 fruentes.
1502 5774 1595 5839 sed
1637 5774 2142 5839 verius__Colbértinus

552 5835 728 5900 culex,
753 5845 806 5900 ut
823 5837 949 5900 apud
967 5835 1213 5900 Apuleium
1237 5835 1475 5900 (fluentes;
1499 5836 1546 5885 id
1569 5845 1645 5889 est
1666 5835 1991 5892 excellentes.

619 5899 644 5936 δ
664 5898 798 5955 vind.
819 5897 918 5950 Ain.
945 5897 1241 5964 et’plerioue
1257 5907 1381 5962 Msa,
1408 5897 1538 5952 hinc.

1674 385 1764 446 DE
1800 382 2122 444 CIVITATE
2160 382 2294 458 DEI,
2333 383 2392 444 S.
2431 385 2797 446 AUGUSTINI

2267 520 2406 571 rum,
2453 507 2548 562 sed
2595 507 2898 566 animorum
2944 514 3294 572 aeternitatem
3343 530 3464 574 cum
3511 517 3615 578 diis
3653 519 3858 583 habere

2263 596 2538 654 daemones
2564 600 2727 657 vellet
2752 602 2972 676 intelligi
2993 645 3009 667 ,
3041 621 3146 662 non
3176 609 3356 681 utique
3380 609 3630 670 homines
3653 617 3724 672 ab
3750 617 3856 674 hu-

2257 690 2347 762 jus
2369 692 2446 748 rei
2466 696 2742 750 consortio
2758 708 3060 767 separaret:
3077 702 3199 772 quia
3222 712 3275 758 et
3296 703 3603 764 hominibus
3622 719 3856 769 aeternos

2263 798 2385 840 esse
2409 785 2620 842 animos
2639 828 2654 853 ,
2687 790 2874 859 procul
2911 790 3077 848 dubio
3100 835 3116 862 ,
3143 795 3282 850 sicut
3307 797 3635 869 Platonicus,
3658 804 3853 863 sentit.

2263 875 2390 935 Ideo
2411 893 2533 936 cum
2557 881 2658 937 hoc
2675 896 2848 954 genus
2871 885 3225 943 animantium
3250 887 3602 963 describeret,
3630 895 3856 954 immor-

2265 969 2464 1029 talibus
2507 974 2732 1042 animis,
2776 977 3114 1036 moribundis
3158 981 3414 1039 membris
3442 985 3578 1042 dixit
3603 1001 3726 1048 esse
3754 990 3856 1047 ho-

2262 1063 2458 1120 mines.
2487 1067 2563 1121 Ac
2593 1082 2690 1137 per
2717 1069 2818 1126 hoc
2847 1070 2892 1125 si
2923 1084 3206 1143 pr0pterea
3234 1088 3571 1133 communem
3601 1094 3724 1136 cum
3753 1082 3857 1139 diis

2262 1160 2618 1216 aeternitatem
2650 1178 2756 1219 non
2790 1162 2991 1221 habent
3018 1165 3264 1225 homines
3283 1211 3298 1236 ,
3327 1170 3449 1241 quia
3476 1186 3701 1244 corpore
3728 1185 3858 1233 sunt

2261 1252 2521 1308 mortales
2545 1272 2559 1309 :
2583 1265 2868 1326 propterea
2894 1273 3024 1331 ergo
3045 1259 3320 1318 daemones
3345 1261 3564 1334 habent,
3587 1267 3709 1338 quia
3729 1283 3856 1325 cor-

2263 1358 2396 1416 pore
2419 1355 2543 1401 suut
2571 1347 2925 1407 immortales.

2261 1499 2492 1559 CAPUT
2532 1503 2623 1559 IX.
2649 1533 2714 1556 -τ-
2733 1507 2814 1562 An
2839 1507 3064 1563 amicitia
3082 1509 3359 1566 celestium
3400 1511 3611 1568 deorum
3641 1532 3735 1587 per
3761 1516 3852 1572 itt-

2391 1600 2740 1656 tercessionem
2782 1602 3070 1659 demonum
3087 1606 3242 1676 possit
3262 1607 3456 1662 nomini
3463 1609 3739 1678 provideri.

2332 1759 2528 1828 Quales
2545 1759 2704 1830 igitur
2732 1759 3052 1818 mediatores
3063 1771 3187 1817 sunt
3203 1762 3341 1819 inter
3359 1762 3602 1822 homines
3622 1776 3676 1823 et
3694 1767 3854 1838 deos,

2261 1868 2360 1925 per
2373 1868 2506 1923 quos
2535 1853 2601 1906 ad
2628 1852 2849 1908 deorqu
2899 1853 3162 1911 amicitias
3203 1854 3448 1912 homines
3471 1858 3728 1929 ambiant,
3760 1862 3859 1935 qui

2261 1943 2364 2002 hoc
2383 1961 2502 2000 cum
2547 1944 2853 2001 hominibus
2881 1945 3078 2002 habent
3113 1947 3370 2016 deterius,
3389 1950 3529 2020 quod
3549 1965 3632 2008 εει
3656 1953 3711 2008 in
3739 1955 3854 2012 ani-

2259 2048 2440 2094 mante
2466 2039 2677 2103 melius,
2698 2037 2749 2092 id
2772 2046 2856 2093 est
2879 2039 3115 2094 animum
3140 2057 3155 2105 ;
3182 2039 3282 2095 hoc
3302 2049 3478 2096 autem
3508 2043 3707 2100 habent
3729 2061 3858 2103 cum

2260 2131 2365 2188 diis
2388 2133 2601 2194 melius.
2627 2131 2770 2203 quod
2821 2141 2904 2188 est
2958 2133 3010 2188 in
3063 2133 3333 2190 animante
3376 2135 3631 2205 deterius,
3673 2138 3727 2194 id
3767 2151 3859 2198 est

2260 2225 2494 2295 corpus?
2519 2225 2652 2280 Cum
2667 2224 2811 2280 enim
2835 2225 3100 2291 animans,
3127 2225 3179 2282 id
3207 2235 3290 2282 est
3310 2227 3528 2295 animal,
3570 2245 3639 2286 ex
3667 2233 3852 2289 anima

2259 2326 2469 2376 constet
2496 2327 2550 2374 et
2574 2333 2820 2389 corpore,
2862 2333 3086 2391 quorum
3116 2319 3344 2375 duorum
3366 2321 3542 2376 anima
3565 2333 3647 2378 est
3667 2324 3860 2396 utique

2259 2425 2486 2480 corpore
2511 2409 2702 2466 melior
2730 2427 2746 2476 ;
2774 2410 2874 2465 etsi
2915 2410 3099 2466 vitiosa
3121 2420 3174 2466 et
3211 2412 3443 2480 infirma,
3490 2415 3678 2471 melior
3706 2427 3861 2476 certe

2258 2516 2486 2573 corpore
2515 2501 2674 2558 etiam
2705 2501 2990 2558 sanissimo
3037 2511 3196 2573 atque
3226 2503 3530 2561 ﬁrmissimo
3557 2523 3572 2574 ;
3599 2509 3859 2578 quoniam

2257 2594 2374 2664 ejus
2402 2602 2592 2649 natura
2615 2593 2966 2650 excellentior
3009 2609 3108 2650 nec
3144 2594 3264 2652 labe
3292 2597 3538 2653 vitiorum
3575 2602 3860 2672 postponi-

2257 2693 2348 2742 tur
2373 2686 2621 2756 corpori;
2651 2686 2993 2742 sicutaurum
3016 2687 3178 2743 etiam
3206 2688 3479 2746 sordidum
3499 2703 3722 2762 argento
3753 2709 3859 2752 seu

2258 2777 2499 2847 plumbo,
2556 2777 2682 2834 licet
2735 2778 3047 2848 purissimo,
3076 2779 3252 2835 carius
3279 2781 3711 2840 :estimaturzisti
3739 2801 3861 2842 me-

2257 2866 2492 2924 diatores
2534 2868 2757 2924 deorum
2787 2877 2842 2924 et
2865 2869 3160 2937 hominum,
3195 2886 3290 2940 per
3343 2887 3479 2943 quos
3505 2872 3860 2946 interpositos

2257 2958 2454 3019 divinis
2475 2963 2708 3020 humana
2740 2964 3056 3036 junguntur,
3107 2981 3228 3021 cum
3271 2965 3374 3022 diis
3423 2966 3620 3025 habent
3655 2983 3860 3041 corpus

2256 3065 2539 3123 attentum,
2579 3056 2829 3112 vitiosum
2859 3067 3036 3113 autem
3063 3071 3184 3113 cum
3217 3057 3519 3116 hominibus
3556 3061 3801 3118 animum
3839 3080 3857 3132 ;

2256 3147 2407 3219 quasi
2435 3147 2643 3219 religio,
2669 3163 2770 3220 qua
2810 3148 2996 3204 volunt
3032 3147 3134 3205 diis
3179 3149 3423 3206 homines
3450 3167 3546 3222 per
3571 3152 3855 3213 daemones

2251 3237 2426 3309 jungi,
2465 3238 2518 3294 in
2539 3253 2767 3309 corpore
2790 3240 2880 3307 sit,
2909 3255 3015 3296 non
3056 3241 3108 3296 in
3133 3241 3336 3308 animo,
3357 3246 3661 3300 constituta.
3694 3247 3861 3318 Quaa-

2257 3345 2380 3386 nam
2412 3329 2622 3387 tandem
2649 3331 2783 3388 istos
2831 3332 3154 3388 mediatores
3208 3333 3372 3389 falsos
3414 3346 3575 3408 atque
3629 3339 3858 3398 tallaces

2255 3424 2406 3496 quasi
2435 3425 2610 3495 capite
2649 3424 2902 3482 deorsum
2946 3427 3179 3498 nequitia
3233 3429 3316 3484 vel
3355 3426 3518 3499 pinna
3550 3433 3855 3502 suspendit,

2256 3527 2314 3572 ut
2370 3515 2677 3573 inferiorem
2727 3517 2974 3575 animalis
3016 3529 3247 3590 partem,
3272 3520 3324 3576 id
3351 3531 3434 3576 est
3480 3538 3694 3595 corpus,
3726 3541 3856 3584 cum

2254 3609 2642 3680 superioribus,
2684 3611 3016 3681 superiorem
3054 3627 3202 3677 vero,
3227 3612 3280 3667 id
3313 3623 3396 3669 est
3439 3616 3698 3684 animum,
3725 3633 3854 3676 cum

2253 3701 2596 3758 inferioribus
2623 3701 2874 3770 habeant,
2893 3711 2950 3758 et
2983 3718 3103 3758 cum
3151 3703 3255 3760 diis
3280 3705 3589 3763 coelestibus
3611 3708 3662 3763 in
3696 3721 3854 3780 parte

2253 3794 2520 3850 serviente
2548 3794 2843 3865 conjuncti,
2865 3810 2986 3850 cum
3016 3795 3322 3853 hominibus
3349 3809 3527 3856 autem
3576 3806 3854 3861 terrestri-

2252 3886 2352 3943 bus
2375 3887 2427 3941 in
2458 3895 2608 3957 parte
2660 3887 2970 3944 dominante
3016 3889 3124 3944 sint
3153 3890 3380 3946 miseri?
3420 3892 3629 3964 Corpus
3647 3898 3854 3969 quippe

2251 3993 2464 4034 servum
2494 3987 2598 4046 est,
2621 3979 2759 4034 sicut
2779 3979 2938 4035 etiam
2965 3979 3243 4036 Sallustius
3263 3983 3337 4036 ait
3369 4000 3381 4036 :
3414 3984 3583 4038 Animi
3607 3986 3848 4058 imperio,

2251 4072 2478 4140 corporis
2501 4071 2703 4126 servitio
2747 4071 2909 4144 magis
2955 4073 3166 4126 utimur.
3195 4073 3451 4144 Adjunxit
3495 4086 3675 4132 autem
3733 4079 3850 4150 ille,

2249 4161 2478 4216 Alterum
2503 4162 2644 4216 nobis
2673 4178 2788 4216 cum
2823 4162 2942 4228 diis,
2980 4160 3196 4216 alterunt
3236 4180 3350 4217 cum
3374 4164 3554 4220 belluis
3582 4184 3853 4227 commune

2251 4254 2362 4322 est(
2397 4251 2617 4308 Sallust.
2651 4255 2703 4306 in
2733 4251 2909 4318 Catil.,
2946 4269 3062 4325 cap.
3091 4255 3148 4323 1)
3183 4271 3197 4309 :
3227 4255 3480 4326 quoniam
3509 4257 3578 4313 de
3607 4257 3850 4317 homini-

2251 4347 2349 4402 bus
2375 4348 2708 4418 loquebatur,
2729 4348 2951 4418 quibus,
2979 4347 3118 4404 sicut
3145 4347 3355 4416 helluis,
3382 4352 3611 4408 mortale
3648 4369 3851 4426 corpus

2250 4447 2354 4495 est.
2385 4438 2472 4492 Isti
2500 4449 2700 4505 autem,
2724 4453 2860 4509 quos
2875 4439 3014 4494 inter
3033 4453 3131 4494 nos
3159 4446 3215 4494 et
3228 4439 3360 4496 deos
3385 4441 3715 4500 mediatores
3745 4461 3847 4502 no-

2249 4531 2331 4585 bis
2358 4530 2661 4602 phiIOSophi
2706 4527 3108 4602 providerunt‘,
3142 4541 3365 4601 possunt
3410 4533 3627 4604 quidem
3663 4537 3851 4596 dicere

2248 4623 2317 4678 de
2339 4623 2518 4677 animo
2542 4633 2597 4678 et
2619 4637 2866 4694 corpore,
2894 4622 3134 4677 Alterum
3161 4623 3315 4679 nobis
3329 4639 3449 4680 cum
3473 4624 3849 4693 diis,alterum

2247 4730 2371 4772 cum
2400 4714 2706 4771 hominibus
2733 4729 3016 4771 commune
3068 4726 3150 4770 est
3177 4733 3190 4769 :
3220 4717 3337 4785 sed,
3384 4719 3523 4774 sicut
3557 4720 3692 4787 dixi,
3739 4733 3852 4782 tan-

2247 4822 2404 4878 quam
2428 4807 2478 4860 iu
2499 4821 2808 4877 perversum
2841 4806 2986 4877 ligati
3012 4815 3172 4878 atque
3198 4810 3465 4880 suspensi,
3489 4825 3706 4868 servum
3723 4829 3851 4871 cor-

2248 4913 2348 4969 pus
2367 4913 2487 4953 cum
2514 4898 2619 4954 diis
2640 4899 2828 4964 beatis,
2866 4897 3140 4954 dominum
3167 4899 3405 4955 animum
3456 4916 3578 4957 cum
3611 4903 3853 4963 homini-

2248 4991 2346 5047 bus
2366 4993 2575 5048 miseris
2595 4991 2853 5048 habentes
2872 4993 2916 5058 ³,
2943 5001 3093 5062 parte
3123 4990 3375 5047 inferiore
3407 4995 3647 5062 exaltnti,
3683 5011 3853 5070 supc-

2245 5084 2389 5139 riore
2428 5083 2643 5154 dejecti.
2685 5082 2838 5139 Unde
2883 5083 3044 5140 etiam
3072 5083 3117 5138 si
3143 5083 3424 5155 quisquam
3473 5095 3695 5156 promer
3747 5091 3854 5150 hoc

2246 5192 2340 5233 eos
2365 5177 2624 5248 putaverit
2647 5178 3003 5234 aternitatem
3031 5177 3229 5233 habere
3257 5193 3378 5234 cum
3405 5177 3533 5244 diis,
3559 5179 3691 5250 quia
3723 5185 3849 5242 nul-

2245 5270 2295 5326 la
2349 5278 2542 5338 morte,
2570 5271 2712 5326 sicut
2749 5271 3056 5326 animalium
3087 5274 3443 5340 terrestrium,
3470 5276 3633 5332 animi
3649 5293 3850 5336 eorum

2245 5365 2530 5420 solvuntur
2570 5380 2601 5420 a
2628 5378 2855 5434 corpore
2888 5381 2902 5418 :
2954 5379 3054 5420 nec
3081 5364 3164 5420 sic
3192 5366 3609 5424 existimandum
3631 5381 3726 5426 est
3750 5388 3850 5430 eo-

2245 5472 2362 5513 rum
2381 5471 2577 5525 corpus
2605 5463 2855 5526 tanquam
2895 5455 3277 5512 honoratorum
3305 5468 3564 5514 aeternum
3619 5461 3851 5520 vehicu-

2244 5547 2374 5614 ‘um,
2399 5546 2492 5603 sed
2515 5554 2772 5603 aeternum
2802 5547 3072 5604 vinculum
3100 5547 3472 5606 damnatorum
3503 5551 3544 5606 ³.

2307 5773 2324 5837 ξ
2365 5771 2532 5837 Plures
2577 5773 2742 5837 probas
2791 5779 2919 5822 notae
2959 5773 3288 5837 manuscripti,
3328 5771 3670 5837 prodiderint.

2304 5836 2326 5868 ²
2349 5834 2839 5895 Verbum—habentes,
2863 5849 2957 5884 non
2977 5842 3053 5884 est
3073 5835 3121 5882 in
3146 5834 3252 5884 MSS.

2306 5898 2329 5932 ³
2356 5898 2487 5952 Vind.
2514 5907 2616 5949 Am.
2637 5905 2690 5949 et
2711 5904 2806 5962 Er.,
2829 5896 3234 5952 dwmattdorum.
