4064 6482
223 363 322 420 263

222 477 435 536 CAPUT
473 476 547 535 Χ.
578 509 654 520 -
686 477 838 548 Quod
889 476 1170 533 secundum
1221 475 1417 532 Plotini
1470 479 1765 532 sententiam
1796 519 1812 544 ,

284 577 447 626 minus
483 572 663 626 miseri
693 572 794 626 sint
827 571 1053 625 homines
1081 570 1135 624 in
1173 586 1384 640 corpore
1422 570 1643 635 mortali,
1663 586 1816 640 quam

285 664 535 718 dwmones
565 663 619 716 in
635 672 852 717 (eterna.

287 755 528 810 Plotinus
565 764 717 809 certe
736 763 936 808 nostra:
977 753 1252 807 memorim
1305 752 1494 807 vicinis
1521 754 1536 783 ¹
1571 755 1815 821 tempori-

222 848 332 912 bus,
356 846 640 900 Platonem
693 844 905 899 caneris
944 843 1293 898 excellentius
1334 842 1657 897 intellexisse
1703 844 1814 896 lau-

222 940 364 996 datur
390 938 489 1010 (a).
516 935 567 992 Is
587 952 713 992 cum
751 935 820 992 de
857 935 1105 990 humanis
1153 934 1348 988 animis
1395 940 1597 1003 ageret,
1635 930 1810 999 Pater,

224 1031 399 1102 inquit,
437 1030 729 1083 misericors
770 1027 1006 1081 mortalia
1041 1025 1145 1080 illis
1189 1025 1387 1080 vincula
1429 1023 1811 1094 faciebat(Eno

223 1125 383 1180 neadis
404 1123 440 1177 4
462 1122 592 1176 libro
616 1123 672 1187 3,
703 1138 818 1191 cap.
867 1119 935 1174 l2
960 1119 1003 1190 ).
1033 1117 1109 1173 Ita
1138 1117 1240 1172 hoc
1280 1117 1453 1187 ipsum
1497 1115 1638 1186 quod
1671 1132 1812 1170 mor-

224 1219 342 1272 tales
367 1225 495 1270 sunt
527 1214 776 1269 homines
814 1227 1062 1283 corpore,
1111 1210 1178 1266 ad
1238 1209 1662 1266 miscricordiam
1714 1209 1810 1264 Dei

225 1310 375 1379 patris
409 1307 684 1378 pertinere
726 1305 1014 1359 arbitratus
1039 1311 1142 1366 est,
1174 1317 1241 1356 ne
1267 1317 1480 1371 semper
1506 1299 1665 1369 hujus
1688 1299 1810 1354 vitae

223 1400 421 1455 miseria
468 1405 806 1452 tenerentur.
855 1395 964 1449 llac
1011 1392 1378 1448 misericordia
1425 1391 1636 1461 indigna
1661 1389 1808 1460 judi-

221 1504 322 1548 cata
361 1500 446 1546 est
468 1489 724 1559 iniquitas
776 1485 1102 1549 dmmonum,
1131 1499 1250 1555 qum
1283 1483 1334 1538 in
1382 1482 1545 1540 animi
1605 1481 1805 1551 passivi

223 1584 447 1649 miseria,
479 1597 590 1636 non
617 1579 867 1644 mortale,
896 1577 1035 1632 sicut
1088 1575 1354 1640 homines,
1414 1573 1509 1628 sed
1549 1580 1808 1628 teternum

222 1693 403 1747 corpus
435 1675 665 1744 accepit.
716 1671 1124 1741 Essentquippc
1172 1668 1438 1724 feliciores
1479 1665 1804 1731 hominibus,

220 1773 256 1827 si
281 1769 506 1825 mortale
534 1783 659 1822 cum
685 1767 763 1821 eis
785 1765 1045 1820 haberent
1079 1776 1295 1832 corpus,
1325 1770 1522 1815 etcum
1545 1759 1646 1813 diis
1673 1759 1806 1812 bea-

221 1873 320 1917 tum
347 1860 611 1914 animum.
647 1859 839 1913 Essent
866 1865 1040 1911 autem
1073 1869 1229 1926 pares
1253 1852 1578 1916 hominibus,
1611 1851 1654 1906 si
1683 1865 1804 1905 cum

219 1955 386 2008 animo
411 1954 618 2006 misero
647 1964 844 2020 corpus
871 1949 1058 2004 saltem
1087 1946 1309 2001 mortale
1362 1960 1484 2000 cum
1510 1944 1588 1998 eis
1609 1943 1806 1998 habere

222 2045 533 2100 meruissent
561 2060 579 2106 ;
621 2043 665 2095 si
694 2050 870 2094 tamen
893 2039 1230 2110 acquirerent
1261 2035 1461 2107 aliquid
1489 2035 1716 2105 pietatis,
1747 2044 1805 2089 ut

220 2137 278 2192 ab
301 2133 557 2190 aerumnis
586 2133 669 2188 vel
715 2131 767 2186 in
797 2142 971 2186 morte
1025 2129 1442 2199 requiescerent.
1497 2126 1648 2182 Nunc
1678 2142 1804 2181 vero

222 2245 313 2283 non
340 2229 518 2282 solum
553 2225 819 2282 feliciores
848 2222 1152 2278 hominibus
1191 2236 1300 2277 non
1329 2229 1454 2275 sunt
1493 2221 1672 2275 animo
1705 2217 1803 2272 tui~

220 2338 352 2386 sero,
371 2321 471 2376 sed
507 2320 669 2375 etiam
718 2317 1027 2373 miseriores
1083 2325 1210 2384 sunt
1261 2322 1516 2383 perpetuo
1563 2311 1804 2380 corporis

217 2415 440 2469 vinculo.
466 2411 586 2467 Non
612 2411 756 2467 enim
783 2409 962 2479 aliqua
995 2406 1208 2478 pietatis
1237 2414 1290 2460 et
1336 2403 1618 2474 sapientiae
1639 2401 1804 2457 disci-

216 2507 342 2577 plina
363 2505 734 2574 proticientes,
767 2500 990 2570 intelligi
1019 2499 1180 2554 voluit
1215 2512 1283 2554 ex
1304 2494 1641 2551 daemonibus
1678 2491 1800 2550 ﬁeri

215 2597 354 2661 deos,
376 2611 505 2651 eum
545 2594 884 2665 apertissime
911 2591 1109 2648 dixerit
1132 2590 1405 2646 dmmones
1426 2598 1676 2643 aeternos.

215 2707 431 2763 CAPUT
473 2706 568 2761 XI.
592 2737 663 2746 —
691 2705 770 2758 De
804 2704 1040 2773 opinione
1061 2700 1466 2766 Platonicorum,
1495 2716 1595 2769 qua
1622 2707 1802 2770 putant

353 2800 556 2852 animus
582 2797 844 2850 hominum
873 2795 1127 2849 dtemones
1147 2809 1253 2847 esse
1279 2802 1391 2864 post
1419 2807 1655 2864 corpora.

273 2913 411 2966 Dicit
437 2888 656 2981 quidem
677 2907 752 2982 (ιν)
770 2917 822 2962 et
843 2908 1045 2962 animas
1069 2905 1346 2962 hominum
1365 2905 1634 2960 daemones
1656 2918 1798 2972 esse,

211 3017 258 3060 et
276 3022 336 3061 ex
363 3003 676 3059 hominibus
704 3001 818 3057 ﬁeri
848 3000 1034 3068 Lares,
1063 3000 1109 3056 si
1142 2999 1264 3055 boni
1293 2997 1466 3053 meriti
1510 3007 1634 3052 sunt
1659 3013 1673 3063 ;
1701 2997 1798 3052 Lc-

213 3115 400 3168 mnres,
427 3097 474 3152 si
497 3097 645 3161 mali,
692 3111 786 3151 seu
817 3094 1016 3149 Larvas
1047 3111 1060 3147 :
1090 3091 1272 3149 Manes
1298 3099 1476 3146 autem
1515 3090 1647 3146 deos
1669 3089 1797 3158 dici,

211 3192 248 3244 si
276 3191 537 3245 incertum
568 3197 652 3244 est
679 3187 941 3242 bonorum
975 3200 1089 3249 eos,
1113 3199 1208 3240 seu
1237 3182 1501 3237 malorum
1531 3196 1652 3236 esse
1682 3195 1797 3236 me-

211 3284 442 3337 ritorum.
471 3281 526 3336 In
542 3295 645 3351 qua
663 3279 931 3349 opinione,
958 3285 1209 3348 quantam
1227 3275 1534 3344 voraginem
1557 3272 1799 3344 aperiant

213 3373 471 3429 sectandis
496 3371 726 3444 perditis
769 3369 1024 3432 moribus,
1079 3367 1197 3438 quis
1225 3381 1330 3420 non
1386 3364 1581 3429 videat,
1629 3363 1674 3417 si
1714 3363 1800 3420 vel

213 3467 471 3535 paululum
521 3460 811 3518 attendat?
871 3457 1310 3528 Quandoquidem
1363 3454 1656 3527 quamlibet
1705 3469 1802 3509 ne-

209 3573 353 3627 quam
384 3556 588 3610 iuerint
615 3553 882 3618 homines,
915 3551 992 3605 vel
1019 3549 1220 3604 Larvas
1257 3561 1316 3602 se
1358 3547 1469 3601 ﬁeri
1521 3545 1647 3599 dum
1680 3544 1796 3614 opi-

212 3660 411 3713 nantur,
463 3649 547 3702 vel
593 3647 718 3700 dum
759 3645 940 3700 Manes
991 3643 1153 3707 deos;
1185 3650 1332 3696 tanto
1375 3639 1588 3710 pejores
1638 3638 1793 3704 ﬁunt,

209 3750 395 3809 quianto
425 3747 553 3794 sunt
584 3735 806 3792 nocendi
826 3735 1160 3806 cupidiores:
1198 3742 1254 3786 ut
1294 3732 1454 3787 etiam
1478 3729 1796 3801 quibusdam

210 3833 474 3887 sacriﬁciis
505 3840 758 3899 tanquam
781 3826 973 3881 divinis
1011 3824 1306 3879 honoribus
1335 3830 1457 3892 post
1486 3829 1712 3876 mortem
1738 3834 1796 3875 se

210 3921 406 3976 invitari
455 3922 765 3990 cpineutur,
798 3928 855 3972 ut
909 3925 1135 3973 noceant
1168 3934 1180 3970 :
1216 3915 1413 3969 Larvas
1445 3914 1640 3984 quippe
1670 3913 1798 3967 dicit

208 4016 529 4071 essenoxios
561 4014 835 4068 dmmones
880 4027 945 4066 cx
998 4009 1302 4064 hominibus
1330 4009 1515 4062 factos.
1545 4005 1650 4061 Sed
1673 4006 1796 4061 hinc

204 4106 294 4159 alia
326 4105 557 4177 qumstio
583 4111 684 4159 est.
715 4101 842 4156 lude
866 4111 1041 4155 autem
1087 4097 1602 4169 perhibetappellari
1623 4111 1797 4167 gnece

205 4195 376 4250 beatos
407 4200 711 4262 εὺδαίμωας,
735 4191 874 4263 quod
906 4191 1030 4245 boni
1073 4190 1178 4244 sint
1205 4188 1390 4253 animi,
1433 4187 1536 4241 hoc
1562 4196 1645 4242 est
1669 4187 1793 4241 boni

205 4290 505 4354 damones;
536 4289 744 4343 animos
783 4301 995 4358 quoque
1051 4285 1326 4340 hominum
1372 4283 1644 4339 dzcmoues
1673 4295 1794 4338 esse

204 4382 543 4435 conﬁrmans.

204 4491 417 4549 CAPUT
458 4491 578 4548 XII.
610 4521 684 4532 ——
710 4489 791 4545 De
835 4491 988 4544 ternis
1029 4489 1330 4555 contrariis,
1375 4487 1554 4559 quibus
1611 4503 1794 4542 secun-

265 4585 383 4637 dum
445 4583 748 4637 Platonicos
818 4582 1104 4636 daemonum
1179 4589 1226 4635 et
1295 4581 1553 4634 hominum
1612 4589 1795 4632 natura

268 4675 621 4744 distinguitur.

267 4788 541 4842 Sednttnc
567 4787 744 4842 dehis
763 4787 990 4856 agimus,
1042 4799 1176 4856 quos
1230 4786 1286 4840 in
1338 4793 1527 4839 natura
1577 4785 1792 4855 propria

206 4878 488 4950 descripsit
526 4881 666 4934 inter
708 4879 841 4934 deos
885 4888 940 4933 et
991 4878 1240 4932 homines
1278 4892 1474 4948 genere
1519 4878 1790 4944 animalia,

207 4982 376 5027 mente
403 4972 712 5037 rationalia,
739 4972 919 5026 animo
950 4971 1178 5040 passiva,
1208 4985 1432 5040 corpore
1461 4971 1628 5033 aeria,
1661 4981 1793 5025 tem-

207 5079 325 5130 pore
345 5075 574 5119 :eterna.
604 5062 808 5132 Nempe
833 5078 953 5118 cum
982 5063 1130 5133 prius
1148 5062 1282 5117 deos
1311 5062 1362 5116 in
1385 5061 1597 5117 sublimi
1629 5061 1790 5130 ctelo,

209 5156 447 5213 homines
481 5167 666 5212 autem
718 5157 770 5210 in
813 5165 951 5210 terra
1007 5155 1188 5210 inﬁma
1233 5155 1527 5224 disjunctos
1558 5155 1714 5218 locis,
1741 5163 1797 5210 et

209 5258 403 5305 natura:
429 5249 694 5319 dignitate
729 5258 1057 5312 secerneret,
1104 5248 1174 5301 ita
1227 5246 1526 5302 conclusit:
1560 5246 1790 5310 Habetis,

205 5341 388 5411 inquit,
415 5342 624 5396 interim
650 5341 770 5396 bina
809 5340 1053 5394 animalia
1080 5355 1099 5403 ;
1125 5338 1245 5394 deos
1265 5340 1327 5394 ab
1367 5338 1654 5394 hominibus
1676 5339 1792 5410 plu-

261 5493 276 5521 ¹
311 5494 503 5541 SicAm.
531 5499 586 5541 et
605 5499 712 5542 MSS.
739 5497 795 5540 At
816 5489 951 5541 Vind.
979 5496 1052 5539 Fr.
1081 5498 1134 5540 et
1153 5496 1284 5549 Lov.,
1305 5489 1505 5540 vicinus.
1536 5498 1678 5540 Porro
1693 5489 1796 5540 Plo-

201 5555 325 5616 tinus
339 5554 658 5616 philosophus
672 5555 764 5603 sub
778 5554 961 5602 initium
979 5553 1172 5614 imperii
1191 5552 1446 5605 Aureliani.
1469 5553 1558 5603 hoc
1577 5561 1654 5602 est
1671 5566 1799 5603 anno

199 5613 358 5722 ςέιίινίὖξῦ
379 5613 577 5726 circiter
599 5616 693 5666 270
707 5623 925 5666 mortuus
947 5613 1121 5675 est,’ut
1137 5629 1200 5664 ex
1224 5616 1481 5679 l‘ot-pbyrio
1506 5616 1554 5663 in
1578 5616 1683 5678 ejus
1702 5618 1797 5667 vita

201 5688 246 5722 ιιι
269 5693 295 5724 e
334 5692 399 5738 tgt
425 5691 504 5725 ur.

262 5755 334 5882 ω
356 5757 492 5808 conf.
519 5757 607 5806 lib.
631 5759 663 5807 3
685 5767 851 5806 contra
878 5757 1200 5816 Academicos,
1219 5772 1268 5806 n.
1290 5759 1369 5807 ll.

353 5827 540 5882 Nempe
565 5819 812 5882 Apuleius.
839 5821 925 5869 lib.
951 5827 1017 5869 De
1035 5821 1132 5870 deo
1153 5822 1369 5870 socratis.

353 5827 540 5882 Nempe
565 5819 812 5882 Apuleius.
839 5821 925 5869 lib.
951 5827 1017 5869 De
1035 5821 1132 5870 deo
1153 5822 1372 5870 socratis.

522 5902 758 5964 Sanc'r.
807 5904 1061 5964 Λιταυετ
1134 5901 1264 5966 VII.

1609 363 1811 420 LIBER
1847 363 2093 422 NONUS.

3397 368 3504 428 266

1924 479 2116 536 τὶηιιηι
2145 477 2449 548 di/ferentes,
2484 483 2583 537 loci
2615 485 2943 553 sublimitate,
3001 487 3114 542 vita:
3162 487 3508 560 perpetuitate,

1922 583 2122 632 natura:
2141 577 2446 646 perfectione
2466 593 2486 644 ;
2507 579 2648 634 nullo
2670 579 2800 634 inter
2840 599 2894 636 se
2919 584 3204 654 prapinquo
3229 583 3512 638 conmuni-

1920 673 2058 731 cata,
2086 682 2201 719 cum
2228 676 2275 719 et
2302 667 2590 722 habitacula
2641 687 2838 726 summa
2882 673 2945 727 ab
2972 674 3163 743 infimis
3193 685 3336 729 tanta
3356 683 3512 728 mter-

1921 755 2116 825 capedo
2143 758 2336 828 fastigii
2363 759 2614 829 dispescat
2638 762 2654 794 ³
2686 780 2701 829 ;
2745 773 2795 817 et
2842 766 3083 820 vivacitas
3111 765 3218 821 illic
3245 776 3440 822 (eterna
3463 776 3512 822 et

1919 846 2168 916 indefecta
2199 849 2283 916 sit,
2313 849 2394 903 hic
2424 851 2615 905 caduca
2644 864 2690 906 et
2719 855 3003 922 subcisiva;
3027 867 3075 912 et
3099 858 3299 930 ingenia
3325 857 3420 913 illa
3439 857 3511 913 ad

1919 937 2274 995 beatitudinem
2289 942 2581 1010 sublimata,
2600 944 2708 1000 hac
2722 946 2790 999 ad
2807 948 3034 1004 miserias
3052 950 3282 1018 inﬁmata
3298 949 3402 1021 (De
3412 950 3508 1005 deo

1921 1029 2195 1102 Socratis).
2230 1032 2327 1087 Hic
2363 1043 2511 1088 terna
2530 1036 2687 1091 video
2706 1048 3122 1096 commemorata
3146 1042 3412 1098 contraria
3435 1041 3506 1098 de

1917 1119 2122 1177 duabus
2151 1133 2355 1180 naturae
2378 1125 2617 1195 partibus
2644 1127 2867 1193 ultimis,
2899 1130 2950 1184 id
2976 1142 3059 1187 est
3087 1134 3311 1188 summis
3341 1141 3506 1205 atque

1916 1212 2134 1269 inﬁmis.
2164 1213 2298 1270 Nam
2329 1217 2426 1271 tria
2463 1233 2584 1286 qua:
2626 1221 2901 1289 proposuit
2946 1221 3015 1278 de
3051 1223 3154 1278 diis
3191 1223 3504 1295 laudabilia,

1915 1303 2102 1359 eadem
2133 1307 2404 1376 repetivit,
2431 1309 2550 1364 aliis
2572 1309 2790 1379 quidem
2845 1312 3042 1378 verbis,
3068 1322 3124 1368 ut
3149 1313 3229 1371 eis
3273 1316 3375 1370 alia
3406 1317 3505 1373 tria

1914 1396 2134 1452 adversa
2187 1414 2259 1454 ex
2294 1398 2603 1458 hominibus
2656 1403 2924 1460 redderet.
2977 1405 3099 1461 Tria
3137 1406 3358 1464 deorum
3386 1409 3504 1466 hac

1914 1499 2039 1544 sunt
2063 1507 2074 1543 :
2109 1490 2212 1545 loci
2243 1492 2567 1560 sublimitas,
2594 1495 2718 1550 vita:
2751 1497 3102 1566 perpetuitas,
3127 1497 3387 1568 perfectio
3409 1515 3503 1556 na-

1915 1590 2067 1638 ιρι-ιη.
2096 1583 2224 1640 Ηωο
2253 1584 2370 1640 aliis
2409 1586 2589 1642 verbis
2615 1588 2686 1642 ita
2739 1589 3004 1658 repetivit,
3039 1600 3098 1645 ut
3135 1593 3215 1647 eis
3245 1592 3342 1647 tria
3368 1607 3505 1649 con-

1915 1674 2075 1728 traria
2095 1673 2339 1730 humana:
2366 1676 2688 1732 conditionis
2716 1690 3044 1749 opponeret:
3067 1679 3196 1737 Cant
3226 1693 3274 1738 et
3303 1683 3508 1738 habita-

1911 1763 2049 1829 cula,
2076 1765 2265 1835 inquit,
2288 1783 2485 1822 summa
2502 1769 2566 1822 ab
2599 1770 2790 1839 inlimis
2836 1781 2978 1826 tanta
3003 1774 3330 1846 intercapedo
3363 1777 3508 1846 {asti-

1910 1857 1981 1926 gii
1999 1858 2250 1928 dispescat
2277 1875 2296 1914 :
2325 1860 2448 1931 quia
2487 1861 2694 1917 dixerat
2744 1863 2846 1918 loci
2897 1864 3302 1922 sublimitatem.
3328 1866 3397 1922 Et
3427 1868 3507 1923 oi-

1909 1951 2098 2004 vacitas
2122 1953 2250 2019 illic,
2281 1953 2485 2024 inquit,
2515 1965 2702 2009 (eterna
2722 1955 3056 2028 et‘indefecta
3083 1959 3171 2026 sit,
3204 1959 3286 2013 hic
3307 1960 3512 2014 caduca

1909 2053 1956 2098 et
1980 2045 2225 2101 subcisiva
2260 2061 2280 2101 :
2303 2048 2426 2117 quia
2457 2047 2667 2104 dixerat
2692 2050 2816 2104 vitae
2860 2051 3292 2122 perpetuitatem.
3319 2051 3391 2106 Et
3417 2053 3490 2108 in-

1908 2139 2052 2207 genia
2073 2137 2184 2202 illa,
2218 2138 2408 2210 inquit,
2456 2139 2525 2194 ad
2567 2139 2926 2196 beatitudinem
2971 2144 3264 2210 sublimata,
3294 2145 3404 2199 hac
3430 2145 3506 2200 ad

1907 2229 2135 2283 miserias
2157 2231 2389 2299 inﬁmata
2412 2246 2431 2285 :
2459 2231 2580 2302 quia
2613 2231 2820 2287 dixerat
2846 2241 3050 2289 natura:
3076 2235 3495 2305 perfectionem.

1907 2319 2029 2375 Tria
2062 2321 2221 2392 igitur
2247 2322 2316 2378 ab
2361 2336 2428 2378 eo
2461 2323 2632 2393 posita
2679 2332 2805 2379 sunt
2841 2325 3087 2392 deorum,
3119 2325 3172 2382 id
3200 2336 3303 2394 est,
3352 2327 3503 2384 locus

1907 2413 2172 2481 sublimis,
2203 2416 2500 2483 reternitas,
2540 2415 2851 2472 beatitudo:
2875 2425 2930 2474 et
2981 2419 3065 2476 his
3101 2423 3368 2478 contraria
3396 2421 3498 2479 tria

1908 2503 2204 2571 hominum,
2241 2507 2293 2561 id
2317 2515 2421 2572 est,
2470 2508 2622 2563 locus
2650 2507 2884 2574 inﬁmus,
2911 2511 3231 2579 mortalitas,
3259 2513 3497 2570 miseria.

1905 2596 2130 2654 CAPUT
2163 2599 2388 2654 Xll|.—
2435 2599 2701 2667 Quomodo
2727 2601 2984 2657 darmones
3002 2642 3018 2668 ,
3047 2603 3093 2658 si
3120 2619 3211 2658 nec
3240 2621 3358 2658 cum
3401 2605 3501 2660 diis

1977 2689 2140 2755 beati,
2173 2708 2264 2745 nec
2291 2708 2405 2745 cum
2433 2692 2719 2746 hominibus
2744 2704 2860 2748 sunt
2891 2695 3061 2750 miseri
3082 2737 3098 2764 ,
3128 2695 3263 2752 inter
3299 2706 3500 2752 utraut-

1975 2797 2072 2853 que
2101 2793 2297 2854 partem
2340 2786 2449 2840 sine
2476 2786 2740 2856 utriusque
2765 2789 3122 2844 communione
3142 2789 3244 2845 sint
3265 2791 3437 2847 medii.

1977 2877 2030 2931 1.
2059 2875 2202 2934 Inter
2227 2879 2342 2934 haec
2366 2887 2517 2934 terna
2546 2877 2773 2934 deorum
2817 2888 2873 2934 et
2901 2881 3178 2938 hominum
3198 2924 3213 2949 ,
3244 2883 3498 2954 quoniam

1903 2969 2176 3026 daemones
2203 2970 2408 3027 medios
2447 2973 2661 3044 posuit,
2708 2974 2778 3032 de
2820 2975 2940 3031 loco
2980 2975 3125 3031 nulla
3171 2986 3254 3032 est
3277 2986 3498 3035 contro-

1904 3061 2077 3116 versia
2108 3078 2122 3116 :
2155 3061 2296 3116 inter
2311 3056 2610 3120 'sublitnem
2658 3066 2854 3138 quippe
2883 3076 2938 3122 et
2980 3067 3219 3123 inﬁmum
3243 3109 3260 3136 ,
3289 3068 3499 3126 medius

1905 3151 2055 3208 locus
2081 3153 2356 3224 aptissime
2381 3155 2608 3211 habetur
2637 3165 2694 3212 et
2737 3158 2956 3214 dicitur.
2985 3158 3198 3216 Cretera
3227 3159 3349 3216 bina
3405 3176 3497 3218 re-

1903 3253 2082 3308 stant,
2107 3245 2301 3314 quibus
2326 3261 2454 3301 cura
2485 3250 2739 3303 attentior
2763 3249 3065 3306 adhibenda
3093 3259 3210 3316 est,
3241 3252 3498 3322 quemad-

1905 3334 2119 3390 modum
2146 3336 2230 3391 vel
2255 3338 2426 3396 aIiena
2448 3353 2568 3394 esse
2594 3355 2624 3394 a
2651 3339 2985 3396 dazmonibus
3011 3341 3377 3409 ostendantur,
3408 3344 3495 3400 vel

1903 3427 1979 3480 sic
2003 3427 2083 3482 eis
2107 3427 2496 3485 distribuantur
2515 3473 2530 3499 ,
2563 3441 2621 3486 ut
2650 3433 2909 3489 medietas
2937 3433 3148 3490 videtur
3174 3449 3492 3506 exposcere.

1901 3518 2006 3574 Sed
2033 3519 2101 3576 ab
2123 3519 2202 3575 eis
2227 3521 2400 3577 aliena
2439 3538 2560 3578 esse
2604 3540 2708 3580 non
2740 3535 2984 3595 possunt.
3012 3526 3127 3582 Non
3154 3528 3296 3583 enim
3316 3568 3333 3597 ,
3355 3528 3496 3586 sicut

1903 3610 2128 3666 dicimus
2174 3611 2350 3668 locum
2380 3615 2614 3669 medium
2657 3631 2755 3672 nec
2778 3631 2898 3672 esse
2924 3633 3191 3673 summum
3214 3660 3230 3686 ,
3262 3633 3363 3675 nec
3403 3620 3492 3676 ius

1903 3703 2082 3760 limum
2112 3747 2128 3771 ,
2154 3706 2224 3760 ita
2255 3706 2530 3763 daemones
2555 3725 2677 3764 cum
2721 3710 2828 3764 sint
2879 3711 3124 3765 animalia
3170 3711 3446 3771 rationalia
3467 3753 3486 3780 ,

1903 3811 2000 3851 nec
2025 3797 2209 3853 beatos
2237 3812 2379 3866 esse,
2409 3814 2508 3854 nec
2550 3800 2798 3866 miseros,
2828 3802 2982 3856 sicuti
3010 3815 3134 3857 sunt
3161 3803 3376 3860 arbusta
3401 3805 3489 3864 vel

1903 3905 2092 3960 pecora
2114 3933 2130 3958 ,
2160 3907 2282 3961 qua:
2310 3901 2434 3946 sunt
2464 3906 2652 3948 sensus
2680 3893 2764 3949 vel
2789 3895 3011 3950 rationis
3039 3896 3277 3966 expertia
3297 3938 3314 3964 ,
3340 3907 3491 3957 recte

1904 3995 2186 4049 possumus
2211 3981 2412 4038 dicere.
2445 3981 2682 4052 Quorum
2707 3999 2836 4055 ergo
2867 3986 2999 4042 ratio
3024 3987 3292 4044 mentibus
3317 3989 3488 4058 inest,

1899 4081 1991 4126 aut
2015 4073 2240 4128 miseros
2275 4087 2427 4139 esse,
2458 4085 2550 4129 aut
2577 4076 2762 4132 beatos
2803 4092 3024 4134 necesse
3050 4087 3152 4134 est.
3198 4079 3328 4136 Item
3381 4097 3489 4140 non

1901 4177 2180 4232 possumus
2212 4175 2360 4220 recte
2393 4163 2573 4221 dicere
2591 4207 2608 4233 ,
2638 4181 2736 4221 nec
2763 4167 3016 4224 mortales
3045 4183 3165 4225 esse
3193 4168 3489 4236 daemones,

1901 4272 1999 4312 nec
2017 4265 2266 4314 :cternos.
2296 4258 2486 4314 Omnia
2512 4276 2740 4332 namque
2769 4262 2998 4318 viventia
3023 4264 3188 4319 autin
3226 4275 3488 4322 aeternum

1899 4350 2107 4416 vivunt,
2141 4362 2231 4405 aut
2260 4351 2450 4407 ﬁniunt
2481 4361 2650 4408 morte
2680 4353 2824 4424 quod
2849 4354 3050 4410 vivunt.
3079 4355 3198 4410 Iam
3224 4371 3356 4412 vero
3385 4357 3490 4416 iste

1901 4452 2139 4513 tempore
2167 4455 2397 4500 aeternos
2433 4445 2708 4503 daemones
2737 4447 2891 4503 dixit.
2922 4448 3058 4518 Quid
3103 4451 3260 4523 igitur
3283 4461 3490 4520 restat,

1899 4535 2000 4589 nisi
2031 4545 2087 4588 ut
2117 4535 2168 4588 bi
2196 4535 2446 4591 mediide
2483 4535 2696 4592 duobus
2735 4540 2962 4594 summis
3007 4557 3170 4598 unum
3217 4544 3488 4608 habeant,

1897 4635 1952 4681 et
1978 4627 2045 4682 de
2086 4627 2295 4682 duobus
2343 4628 2542 4683 intimis
2570 4630 2845 4686 alterum?
2883 4631 3016 4686 Nam
3064 4634 3112 4689 si
3160 4645 3384 4706 utraque
3421 4637 3493 4694 de

1899 4719 2019 4773 imis
2067 4717 2372 4784 habebunt,
2416 4729 2506 4774 aut
2531 4729 2754 4791 utraque
2797 4721 2865 4778 de
2892 4725 3152 4794 summis,
3185 4727 3347 4784 medii
3379 4745 3488 4784 non

1896 4817 2074 4873 erunt,
2118 4808 2211 4864 sed
2239 4810 2290 4864 in
2317 4809 2629 4866 alterutram
2657 4822 2862 4883 partem
2893 4815 2975 4869 vel
2999 4817 3262 4884 resiliunt,
3289 4819 3371 4872 vel
3397 4833 3487 4874 re-

1897 4899 2152 4955 cumbunt
2176 4902 2216 4954 '.
2255 4900 2390 4970 Quia
2427 4917 2557 4974 ergo
2592 4903 2676 4958 his
2706 4903 2876 4971 binis,
2906 4907 3044 4962 sicut
3064 4907 3486 4964 demonstratum

1896 5002 1998 5059 est,
2029 5009 2213 5049 carere
2247 4994 2487 5064 utrisque
2509 5010 2613 5050 non
2637 5006 2876 5065 possunt,
2905 4999 3136 5066 acceptis
3158 5014 3222 5052 ex
3264 5007 3490 5067 utraque

1900 5097 2048 5157 parte
2064 5089 2286 5159 singulis
2305 5088 2702 5144 mediabuntur.
2727 5093 2803 5144 Ac
2822 5106 2916 5158 per
2936 5089 3038 5143 hoc
3058 5088 3180 5156 quia
3203 5087 3271 5144 de
3292 5088 3491 5148 inﬁmis

1900 5180 2097 5235 habere
2142 5196 2247 5234 non
2286 5190 2510 5250 possunt
2543 5181 2892 5235 aeternitatem
2919 5220 2933 5242 ,
2973 5193 3093 5247 qua:
3124 5178 3195 5234 ibi
3230 5195 3338 5236 non
3367 5191 3486 5249 est,

1900 5289 2060 5329 unum
2085 5275 2184 5328 hoc
2207 5273 2273 5328 de
2298 5275 2520 5329 summis
2546 5272 2742 5328 habent
2767 5289 2780 5324 :
2804 5282 2858 5325 et
2879 5269 3000 5325 ideo
3022 5285 3129 5325 non
3158 5281 3242 5328 est
3263 5273 3490 5330 alterum

1899 5366 1963 5421 ad
1990 5363 2361 5434 complendum
2408 5365 2750 5420 medietatem
2777 5376 2927 5418 suam
2953 5402 2967 5427 ,
3009 5361 3152 5432 quod
3181 5363 3250 5419 de
3293 5364 3493 5422 inﬁmis

1901 5457 2151 5522 habeant,
2185 5456 2286 5510 nisi
2317 5456 2605 5510 miseriam.

1969 5550 2024 5605 9..
2059 5547 2246 5623 [XIIL]
2273 5547 2369 5603 Est
2393 5547 2569 5615 itaque
2589 5587 2602 5608 ,
2636 5547 2928 5604 secundum
2956 5547 3256 5604 Platonicos
3274 5592 3290 5615 ,
3309 5550 3492 5606 subli-

1902 5643 2066 5698 mium
2092 5641 2312 5696 deorum
2343 5636 2426 5692 vel
2460 5637 2615 5692 beata
2657 5638 2926 5692 teternitas
2953 5681 2967 5706 ,
2996 5641 3079 5695 vel
3121 5649 3322 5696 aeterna
3361 5640 3461 5696 bea
3489 5675 3494 5681 -

1967 5780 1982 5810 ί
2005 5777 2134 5841 Apud
2146 5775 2418 5841 apuleium,
2446 5776 2578 5821 tmtta
2597 5768 2952 5841 intercapedine
2973 5771 3150 5841 {intigii
3168 5771 3458 5841 dispescmtt.

1971 5843 1991 5870 ¹
2015 5833 2118 5888 sola
2141 5833 2245 5887 fere.
2267 5837 2413 5886 editio
2436 5842 2548 5885 Iov.
2576 5833 2674 5895 vel,
2700 5833 2929 5896 retilient;
2956 5833 3051 5892 Vel,
3078 5833 3366 5884 i‘ecnmbent'

2950 5897 3214 5975 (Neu/.2
