4064 6480
543 362 650 419 267

547 474 739 542 titudo;
758 472 1032 528 hominum
1049 482 1175 523 vero
1194 466 1498 521 intimorum
1517 463 1602 519 vel
1625 461 1838 518 miseria
1864 459 2123 525 mortalis,

547 568 633 622 vel
656 564 954 621 mortalitas
1004 559 1201 615 misera
1235 576 1246 611 :
1276 556 1582 611 daemonum
1629 563 1806 610 autem
1837 552 2135 609 mediorum

546 660 633 715 vel
682 658 878 713 misera
928 651 1200 709 aeternitas
1223 690 1239 716 ,
1289 648 1374 704 vel
1426 657 1628 703 aeterna
1657 644 1894 701 miseria.
1920 642 2053 699 Nam
2082 652 2137 719 et

547 752 781 822 quinque
804 747 939 809 illis,
972 760 1093 817 quae
1144 743 1201 799 in
1232 741 1544 798 deﬁnitione
1582 739 1886 794 daemonum
1920 735 2133 808 posuit,

546 857 655 899 non
682 855 777 897 eos
816 836 1028 895 medios
1050 878 1069 905 ,
1111 835 1250 890 sicut
1288 829 1672 904 promittebat,
1700 827 1936 885 ostendit
1958 842 1976 891 ;
1998 841 2136 898 quo-

546 935 689 989 niam
718 932 819 987 tria
843 929 978 984 dixit
1002 941 1098 984 eos
1142 924 1340 1005 habere
1373 921 1657 978 nobiscum
1681 960 1698 986 ,
1745 917 1890 990 quod
1937 930 2137 989 genere

546 1024 819 1092 animalia,
837 1021 979 1096 quod
1011 1028 1193 1076 mente
1217 1016 1496 1074 rationalia
1516 1057 1533 1084 ,
1561 1013 1703 1086 quod
1724 1012 1903 1069 animo
1924 1009 2135 1081 passiva

544 1126 702 1184 sunt;
732 1131 856 1173 cum
893 1114 998 1170 diis
1022 1122 1202 1169 autem
1225 1126 1391 1167 unum
1408 1151 1424 1179 ,
1450 1107 1594 1181 quod
1620 1115 1863 1178 tempore
1886 1112 2087 1160 aeterna
2114 1118 2135 1169 ;

546 1220 601 1269 et
646 1225 811 1267 unum
859 1208 1135 1279 proprium
1161 1246 1179 1274 ,
1209 1203 1355 1277 quod
1382 1217 1609 1275 corpore
1647 1200 1814 1257 aeria.
1857 1196 2136 1267 Quomodo

544 1317 674 1375 ergo
700 1300 898 1365 medii,
923 1297 1136 1370 quando
1160 1311 1328 1353 unum
1379 1293 1576 1349 habent
1599 1306 1720 1349 cum
1745 1289 1969 1346 summis
1993 1328 2008 1355 ,
2034 1286 2136 1342 tria

546 1410 670 1450 cum
702 1392 924 1448 inﬁmis?
941 1392 1070 1459 Quis
1099 1405 1204 1446 non
1225 1386 1620 1455 videat,relicta
1641 1383 1948 1450 medietate,
1968 1396 2136 1453 quan-

544 1499 656 1543 tum
686 1486 1007 1542 inclinentur
1035 1493 1091 1539 et
1117 1482 1482 1553 deprimantur
1509 1478 1576 1533 ad
1599 1475 1821 1532 intima?
1839 1474 1947 1531 Sed
1978 1473 2137 1544 plane

548 1578 618 1633 ibi
647 1578 807 1634 etiam
834 1576 994 1632 medii
1020 1580 1244 1647 possunt
1268 1573 1338 1626 ita
1359 1568 1610 1635 inveniri,
1636 1578 1696 1622 ut
1711 1582 1874 1622 unum
1905 1565 2139 1621 habeant

545 1669 816 1739 proprium
842 1709 857 1734 ,
887 1665 1030 1737 quod
1059 1671 1143 1720 est
1177 1676 1373 1733 corpus
1415 1660 1620 1716 aerium
1641 1700 1657 1725 ,
1699 1658 1840 1714 sicut
1867 1665 1924 1712 et
1948 1655 2025 1711 illi
2067 1655 2137 1711 de

544 1762 767 1819 summis
782 1770 943 1831 atque
963 1756 1161 1813 inlimis
1180 1754 1387 1825 singula
1411 1753 1647 1823 propria,
1665 1750 1738 1805 dii
1757 1763 1954 1820 corpus
1971 1747 2137 1803 aethe-

543 1854 718 1919 rium,
750 1850 1102 1919 hominesqua
1152 1854 1458 1909 terrenum;
1501 1842 1609 1898 duo
1654 1856 1784 1897 vero
1831 1839 2136 1895 communia

543 1946 652 2000 sint
679 1943 927 1998 omnibus
950 1981 965 2008 ,
991 1938 1134 2011 quod
1179 1950 1376 2009 genere
1412 1942 1539 1991 sunt
1560 1932 1844 1998 animalia,
1882 1940 1938 1987 et
1960 1937 2139 1985 mente

543 2033 844 2091 rationalia.
869 2031 1000 2105 Nam
1028 2040 1083 2086 et
1108 2030 1222 2100 ipse
1247 2042 1369 2084 cum
1400 2026 1468 2082 de
1496 2024 1601 2081 diis
1625 2032 1681 2081 et
1703 2022 2006 2078 hominibus
2057 2021 2138 2076 lo-

546 2137 819 2202 queretur,
856 2145 874 2179 ι
906 2124 1127 2181 Habetis
1166 2142 1185 2176 ι
1213 2122 1423 2192 inquit,
1473 2137 1493 2171 ι
1538 2117 1664 2173 bina
1699 2115 1965 2171 animalia.
2008 2133 2027 2167 ι
2072 2112 2138 2169 Et

550 2236 660 2276 non
685 2219 861 2275 solent
890 2217 976 2273 isti
1002 2215 1133 2271 deos
1154 2213 1257 2268 nisi
1296 2210 1584 2267 rationales
1622 2216 1805 2264 mente
1832 2205 2132 2277 perbibere.

548 2315 664 2369 Duo
692 2322 817 2368 sunt
845 2309 1059 2366 residua
1080 2348 1096 2373 ,
1125 2305 1269 2378 quod
1306 2312 1433 2359 sunt
1466 2302 1649 2358 animo
1669 2300 1897 2371 passiva,
1927 2307 1981 2354 et
2005 2306 2139 2354 tem-

544 2420 677 2477 pore
710 2413 905 2460 anteme
931 2419 945 2456 :
967 2414 1193 2472 quorum
1214 2396 1414 2452 habent
1433 2410 1598 2450 unum
1622 2407 1744 2449 cum
1766 2391 1986 2459 inﬁmis,
2012 2405 2137 2447 cum

544 2496 770 2554 summis
788 2496 1014 2550 alterum
1030 2532 1046 2557 ,
1074 2499 1136 2547 ut
1158 2488 1546 2561 proportionali
1583 2487 1793 2542 ratione
1819 2485 2007 2541 librata
2025 2499 2138 2540 nte-

549 2591 719 2647 dietas
745 2601 922 2657 neque
950 2583 1263 2642 sustollatur
1300 2583 1356 2637 in
1386 2595 1592 2637 summa
1617 2623 1632 2648 ,
1665 2594 1841 2651 neque
1876 2580 1930 2633 in
1957 2578 2138 2634 intima

547 2683 897 2752 deprimatur.
950 2676 1070 2748 Ipsa
1117 2682 1203 2732 est
1244 2684 1425 2730 autem
1455 2673 1544 2728 illa
1592 2671 1895 2727 daemonum
1942 2671 2138 2724 misera

524 2771 857 2835 .cternitas,
897 2768 984 2825 vel
1011 2776 1212 2823 aeterna
1238 2764 1474 2821 miseria.
1507 2762 1608 2831 Qui
1636 2762 1780 2818 enim
1810 2762 1919 2825 ait,
1959 2760 2140 2815 animo

546 2867 779 2936 passiva,
796 2865 957 2921 etiam
978 2864 1173 2918 misera
1194 2859 1444 2922 dixisset,
1474 2856 1579 2913 nisi
1598 2871 1782 2912 eorum
1808 2855 2104 2910 cultoribus
2119 2853 2138 2885 ί

550 2960 872 3016 erubuisset.
912 2956 1080 3012 Porro
1105 2954 1230 3026 quia
1258 2949 1591 3024 providentia
1617 2951 1811 3003 summi
1842 2946 1973 3013 Dei,
2000 2946 2141 3003 sicut

550 3054 710 3109 etiam
737 3051 837 3121 ipsi
892 3050 1157 3114 fatentur,
1191 3060 1298 3101 non
1350 3043 1565 3099 fortuita
1594 3041 1896 3097 temeritate
1937 3040 2139 3111 regitur

549 3142 812 3207 mundus,
840 3153 1111 3210 nunquam
1139 3142 1282 3193 esset
1304 3136 1526 3191 istorum
1554 3142 1754 3188 azterna
1774 3131 2014 3198 miseria,
2039 3129 2140 3186 nisi

553 3241 698 3291 esset
721 3246 911 3302 magna
939 3229 1161 3285 malitia.

570 3372 571 3375 η
621 3329 676 3384 5.
702 3327 759 3383 Si
790 3325 951 3396 igitur
995 3320 1138 3378 beati
1168 3327 1315 3375 recte
1341 3317 1593 3374 dicuntur
1619 3314 1962 3371 eudaemones
1983 3354 1999 3380 ,
2030 3327 2139 3369 non

550 3428 677 3477 sunt
708 3417 1051 3475 eudatmones
1099 3412 1410 3476 daemones,
1463 3422 1601 3478 quos
1649 3407 1789 3463 inter
1818 3405 2061 3460 homines
2088 3414 2144 3461 et

553 3513 686 3568 deos
716 3511 801 3566 isti
829 3509 883 3565 in
913 3506 1088 3562 medio
1113 3504 1444 3560 locaverunt.
1472 3500 1601 3569 Quis
1620 3513 1748 3569 ergo
1765 3507 1848 3553 est
1871 3498 2023 3553 locus
2046 3496 2143 3553 bo-

553 3617 745 3659 urorum
769 3600 1110 3664 daemonum,
1141 3595 1232 3665 qui
1274 3607 1431 3664 supra
1462 3589 1741 3653 homines,
1791 3587 1930 3644 infra
1974 3588 2139 3654 deos,

552 3696 670 3752 istis
693 3686 966 3766 prabearit
984 3688 1303 3760 adiutorium
1321 3727 1336 3753 ,
1362 3685 1468 3741 illis
1494 3681 1889 3739 ministerium?
1916 3680 1973 3737 Si
1998 3681 2141 3737 enim

554 3786 684 3845 boni
711 3784 1004 3855 :eternique
1045 3790 1200 3845 sunt,
1228 3776 1469 3849 profecto
1492 3785 1546 3832 et
1572 3775 1713 3832 beati
1748 3782 1891 3829 sunt.
1919 3772 2142 3829 Eterna

556 3888 732 3934 autem
757 3872 1031 3931 beatitudo
1055 3870 1261 3929 medios
1287 3882 1383 3924 eos
1409 3881 1532 3924 esse
1552 3881 1658 3922 non
1686 3865 1835 3931 sinit,
1865 3865 1988 3934 quia
2007 3862 2146 3920 mul-

559 3982 675 4027 tum
695 3969 799 4024 diis
817 3973 1115 4037 comparat,
1136 3962 1465 4033 multumque
1486 3961 1555 4017 ab
1574 3959 1880 4015 hominibus
1909 3966 2141 4028 separat.

558 4065 711 4124 Unde
765 4063 959 4118 frustra
1008 4059 1093 4115 isti
1139 4057 1474 4114 conabuntur
1525 4048 1810 4110 ostendere
1833 4093 1847 4116 ,
1875 4050 2145 4122 quomodo

561 4158 836 4213 daemones
860 4153 1021 4217 boni,
1054 4152 1097 4206 si
1118 4159 1172 4207 et
1191 4147 1524 4206 immortales
1561 4156 1686 4203 sunt
1720 4155 1775 4201 et
1798 4144 1974 4211 beati,
2002 4153 2148 4199 recte

565 4249 729 4306 medii
755 4248 1145 4304 constituantur
1165 4245 1304 4299 inter
1331 4240 1462 4297 deos
1508 4239 1838 4296 immortales
1870 4254 1934 4295 ac
1962 4240 2148 4295 beatos

559 4350 623 4399 et
644 4341 892 4397 homines
940 4336 1192 4393 mortales
1218 4350 1282 4391 ac
1310 4334 1559 4390 miseros.
1588 4333 1721 4388 Cum
1748 4332 1895 4388 enim
1940 4333 2147 4387 utrum-

482 4493 485 4501 ,
560 4449 664 4507 que
692 4433 924 4489 habeant
946 4442 1066 4487 cum
1096 4429 1200 4485 diis
1219 4469 1239 4496 ,
1262 4437 1318 4483 et
1345 4426 1724 4483 beatitudinem
1750 4426 1951 4482 scilicet
1971 4435 2026 4481 et
2046 4425 2148 4480 im-

562 4527 974 4593 mortalitatem,
1005 4522 1138 4579 nihil
1163 4532 1341 4578 autem
1367 4520 1556 4576 horum
1590 4534 1711 4575 cum
1742 4518 2046 4574 hominibus
2094 4529 2151 4572 et

563 4621 777 4677 miseris
800 4627 856 4675 et
897 4616 1243 4682 mortalibus;
1293 4612 1562 4686 quomodo
1609 4628 1715 4667 non
1745 4612 1923 4683 potius
1960 4611 2148 4666 remoti

565 4721 690 4769 sunt
732 4712 801 4767 ab
848 4709 1184 4775 hominibus,
1213 4707 1423 4777 diisque
1469 4704 1778 4775 conjuncti,
1809 4718 1967 4774 quam
2011 4704 2151 4757 inter

566 4812 826 4873 utrosque
850 4800 1010 4856 medii
1039 4798 1354 4854 constituti?
1378 4796 1529 4852 Tunc
1553 4795 1695 4851 enim
1735 4794 1898 4861 medii
1926 4802 2146 4860 essent,

562 4899 605 4951 si
638 4895 901 4950 haberent
927 4900 982 4946 et
1007 4890 1108 4960 ipsi
1142 4889 1250 4944 duo
1275 4887 1517 4958 quedam
1560 4901 1689 4953 sua,
1719 4900 1825 4941 non
1863 4900 1983 4940 cum
2014 4884 2154 4939 binis

563 4989 943 5045 alterutrorum
968 5026 984 5051 ,
1011 4982 1105 5038 sed
1128 4996 1249 5037 cum
1293 4980 1514 5051 singulis
1537 4988 1885 5049 utrorumque
1908 4991 2153 5032 commu-

567 5079 653 5132 nia
686 5095 700 5132 :
732 5079 872 5134 sicut
901 5078 1060 5130 homo
1087 5070 1318 5127 medium
1350 5069 1600 5140 quiddam
1626 5078 1709 5123 est
1727 5110 1744 5134 ,
1771 5068 1866 5123 sed
1889 5068 2026 5122 inter
2054 5082 2151 5135 pe-

574 5182 694 5224 rora
718 5178 775 5225 ct
800 5167 1056 5238 Angelos;
1079 5173 1156 5232 ut,
1174 5164 1296 5234 quia
1323 5176 1484 5233 pecus
1514 5170 1598 5216 est
1621 5160 1821 5214 animal
1849 5158 2154 5214 irrationale

570 5271 729 5331 atque
748 5259 973 5314 mortale
991 5299 1006 5324 ,
1026 5255 1248 5327 angelus
1272 5263 1449 5308 autem
1468 5250 1730 5306 rationale
1751 5258 1807 5305 et
1829 5248 2153 5315 immortale,

570 5352 778 5407 inedius
803 5351 963 5405 homo
991 5357 1171 5416 esset,
1201 5344 1425 5402 inferior
1447 5343 1663 5414 Angelis
1683 5384 1697 5406 ,
1730 5342 1974 5412 superior
1994 5354 2152 5411 peco~

570 5444 739 5511 ribus,
772 5441 976 5497 habens
994 5456 1113 5496 cum
1149 5437 1431 5510 pecoribus
1459 5434 1860 5498 mortalitatem,
1896 5433 2156 5487 rationem

572 5551 693 5591 cum
726 5532 944 5606 Angelis
963 5575 978 5601 ,
1010 5532 1204 5587 animal
1229 5527 1491 5586 rationale
1516 5526 1763 5583 mortale.
1784 5525 1863 5581 Ita
1890 5539 2018 5595 ergo
2038 5539 2157 5578 cum

572 5628 860 5700 qttzerimus
886 5625 1120 5683 medium
1151 5625 1292 5680 inter
1327 5622 1512 5679 beatos
1552 5618 1882 5675 immortales
1911 5618 2161 5672 miseros-

608 5768 653 5874 Γ*
682 5763 796 5813 Edili
821 5798 834 5822 ,
877 5773 965 5824 pro
1001 5771 1165 5810 eorum
1189 5754 1464 5808 cultoribus.
1504 5754 1677 5815 Abest,
1703 5765 1810 5816 pro,
1834 5765 1863 5803 «ι
1895 5750 2160 5801 manuscri-

627 5839 685 5874 is.

576 5839 685 5887 pus.

1604 348 1691 403 DE
1728 344 2050 403 CIVITATE
2089 343 2220 411 DEI,
2263 344 2319 400 S.
2361 342 2727 401 AUGUSTINI

2245 477 2348 530 que
2377 460 2626 515 mortales
2646 501 2661 526 ,
2692 458 2793 513 hoc
2819 458 3061 514 invenire
3085 456 3373 523 debemus,
3395 457 3536 529 quod
3556 466 3650 514 aut
3678 472 3825 515 mor-

2242 553 2347 609 tale
2373 553 2443 607 sit
2469 552 2682 606 bcatum
2703 593 2718 618 ,
2749 559 2842 605 aut
2867 550 3171 606 immortale
3191 550 3262 604 sit
3286 549 3563 607 miserum.

2239 663 2465 720 CAPUT
2493 662 2632 718 XIV.
2660 693 2728 704 —
2749 663 2829 716 An
2849 662 3075 717 homines
3091 702 3107 727 ,
3136 677 3254 715 cum
3281 662 3382 716 sint
3409 663 3643 717 mortales
3659 703 3676 729 ,
3701 679 3821 733 pos-

2574 757 2672 811 sint
2701 773 2817 810 vera
2844 755 3148 811 beatitudine
3175 771 3281 810 esse
3305 755 3494 827 felices.

2312 871 2499 929 Utrum
2527 879 2703 926 autem
2731 881 2784 925 et
2809 870 2995 925 beatus
3018 876 3075 924 et
3103 868 3341 924 mortalis
3362 867 3525 923 homo
3553 883 3676 922 esse
3699 882 3826 939 pos-

2238 968 2346 1032 sit,
2376 978 2565 1036 magna
2589 976 2672 1019 cat
2701 963 2839 1018 inter
2864 961 3112 1017 homines
3136 963 3381 1032 quaestio.
3416 962 3641 1030 Quidam
3677 962 3823 1017 enim

2237 1056 2598 1113 conditionem
2618 1069 2770 1111 suam
2792 1054 3044 1111 humilius
3065 1054 3442 1126 inspexerunt,
3473 1063 3828 1126 negaverunt-

2237 1163 2344 1221 que
2406 1147 2677 1203 hominem
2748 1161 2998 1217 capacem
3049 1160 3172 1202 esse
3239 1161 3397 1217 posse
3447 1147 3823 1211 beatitudinis,

2238 1241 2487 1313 quamdiu
2515 1240 2809 1296 mortaliter
2833 1240 2964 1295 vivit
2990 1257 3005 1295 :
3029 1238 3246 1311 quidam
3269 1253 3394 1294 vero
3413 1239 3721 1294 extulerunt
3739 1254 3824 1305 se,

2238 1341 2293 1389 et
2342 1331 2457 1388 ausi
2501 1339 2627 1387 sunt
2665 1330 2884 1398 dicere,
2942 1330 3219 1400 sapientiae
3268 1339 3545 1401 compotes
3572 1372 3589 1397 ,
3634 1330 3827 1385 beatos

2239 1439 2359 1480 esse
2384 1438 2541 1492 posse
2566 1423 2840 1479 mortales.
2869 1422 3022 1490 Quod
3052 1422 3098 1478 si
3127 1421 3195 1477 ita
3218 1428 3327 1484 est,
3357 1437 3455 1476 cur
3474 1437 3578 1476 non
3608 1420 3705 1491 ipsi
3726 1435 3827 1491 po-

2241 1516 2345 1571 tius
2385 1514 2547 1570 medii
2586 1515 2984 1570 constitunntur
3031 1514 3169 1569 inter
3213 1514 3466 1568 mortales
3519 1513 3743 1568 miseros
3766 1521 3826 1568 et

2239 1609 2571 1664 immortales
2599 1608 2789 1665 beatos
2811 1647 2827 1675 ,
2858 1606 3242 1663 beatitudinem
3274 1604 3530 1661 habentes
3551 1619 3669 1659 cum
3721 1604 3826 1661 im-

2240 1700 2554 1756 mortalibus
2583 1698 2786 1766 beatis,
2818 1698 3201 1754 mortalitatem
3231 1712 3352 1751 cum
3376 1694 3691 1750 mortalibus
3719 1696 3826 1751 mi-

2239 1794 2420 1850 seris?
2448 1793 2696 1849 Profecto
2720 1793 2863 1848 enim
2903 1792 2948 1847 si
2973 1791 3115 1847 beati
3144 1799 3299 1855 sunt,
3325 1776 3560 1845 invident
3580 1789 3783 1844 nemini
3809 1806 3824 1844 :

2241 1887 2385 1959 (nam
2404 1885 2529 1957 quid
2549 1884 2798 1942 miserius
2814 1883 3163 1951 invidentia)?
3184 1891 3238 1939 et
3255 1881 3374 1939 ideo
3397 1882 3709 1937 mortalibus
3725 1882 3803 1936 mi
3820 1910 3829 1922 -

2239 1980 2405 2045 seris,
2434 1986 2690 2050 quantnm
2720 1987 2946 2049 possunt
2966 2019 2982 2044 ,
3019 1975 3084 2031 ad
3113 1973 3542 2045 consequendam
3591 1973 3827 2028 beatitu-

2239 2071 2418 2127 dinem
2463 2070 2833 2138 consulunt‘;
2863 2079 2922 2124 ut
2950 2068 3191 2125 etetiam
3239 2067 3564 2121 immortales
3614 2064 3829 2120 valeant

2238 2180 2358 2221 esse
2387 2173 2506 2234 post
2534 2174 2762 2219 mortem
2784 2203 2799 2229 ,
2825 2171 2879 2218 et
2903 2160 3121 2231 Angelis
3142 2158 3526 2214 immortalibus
3552 2157 3829 2227 beatisque

2239 2272 2509 2327 conjungi.

2239 2370 2467 2427 CAPUT
2500 2369 2613 2423 XV.
2640 2399 2713 2409 —
2741 2368 2819 2423 De
2840 2367 3121 2423 Mediatore
3145 2365 3240 2419 Dei
3259 2373 3307 2420 et
3326 2365 3600 2427 hominum,
3625 2363 3831 2418 nomine

2839 2458 3041 2516 Christo
3076 2458 3112 2512 Ι
3116 2476 3223 2513 esu.

2313 2581 2365 2634 l.
2397 2578 2451 2634 Si
2482 2586 2658 2632 autem
2678 2617 2693 2642 ,
2722 2575 2863 2646 quod
2894 2574 3058 2629 multo
3082 2572 3390 2629 credibilius
3414 2580 3470 2626 et
3499 2568 3833 2639 probabilius

2241 2672 2565 2743 disputatur,
2598 2683 2785 2724 omnes
2810 2666 3091 2733 homines,
3122 2663 3377 2736 quamdiu
3408 2662 3660 2716 mortales
3680 2669 3830 2725 sunt,

2243 2767 2403 2822 etiam
2429 2764 2609 2820 miseri
2635 2763 2742 2818 sint
2764 2774 2987 2817 necesse
3006 2770 3089 2815 est
3105 2800 3121 2825 ,
3151 2757 3469 2828 qumrendus
3492 2762 3577 2810 est
3596 2753 3832 2821 medius,

2242 2858 2332 2927 qui
2359 2871 2465 2912 non
2495 2855 2669 2911 solum
2710 2853 2871 2906 homo
2890 2894 2904 2918 ,
2930 2865 3114 2906 verum
3139 2850 3301 2904 etiam
3332 2847 3474 2902 Deus
3502 2846 3609 2910 sit;
3641 2852 3699 2898 ut
3731 2845 3832 2898 ho-

2244 2952 2416 3006 mines
2439 2965 2507 3005 ει
2554 2947 2764 3002 mortali
2793 2944 3006 3000 miseria
3037 2942 3103 2998 ad
3140 2942 3350 2996 beatam
3374 2938 3834 2993 immortalitatem

2245 3043 2401 3113 hujus
2427 3040 2589 3096 medii
2609 3039 2764 3095 beata
2790 3035 3086 3093 mortalitas
3116 3030 3519 3088 interveniendo
3547 3027 3835 3099 perducat.

2244 3134 2412 3203 Quem
2459 3145 2632 3202 neque
2677 3144 2784 3184 non
2832 3126 2948 3183 ﬁeri
2989 3124 3266 3181 mortalem
3298 3122 3607 3193 oportebat,
3651 3134 3837 3190 neque

2246 3238 2559 3295 permanere
2584 3221 2884 3276 mortalem.
2917 3217 3152 3273 Mortalis
3178 3215 3373 3288 quippe
3396 3212 3567 3268 factus
3589 3221 3697 3280 est,
3723 3226 3838 3268 non

2247 3318 2513 3373 inﬁrmata
2535 3314 2698 3371 Verbi
2724 3312 3000 3370 divinitate
3022 3352 3038 3377 ,
3062 3309 3156 3366 sed
3177 3308 3353 3365 carnis
3382 3306 3690 3362 inﬁrmitate
3715 3321 3839 3361 sus.

2245 3417 2398 3479 cepta
2430 3427 2443 3462 :
2477 3421 2583 3461 non
2605 3413 2781 3460 autem
2809 3401 3101 3474 permansit
3139 3401 3193 3455 in
3221 3400 3332 3470 ipsa
3358 3412 3521 3452 carne
3546 3395 3795 3451 mortalis
3817 3436 3837 3462 ,

2246 3518 2403 3574 qnam
2437 3499 2772 3556 resuscitavit
2820 3513 2851 3552 a
2880 3494 3105 3551 mortuis
3138 3491 3427 3564 :quoniam
3468 3490 3581 3559 ipse
3632 3489 3840 3543 fructus

2247 3605 2331 3652 est
2360 3594 2699 3649 mediationis
2728 3591 2877 3663 ejus,
2922 3576 2981 3644 ut
3005 3603 3107 3643 nec
3134 3586 3267 3657 ipsi,
3299 3592 3515 3655 propter
3540 3597 3675 3653 quos
3699 3581 3841 3636 libe-

2248 3686 2444 3743 randos
2471 3684 2735 3741 mediator
2763 3680 2985 3737 effectus
3010 3688 3124 3745 est,
3158 3679 3209 3731 in
3250 3684 3501 3746 perpetua
3528 3673 3610 3728 vel
3655 3671 3842 3727 carnis

2250 3788 2421 3833 morte
2462 3784 2824 3832 remanerent.
2864 3771 3096 3829 Proinde
3125 3768 3473 3824 mediatorem
3496 3768 3635 3821 inter
3662 3779 3766 3819 nos
3787 3771 3846 3819 et

2250 3872 2415 3925 Deum
2441 3910 2457 3933 ,
2484 3876 2539 3923 et
2563 3865 2937 3921 mortalitatem
2965 3863 3160 3918 habere
3185 3860 3421 3932 oportuit
3448 3865 3841 3920 transeuntem,

2248 3972 2304 4017 et
2324 3959 2702 4017 beatitudinem
2728 3963 3129 4026 permanentem
3150 3972 3164 4008 :
3184 3960 3240 4006 ut
3266 3968 3361 4022 per
3387 3949 3437 4004 id
3457 3947 3599 4020 quod
3623 3947 3841 4011 transit,

2251 4066 2571 4131 congrueret
2598 4056 2905 4119 morituris;
2932 4063 2985 4108 et
3012 4051 3077 4106 ad
3099 4051 3151 4106 id
3180 4049 3318 4120 quod
3344 4056 3641 4120 permanet,
3666 4055 3849 4101 trans-

2254 4153 2418 4208 ferret
2460 4166 2524 4206 ex
2557 4148 2799 4204 mortuis.
2830 4146 2960 4201 Boni
3006 4144 3163 4215 igitur
3196 4142 3378 4211 Angeli
3423 4141 3560 4195 inter
3608 4139 3851 4194 miseros

2255 4245 2507 4301 mortales
2536 4250 2590 4298 et
2618 4243 2803 4296 beatos
2848 4236 3176 4293 immortales
3201 4233 3361 4289 medii
3407 4247 3528 4288 e~se
3558 4247 3663 4285 non
3721 4244 3853 4301 pos-

2252 4348 2412 4401 sunt;
2442 4335 2563 4404 quia
2588 4333 2684 4404 ipsi
2713 4345 2923 4403 quoque
2948 4338 3001 4384 et
3029 4329 3168 4383 beati
3198 4336 3251 4380 ct
3289 4324 3619 4378 inunortales
3659 4331 3795 4377 sunt
3834 4339 3850 4375 :

2255 4436 2477 4496 possunt
2515 4435 2691 4480 autem
2738 4421 2898 4477 medii
2924 4434 3044 4475 esse
3083 4417 3254 4487 angeli
3292 4415 3414 4469 ntali
3461 4414 3582 4484 quia
3620 4414 3857 4469 immor-

2257 4519 2391 4574 tales
2413 4526 2537 4572 snnt
2562 4532 2681 4571 cum
2709 4515 2811 4569 illis
2836 4555 2848 4575 ,
2891 4510 3070 4566 miseri
3094 4524 3215 4564 cum
3240 4506 3375 4561 istis.
3405 4504 3500 4559 His
3539 4503 3860 4558 contrarius

2256 4620 2339 4668 est
2366 4611 2622 4666 Mediator
2661 4608 2856 4671 bonus,
2889 4603 2979 4675 qui
3020 4601 3275 4656 adversus
3306 4612 3490 4653 eorum
3526 4595 3860 4650 immortali-

2258 4713 2418 4759 tatem
2446 4711 2494 4757 et
2523 4700 2821 4763 miseriam,
2847 4703 2901 4750 et
2924 4693 3162 4748 mortalis
3181 4703 3299 4744 esse
3319 4687 3386 4742 ad
3419 4698 3626 4756 tempus
3647 4685 3865 4749 voluit.

2258 4804 2313 4850 et
2338 4795 2525 4849 beatus
2556 4793 2605 4845 in
2633 4787 2933 4843 :eternitate
2980 4783 3273 4853 persistere
3303 4779 3509 4850 potuit:
3541 4791 3604 4831 ac
3636 4777 3721 4830 sic
3761 4791 3865 4831 eos

2260 4897 2314 4944 et
2345 4884 2674 4941 immortales
2715 4879 3005 4950 superbos,
3050 4885 3106 4931 et
3130 4876 3357 4929 miseros
3385 4870 3608 4935 noxios,
3635 4883 3704 4921 ne
3754 4869 3866 4922 im-

2260 4976 2598 5034 mortalitatis
2615 4971 2869 5045 jactantia
2900 4968 3220 5025 seducerent
3243 4962 3310 5019 ad
3340 4962 3632 5025 miseriam,
3657 4967 3720 5014 et
3743 4974 3867 5017 sua:

2262 5071 2449 5127 mortis
2480 5066 2776 5122 humilitate
2803 5070 2859 5118 et
2887 5076 2999 5116 sua:
3028 5056 3370 5115 beatitudinis
3407 5053 3743 5123 benignitate
3766 5052 3871 5106 de-

2262 5163 2521 5221 struxitin
2540 5161 2637 5222 eis,
2657 5170 2883 5229 quorum
2903 5153 3065 5210 corda
3082 5167 3176 5223 per
3200 5165 3352 5207 suam
3377 5148 3533 5203 ﬁdem
3560 5145 3867 5210 mundans,

2264 5260 2331 5313 ab
2380 5258 2591 5312 illorum
2617 5250 3042 5308 immundissima
3062 5245 3424 5302 dominatione
3447 5238 3720 5295 liberavit.

2333 5351 2387 5405 2.
2415 5349 2588 5404 Homo
2618 5347 2797 5416 itaque
2825 5340 3067 5397 mortalis
3095 5346 3149 5395 et
3173 5337 3336 5392 miser
3374 5335 3533 5403 longe
3573 5329 3877 5399 sejunctas

2265 5446 2333 5502 ab
2363 5440 2751 5499 immortalibus
2780 5445 2836 5492 et
2869 5434 3039 5492 beatis
3060 5475 3074 5499 ,
3115 5430 3241 5501 quid
3261 5429 3421 5499 eligat
3456 5425 3690 5481 medium
3717 5465 3735 5489 ,
3770 5439 3877 5493 per

2266 5536 2410 5609 quod
2456 5529 2842 5589 immortalitati
2884 5536 2938 5583 et
2989 5521 3303 5580 beatitudini
3348 5515 3663 5588 copuletur?
3701 5513 3878 5582 Quod

2270 5630 2436 5702 possit
2462 5627 2727 5683 delectare
2776 5623 2827 5677 in
2854 5620 3155 5677 daemonum
3207 5613 3646 5676 immortalitate,
3694 5609 3881 5665 mise-

2336 5810 2349 5841 ι
2378 5806 2450 5854 sic
2469 5809 2574 5853 Mss.
2597 5797 2714 5850 sunt
2737 5806 2871 5856 vero,
2895 5787 3160 5842 consulunt.
