4064 6506
251 430 349 487 269

249 559 363 601 rum
393 547 479 596 est
509 556 523 594 :
547 537 696 610 quod
718 535 886 606 possit
908 529 1181 589 oﬂ'endere
1196 529 1251 584 in
1270 526 1468 583 Christi
1493 528 1833 593 mortalitate,

245 639 354 708 jam
384 648 490 689 non
513 640 619 687 est.
646 629 724 685 lbi
742 640 873 698 ergo
891 622 1125 682 cavenda
1143 630 1225 677 est
1245 619 1460 676 miseria
1475 620 1798 688 sempiterna
1818 637 1834 673 :

252 730 337 783 hic
356 740 504 780 mors
533 710 769 779 timenda
797 733 903 774 non
932 724 1038 780 est,
1070 729 1189 785 qua:
1216 727 1338 768 esse
1368 725 1472 766 non
1501 711 1675 781 potuit
1699 724 1839 766 scm-

251 819 478 890 piterna,
504 823 561 870 et
586 809 860 868 beatitudo
885 805 1110 862 amanda
1138 813 1222 859 est
1241 803 1584 872 sempiterna.
1615 801 1695 856 Ad
1738 800 1839 856 hoc

249 908 443 979 quippe
462 920 524 960 se
542 900 834 971 interponit
851 897 1062 954 medius
1082 893 1402 950 immortalis
1423 902 1477 947 et
1494 892 1677 959 miser,
1698 900 1754 946 ut
1773 892 1838 946 ad

252 994 709 1054 immortalitatem
748 992 959 1048 beatam
1003 986 1232 1043 transire
1273 999 1380 1040 non
1406 983 1565 1050 sinat,
1590 983 1840 1053 quoniam

252 1089 492 1160 persistit
511 1085 657 1158 quod
682 1082 926 1154 impedit,
949 1080 1000 1136 id
1016 1088 1097 1135 est
1124 1079 1237 1149 ipsa
1257 1076 1470 1132 miseria
1496 1092 1509 1129 :
1532 1074 1599 1130 ad
1628 1073 1731 1129 hoc
1748 1089 1843 1129 au-

250 1191 355 1236 tem
379 1194 441 1234 se
466 1174 793 1246 interposuit
830 1169 1073 1227 mortalis
1100 1177 1155 1224 et
1177 1167 1366 1223 beatus
1385 1207 1399 1230 ,
1433 1173 1493 1220 ut
1521 1163 1842 1220 mortalitate

254 1278 555 1333 transacta,
608 1276 664 1323 et
704 1282 768 1321 ex
816 1263 1040 1320 mortuis
1067 1260 1266 1316 iaceret
1304 1258 1668 1320 immortales,
1699 1255 1844 1326 quod

255 1363 304 1417 in
344 1377 406 1417 sc
452 1358 785 1428 resurgendo
828 1354 1181 1419 monstravit,
1206 1360 1261 1407 et
1294 1366 1360 1406 ex
1391 1349 1601 1405 miseris
1624 1348 1840 1415 beatos,

256 1453 390 1510 unde
440 1464 720 1520 nunquam
779 1448 893 1518 ipse
936 1445 1201 1501 discessit.
1240 1443 1393 1498 Alius
1437 1451 1521 1497 est
1550 1455 1682 1511 ergo
1728 1456 1844 1496 me-

255 1545 368 1599 dius
405 1543 585 1597 malus
608 1581 624 1605 ,
656 1540 748 1610 qui
793 1547 1005 1609 separat
1046 1537 1284 1599 amicos;
1317 1534 1453 1588 alius
1500 1533 1710 1598 bonus,
1755 1530 1846 1602 qui

257 1634 565 1691 reconciliat
609 1630 876 1686 inimicos.
923 1629 994 1683 Et
1018 1627 1139 1683 ideo
1187 1625 1338 1681 multi
1382 1632 1509 1680 sunt
1550 1622 1712 1679 medii
1755 1637 1846 1677 se-

258 1736 569 1798 paratores,
621 1724 745 1794 quia
798 1718 1083 1777 multitudo
1134 1733 1256 1789 qua:
1309 1716 1463 1772 beata
1517 1725 1635 1782 est,
1691 1713 1849 1768 unius

258 1819 345 1874 Dei
400 1814 818 1889 participatione
873 1812 932 1866 lit
985 1812 1175 1875 beata;
1234 1807 1392 1877 cujus
1427 1803 1849 1877 participationis

257 1910 555 1981 privatione
600 1905 795 1960 misera
857 1898 1140 1957 multitudo
1189 1897 1452 1952 malorum
1505 1894 1846 1965 angelorum,

259 2014 369 2068 qua:
400 2012 462 2052 se
483 1994 711 2066 opponit
761 1993 938 2063 potius
963 1990 1029 2045 ad
1069 1986 1511 2058 impedimentum
1531 2025 1547 2052 ,
1576 2000 1734 2054 quam
1764 1983 1848 2037 in-

259 2088 492 2158 terponit
524 2086 592 2140 ad
623 2081 969 2138 beatitudinis
994 2078 1348 2149 adjutorium,
1376 2076 1537 2132 etiam
1569 2076 1681 2144 ipsa
1713 2074 1852 2128 mul-

262 2181 483 2234 titudine
532 2175 796 2246 obstrepit
825 2170 1223 2244 quodammodo
1245 2212 1262 2238 ,
1293 2184 1363 2224 ne
1400 2166 1570 2239 possit
1608 2167 1674 2221 ad
1722 2165 1848 2221 illud

262 2290 416 2327 unum
449 2271 758 2327 beatificum
786 2270 983 2323 bonum
1006 2264 1309 2338 perveniri,
1342 2261 1408 2317 ad
1454 2260 1595 2331 quod
1628 2271 1684 2315 ut
1723 2274 1849 2330 per-

261 2367 613 2431 doceremur,
668 2378 771 2417 non
816 2361 1035 2427 multis,
1083 2357 1177 2413 sed
1220 2370 1329 2411 uno
1376 2353 1668 2409 mediatore
1714 2366 1851 2420 opus

258 2469 404 2525 erat;
468 2466 528 2513 et
567 2456 672 2511 hoe
717 2470 783 2510 eo
830 2455 980 2524 ipso,
1035 2450 1187 2521 cujus
1237 2447 1638 2519 participatione
1685 2446 1850 2499 simus

262 2556 417 2620 beati,
454 2553 561 2609 hoc
599 2562 683 2608 est
710 2550 890 2606 Verbo
918 2548 1011 2603 Dei
1058 2562 1164 2601 non
1200 2543 1371 2610 facto,
1416 2557 1512 2611 per
1548 2538 1689 2611 quod
1717 2540 1848 2593 facta

260 2656 378 2701 sunt
418 2647 626 2700 omnia.
672 2643 781 2698 Nec
810 2652 986 2696 tamen
1015 2639 1085 2694 ob
1126 2638 1227 2691 hoc
1267 2634 1531 2690 mediator
1573 2641 1686 2697 est,
1729 2631 1848 2701 quia

265 2736 491 2792 Verbum
524 2752 539 2789 :
574 2735 807 2789 maxime
834 2733 1029 2804 quippe
1056 2728 1355 2784 immortale
1382 2734 1437 2782 ct
1466 2724 1696 2779 maxime
1720 2723 1851 2777 bea-

262 2839 366 2884 tum
391 2828 635 2883 Verbum
668 2827 825 2896 longe
850 2834 933 2880 est
953 2839 982 2877 a
1008 2820 1323 2877 mortalibus
1354 2816 1596 2882 miseris;
1621 2815 1714 2870 sed
1742 2830 1853 2869 mc-

262 2920 431 2974 diator
458 2935 560 2988 per
596 2917 739 2987 quod
766 2916 930 2970 homo
956 2932 969 2967 :
1012 2928 1079 2969 eo
1106 2913 1221 2982 ipso
1249 2910 1430 2979 utique
1473 2907 1760 2964 ostendens
1784 2905 1852 2961 ad

265 3011 384 3066 illud
434 3026 545 3065 non
590 3008 766 3064 solum
816 3007 1067 3070 beatum,
1116 3017 1301 3057 verum
1342 2998 1502 3055 etiam
1549 2996 1850 3052 heatiﬁcum

266 3102 458 3158 bonum
510 3116 621 3156 non
660 3109 913 3169 oportere
954 3095 1120 3167 qureri
1167 3093 1302 3148 alios
1345 3090 1707 3153 mediatores,
1759 3102 1854 3157 per

263 3209 388 3263 quos
415 3193 743 3247 arbitremur
774 3183 927 3244 nobis
956 3184 1321 3258 perventionis
1362 3180 1558 3253 gradus
1588 3194 1709 3235 esse
1739 3193 1854 3234 m0-

266 3285 511 3352 liendos;
572 3284 695 3354 quia
760 3283 946 3337 beatus
1010 3288 1064 3336 et
1134 3277 1408 3334 beatificus
1474 3275 1612 3329 Deus
1684 3272 1854 3327 factus

268 3378 534 3446 particeps
604 3373 955 3429 humanitatis
1017 3381 1216 3426 llOSll'IB
1272 3365 1647 3436 compendium
1714 3379 1852 3434 prte-

271 3468 375 3524 buit
422 3465 810 3538 participanda:
851 3462 1146 3519 divinitatis
1175 3475 1304 3516 sum.
1348 3458 1530 3528 Neque
1571 3456 1711 3510 enim
1756 3469 1854 3509 nos

267 3574 295 3613 ει
348 3559 676 3614 mortalitate
711 3567 766 3612 ct
812 3555 1024 3611 miseria
1072 3554 1304 3607 liberans
1350 3550 1418 3605 ad
1469 3549 1697 3618 Angelos
1750 3547 1852 3601 im-

268 3652 518 3705 mortales
548 3650 843 3717 beatosque
869 3647 941 3700 ita
970 3644 1235 3716 perducit,
1268 3651 1324 3697 ut
1351 3655 1541 3696 eorum
1571 3637 1855 3709 participa-

269 3744 407 3797 tione
438 3744 602 3798 etiam
641 3756 739 3795 nos
784 3738 1116 3794 immortales
1145 3747 1200 3791 et
1247 3734 1388 3790 beati
1426 3735 1625 3807 simus;
1655 3729 1747 3786 sed
1788 3729 1855 3784 ad

271 3833 405 3889 illam
438 3833 784 3898 Trinitatem,
807 3830 959 3900 cujus
985 3838 1039 3885 et
1067 3827 1255 3898 Angeli
1284 3825 1690 3897 participatione
1716 3822 1853 3876 beati

273 3936 401 3979 sunt.
436 3925 566 3979 Ideo
605 3923 820 3994 quando
851 3923 905 3976 in
947 3921 1113 3975 forma
1141 3919 1280 3974 servi
1309 3917 1415 3987 (I’It
1439 3917 1567 3985 Iipp.
1598 3930 1655 3981 ιι,
1676 3915 1728 3985 7)
1751 3956 1764 3979 ,
1800 3926 1857 3968 ut

272 4016 531 4072 mediator
568 4024 748 4082 esset,
790 4013 925 4068 infra
956 4012 1187 4082 Angelos
1227 4024 1348 4065 esse
1379 4008 1563 4072 voluit,
1594 4007 1645 4061 in
1686 4006 1856 4060 forma

272 4107 359 4163 Dei
402 4123 565 4179 supra
606 4107 839 4178 Angelos
869 4105 1066 4161 mansit
1094 4122 1107 4157 :
1140 4102 1280 4158 idem
1323 4103 1374 4157 in
1404 4098 1743 4155 inferioribus
1774 4099 1857 4154 via

273 4200 390 4254 vita:
412 4243 426 4264 ,
455 4202 547 4269 qui
577 4200 629 4253 in
658 4196 1028 4270 superioribus
1055 4196 1182 4249 vita.

273 4287 492 4347 CAPUT
520 4288 659 4344 XVI.
687 4317 762 4329 —-
785 4287 864 4341 An
890 4283 1257 4341 rationabiliter
1290 4284 1548 4338 Platonici
1573 4282 1858 4347 deﬁuierint

336 4383 456 4436 deos
478 4382 700 4437 cmicstes
720 4422 736 4447 ,
779 4379 1087 4433 declinantes
1113 4387 1312 4431 terrena
1335 4375 1570 4445 contagia
1596 4416 1610 4440 ,
1641 4373 1859 4427 homini-

336 4474 426 4528 bus
451 4490 554 4526 non
580 4471 808 4535 misceri,
835 4470 1014 4540 quibus
1036 4468 1104 4522 ad
1128 4467 1405 4522 arnicitiam
1430 4467 1637 4521 deorum
1666 4465 1859 4520 dwmo-

335 4581 424 4618 nes
450 4562 817 4635 suﬂ'ragentur.

339 4655 456 4709 Non
504 4654 648 4710 enim
691 4667 877 4708 verum
922 4661 1043 4717 est,
1076 4650 1215 4720 quod
1262 4649 1405 4704 idem
1437 4647 1741 4703 Platonicus
1787 4647 1861 4701 ait

274 4745 473 4800 dixisse
518 4745 837 4811 Platonem,
883 4741 1075 4797 Nullus
1119 4742 1243 4795 deus
1294 4741 1527 4794 miscetur
1566 4739 1771 4792 homini.
1792 4738 1862 4791 Et

275 4837 369 4892 hoc
393 4837 721 4907 prmcipuum
747 4850 933 4889 eorum
961 4833 1299 4888 sublimitatis
1320 4832 1396 4885 ait
1418 4846 1538 4885 esse
1562 4830 1855 4899 specimen,

271 4930 408 4998 quod
466 4930 611 4983 nulla
662 4927 1037 4982 attrectatione
1085 4926 1359 4980 hominum
1428 4924 1861 4979 contaminantur

273 5021 574 5089 (Apuieias,
598 5019 662 5073 de
685 5020 777 5073 deo
805 5017 1053 5073 Sacratis.
1080 5017 1121 5088 ).
1158 5017 1296 5085 Ergo
1317 5016 1585 5070 dmmones
1626 5014 1858 5070 contami

273 5112 384 5166 nari
412 5112 652 5167 fatetur:
696 5121 751 5165 et
795 5110 916 5165 ideo
954 5124 1048 5165 eos
1091 5124 1122 5163 a
1161 5108 1351 5180 quibus
1390 5107 1819 5162 contaminantur
1842 5149 1856 5171 ,

272 5204 530 5260 mundare
574 5218 682 5257 non
725 5211 985 5273 possunt,
1028 5216 1323 5271 omnesque
1367 5200 1623 5254 innnundi
1664 5201 1860 5270 pariter

274 5298 403 5349 tiunt
426 5337 443 5363 ,
478 5304 535 5350 et
561 5294 836 5350 daemones
864 5293 1281 5348 contrectatione
1321 5291 1591 5345 hominum
1616 5331 1632 5356 ,
1669 5301 1723 5346 et
1761 5290 1859 5345 ho-

275 5388 445 5441 mines
468 5386 616 5442 cultu
644 5385 969 5440 darmonum.
996 5386 1140 5450 Aut,
1171 5383 1216 5437 si
1245 5392 1299 5438 et
1329 5381 1647 5437 contrectari
1673 5382 1862 5437 misce-

272 5464 755 5546 riquehominibus
778 5516 793 5541 ,
822 5490 925 5530 nec
949 5484 1124 5528 tamen
1151 5474 1500 5529 contaminari
1526 5514 1540 5535 ,
1587 5472 1861 5528 daemones

272 5575 535 5636 possunt,
578 5566 679 5621 diis
724 5564 967 5636 proiecto
1011 5564 1272 5619 meliores
1297 5571 1463 5618 sunt:
1510 5562 1632 5631 quia
1675 5562 1789 5628 illi,
1817 5563 1860 5616 si

269 5661 629 5717 miscerentur
651 5701 666 5726 ,
698 5658 1209 5716 contaminarentur.
1243 5656 1374 5710 Nam
1406 5655 1506 5710 hoc
1529 5655 1752 5711 deorum
1784 5654 1864 5708 di.

270 5762 412 5804 citur
447 5766 570 5807 esse
605 5751 930 5821 praecipuum
957 5791 971 5816 ,
1009 5758 1069 5805 ut
1110 5763 1203 5804 eos
1248 5746 1546 5801 sublimiter
1585 5756 1862 5816 separatos

270 5840 509 5901 humana
536 5843 889 5901 contrectatio
915 5841 1280 5899 contaminare
1322 5854 1429 5895 non
1461 5837 1647 5909 possit.
1696 5838 1861 5893 Deum

1617 411 1820 468 LIBER
1859 410 2100 468 NONUS.

3420 415 3525 472 270

1942 524 2154 597 quidem
2187 539 2453 582 summum
2475 529 2713 584 omnium
2751 538 3044 586 creatorem
3066 571 3087 606 ,
3118 547 3273 601 quem
3302 547 3401 588 nos
3429 548 3525 589 ve-

1943 636 2061 675 rum
2090 620 2255 675 Deum
2281 620 2511 676 dicimus
2531 663 2547 691 ,
2580 622 2657 678 sic
2680 641 2711 677 a
2741 624 2962 679 Platone
2996 623 3271 695 praedicari
3314 640 3531 681 asseve-

1946 719 2067 777 rat,
2095 710 2236 781 quod
2267 711 2381 781 ipse
2405 712 2476 767 sit
2501 713 2644 767 solus
2669 714 2760 784 qui
2801 730 2904 769 non
2940 716 3108 786 possit
3146 716 3366 786 penuria
3408 731 3527 771 ser-

1946 805 2119 860 monis
2139 805 2354 859 humani
2374 805 2560 875 quavis
2580 808 2817 863 oratione
2851 810 2934 863 vel
2957 809 3163 864 modice
3183 809 3530 881 comprehen-

1945 894 2035 960 di;
2059 895 2143 950 vix
2172 904 2350 950 autem
2378 896 2701 966 sapientibus
2723 898 2849 953 viris
2873 942 2887 965 ,
2910 915 3030 954 cum
3047 916 3106 956 se
3129 901 3310 971 vigore
3330 901 3526 968 animi,

1946 995 2201 1056 quantum
2218 985 2382 1054 licuit,
2407 1001 2437 1039 a
2459 1002 2682 1057 corpore
2699 990 3052 1056 removerint,
3078 991 3406 1047 intellectum
3428 991 3531 1045 litt-

1943 1078 2032 1148 jus
2073 1079 2205 1146 Dei,
2255 1088 2310 1134 et
2347 1078 2396 1133 id
2427 1094 2639 1150 quoque
2684 1080 2948 1136 interdum
2991 1083 3131 1137 velut
3168 1082 3221 1137 in
3258 1083 3530 1138 altissimis

1950 1171 2185 1226 tenebris
2232 1170 2569 1240 rapidissimo
2621 1172 2986 1227 coruscamine
3033 1173 3209 1228 lumen
3246 1173 3530 1229 candidum

1950 1265 2284 1321 intermicare
2304 1264 2407 1339 (De
2416 1265 2511 1319 deo
2529 1264 2809 1337 Socratis).
2826 1264 2882 1322 Si
2899 1282 3025 1336 ergo
3041 1283 3196 1337 supra
3213 1268 3389 1323 omnia
3405 1282 3534 1323 vere

1951 1371 2190 1411 summus
2222 1356 2358 1411 Deus
2383 1355 2700 1426 intelligihili
2725 1366 2780 1412 et
2806 1355 3054 1412 inelfabili
3078 1358 3094 1388 ⁸
3129 1357 3357 1427 quadam
3396 1372 3536 1427 pra:-

1953 1447 2125 1501 sentia
2151 1489 2166 1514 ,
2197 1446 2298 1502 etsi
2325 1447 2591 1502 interdum
2620 1489 2635 1512 ,
2670 1447 2771 1502 etsi
2802 1456 3052 1516 tanquam
3078 1447 3414 1516 rapidissimo
3442 1462 3537 1502 co-

1951 1539 2255 1595 ruscamiue
2275 1538 2456 1593 lumen
2477 1538 2759 1595 candidum
2781 1539 3123 1594 intermicans
3146 1580 3160 1604 ,
3188 1538 3337 1594 adest
3358 1548 3538 1595 tamen

1954 1630 2273 1700 sapientium
2321 1632 2625 1698 mentibus,
2672 1646 2794 1687 cum
2837 1646 2934 1698 se,
2982 1641 3237 1703 quantum
3290 1631 3474 1697 licuit,
3506 1646 3541 1687 a

1953 1735 2179 1792 corpore
2209 1723 2576 1790 removerint,
2608 1738 2709 1779 nec
2734 1723 2802 1780 ab
2828 1724 2906 1778 eis
2936 1723 3287 1779 contaminari
3321 1731 3492 1793 potest
3518 1740 3538 1788 ;

1954 1812 2084 1883 quid
2112 1813 2364 1884 estquod
2394 1814 2479 1868 isti
2509 1813 2580 1870 dii
2626 1825 2904 1885 propterea
2949 1815 3343 1870 constituuntur
3382 1813 3541 1884 longe

1957 1904 2010 1958 in
2063 1904 2276 1959 sublimi
2333 1905 2489 1970 loco,
2541 1920 2610 1961 ne
2651 1906 3069 1961 contrectatione
3111 1906 3542 1962 contaminentur

1956 1993 2232 2049 humana?
2258 1995 2420 2064 Quasi
2446 2010 2575 2050 vero
2605 1995 2745 2049 aliud
2771 2010 2995 2066 corpora
3023 1996 3113 2051 illa
3139 1995 3356 2051 aetheria
3378 2012 3541 2067 quam

1956 2087 2138 2143 videre
2166 2087 2430 2153 sufﬁciat,
2459 2102 2683 2157 quorum
2717 2087 2834 2142 luce
2865 2095 3004 2143 terra
3030 2129 3045 2152 ,
3092 2097 3345 2158 quantum
3385 2086 3541 2143 sul‘li-

1958 2179 2070 2242 cit,
2097 2178 2394 2233 illustratur
2415 2180 2458 2232 ².
2482 2178 2648 2233 Porro
2674 2179 2717 2233 si
2747 2193 2850 2233 non
2871 2179 3300 2235 contaminantur
3327 2176 3499 2232 sidera
3520 2217 3539 2244 ,

1954 2284 2076 2324 cum
2105 2268 2351 2324 videntur
2373 2311 2389 2337 ,
2431 2285 2564 2340 quos
2591 2269 2723 2325 deos
2755 2286 2940 2325 omnes
2969 2269 3208 2325 visibiles
3236 2268 3363 2325 dicit
3387 2286 3402 2335 ;
3444 2282 3544 2324 nec

1957 2360 2231 2416 daemones
2262 2360 2536 2415 hominum
2568 2363 2995 2416 contaminamur
3013 2371 3229 2432 aspectu
3253 2403 3268 2428 ,
3299 2360 3543 2432 quamvis

1956 2451 2023 2506 de
2047 2452 2289 2522 proximo
2313 2451 2613 2507 videantur.
2643 2454 2723 2506 An
2751 2452 2885 2508 forte
2907 2453 3123 2508 vocibus
3150 2454 3393 2509 humanis
3413 2468 3542 2508 cou-

1957 2547 2342 2602 taminarentur
2366 2587 2381 2612 ,
2405 2547 2493 2616 qui
2520 2547 2633 2601 acie
2653 2562 2759 2600 non
2780 2547 3207 2600 contaminamur
3229 2547 3500 2601 oculorum
3522 2563 3539 2611 ;

1956 2649 2011 2697 et
2035 2640 2156 2695 ideo
2183 2639 2456 2695 dmmoncs
2479 2639 2682 2695 medios
2710 2638 2909 2693 habent
2929 2681 2943 2703 ,
2975 2654 3070 2708 per
3096 2654 3230 2706 quos
3269 2638 3348 2694 eis
3386 2654 3546 2693 voces

1958 2730 2234 2786 hominum
2266 2732 2576 2786 nuntientur
2597 2772 2613 2797 ,
2644 2745 2675 2784 a
2704 2731 2893 2801 quibus
2925 2730 3077 2800 longe
3105 2730 3297 2784 absunt
3321 2770 3336 2795 ,
3370 2738 3426 2783 ut
3455 2730 3543 2784 in-

1955 2823 2458 2879 contaminatissimi
2489 2823 2870 2890 perseverent?
2900 2822 3036 2890 Quid
3072 2822 3183 2892 jam
3230 2822 3298 2877 de
3336 2822 3546 2876 ceteris

1956 2918 2204 2973 sensibus
2224 2917 2398 2971 dicam
2418 2916 2441 2970 ?
2464 2916 2578 2971 Non
2601 2917 2746 2971 enim
2765 2915 3066 2971 oll‘aeiendo
3086 2914 3436 2971 contaminari
3460 2914 3546 2970 vel

1959 3008 2033 3064 dii
2063 3016 2285 3080 possent
2310 3051 2326 3074 ,
2356 3008 2403 3064 si
2429 3008 2719 3075 adessent,
2747 3008 2833 3062 vel
2861 3022 2983 3062 cum
3012 3005 3207 3062 adsunt
3233 3005 3505 3062 daemones
3529 3049 3547 3072 ,

1958 3109 2182 3170 possunt
2218 3101 2459 3154 vivorum
2506 3115 2791 3170 corporum
2830 3098 3116 3168 vaporibus
3153 3098 3544 3158 humanorum,

1958 3193 2002 3249 si
2032 3193 2193 3247 tantis
2216 3191 2603 3247 sacriﬁciorum
2627 3190 2964 3245 cadaverinis
2988 3205 3095 3243 non
3117 3188 3547 3245 contaminamur

1962 3284 2237 3341 nidoribus
2265 3282 2359 3354 (a).
2396 3283 2451 3337 ln
2484 3282 2729 3353 gustandi
2759 3291 2937 3335 autem
2968 3295 3183 3336 sensum
3210 3280 3230 3310 ³
3270 3279 3409 3333 nulla
3449 3294 3547 3333 ne-

1959 3376 2209 3430 cessitate
2235 3372 2536 3429 reﬁcienda:
2576 3371 2911 3426 mortalitatis
2962 3379 3254 3440 urgentur,
3306 3379 3365 3423 ut
3408 3368 3547 3425 fame

1961 3468 2135 3523 adacti
2165 3468 2313 3523 cibos
2342 3466 2410 3521 ab
2451 3465 2751 3521 hominibus
2792 3474 3051 3535 qumrant.
3095 3464 3289 3519 Tactus
3328 3477 3454 3518 vero
3491 3462 3546 3517 in

1962 3568 2223 3630 potestate
2249 3568 2348 3614 est.
2379 3558 2509 3613 Nam
2540 3559 2663 3614 licet
2690 3559 2757 3612 ab
2777 3575 2841 3613 eo
2870 3557 3200 3627 potissimum
3226 3572 3385 3612 sensu
3413 3570 3545 3611 con-

1963 3653 2206 3708 trectatio
2230 3652 2371 3708 dicta
2403 3652 2647 3708 videatur
2672 3692 2687 3714 ,
2714 3652 2967 3706 hactenus
2992 3661 3166 3705 tamen
3192 3692 3208 3717 ,
3238 3651 3280 3704 si
3307 3649 3503 3704 vellent
3527 3692 3543 3714 ,

1961 3744 2315 3799 miscerentur
2342 3744 2645 3798 hominibus
2669 3785 2685 3811 ,
2730 3752 2787 3797 ut
2828 3743 3070 3798 viderent
3104 3752 3158 3797 et
3204 3743 3541 3806 viderentur,

1960 3834 2206 3889 audirent
2231 3844 2285 3890 et
2308 3834 2621 3889 audirentur
2645 3850 2658 3887 :
2691 3833 2936 3903 tangendi
2966 3842 3142 3888 autem
3170 3849 3285 3904 qua:
3308 3834 3546 3888 necessi-

1963 3929 2084 3982 tas?
2109 3943 2230 3982 nam
2257 3942 2428 3998 neque
2458 3925 2704 3982 homines
2739 3926 2789 3980 id
2824 3926 3200 3996 concupiscere
3232 3928 3489 3984 auderent
3516 3965 3535 3992 ,

1962 4039 2081 4077 cum
2110 4023 2330 4078 deorum
2361 4024 2446 4079 vel
2473 4022 2775 4078 dmmonum
2812 4023 3071 4078 honorum
3118 4035 3407 4093 compecto
3457 4028 3545 4082 vel

1962 4115 2226 4183 colloquio
2256 4115 2559 4169 fruerentur
2589 4132 2600 4167 :
2630 4124 2683 4168 et
2711 4156 2725 4181 ,
2756 4115 2799 4168 si
2822 4115 2874 4169 in
2901 4124 3103 4168 tantum
3123 4115 3401 4169 curiositas
3424 4131 3544 4184 pro~

1964 4207 2275 4277 grederetur
2299 4248 2314 4272 ,
2346 4216 2406 4260 ut
2435 4207 2663 4272 vellent;
2692 4221 2920 4276 quonam
2953 4216 3106 4275 pacto
3130 4207 3391 4277 quispiam
3420 4223 3547 4277 pos-

1964 4308 2045 4353 set
2072 4298 2290 4352 invitum
2322 4308 2540 4367 tangere
2564 4298 2764 4371 deum,
2812 4298 2892 4353 vel
2931 4298 3263 4365 dmmoncm,
3307 4299 3395 4369 qui
3445 4301 3549 4355 nisi
3620 4276 3629 4287 ’

1964 4399 2174 4460 captum
2203 4404 2307 4443 non
2334 4398 2506 4459 potest
2536 4403 2804 4458 passerem
2828 4389 2851 4442 ?

2033 4480 2088 4533 2.
2131 4480 2373 4534 Videndo
2407 4480 2563 4550 igitur
2590 4480 2892 4549 visibusque
2934 4495 2990 4533 se
3035 4481 3320 4549 praebendo
3365 4490 3420 4536 et
3458 4482 3540 4535 lo—

1965 4572 2177 4643 quendo
2198 4582 2250 4626 et
2276 4571 2541 4625 audiendo
2567 4612 2580 4634 ,
2604 4570 2676 4623 dii
2705 4570 3052 4640 corporaliter
3078 4574 3288 4628 misceri
3315 4573 3547 4637 homini-

1968 4664 2063 4716 bus
2092 4672 2324 4731 possent.
2361 4661 2470 4716 lloc
2497 4670 2671 4717 autem
2714 4660 2871 4714 modo
2910 4662 3180 4717 daemones
3229 4664 3271 4719 si
3318 4665 3550 4721 miscen-

1967 4763 2089 4819 tur,
2139 4761 2196 4806 ιιι
2249 4752 2397 4817 dixi,
2450 4762 2504 4806 et
2559 4768 2664 4806 non
2715 4740 3186 4820 contatttinantur,
3244 4754 3313 4809 dii
3365 4765 3543 4810 autem

1965 4845 2455 4899 contaminarentur
2479 4886 2493 4911 ,
2546 4845 2590 4898 si
2622 4844 3012 4909 miscerentur;
3056 4844 3547 4902 incontaminabiles

1966 4938 2150 4992 dicunt
2179 4936 2449 4995 daemones
2473 4979 2487 5004 ,
2522 4947 2575 4991 et
2604 4936 3041 4999 contaminahiles
3080 4936 3228 4992 deos.
3267 4935 3323 4991 Si
3362 4945 3546 4992 autem

1966 5030 2393 5084 contaminamur
2418 5036 2473 5082 ct
2496 5027 2805 5090 dmmones,
2839 5027 2964 5096 quid
2998 5026 3275 5081 conferunt
3316 5024 3545 5080 homini-

1970 5121 2066 5175 bus
2092 5120 2156 5175 ad
2186 5120 2343 5173 vitam
2374 5130 2491 5188 post
2513 5130 2736 5173 mortem
2765 5117 2966 5171 beatam
2995 5159 3009 5182 ,
3042 5131 3176 5185 quos
3199 5116 3550 5174 contaminati

1968 5213 2225 5268 mundare
2248 5228 2352 5267 non
2381 5221 2640 5282 possunt,
2669 5219 2723 5263 ut
2744 5224 2839 5264 eos
2860 5206 3085 5263 mundos
3106 5207 3208 5261 diis
3234 5207 3553 5265 incontami-

1970 5306 2109 5359 natis
2138 5305 2341 5373 possint
2369 5303 2695 5371 adjnngere,
2750 5300 2891 5354 inter
2937 5314 3071 5368 quos
3123 5306 3177 5353 et
3222 5299 3342 5355 illos
3384 5301 3549 5358 medii

1969 5396 2239 5451 constituti
2268 5395 2432 5449 sunt?
2459 5394 2563 5447 Aut
2602 5393 2646 5446 si
2690 5390 2792 5445 hoc
2837 5391 2917 5444 eis
2961 5388 3201 5445 beneﬁcii
3233 5405 3337 5446 non
3364 5393 3547 5448 confe-

1971 5498 2094 5541 runt
2119 5528 2131 5550 ,
2178 5485 2301 5556 quid
2333 5484 2546 5554 prodest
2576 5482 2877 5536 hominibus
2906 5480 3208 5538 daemonum
3235 5483 3403 5538 amica
3434 5500 3549 5541 mc-

2033 5603 2050 5633 ι
2086 5600 2160 5648 Sic
2182 5597 2329 5647 nostri
2349 5608 2520 5645 omnes
2540 5604 2641 5644 MSS.
2664 5600 2711 5641 tu
2738 5600 2785 5642 Β.
2805 5593 2967 5656 deest,
2992 5599 3036 5656 et
3060 5591 3302 5656 ineffabili.
3369 5601 3429 5644 at.

1968 5672 1973 5679 δ
2033 5664 2054 5694 ³
2088 5667 2162 5710 Er.
2211 5668 2349 5717 \‘en.,
2388 5656 2523 5719 quasi
2564 5669 2765 5719 corpora
2800 5654 2891 5719 illa
2947 5654 3159 5705 (t'tltcrca'
3196 5662 3329 5719 tactu
3376 5661 3558 5707 tantum

1970 5731 2141 5787 queant
2165 5721 2386 5787 Itilmtllto,
2402 5716 2457 5767 ἰιι
2481 5716 2741 5787 nonetiam
2768 5716 2865 5766 risu
2889 5716 3223 5787 contaminari.
3293 5726 3347 5767 Μ.

2036 5786 2058 5819 ³
2092 5784 2223 5833 \iud.
2249 5791 2350 5830 Ain.
2377 5788 2450 5829 Er.
2477 5788 2528 5830 et
2554 5778 2774 5841 plerique
2798 5780 3125 5841 tnauust't'ipti,
3151 5792 3308 5829 sensu.

2038 5849 2107 5909 (ι)
2142 5857 2151 5879 ‘~
2176 5862 2186 5893 l
2208 5850 2238 5892 ι.
2270 5882 2293 5892 ..
2318 5846 2405 5903 ira,
2431 5844 2459 5890 Et
2504 5879 2515 5891 .
2546 5842 2619 5901 10,
2647 5855 2751 5905 cap.
2780 5842 2851 5904 ll,
2878 5854 2926 5889 υ.
2956 5842 3000 5889 2.
