4064 6476
452 429 549 483 TI!

456 544 621 602 diatio
641 542 666 594 ‘t
695 555 762 595 an
789 549 847 592 ut
875 542 993 608 post
1024 536 1250 587 mortem
1282 540 1385 581 non
1413 522 1479 580 ad
1509 521 1643 580 deos
1671 516 1917 574 homines
1952 525 2046 583 per

460 638 734 694 daemones
761 609 1030 687 transeant
1055 667 1070 693 ,
1100 621 1196 678 sed
1226 618 1384 675 simul
1416 617 1595 671 vivant
1624 612 1834 680 utrique
1856 615 2044 663 conta-

463 729 650 786 minati
676 768 691 795 ,
714 741 777 781 ac
802 738 897 795 per
921 721 1025 776 hoc
1055 716 1226 772 neutri
1252 712 1393 769 beati
1413 710 1437 764 ?
1460 707 1572 764 Nisi
1603 704 1739 760 forte
1762 701 1881 773 quis
1905 698 2047 754 dicat

462 837 613 879 more
636 789 976 890 spongiarum
1025 809 1108 865 vel
1142 800 1511 877 hujuscemodi
1559 810 1739 854 rerum
1788 789 2047 848 mundare

459 882 734 970 diemones
776 882 987 962 amicos
1038 915 1203 965 suos,
1255 906 1314 953 nt
1364 900 1511 950 tanto
1564 888 1666 961 ipsi
1719 882 2048 942 sordidiores

459 1005 629 1069 ﬁant,
675 1010 873 1075 quanto
925 1000 1056 1052 tiunt
1103 992 1348 1049 homines
1399 988 1479 1044 eis
1528 983 1674 1040 velut
1722 973 2049 1075 tergentibus

462 1064 794 1151 mundioi'es.
835 1089 989 1158 Quod
1033 1087 1079 1143 si
1117 1087 1190 1141 ita
1231 1094 1314 1138 est
1340 1124 1355 1149 ,
1405 1070 1934 1136 contaminatioribus
1975 1064 2049 1121 dii

466 1188 757 1243 miscentur
807 1179 1178 1245 daamonibus,
1240 1174 1329 1247 qui
1386 1186 1454 1227 ne
1521 1164 2048 1225 contaminarentur,

465 1280 741 1336 hominum
790 1272 1244 1347 prepinquitatem
1286 1262 1889 1347 contrectationemque
1913 1252 2049 1308 vita-

469 1381 612 1428 runt.
645 1374 725 1426 An
757 1346 895 1425 forte
915 1366 986 1422 dii
1009 1372 1235 1437 possunt
1259 1360 1327 1415 ab
1348 1355 1650 1414 hominibus
1665 1346 2055 1407 contaminatos

468 1463 727 1519 mundare
756 1460 1030 1516 dmmones
1053 1499 1070 1523 ,
1116 1469 1215 1510 nec
1260 1450 1328 1506 ab
1365 1448 1444 1503 eis
1477 1439 1828 1503 contaminari
1852 1478 1869 1507 ,
1898 1445 1954 1493 et
1989 1448 2057 1491 eo

470 1554 632 1609 modo
658 1567 766 1608 non
805 1559 1024 1622 possent
1063 1557 1117 1603 et
1160 1540 1441 1599 homines?
1480 1536 1612 1605 Quis
1659 1533 1781 1589 talia
1823 1529 2054 1592 sentiat,

471 1645 575 1701 nisi
606 1659 761 1714 quem
807 1618 1127 1696 I'allacissimi
1172 1635 1444 1691 dmmuncs
1472 1623 1843 1699 deceperunt?
1872 1618 2010 1689 Quid
2039 1659 2054 1685 ,

471 1736 614 1808 quod
643 1736 686 1791 si
714 1733 880 1790 videri
909 1742 965 1788 et
990 1730 1174 1785 videre
1197 1725 1562 1787 contaminat,
1597 1719 1847 1775 videntur
1870 1716 1938 1771 ab
1963 1714 2060 1768 ho-

471 1805 704 1884 minibus
731 1827 801 1882 dii
827 1868 842 1893 ,
872 1837 1007 1896 quos
1045 1820 1281 1877 visibiles
1320 1817 1451 1873 dicit
1489 1815 1508 1885 (
1532 1813 1607 1868 De
1635 1812 1730 1866 deo
1761 1807 1988 1865 Socratis
2014 1805 2058 1876 ),

471 1920 753 1975 clarissima
792 1916 966 1970 mundi
1008 1911 1240 1984 lnmina(
1275 1908 1457 1982 Virgil.
1490 1906 1674 1977 Georg.
1701 1902 1788 1958 lib.
1821 1902 1845 1956 1
1876 1942 1891 1968 ,
1929 1913 2058 1953 vers.

473 2013 507 2067 5
531 2052 547 2078 ,
578 2010 611 2065 6
636 2010 655 2080 )
681 2016 736 2064 et
763 2017 958 2063 caetera
989 2005 1165 2061 sidera
1191 2044 1208 2072 ,
1252 2002 1582 2070 tutioresque
1629 2003 1751 2051 sunt
1793 1992 2064 2048 dmmones

474 2103 543 2158 ab
581 2102 684 2158 ista
733 2098 1009 2155 hominum
1045 2093 1533 2154 contaminatiouc,
1567 2088 1657 2160 qui
1696 2100 1803 2141 non
1839 2087 2066 2156 possunt

473 2194 684 2263 videri,
718 2194 819 2250 nisi
852 2190 1060 2248 velint?
1090 2190 1197 2244 Aut
1238 2187 1282 2242 si
1332 2199 1436 2240 non
1482 2181 1691 2245 videri,
1744 2177 1839 2235 scd
1883 2173 2066 2230 videre

476 2286 807 2346 contaminat
837 2327 852 2352 ,
885 2292 1080 2352 negent
1108 2281 1176 2335 ab
1202 2278 1319 2335 istis
1347 2273 1661 2333 clarissimis
1698 2266 1882 2326 mundi
1909 2264 2065 2322 lumi-

475 2381 636 2436 nibus
658 2420 674 2447 ,
706 2391 842 2449 quos
869 2376 1004 2433 deos
1028 2375 1315 2444 opinantur
1338 2409 1353 2436 ,
1398 2367 1565 2422 videri
1613 2361 1857 2418 homines
1881 2398 1896 2424 ,
1944 2369 2066 2411 cum

475 2473 654 2529 radios
669 2484 796 2528 suos
818 2480 989 2525 terras
1008 2480 1178 2536 usque
1200 2460 1535 2534 pertendant.
1559 2456 1661 2524 Qui
1683 2463 1858 2510 tamen
1880 2462 2066 2507 eorum

478 2563 612 2620 radii
643 2578 739 2634 per
767 2572 993 2631 quaeque
1020 2553 1295 2610 immunda
1335 2549 1511 2607 ditTusi
1552 2561 1659 2602 non
1700 2541 2069 2600 contaminan-

478 2664 564 2710 tur
589 2671 601 2709 ε
626 2662 682 2710 et
708 2652 783 2708 dii
807 2647 1301 2707 contaminarentur
1323 2685 1340 2712 ,
1372 2642 1416 2698 si
1447 2637 1752 2695 hominibus
1778 2635 2069 2689 misceren-

481 2754 568 2801 tur
591 2786 606 2812 ,
647 2742 857 2800 etiamsi
896 2747 1040 2798 esset
1078 2734 1413 2794 necessarius
1455 2733 1507 2786 in
1542 2724 1907 2786 subveniendo
1941 2736 2070 2777 con-

480 2840 694 2898 tactus?
719 2838 851 2894 Nam
880 2835 1045 2893 radiis
1080 2832 1209 2890 solis
1246 2838 1302 2887 et
1339 2829 1481 2884 luna:
1524 2834 1665 2881 terra
1702 2816 2029 2889 contingitur
2050 2856 2066 2881 ,

486 2947 587 2987 nec
617 2932 771 2985 istam
802 2927 1134 2984 contaminat
1158 2924 1350 2978 lucem.

480 3023 708 3082 CAPUT
734 3021 900 3078 XVII.
916 3050 987 3062 —
1008 3018 1087 3073 Ad
1105 3011 1505 3085 consequendam
1526 3009 1678 3063 vitam
1704 3004 1899 3060 beatam
1924 3043 1939 3067 ,
1957 3014 2073 3072 quae

554 3117 608 3171 in
634 3112 1020 3188 participatione
1047 3120 1121 3164 est
1143 3104 1328 3163 summi
1358 3101 1474 3157 boni
1496 3141 1512 3166 ,
1535 3114 1635 3152 non
1675 3093 1767 3150 tuli
1799 3091 2073 3147 mediatore

554 3180 782 3279 indigere
809 3180 1060 3259 hominem
1088 3197 1254 3271 qualis
1282 3203 1353 3250 est
1382 3193 1579 3247 da'mon
1604 3229 1619 3254 ,
1662 3186 1750 3242 scd
1773 3185 1863 3240 tali
1906 3180 2073 3275 qualis

552 3314 685 3353 unus
714 3306 784 3352 est
810 3293 1054 3351 Christus.

555 3391 719 3448 Miror
747 3395 923 3444 autem
962 3382 1248 3455 plurimum
1295 3387 1400 3434 tam
1447 3374 1636 3431 doctos
1680 3368 1926 3425 homines
1950 3364 2073 3435 ,qui

484 3490 674 3540 concta
726 3492 985 3549 corporea
1040 3483 1096 3530 et
1159 3468 1428 3529 sensibilia
1454 3508 1469 3533 ,
1528 3480 1640 3536 prie
1683 3464 1701 3494 ⁸
1767 3461 2076 3528 incorpora-

486 3576 625 3632 libus
692 3582 747 3629 et
834 3564 1291 3639 intelligibilibus,
1361 3556 1726 3633 postponenda
1800 3551 2075 3624 judicare-

484 3675 791 3731 ruut,cum
841 3659 1014 3731 agitur
1057 3657 1124 3712 de
1170 3655 1326 3711 beata
1368 3650 1473 3706 vita
1498 3693 1513 3716 ,
1538 3646 1894 3718 corporalium
1946 3657 2078 3699 con-

487 3755 861 3814 trectationum
907 3750 1084 3807 facere
1125 3746 1472 3805 mentionem.
1516 3741 1618 3798 Ubi
1653 3748 1736 3795 est
1780 3736 1909 3793 illud
1956 3734 2078 3790 Plo-

486 3849 583 3904 tini
612 3890 628 3916 ,
668 3847 756 3902 ubi
782 3845 857 3900 ait
883 3887 896 3910 ,
933 3840 1252 3914 Fugiendum
1280 3845 1353 3892 est
1379 3835 1531 3908 igitur
1569 3832 1637 3886 ad
1683 3827 2077 3886 charissimam’

488 3940 705 3998 patriam
729 3980 745 4006 ,
777 3948 823 3993 ct
850 3936 919 3991 ibi
950 3944 1090 4002 pater
1109 3972 1124 3999 ,
1150 3940 1194 3986 et
1224 3929 1293 3983 ibi
1331 3926 1547 3982 omnia?
1593 3923 1719 3991 Quae
1758 3922 1913 3993 igitur
1935 3961 1952 3985 ,
1995 3922 2078 3973 in-

489 4034 644 4105 quit,
676 4032 852 4087 classis
881 4038 966 4083 aut
997 4025 1160 4099 fuga?
1187 4022 1420 4079 Similem
1443 4019 1537 4073 dco
1563 4016 1676 4087 ﬁeri
1718 4016 1738 4085 (
1767 4012 2023 4069 Enneadis
2049 4012 2074 4068 1

490 4126 580 4181 lib.
609 4123 643 4180 6
667 4167 682 4191 ,
710 4140 825 4194 cap.
859 4121 928 4183 8;
954 4118 1040 4172 lib.
1072 4116 1109 4171 2
1133 4157 1149 4183 ,
1193 4131 1311 4183 cap.
1356 4112 1452 4183 5).
1497 4109 1554 4165 Si
1582 4122 1710 4179 ergo
1744 4106 1847 4161 deo
1886 4110 2083 4194 quanto

495 4216 723 4273 similior
748 4193 942 4279 ,tanto
970 4210 1026 4263 lit
1055 4208 1281 4279 quisque
1313 4199 1695 4274 propinquior;
1727 4195 1872 4251 nulla
1902 4203 1983 4249 est
2016 4193 2084 4248 ab

497 4309 585 4365 illo
614 4307 717 4362 alia
747 4300 1105 4374 longinquitas
1133 4311 1291 4369 quam
1319 4294 1436 4364 ejus
1471 4287 1864 4346 dissimilitudo.
1905 4284 2085 4340 Incor-

499 4401 663 4474 porali
721 4411 850 4453 vero
901 4395 974 4449 illi
1014 4402 1216 4448 (eterna
1257 4397 1311 4444 et
1356 4381 1776 4442 ineommutabili
1814 4390 1961 4436 tanto
2002 4387 2087 4434 est

498 4496 674 4550 anima
702 4489 933 4546 hominis
961 4483 1269 4542 dissimilior
1293 4523 1308 4547 ,
1352 4486 1550 4551 quanto
1599 4491 1780 4532 rerum
1819 4484 2088 4543 tempora-

497 4587 626 4641 lium
658 4580 1098 4649 mutabiliumque
1127 4573 1389 4644 cupidior.
1421 4566 1671 4644 [μη]
1708 4566 1820 4622 IIoc
1849 4576 1906 4622 ut
1933 4580 2090 4621 sanc-

501 4689 585 4733 tur
612 4720 627 4745 ,
660 4675 913 4748 quoniam
941 4668 1223 4726 immortali
1250 4665 1462 4737 puritati
1488 4707 1503 4732 ,
1526 4677 1644 4734 quae
1662 4662 1715 4715 in
1733 4674 1943 4716 summo
1967 4667 2052 4715 est
2068 4699 2083 4723 ,

499 4786 562 4825 ea
584 4747 703 4841 qua:
730 4768 781 4822 in
813 4766 921 4820 imo
950 4770 1073 4818 sunt
1118 4758 1358 4813 mortalia
1389 4766 1442 4811 et
1488 4750 1759 4808 immunda
1801 4747 2091 4805 convenire

502 4879 607 4917 non
641 4865 899 4931 possunt,
925 4869 1059 4923 opus
1078 4858 1158 4906 est
1177 4847 1389 4919 quidem
1418 4845 1712 4900 mediatore
1736 4860 1750 4910 ;
1780 4855 1884 4896 non
1912 4850 2090 4895 tamen

506 4955 596 5009 tali
621 4953 711 5023 qui
737 4963 932 5019 corpus
951 4944 1162 5017 quidem
1188 4941 1378 4996 habeat
1408 4938 1708 4993 immortale
1734 4936 2091 5007 propinquum

508 5042 730 5099 summis
755 5083 768 5106 ,
796 5039 1031 5094 animum
1063 5043 1238 5089 autem
1271 5029 1569 5086 morbidum
1601 5027 1826 5083 similem
1857 5025 2050 5084 inlimis
2076 5042 2090 5092 ;

511 5130 617 5207 quo
648 5134 835 5189 morho
866 5128 1020 5186 nobis
1049 5125 1279 5181 invideat
1312 5122 1487 5193 potius
1516 5137 1583 5177 ne
1612 5135 1866 5175 sanetnur
1891 5160 1907 5183 ,
1935 5131 2093 5187 quam

512 5227 725 5298 adiuvet
762 5235 821 5282 ut
863 5236 1155 5280 sanentur:
1199 5216 1295 5274 sed
1339 5216 1427 5272 tali
1464 5215 1554 5285 qui
1601 5214 1753 5269 nobis
1793 5211 1989 5266 inlimis
2029 5225 2094 5263 ex

511 5319 750 5390 corporis
807 5316 1125 5372 mortalitate
1176 5316 1491 5380 coaptatus,
1546 5305 1831 5359 immortali
1881 5302 2099 5371 spiritus

513 5389 717 5481 iustitia
740 5408 782 5475 ³,
813 5423 909 5478 per
935 5421 1091 5476 quam
1118 5418 1222 5459 non
1244 5389 1485 5456 lucorum
1516 5397 1762 5453 distantia
1789 5436 1802 5461 ,
1832 5394 1925 5451 sed
1950 5393 2099 5449 simi—

517 5500 757 5557 litudinis
798 5496 1108 5554 excellentia
1148 5493 1343 5549 mansit
1377 5490 1433 5545 in
1481 5487 1703 5544 summis
1727 5528 1742 5553 ,
1784 5484 2103 5541 mundandis

518 5591 913 5661 liberandisque
953 5588 1104 5643 nobis
1148 5601 1275 5642 vere
1313 5583 1551 5639 divinum
1604 5579 1837 5651 prmbeat
1888 5577 2100 5647 adjuto-

581 5690 594 5717 ί
635 5694 708 5751 Et“.
735 5692 787 5751 et
810 5690 919 5751 L_ov.
944 5681 1330 5751 omittmit,_pt_'aa.
1428 5735 1459 5751 γ,

582 5752 601 5779 ³
636 5748 773 5856 mihi,
799 5741 1134 5819 clarissimam.
1160 5735 1218 5790 At
1244 5747 1371 5797 Mss,
1412 5735 1748 5787 charissimam
1770 5747 1786 5784 :
1806 5737 1946 5797 Juxta
1978 5743 2103 5794 grte-

582 5825 626 5858 tn
651 5819 678 5857 t'
699 5818 834 5859 eum.

669 5821 678 5840 ι

516 5819 862 5936 °"'.",'.1'§,5iiiiie
886 5867 1214 5932 manuscripti,
1237 5857 1521 5917 inuuortalis
1542 5859 1739 5924 spiritus
1751 5856 1962 5921 justitia.

1515 399 1604 456 DE
1644 388 1961 454 CIVITATE
2000 383 2139 452 DEI,
2180 382 2240 439 S.
2282 377 2652 438 AUGUSTINI

3634 369 3749 428 979

2151 506 2309 560 rium.
2358 503 2459 573 Qui
2503 500 2744 574 profecto
2784 497 3274 556 iucontaminabilis
3318 497 3461 554 Deus
3500 493 3643 550 absit
3682 500 3749 551 ut

2150 596 2658 654 contaminationem
2686 594 2902 649 timeret
2927 607 2995 648 ex
3016 591 3236 647 homine
3255 603 3362 662 quo
3385 588 3602 644 indutus
3620 592 3706 643 est
3724 625 3745 653 ,

2148 699 2238 746 aut
2263 706 2334 746 ex
2367 688 2674 744 hominibus
2704 688 2845 743 inter
2868 700 3005 758 quos
3032 686 3087 741 in
3130 684 3351 742 homine
3390 689 3748 740 conversatus

2148 790 2232 838 est
2256 783 2297 836 ί.
2324 781 2445 837 Νοιι
2471 781 2614 838 enim
2652 794 2815 851 parva
2869 786 2997 834 sunt
3042 777 3160 833 haec
3196 775 3413 832 interim
3445 774 3557 831 duo
3579 813 3596 842 ,
3625 788 3752 844 quas

2150 874 2434 930 salubriter
2471 887 2567 929 sua
2597 872 2969 928 incarnatione
3002 869 3359 936 monstravit,
3401 882 3503 925 nec
3536 879 3701 921 carne
3723 866 3751 899 ³

2150 981 2311 1039 posse
2339 965 2693 1023 contaminari
2717 980 2901 1021 veram
2931 963 3263 1020 divinitatem
3289 1002 3308 1031 ,
3343 974 3447 1016 nec
3484 958 3606 1015 ideo
3643 972 3753 1029 pu-

2154 1059 2343 1115 tandos
2367 1058 2639 1114 daemones
2670 1054 2826 1112 nobis
2852 1070 2974 1112 esse
3002 1055 3256 1111 meliores
3279 1094 3296 1121 ,
3341 1053 3465 1124 quia
3506 1066 3615 1107 non
3655 1050 3756 1106 ba-

2155 1152 2284 1207 bent
2307 1166 2523 1207 carnem
2556 1149 2656 1223 (a).
2686 1149 2784 1205 llic
2813 1158 2936 1215 est,
2964 1147 3103 1203 sicut
3127 1161 3250 1202 eum
3280 1144 3539 1218 prmdicat
3563 1151 3757 1201 sancta

2155 1243 2426 1314 Scriptura
2454 1284 2468 1308 ,
2503 1241 2759 1296 Mediator
2782 1239 2881 1294 Dei
2905 1249 2953 1294 et
2982 1239 3246 1294 hominum
3269 1279 3284 1303 ,
3333 1236 3484 1292 homo
3518 1231 3759 1291 Christus

2154 1336 2309 1394 Iesus
2335 1336 2398 1409 (ι
2430 1335 2564 1390 Tim.
2592 1351 2629 1390 ιι
2655 1377 2669 1400 ,
2698 1334 2792 1404 5),
2824 1333 2893 1389 de
2916 1333 3070 1402 cujus
3095 1339 3153 1387 et
3177 1329 3455 1386 divinitate
3476 1368 3491 1394 ,
3518 1342 3624 1398 qua
3653 1326 3758 1381 Pa-

2159 1432 2225 1486 tri
2250 1439 2333 1486 est
2372 1443 2585 1500 semper
2618 1427 2839 1499 aequalis
2863 1466 2880 1493 ,
2923 1434 2979 1481 et
3024 1423 3357 1479 humanitate
3383 1462 3399 1488 ,
3446 1434 3550 1491 qua
3593 1416 3758 1473 nobis

2161 1522 2330 1578 factus
2359 1530 2442 1577 est
2466 1521 2657 1577 similis
2680 1563 2695 1586 ,
2724 1534 2835 1575 non
2869 1518 2957 1574 hic
2981 1518 3133 1573 locus
3170 1526 3255 1573 est
3289 1522 3349 1570 ut
3388 1504 3765 1584 competenter

2161 1632 2258 1688 pro
2285 1624 2467 1672 nostra
2495 1614 2751 1670 facultate
2779 1612 3043 1669 dicamus.

2163 1729 2387 1787 CAPUT
2417 1727 2602 1785 XVIII.
2632 1726 2781 1796 Quod
2810 1725 3018 1798 fallacia
3053 1724 3342 1779 dtemonum
3361 1761 3377 1786 ,
3407 1719 3528 1773 dum
3554 1733 3647 1773 sua
3676 1715 3760 1770 in-

2243 1822 2540 1877 tercessione
2564 1821 2698 1874 viam
2719 1818 2933 1891 spondet
2958 1816 3026 1870 ad
3055 1815 3216 1871 Deum
3238 1855 3254 1882 ,
3283 1814 3376 1868 hoc
3396 1813 3681 1877 annitatur,
3705 1816 3765 1864 ut

2239 1913 2467 1968 homines
2491 1929 2522 1966 a
2550 1913 2630 1966 via
2653 1910 2874 1965 veritatis
2899 1915 3108 1964 avertat.

2238 2024 2381 2080 Falsi
2411 2033 2589 2078 autem
2621 2023 2699 2078 illi
2741 2022 3062 2091 t'allacesque
3100 2016 3420 2074 mediatores
3445 2015 3762 2081 daemones.

2174 2117 2410 2189 quicum
2442 2130 2539 2185 per
2564 2114 2783 2185 spiritus
2812 2110 3199 2167 immunditiam
3231 2107 3410 2163 miseri
3448 2119 3514 2162 ac
3547 2104 3768 2176 maligni

2169 2207 2351 2263 multis
2379 2204 2658 2262 ell'ectibus
2683 2204 2943 2269 clareant,
2974 2216 3070 2272 per
3091 2199 3452 2270 corporalium
3475 2205 3653 2252 tamen
3681 2195 3771 2251 lo-

2166 2314 2352 2357 corum
2383 2297 2665 2355 intervalla
2689 2305 2744 2353 et
2766 2310 2862 2367 per
2880 2294 3149 2350 aeriorum
3176 2305 3465 2363 corporum
3490 2282 3771 2344 levitatem

2176 2407 2209 2447 a
2246 2398 2502 2463 provectu
2522 2389 2823 2444 animorum
2848 2402 2945 2442 [IOS
2967 2400 3192 2441 avocare
3206 2394 3365 2455 atque
3383 2390 3628 2439 avertere
3647 2395 3773 2437 mo-

2169 2484 2389 2549 liuntur,
2418 2495 2524 2537 non
2550 2480 2690 2536 viam
2710 2478 2733 2512 ³
2756 2478 2997 2550 praebent
3018 2476 3086 2533 ad
3113 2477 3319 2542 Deum;
3351 2474 3468 2540 sed,
3494 2488 3564 2530 ne
3587 2471 3671 2527 via
3692 2479 3776 2528 te-

2170 2583 2379 2643 neatur,
2406 2571 2724 2643 impediunt.
2753 2567 3196 2639 Quandoquidem
3219 2575 3273 2623 et
3300 2566 3352 2620 in
3401 2566 3513 2635 ipsa
3538 2564 3625 2619 via
3647 2577 3768 2618 cor-

2174 2666 2367 2739 porali.
2397 2679 2517 2737 qua:
2542 2662 2829 2719 falsissima
2858 2670 2944 2719 est
2967 2669 3025 2717 et
3051 2659 3361 2732 plenissima
3387 2657 3589 2714 erroris
3610 2696 3627 2723 ,
3664 2669 3774 2727 qua

2171 2774 2276 2813 non
2305 2757 2407 2813 iter
2449 2756 2559 2828 agit
2593 2754 2801 2826 justitia
2828 2769 2844 2820 ;
2875 2753 3130 2825 quoniam
3178 2765 3287 2807 non
3316 2765 3412 2821 per
3437 2747 3777 2820 corporalem

2171 2850 2507 2906 altitudinem
2526 2891 2543 2918 ,
2572 2847 2667 2904 sed
2699 2862 2799 2918 per
2820 2844 3154 2917 spiritualem
3173 2885 3190 2912 ,
3225 2843 3328 2901 hoc
3353 2850 3437 2899 est
3459 2842 3778 2911 incorpora-

2172 2941 2310 3008 lem,
2330 2938 2736 2997 similitudinem
2763 2936 2831 2993 ad
2855 2937 3023 2992 Deum
3051 2934 3314 2991 debemus
3349 2931 3674 2997 ascendere;
3720 2930 3776 2984 in

2174 3035 2287 3105 ipsa
2318 3042 2494 3088 tamen
2515 3029 2789 3101 corporali
2816 3028 2925 3095 via,
2955 3041 3115 3099 quam
3141 3026 3448 3082 daemonum
3476 3021 3636 3078 amici
3679 3035 3780 3091 per

2178 3125 2571 3182 elementorum
2606 3121 2805 3193 gradus
2834 3119 3105 3184 ordinant,
3132 3118 3269 3173 inter
3289 3114 3542 3171 aetherios
3566 3112 3699 3169 deos
3722 3119 3783 3166 et

2180 3227 2429 3274 terrenos
2449 3215 2693 3271 homines
2707 3212 2873 3270 aeriis
2888 3209 3223 3267 daemonibus
3242 3207 3433 3264 mediis
3447 3201 3779 3271 constitutis,

2174 3309 2279 3365 hoc
2324 3308 2457 3364 deos
2485 3306 2774 3377 opinantur
2816 3303 3017 3360 habere
3044 3302 3408 3374 praecipuum,
3453 3309 3511 3354 ut
3561 3305 3784 3370 propter

2176 3400 2279 3456 hoc
2324 3398 2664 3455 intervallum
2706 3398 2949 3453 locorum
2977 3394 3403 3452 contrectatione
3438 3407 3545 3447 non
3594 3399 3785 3446 conta-

2176 3494 2446 3549 minentur
2462 3491 2715 3547 humana.
2742 3489 2817 3545 lta
2835 3488 3108 3544 dtemones
3127 3483 3482 3543 contaminari
3510 3482 3688 3553 potius
3710 3481 3782 3537 ab

2180 3584 2530 3650 hominibus,
2580 3597 2739 3653 quam
2786 3579 3032 3636 homines
3077 3577 3321 3633 mundari
3376 3590 3407 3630 a
3445 3572 3784 3630 damonibus

2179 3677 2434 3744 credunt,
2464 3683 2519 3731 ct
2546 3674 2679 3731 deos
2711 3674 2857 3743 ipsos
2876 3671 3229 3726 contaminari
3255 3668 3512 3740 potuisse,
3543 3665 3645 3721 nisi
3675 3665 3786 3721 loci

2180 3768 2467 3825 altitudine
2495 3766 2853 3823 munirentur.
2885 3762 3015 3830 Quis
3041 3768 3148 3816 tam
3197 3760 3380 3816 infelix
3408 3765 3525 3826 est,
3571 3765 3633 3812 ut
3680 3757 3785 3811 ista

2179 3861 2263 3916 via
2303 3859 2546 3915 mundari
2580 3873 2639 3913 se
2667 3855 2969 3921 existimet,
3015 3852 3105 3907 ubi
3135 3851 3381 3906 homines
3405 3847 3787 3906 contaminan-

2184 3962 2286 4019 tes,
2313 3952 2587 4007 daemones
2609 3946 2981 4011 contaminati,
3003 3942 3081 4000 dii
3106 3940 3553 3999 contaminabiles
3578 3938 3785 4010 pracdi-

2183 4054 2405 4110 cautur;
2444 4051 2499 4098 ct
2526 4057 2631 4098 non
2655 4041 2834 4111 potius
2852 4040 3013 4110 eligat
3036 4037 3175 4093 viam
3196 4077 3213 4103 ,
3242 4034 3329 4091 ubi
3352 4032 3789 4089 contaminantes

2185 4134 2354 4206 magis
2372 4132 2644 4189 dmmones
2664 4131 2952 4197 evitentur,
2975 4136 3031 4184 et
3049 4128 3117 4184 ab
3138 4122 3599 4182 incontaminabili
3629 4121 3742 4177 Deo
3757 4118 3783 4152 "

2186 4228 2252 4282 ad
2284 4224 2572 4282 iucundam
2619 4223 2931 4279 societatem
2977 4218 3521 4276 incontaminatorum
3551 4211 3790 4285 Angelo-

2186 4335 2305 4376 rum
2336 4319 2580 4374 homines
2603 4331 2632 4371 a
2659 4313 3111 4372 contaminatione
3140 4310 3501 4367 mandentur?

2188 4432 2415 4489 CAPUT
2440 4430 2584 4486 XIX.
2614 4458 2685 4471 —-
2715 4428 2864 4497 Quod
2912 4424 3187 4496 appellatio
3221 4424 3508 4478 dmonitus
3541 4419 3658 4490 jam
3695 4431 3790 4471 nec

2260 4526 2401 4597 apud
2451 4525 2668 4580 cultores
2706 4538 2881 4577 eorum
2927 4527 3215 4574 assumatur
3262 4515 3319 4570 in
3364 4510 3791 4587 signiﬁcationem

2264 4619 2487 4691 alicujus
2512 4616 2649 4671 boni.

2266 4735 2374 4793 Sed
2396 4748 2464 4789 ne
2485 4733 2553 4788 de
2580 4731 2759 4786 verbis
2785 4729 2946 4784 etiam
2977 4740 3073 4782 nos
3097 4734 3304 4781 certare
3328 4719 3624 4783 videamur,
3652 4729 3797 4787 quo-

2196 4827 2340 4882 niam
2369 4823 2608 4880 nonnulli
2636 4822 2859 4877 istorum
2879 4860 2892 4885 ,
2940 4826 2998 4872 ut
3042 4817 3114 4871 ita
3139 4813 3385 4880 dixerim,
3413 4807 3798 4865 dwmonicola-

2201 4934 2318 4974 rum
2341 4959 2356 4983 ,
2390 4916 2442 4970 in
2473 4914 2668 4984 quibus
2698 4919 2752 4966 et
2780 4909 2959 4964 Labeo
2982 4914 3100 4974 est,
3150 4904 3370 4961 eosdem
3401 4899 3682 4971 perhibent
3724 4896 3799 4954 ab

2200 5011 2320 5066 aliis
2348 5005 2570 5079 angelos
2589 5004 2717 5070 dici,
2746 5016 2882 5073 quos
2909 4999 3006 5070 ipsi
3032 4998 3304 5053 dtemones
3331 4997 3659 5063 nuncupant,
3676 4990 3800 5061 jam

2202 5104 2332 5160 mihi
2381 5101 2449 5157 de
2496 5099 2659 5155 bonis
2695 5096 2912 5167 Angelis
2937 5091 3137 5163 aliquid
3181 5088 3337 5145 video
3381 5084 3799 5151 disserendum,

2134 5217 2145 5227 σ
2202 5209 2339 5267 quos
2382 5193 2469 5247 isti
2497 5204 2617 5246 esse
2648 5203 2754 5244 non
2793 5196 3021 5256 negant,
3054 5182 3149 5239 sed
3188 5195 3281 5236 eos
3306 5181 3477 5236 bonos
3519 5177 3805 5234 dmmones

2205 5300 2398 5342 vocare
2415 5298 2573 5354 quam
2599 5280 2830 5350 Angelos
2845 5276 3069 5332 malunt.
3107 5273 3213 5329 Nos
3235 5280 3432 5334 autem,
3481 5270 3614 5325 sicut
3650 5267 3811 5324 Scri-

2206 5390 2359 5453 ptura
2384 5375 2643 5448 loquitur,
2664 5370 2955 5429 secundum
2978 5383 3134 5439 quam
3157 5364 3433 5422 christiani
3450 5375 3659 5427 sumus,
3687 5360 3810 5417 An-

2272 5539 2288 5571 ί
2323 5532 2542 5585 Nonnulli
2565 5538 2673 5581 Mss.
2698 5528 2787 5581 sed
2826 5540 2923 5579 non
2946 5525 3163 5577 melioris
3191 5530 3337 5583 notae,
3364 5520 3490 5572 inter
3512 5531 3633 5582 quos
3661 5515 3811 5571 homo

2204 5603 2505 5653 conversatus
2526 5600 2613 5645 est.
3430 5644 3440 5654 .

2271 5664 2291 5694 ²
2326 5663 2399 5710 Sic
2420 5656 2557 5708 Vind.
2583 5667 2683 5704 Am.
2711 5662 2763 5704 et
2785 5661 2891 5702 Mss.
2919 5659 2975 5705 At
2994 5656 3068 5700 Fr.
3092 5655 3144 5699 et
3163 5654 3294 5707 Lov.,
3316 5659 3402 5695 nec
3423 5657 3473 5710 in
3497 5655 3665 5710 carne.

2276 5725 2297 5757 ³
2327 5704 2469 5779 iam,
2481 5704 2525 5769 et
2546 5704 2641 5768 non
2663 5717 2808 5768 tiam.
2841 5712 3089 5779 l‘articula,
3125 5717 3189 5769 et,
3211 5704 3366 5779 abest
3392 5708 3453 5755 ah
3485 5705 3592 5756 aliis
3618 5704 3781 5756 libras.

2274 5791 2295 5818 δ
2318 5770 2592 5833 solaeditin
2615 5788 2745 5835 ιον..
2764 5784 2809 5826 et
2833 5776 2893 5825 ab
2916 5770 3291 5835 inconuuutubiti
3314 5778 3428 5821 Deo.

2280 5842 2509 5911 ((1)0)nf.
2534 5844 2620 5893 tiu.
2656 5842 2709 5892 ιδ
2729 5833 2792 5891 de
2810 5840 2997 5901 Triuil.,
3020 5849 3067 5885 n.
3093 5833 3173 5885 2:2.
