4064 6468
263 385 370 442 '275
1656 395 1854 454 LIBER
1897 397 2142 457 NONUS.
3455 411 3560 471 97A

295 496 410 552 elos
453 495 678 567 quidem
745 499 936 569 partim
983 499 1172 568 bonos,
1207 505 1398 572 partim
1455 508 1659 574 malos,
1720 527 1858 566 nun-

277 605 423 660 quam
479 603 614 643 vero
683 589 854 646 honos
923 591 1196 648 diemones
1254 595 1483 666 legimus
1537 619 1549 654 :
1603 601 1696 656 sed
1753 604 1866 657 ubi—

271 697 492 750 cumque
559 682 778 738 illarum
841 683 1162 740 Litterarum
1218 685 1322 742 hoc
1377 705 1572 746 nomen
1639 696 1864 762 positum

269 773 572 840 reperitur,
621 776 738 832 sive
782 776 1090 845 dmmones,
1123 780 1237 834 sive
1275 781 1543 838 daemonia
1591 785 1864 854 dicantur,

267 859 480 916 nonnisi
495 863 718 936 maligni
737 867 1104 938 signiﬁcantur
1121 869 1358 939 spiritus.
1379 873 1446 926 Et
1459 873 1598 928 hanc
1618 875 1866 946 loquendi

273 953 720 1010 consuetudinem
750 959 802 1012 in
835 969 1036 1016 tantum
1069 963 1251 1034 populi
1295 979 1674 1038 usquequaque
1699 971 1866 1025 secuti

269 1052 410 1110 sunt,
439 1052 502 1099 ut
528 1060 718 1104 eorum
743 1050 902 1104 etiam
927 1053 1018 1122 qui
1051 1053 1247 1125 Pagani
1272 1057 1626 1126 appellantur,
1655 1068 1708 1114 et
1737 1059 1867 1118 deos

271 1139 464 1194 multos
483 1153 552 1196 ac
569 1141 848 1200 daemones
867 1146 1122 1204 colendos
1149 1165 1268 1207 esse
1292 1155 1643 1220 contendunt,
1691 1157 1866 1214 nullus

269 1230 376 1285 fere
403 1232 478 1286 sit
507 1243 617 1288 tam
651 1235 914 1293 litteratus
951 1247 1006 1294 et
1025 1239 1244 1308 doctus,
1277 1245 1365 1314 qui
1406 1246 1598 1301 audeat
1629 1248 1679 1300 in
1713 1248 1867 1304 laude

269 1321 348 1375 vel
370 1337 534 1378 servo
561 1339 660 1380 suo
685 1327 884 1396 dicere,
920 1329 1224 1388 Dmmoncm
1253 1334 1420 1392 habes
1449 1335 1524 1410 (a)
1553 1355 1565 1392 :
1593 1339 1686 1393 sed
1717 1339 1869 1394 cuili-

269 1411 354 1466 bet
375 1413 480 1470 hoc
507 1437 520 1448 -
551 1415 734 1473 dicere
757 1420 1020 1488 voluerit,
1051 1439 1158 1478 non
1200 1439 1260 1481 se
1285 1427 1440 1482 aliter
1476 1430 1677 1498 accipi,
1710 1447 1864 1501 quam

273 1503 600 1562 maledicere
623 1509 884 1578 voluisse,
915 1513 1160 1570 dubitare
1191 1532 1292 1572 non
1326 1521 1510 1588 possit.
1535 1521 1666 1588 Quae
1711 1523 1867 1592 igitur

270 1599 594 1654 nos’causa
645 1603 945 1674 compellit,
992 1615 1050 1662 ut
1089 1617 1208 1678 post
1249 1611 1596 1668 offensionem
1647 1615 1864 1670 aurium

269 1697 374 1742 tam
419 1693 712 1748 multarum
733 1737 747 1759 ,
787 1705 847 1751 ut
883 1697 990 1767 jam
1021 1714 1158 1768 pene
1185 1702 1292 1758 sint
1317 1705 1552 1760 omnium
1579 1748 1592 1770 ,
1621 1723 1738 1776 qua:
1766 1709 1866 1763 hoc

269 1776 490 1832 verbum
532 1781 746 1836 nonnisi
777 1782 830 1836 in
857 1784 1052 1840 malam
1099 1797 1302 1857 partem
1349 1791 1534 1846 audire
1569 1807 1864 1848 consueve-

269 1877 410 1936 runt,
441 1870 584 1940 quod
609 1872 844 1930 diximus
863 1891 1118 1948 cogamur
1141 1895 1431 1952 exponere,
1460 1899 1581 1938 cum
1601 1887 1865 1954 possimus

271 1961 596 2030 Angelorum
633 1966 850 2022 nomine
880 1969 1150 2036 adhibito,
1185 1975 1427 2029 eamdem
1477 1977 1860 2046 offensionem,

269 2058 384 2118 qua:
407 2054 628 2109 nomine
654 2055 958 2113 daemonum
987 2061 1102 2118 ﬁeri
1129 2073 1358 2134 poterat,
1388 2067 1625 2121 evitare?

269 2161 492 2220 CAPUT
529 2164 647 2220 XX.
681 2198 752 2208 —-
779 2169 856 2225 De
873 2173 1114 2240 qualitate
1156 2177 1410 2246 scientias,
1461 2195 1576 2250 qua:
1615 2180 1865 2235 tltcmonce

859 2263 1102 2334 superbos
1127 2266 1273 2340 facit.

331 2375 648 2448 Quanquam
681 2379 840 2434 etiam
865 2381 976 2451 ipsa
1006 2383 1156 2453 origo
1187 2383 1343 2454 hujus
1375 2385 1624 2452 nominis,
1657 2385 1702 2440 si
1733 2385 1864 2440 divi-

267 2483 361 2523 nos
391 2469 699 2526 intueamur
743 2472 966 2538 Libros,
1014 2477 1211 2546 aliquid
1241 2478 1396 2534 affert
1440 2480 1742 2550 cognitione
1784 2480 1866 2536 di-

264 2561 598 2630 gnissimum.
639 2574 862 2632 Δαίμονις
889 2567 1031 2622 enim
1059 2568 1325 2638 dicuntur,
1354 2574 1602 2642 quoniam
1635 2571 1866 2628 voeabu-

265 2652 370 2707 lum
389 2670 628 2724 graecum
660 2667 764 2724 est,
792 2658 860 2714 ob
877 2659 1154 2716 scientiam
1177 2664 1434 2718 nominati
1459 2663 1554 2736 (ιι).
1576 2665 1863 2734 Apostolus

267 2753 440 2798 autem
473 2745 680 2815 Spiritu
711 2758 896 2804 sancto
927 2749 1134 2808 locutus
1161 2755 1254 2822 ait,
1283 2754 1507 2810 Scientia
1533 2757 1678 2826 inflat
1699 2799 1713 2822 ,
1742 2756 1864 2810 elia-

263 2832 380 2887 ritas
405 2850 524 2889 uera
550 2836 770 2906 tediﬁcat
801 2839 840 2910 (I
861 2839 1100 2910 Convni,
1127 2843 1200 2915 l).
1228 2843 1378 2912 Quod
1409 2855 1554 2902 recte
1574 2847 1730 2902 aliter
1755 2863 1860 2902 non

263 2925 598 2998 intelligitur,
625 2931 728 2986 nisi
747 2933 1026 2988 scientiam
1043 2943 1168 2992 tunc
1187 2937 1464 3008 prodesse,
1488 2953 1607 2996 cum
1630 2939 1862 2996 Charitas

264 3012 434 3082 inest;
479 3019 602 3074 sine
640 3020 740 3076 hac
769 3031 946 3078 autem
987 3025 1210 3092 inﬂare,
1256 3027 1306 3082 id
1337 3038 1418 3084 cst
1463 3029 1512 3084 in
1557 3031 1860 3101 superbiam

263 3105 590 3166 inanissima:
617 3114 768 3182 quasi
797 3116 1132 3172 ventositatis
1178 3119 1464 3175 extollere.
1511 3121 1606 3176 Est
1649 3137 1776 3192 ergo
1807 3123 1858 3178 in

263 3197 598 3256 daemonibus
628 3202 851 3259 scientia
872 3205 987 3262 sine
1009 3206 1290 3276 cbaritatc,
1313 3219 1368 3264 et
1391 3209 1511 3266 ideo
1531 3219 1638 3266 tam
1670 3212 1858 3282 inﬂati,

265 3287 314 3344 id
335 3300 420 3345 est
441 3300 552 3346 tam
581 3295 834 3364 superbi,
868 3305 1020 3362 sunt,
1055 3309 1114 3354 ut
1143 3300 1374 3356 honores
1403 3301 1614 3358 divinos
1642 3314 1695 3358 et
1729 3305 1858 3360 reli-

262 3379 432 3450 gionis
462 3385 810 3454 servitutem,
836 3403 994 3458 quam
1027 3406 1156 3446 vero
1187 3393 1297 3446 Deo
1325 3391 1510 3448 deberi
1539 3395 1733 3460 sciunt,
1759 3395 1858 3450 sibi

261 3475 556 3544 “legerint
583 3473 604 3506 ³
633 3477 905 3546 exhiberi,
948 3489 1003 3536 et
1035 3491 1290 3552 quantum
1321 3495 1576 3554 possunt,
1622 3495 1678 3542 et
1721 3487 1858 3558 apud

264 3578 394 3632 quos
423 3575 675 3635 possunt,
706 3569 880 3626 adhuc
904 3583 1084 3642 agunt.
1128 3572 1324 3629 Contra
1370 3577 1669 3647 superbiam
1699 3593 1860 3649 porro

263 3653 568 3712 dieinonnm
591 3700 604 3725 ,
635 3674 736 3730 qua
781 3676 878 3731 pro
906 3664 1110 3724 meritis
1151 3666 1527 3736 possidebatnr
1563 3686 1732 3740 genus
1765 3672 1860 3726 hu-

263 3760 498 3816 manum,
533 3749 629 3804 Dei
652 3749 944 3822 humilitas,
969 3771 1086 3828 qua:
1112 3757 1354 3814 informa
1379 3761 1524 3816 servi
1551 3763 1856 3834 apparuit‘,

265 3853 519 3908 quantam
555 3844 806 3902 virtutem
837 3848 1066 3916 habeat,
1093 3853 1286 3909 anima:
1313 3853 1586 3912 hominum
1619 3859 1861 3914 nesciunt

265 3930 600 3992 immunditia
631 3938 879 3998 elationis
909 3943 1104 4002 inﬂata:
1124 3989 1138 4010 ,
1167 3947 1498 4008 daemonibus
1523 3954 1726 4010 similes
1771 3971 1861 4010 su-

265 4028 466 4096 perbia,
493 4046 600 4086 non
631 4034 874 4090 scientia.

269 4137 494 4197 CAPUT
526 4143 670 4200 XXI.
707 4178 780 4189 —
819 4148 902 4203 Ad
939 4168 1088 4221 quem
1128 4157 1334 4210 modum
1377 4158 1624 4216 Dominus
1651 4163 1859 4218 voluerit

725 4239 1033 4298 dwmonibus
1059 4245 1385 4304 innotescere.

333 4345 436 4415 Ipsi
467 4355 648 4404 autem
677 4349 952 4408 dmmoncs
977 4355 1136 4412 etiam
1160 4357 1264 4414 hoc
1285 4359 1354 4414 ita
1381 4361 1572 4430 sciunt,
1604 4373 1661 4419 ut
1685 4365 1856 4422 eidem

269 4433 492 4493 Domino
523 4439 834 4499 inﬁrmitate
853 4446 1030 4501 carnis
1049 4448 1234 4504 induto
1259 4451 1525 4509 dixerint:
1554 4455 1691 4522 Quid
1717 4461 1858 4514 nobis

268 4541 312 4580 ct
335 4531 443 4595 tibi,
467 4529 596 4586 Iesu
626 4531 1120 4594 Nazarenehenisti
1141 4551 1256 4596 ante
1279 4553 1474 4613 tempus
1497 4547 1704 4616 perdere
1723 4567 1814 4603 nos
1835 4551 1856 4584 ⁵

271 4619 472 4689 (Marc.
504 4639 542 4690 ι,
569 4623 672 4688 24ς
709 4637 758 4681 et
797 4627 986 4683 Matth.
1019 4647 1138 4698 vui,
1169 4633 1318 4706 29)?
1343 4635 1555 4692 Clarum
1583 4648 1666 4694 est
1690 4641 1742 4694 in
1773 4642 1856 4698 his

273 4713 466 4780 verbis,
497 4716 638 4785 quod
670 4717 724 4772 in
754 4719 834 4774 eis
859 4731 914 4775 et
943 4731 1087 4779 tanta
1111 4726 1334 4781 scicntia
1379 4737 1513 4794 erat,
1545 4739 1598 4784 et
1624 4731 1856 4790 charitas

271 4817 370 4858 non
387 4813 522 4860 erat.
543 4807 761 4864 Putnam
780 4813 974 4883 quippe
991 4799 1140 4870 suam
1159 4817 1516 4877 formidabant
1529 4823 1596 4878 ab
1617 4825 1728 4892 illo,
1747 4843 1854 4882 non

273 4891 320 4946 in
349 4894 440 4950 illo
463 4897 722 4966 justitiam
749 4901 1056 4974 diligebant.
1089 4907 1312 4964 Tantum
1347 4927 1472 4968 vero
1501 4915 1576 4970 eis
1605 4915 1850 4987 innotuit,

273 4997 519 5052 quantum
546 4989 738 5045 voluit:
764 5000 967 5050 tantum
997 5007 1174 5055 autem
1209 5001 1395 5068 voluit,
1429 5015 1680 5074 quantum
1705 5024 1856 5079 opor-

329 5118 346 5182 f
381 5125 465 5172 Its.
491 5119 602 5178 766,
627 5123 714 5174 sed
730 5125 926 5182 quilibet
946 5129 1070 5181 lucc.
1115 5139 1174 5182 Μ.

327 5179 350 5248 ξ
383 5189 499 5248 uss.
512 5183 606 5233 766
629 5193 682 5234 et
702 5179 840 5248 2050,
871 5179 1013 5242 non."
1030 5179 1158 5244 ai.”-

329 5242 524 5327 znv‘ind.‘
547 5253 767 5327 _e_t_uss_.‘,
791 5242 908 5327 satis
929 5242 1130 5320 egerint.
1165 5259 1236 5307 sic
1258 5256 1365 5308 aliis
1399 5259 1518 5310 locis
1555 5271 1850 5327 constanter,

273 5309 378 5374 satis
401 5317 496 5374 ego
505 5321 524 5367 ;
547 5321 651 5370 pro,
685 5318 869 5374 satago.

327 5365 652 5452 tu
661 5379 738 5452 ἓν.
761 5365 815 5452 (ξῖ
836 5375 1002 5452 plures
1021 5381 1474 5452 manuscripti,‘qi_un
1496 5383 1546 5434 in
1567 5385 1753 5452 Christo
1769 5403 1854 5452 ap.-

271 5433 921 5512 ng‘nttllinv‘e'teres
941 5437 1070 5512 libri,
1106 5442 1188 5512 qui
1221 5433 1272 5492 in
1301 5433 1506 5496 (flii-isto
1527 5433 1853 5512 appara—ili;

271 5493 678 5561 Siewrbeiensis.
701 5497 792 5546 Sed
817 5507 868 5561 A_,
895 5507 942 5561 Β,
961 5507 993 5548 C
1015 5493 1067 5552 ut
1089 5493 1270 5554 e'ditum
1289 5513 1384 5556 est.

329 5552 712 5636 :ngl'l‘lllgﬁmblfs.‘
735 5552 904 5636 Βριξζῄ
926 5552 1129 5636 perdere
1149 5552 1274 5636 nos;l
1296 5552 1494 5628 omisso,
1519 5577 1626 5636 ante
1649 5577 1850 5636 tetnpus.

330 5611 402 5694 Et)
423 5622 659 5690 Coquaaus
699 5611 777 5670 hic
820 5611 1852 5694 notat77consuleridani—vlzerlulliaualii?

270 5677 470 5742 Te_s_tim._
481 5677 673 5742 animm,
698 5695 806 5742 cap.
831 5683 880 5732 5.
979 5693 1034 5734 Μ.

327 5735 399 5816 ibi
410 5738 556 5816 jPlato
577 5741 626 5790 in
649 5735 852 5816 crat-3110,
880 5745 1122 5798 daintoncs
1139 5749 1292 5816 dictos
1317 5751 1458 5816 tradit
1496 5756 1630 5816 quasi
1657 5755 1851 5807 tlaénw-

267 5797 436 5882 ἷι-ίῖἶίέίά
483 5809 562 5852 est
597 5797 782 5866 νενίῑοῦ
819 5797 874 5858 ἐς
915 5797 1086 5860 rerum
1108 5797 1290 5864 scies:
1313 5797 1854 5882 ἱίίῐιζῖιλέόῶιξῗιῖὖῗε

1975 515 2092 568 ιιιὶι.
2125 514 2228 571 Sed
2254 517 2500 584 innotuit,
2531 536 2636 576 non
2667 523 2804 578 sicut
2834 523 3048 596 Angelis
3079 525 3296 591 sanctis,
3333 528 3418 596 qui
3447 530 3563 598 ejus

1973 606 2260 661 secundum
2291 608 2342 663 id
2378 611 2515 680 quod
2537 613 2626 667 Dei
2645 615 2873 670 Verbum
2891 627 2992 684 est,
3013 617 3322 687 participato
3344 621 3560 674 aeterni-

1973 705 2081 750 tate
2111 698 2456 766 perfruuntur
2485 701 2588 773 (a);
2623 705 2714 758 sed
2759 707 2896 760 sicut
2922 707 2999 762 eis
3031 707 3294 764 terrendis
3351 709 3560 765 innote-

1971 787 2224 842 scendum
2253 788 2352 844 fuit
2373 831 2388 857 ,
2413 807 2476 846 ex
2504 808 2726 864 quorum
2747 799 3016 867 tyrannica
3044 799 3440 870 quodammodo
3467 815 3564 871 po-

1971 889 2160 938 testate
2185 881 2356 940 fuerat
2383 885 2700 942 liheraturus
2743 891 3148 959 prmdestinatos
3180 893 3232 948 in
3275 908 3428 949 suum
3479 911 3564 950 rc-

1970 991 2133 1046 gnum
2163 985 2218 1034 et
2237 979 2459 1048 gloriam
2487 995 2698 1051 semper
2721 999 2962 1039 veracem
2993 993 3045 1040 ct
3073 985 3334 1042 veraciter
3362 988 3562 1057 sempi«

1972 1075 2198 1122 lernam.
2231 1069 2465 1124 innotuit
2504 1086 2632 1142 ergo
2657 1072 3021 1142 daemonibus,
3076 1091 3182 1130 non
3213 1092 3306 1148 per
3344 1077 3393 1132 id
3420 1079 3560 1150 quod

1970 1167 2051 1214 est
2077 1159 2183 1215 vita
2213 1169 2439 1230 aeterna,
2469 1173 2523 1218 ct
2553 1163 2731 1218 lum:-n
2779 1165 3211 1222 incommutabile
3255 1171 3396 1239 quod
3439 1171 3560 1225 illu-

1971 1253 2141 1308 minat
2185 1255 2320 1324 pios,
2377 1255 2460 1310 cui
2487 1256 2715 1312 videndo
2744 1273 2838 1328 per
2867 1258 3044 1326 ﬁdem,
3095 1276 3212 1330 quin
3238 1261 3288 1314 in
3319 1262 3410 1316 illo
3439 1272 3520 1316 est
3544 1304 3559 1330 ,

1971 1345 2131 1400 corda
2163 1347 2518 1415 mandantur;
2551 1349 2646 1404 sed
2686 1365 2781 1420 per
2819 1351 3058 1421 quaedam
3107 1355 3414 1422 temporalia
3451 1369 3561 1409 sua:

1973 1438 2184 1492 virtutis
2206 1438 2388 1494 cll‘ecta
2409 1451 2460 1496 ct
2489 1441 2860 1498 occultissima:
2885 1443 3032 1514 signa
3087 1446 3382 1512 praesentia:
3407 1488 3420 1508 ,
3443 1462 3562 1516 qua:

1970 1531 2220 1600 angelicis
2240 1533 2486 1588 sensibus
2507 1534 2666 1588 etiam
2696 1535 3046 1606 malignorum
3075 1537 3355 1606 spirituum
3389 1539 3560 1606 potius

1969 1637 2128 1692 quam
2174 1623 2463 1679 inﬁrmitati
2509 1625 2781 1680 hominum
2823 1635 3044 1696 possent
3091 1643 3212 1684 esse
3255 1629 3558 1698 conSpicua.

1971 1715 2208 1786 Denique
2233 1717 2446 1788 quando
2471 1733 2530 1773 ea
2561 1719 2836 1788 paululum
2867 1721 3246 1792 supprimenda
3269 1721 3520 1791 judicavit
3543 1763 3560 1787 ,

1968 1815 2022 1860 et
2051 1807 2320 1878 aliquanto
2348 1808 2505 1864 altius
2537 1810 2710 1874 latuit,
2736 1809 3000 1864 dubitavit
3025 1811 3093 1866 de
3133 1811 3226 1866 illo
3255 1812 3558 1866 daemonum

1969 1899 2249 1969 princeps,
2280 1915 2508 1972 cumque
2545 1901 2796 1966 tentavit,
2836 1917 2902 1956 an
2931 1902 3179 1960 Christus
3201 1912 3346 1959 esset
3371 1905 3562 1973 explo-

1967 2005 2124 2056 rans,
2155 2001 2408 2064 quantum
2435 2008 2494 2049 se
2523 1995 2714 2052 tentari
2761 1995 2874 2064 ipsc
2903 1994 3170 2065 permisit,
3204 2005 3258 2050 ut
3289 1995 3558 2052 hominem

1969 2097 2124 2152 quem
2149 2083 2386 2153 gerebat,
2406 2085 2470 2139 ad
2495 2093 2689 2140 nostrae
2711 2085 3019 2140 imitationis
3037 2095 3358 2156 temperaret
3373 2101 3554 2142 exem-

1971 2173 2135 2242 plum.
2165 2174 2294 2232 Post
2319 2176 2462 2230 illam
2493 2189 2621 2232 vero
2649 2177 3020 2243 tentationem,
3042 2191 3162 2232 cum
3195 2177 3402 2246 Angeli,
3422 2177 3562 2232 sicut

1970 2267 2226 2338 scriptum
2255 2277 2358 2336 est,
2387 2270 2752 2326 ministrarent
2775 2271 2822 2326 ci
2855 2269 3080 2342 (Matth.
3107 2287 3176 2336 IV,
3205 2271 3334 2326 5-11
3359 2271 3402 2341 ),
3435 2271 3555 2326 boni

1969 2357 2152 2428 utique
2180 2365 2234 2412 ct
2261 2359 2452 2426 sancti,
2481 2375 2542 2414 ac
2571 2375 2667 2430 per
2693 2360 2792 2416 hoc
2821 2359 3093 2430 spiritibus
3134 2361 3420 2416 immundis
3441 2377 3558 2417 mc-

1969 2449 2152 2504 tuendi
2177 2459 2230 2506 et
2251 2452 2536 2518 tremendi,
2563 2453 2730 2523 magis
2751 2454 3026 2524 magisque
3053 2453 3419 2510 innotesccbat
3443 2454 3556 2510 dm-

1969 2543 2214 2600 monibus
2239 2555 2468 2615 quantus
2491 2555 2634 2603 esset
2654 2589 2669 2613 ,
2699 2556 2757 2602 ut
2781 2548 2828 2602 ei
2856 2547 3083 2616 julicnti,
3115 2549 3354 2618 quamvis
3383 2549 3434 2604 in
3463 2549 3558 2606 illo

1967 2639 2382 2708 contemptibilis
2423 2641 2693 2698 videretur
2729 2643 2906 2698 carnis
2953 2642 3260 2710 inﬁrmitas,
3311 2646 3558 2700 resistere

1967 2729 2144 2786 nullus
2171 2731 2410 2788 auderet.

1965 2867 2193 2926 CAPUT
2215 2869 2598 2940 XXll.—Quid
2617 2873 2812 2930 intersit
2833 2875 2963 2930 inter
2983 2877 3244 2932 scientiam
3270 2885 3556 2932 sanctorum

2246 2961 2552 3036 Angelorum
2568 3006 2582 3032 ,
2612 2975 2658 3020 et
2679 2967 2938 3022 scientiam
2965 2967 3269 3024 dannonunt.

2037 3093 2132 3150 llis
2157 3095 2314 3166 igitur
2342 3097 2560 3167 Angelis
2585 3099 2740 3155 bonis
2768 3102 2942 3156 omnis
2969 3105 3325 3172 corporalium
3354 3112 3558 3176 tempo-

1963 3185 2262 3256 raliumque
2307 3203 2487 3243 rerum
2537 3191 2758 3246 scicntia
2779 3233 2792 3258 ,
2825 3207 2928 3262 qua
2961 3193 3214 3250 inﬂantur
3241 3193 3514 3250 diemoncs
3537 3239 3552 3261 ,

1967 3277 2088 3332 vilis
2111 3287 2194 3335 est
2223 3295 2238 3336 :
2266 3293 2372 3334 non
2401 3279 2542 3350 quod
2573 3295 2754 3336 earum
2783 3282 2948 3352 ignari
2979 3283 3084 3340 sint
3108 3326 3122 3350 ,
3167 3285 3262 3340 sed
3285 3285 3424 3354 quod
3453 3286 3556 3342 illis

1964 3367 2056 3424 Dci
2074 3411 2088 3438 ,
2111 3383 2214 3441 qua
2231 3369 2648 3440 sanctiﬁcantur,
2667 3371 2898 3430 cbarilas
2929 3373 3090 3430 chara
3121 3384 3231 3442 cst,
3263 3391 3374 3446 prze
3402 3377 3556 3448 cujus

1965 3475 2070 3516 non
2103 3467 2306 3514 tantum
2340 3461 2682 3532 incorporali,
2712 3479 2900 3518 verum
2931 3465 3090 3520 etiam
3135 3467 3552 3526 incommutablli

1964 3561 2018 3610 et
2045 3552 2298 3609 ineffabili
2329 3555 2750 3624 pulchritudine,
2779 3557 2932 3627 cujus
2960 3569 3146 3614 sancto
3183 3575 3368 3618 amore
3406 3561 3553 3616 inar-

1963 3645 2208 3712 descunt,
2241 3647 2418 3700 omnia
2443 3663 2562 3717 qua:
2589 3647 2724 3704 infra
2754 3657 2896 3716 sunt,
2926 3661 2980 3704 et
3009 3651 3148 3718 quod
3181 3651 3308 3706 illud
3335 3661 3418 3708 est
3443 3669 3552 3709 non

1964 3746 2108 3803 sunt,
2127 3753 2290 3810 seque
2308 3739 2450 3806 ipsos
2467 3739 2605 3794 inter
2620 3739 2708 3794 illa
2726 3749 3092 3806 contemnunt,
3111 3752 3162 3796 ut
3179 3757 3240 3797 ex
3262 3751 3392 3810 toto,
3410 3747 3552 3814 quod

1961 3828 2086 3886 boni
2099 3839 2242 3898 sunt,
2257 3844 2322 3884 co
2335 3831 2564 3898 bono,cx
2578 3846 2681 3900 quo
2699 3831 2820 3886 boni
2835 3841 2952 3886 sunt
2963 3833 3340 3902 ,pcrfruantur.
3355 3834 3421 3890 Et
3435 3836 3554 3892 ideo

1965 3923 2163 3978 certius
2179 3939 2202 3974 τε
2215 3969 2218 3972 .
2230 3922 2334 3976 iam
2351 3924 2657 3994 temporalia
2671 3932 2725 3980 ct
2739 3923 3006 3980 mutabilia
3022 3925 3120 3980 ista
3135 3939 3414 3995 noverunt;
3429 3931 3552 4001 quia

1965 4030 2148 4070 eorum
2169 4013 2485 4084 principales
2502 4030 2688 4071 causas
2711 4015 2942 4072 inVerbo
2967 4017 3062 4072 Dei
3079 4020 3431 4088 conSpiciunt,
3459 4039 3555 4094 per

1963 4105 2104 4177 quod
2121 4104 2291 4162 factus
2301 4115 2381 4160 cst
2397 4105 2622 4161 mundus
2643 4125 2654 4162 :
2671 4107 2861 4178 quibus
2877 4109 3052 4163 causis
3063 4109 3306 4179 quaedam
3325 4115 3556 4182 proban-

1965 4205 2072 4264 tur,
2087 4197 2328 4268 qutedam
2342 4197 2713 4268 reprobantur,
2729 4205 2914 4254 cuncta
2930 4199 3259 4256 ordinantur.
3279 4201 3554 4262 Daemones

1963 4297 2140 4344 autem
2167 4303 2274 4343 non
2305 4297 2532 4344 aeternas
2555 4297 2850 4359 temporum
2871 4304 3059 4346 causas
3082 4299 3135 4346 et
3163 4293 3554 4362 quodammodo

1963 4384 2260 4440 cardinales
2288 4383 2340 4438 in
2371 4383 2466 4438 Dei
2497 4382 2766 4454 Sapientia
2798 4385 3259 4454 contemplantur;
3291 4388 3387 4443 sed
3417 4404 3552 4458 quo.

1963 4478 2203 4534 rumdam
2244 4477 2516 4547 signorum
2561 4476 2714 4532 nobis
2755 4477 3081 4534 occultorum
3130 4479 3332 4550 majore
3381 4496 3550 4552 cxpe-

1963 4572 2152 4626 rientia
2183 4571 2352 4626 multo
2372 4571 2522 4640 plura
2545 4583 2703 4640 quam
2733 4569 2978 4626 homines
3008 4571 3178 4628 futura
3203 4576 3549 4646 prospiciunt.

1963 4661 2350 4732 Dispositiones
2399 4675 2612 4732 quoque
2661 4675 2784 4716 suas
2827 4661 3114 4732 aliquando
3173 4668 3548 4735 prienuntiant.

1965 4753 2206 4824 Denique
2253 4768 2395 4823 sarpe
2425 4753 2542 4820 isti,
2574 4768 2843 4822 nunquam
2887 4755 2962 4810 illi
3009 4757 3228 4813 omnino
3275 4758 3550 4814 falluntur.

1963 4843 2120 4900 Aliud
2145 4843 2386 4900 esLenim
2409 4843 2790 4914 temporalibus
2807 4848 3118 4917 temporalia
3143 4855 3194 4904 et
3211 4849 3550 4904 mutabilibus

1963 4935 2234 4994 mutabilia
2253 4935 2574 5004 conjectare,
2592 4935 2776 5004 eisque
2798 4937 3142 5007 temporalem
3165 4945 3218 4992 ct
3239 4937 3546 4994 mutabilem

1962 5027 2177 5086 modum
2202 5029 2218 5060 ι
2249 5040 2360 5082 suae
2391 5025 2680 5081 voluntatis
2706 5035 2760 5082 ct
2807 5027 3068 5082 facultatis
3107 5029 3374 5096 inserere,
3405 5032 3547 5100 quod

1901 5135 1912 5144 ·
1963 5118 2295 5174 daemonibus
2321 5124 2465 5172 certa
2487 5117 2695 5172 ratione
2721 5117 3034 5186 permissum
3063 5123 3144 5170 est
3168 5133 3181 5168 :
3205 5115 3348 5172 aliud
3369 5129 3547 5176 autem

1959 5210 2018 5266 in
2061 5209 2276 5264 :eternis
2299 5215 2458 5278 atque
2487 5205 3008 5262 incommutabilibus
3036 5207 3126 5262 Dci
3157 5206 3395 5279 legibus,
3427 5227 3548 5283 qua:

1961 5302 2014 5356 in
2043 5300 2159 5372 ejus
2187 5298 2456 5369 Sapientia
2483 5298 2697 5364 vivunt,
2729 5295 3048 5352 mutationes
3079 5307 3374 5370 temporum
3410 5318 3546 5374 pra:-

1959 5393 2161 5458 videre,
2190 5390 2392 5460 Deique
2411 5389 2756 5454 voluntatem,
2787 5402 2906 5458 quae
2935 5397 3042 5444 tam
3068 5393 3360 5449 certissima
3387 5409 3544 5466 quam

1959 5483 2325 5554 potentissima
2355 5489 2438 5538 est
2479 5482 2716 5538 omnium
2738 5482 2782 5548 ⁸,
2816 5480 3046 5554 Spiritus
3090 5484 3205 5555 ejus
3257 5489 3544 5560 participa-

2027 5631 3074 5710 ξΑ1ἱφιοιΜξξε,ηιορᾳιῃτ-τδξοηωτξρδμ
3124 5641 3235 5710 git."
3340 5701 3354 5710 Δ
3420 5698 3453 5710 Δ.
3507 5701 3517 5710 _

2029 5699 2044 5729 ι
2080 5695 2347 5762 εῖδει-,ᾳ
2367 5705 2475 5762 Mss,
2503 5705 2555 5745 At
2586 5695 2720 5745 vind.
2749 5705 2848 5746 Am.
2883 5705 2935 5746 et
2957 5705 3088 5756 I.ov.,
3113 5708 3257 5760 quam
3274 5698 3542 5762 potentissi-

1959 5771 2046 5832 mal
2063 5765 2148 5832 est,
2179 5757 2330 5832 diuini
2347 5756 2564 5832 Spiritum
2588 5765 2682 5808 etc.
2731 5821 2740 5832 Ι
3053 5821 3098 5832 m
3126 5756 3202 5832 ’Μ
3428 5821 3460 5832 Α

2028 5819 2099 5880 (α)
2123 5821 2252 5870 Conf.
2280 5819 2418 5870 lib.’-l=
2441 5821 2502 5870 de
2540 5829 2658 5870 (:en.
2685 5821 2741 5870 ad
2779 5821 2903 5882 t.itt.,
2931 5835 3012 5871 nn.
3040 5821 3117 5881 49,
3142 5819 3233 5880 5ος
3263 5819 3370 5870 vide
3396 5821 3540 5870 etiam

1962 5893 2066 5943 cap.
2093 5894 2200 5945 seq.
2217 5919 2230 5928 _
