4064 6470
277 409 342 462 77
1615 419 1809 476 LIBER

1924 423 2174 480 ZCiMUS.
3418 443 3528 502 9.78

1227 625 1714 736 LIBER
1797 599 2009 743 DE
2021 569 2544 752 omisi

289 807 336 874 In
359 801 620 898 quandocet
653 805 957 898 Ἀυὲςιιδιξηιιε
987 807 1201 898 ditilnulm
1225 809 1480 884 honorem,
1504 813 1762 898 qtiidaltria.‘
1795 815 1954 890 cultus
1970 821 2144 898 dicitur
2171 831 2218 871 et
2255 825 2497 898 sacriﬁciis
2527 831 2702 898 agitur,
2731 831 2857 898 nolle
2885 837 3089 898 Angelos
3111 839 3264 889 bows
3295 841 3521 892 exhiberi

289 877 314 898 il
340 877 420 898 Ill“
485 877 546 898 nn
587 877 664 898 nm
693 881 722 898 η
775 881 862 898 Inui
886 880 1082 898 cru-run:
1189 883 1216 898 η
1237 885 1468 898 ιιιιιηηιιιιη
1493 887 1546 898 δ..
1571 889 1648 898 “..-
1674 891 1697 898 ..
1719 891 1773 898 -.Α
1793 893 1866 898 ----
1895 894 2039 898 -ν----η-
2066 897 2073 898 ,
2126 897 2129 898 ,
2188 897 2196 898 κ

1805 865 1815 866 κ
1864 865 1949 868 ην,
1974 865 2133 870 ---,-----
2174 865 2218 871 ν-
2255 865 2497 876 ..πυ-...νην
2527 865 2552 874 υ-
2593 865 2673 876 ιι.-ιι
2731 865 2857 880 unum
2885 865 2910 879 ιι
2956 865 2976 870 ·’
3005 865 3014 867 “
3065 875 3076 885 α
3181 881 3184 884 .
3231 865 3236 882 Ι
3313 865 3336 888 Ζ.
3463 865 3478 890 ,τ

231 865 314 912 nisi
340 867 420 912 uni
447 871 566 924 Deo,
587 867 666 914 cui
693 865 751 914 et
774 868 862 927 ipsi
885 871 1122 918 serviunt.
1151 879 1216 919 De
1235 865 1477 934 principio
1492 865 1698 926 subinde
1719 891 1774 928 ae
1793 880 1870 928 via
1894 883 2156 946 purgandte
2180 897 2236 934 ac
2261 885 2524 938 liberanda:
2547 867 2718 940 deum
2741 865 3492 964 eam:Qiﬁiﬁirii‘ﬁﬁimiiiiiitf

1685 987 2106 1032 -Η-δθσοεε-ς-ο-

237 539 544 556 w—

231 1089 450 1146 CAPUT
490 1091 778 1150 PRIMUM.
808 1125 880 1135 —-
931 1096 1106 1150 Veram
1138 1097 1492 1154 beatitudinem
1520 1103 1620 1156 sive
1649 1103 1815 1176 Auge-

294 1183 389 1244 lis,
419 1184 526 1236 siue
567 1185 876 1251 hominibus,
909 1205 1000 1256 per
1037 1205 1193 1242 unum
1243 1189 1402 1244 Deum
1451 1193 1634 1256 tribui,
1665 1196 1818 1248 etiam

296 1273 596 1329 Platonicos
623 1277 861 1346 tle/inisse
878 1295 896 1332 :
913 1281 999 1332 sed
1021 1289 1188 1334 utrum
1211 1284 1283 1350 Iri,
1304 1301 1428 1354 quos
1456 1285 1514 1338 ob
1539 1287 1632 1340 hoc
1653 1293 1819 1358 ipsum

293 1368 530 1421 colendos
557 1379 760 1439 pulum,
795 1373 883 1424 uni
909 1383 1102 1426 (nulum
1129 1373 1259 1441 Deo,
1285 1393 1348 1430 an
1377 1378 1526 1431 etimit
1549 1379 1643 1432 sibi
1670 1383 1818 1434 sacri-

291 1458 436 1524 ﬁcari
463 1459 644 1526 edint,
674 1477 780 1514 esse
804 1463 1150 1531 qmcrcudum.

293 1570 342 1622 Ι.
383 1570 640 1625 Omnium
663 1582 808 1626 certa
834 1575 1098 1628 sententia
1121 1585 1224 1642 est,
1251 1577 1338 1646 qui
1371 1580 1576 1634 ratione
1603 1595 1818 1652 quoquo

227 1659 378 1714 modo
408 1662 484 1714 uti
521 1672 771 1730 possunt,
808 1665 992 1720 beatos
1021 1681 1142 1722 esse
1169 1683 1356 1724 omnes
1387 1669 1632 1726 homines
1658 1674 1812 1730 velle.

227 1750 318 1817 Qui
343 1759 526 1806 autem
555 1754 689 1820 sint,
721 1756 802 1810 vel
833 1756 974 1812 unde
1007 1759 1150 1824 ﬁant,
1181 1758 1307 1814 dum
1337 1763 1642 1818 mortalium
1665 1781 1816 1835 qua:-

227 1845 288 1900 rit
313 1845 600 1902 inﬁrmitas
619 1890 634 1912 ,
664 1850 850 1904 multa:
877 1865 1190 1924 magnzeque
1219 1857 1606 1912 controversia:
1633 1860 1816 1914 conci-

227 1943 340 1990 tata:
375 1949 542 2006 sunt,
575 1940 628 1993 in
659 1940 854 2010 quibus
899 1943 1198 2014 philosotihi
1247 1961 1346 2000 sua
1393 1947 1569 2004 studia
1613 1959 1668 2004 et
1710 1951 1814 2006 otia

225 2029 618 2096 contriverunt;
651 2045 784 2101 quas
811 2033 864 2088 in
899 2034 1131 2090 medium
1159 2035 1427 2094 adducere
1454 2047 1614 2110 atque
1643 2040 1814 2097 discu-

229 2130 350 2190 tere,
371 2132 430 2178 et
455 2125 674 2194 longum
703 2134 808 2196 est,
833 2137 882 2184 et
915 2143 1018 2184 non
1049 2132 1434 2187 necessarium.
1463 2132 1518 2188 Si
1545 2135 1690 2188 enim
1721 2149 1810 2190 re-

225 2214 342 2268 colit
365 2215 458 2284 qui
489 2216 606 2271 hare
633 2217 796 2288 legit,
824 2220 950 2289 quid
993 2220 1044 2274 in
1089 2221 1225 2276 libro
1247 2223 1516 2293 egerimus
1541 2235 1730 2281 octavo
1761 2226 1812 2280 in

223 2304 474 2375 eligendis
501 2307 860 2380 philosophis,
889 2325 1010 2366 cum
1041 2313 1374 2382 quibus‘lnec
1401 2315 1468 2370 de
1495 2315 1650 2372 beata
1681 2317 1808 2384 vita,

225 2411 330 2466 qua:
375 2407 501 2468 post
545 2410 772 2454 mortem
823 2401 998 2456 futura
1043 2415 1160 2468 est,
1197 2407 1423 2475 qumstio
1469 2417 1808 2474 tractaretur,

226 2497 386 2542 utrum
416 2489 486 2544 ad
517 2505 636 2544 eam
671 2492 758 2546 uni
795 2492 904 2548 Deo
931 2509 1060 2548 vero
1081 2536 1096 2560 ,
1127 2495 1216 2562 qui
1259 2496 1418 2552 etiam
1457 2509 1542 2552 est
1587 2499 1811 2556 deorum

225 2578 456 2647 etl‘ector,
479 2597 550 2634 an
581 2581 829 2651 plurimis
855 2583 958 2638 diis
987 2585 1245 2656 religione
1273 2588 1549 2660 sacrisque
1575 2591 1813 2646 servien-

225 2668 306 2737 do,
331 2671 618 2742 pervenire
649 2673 948 2742 possimus;
995 2677 1282 2732 nonetiam
1310 2678 1398 2734 hic
1425 2679 1613 2736 eadem
1641 2683 1810 2752 repeti

223 2771 522 2830 exspectat,
555 2766 856 2834 praesertim
884 2780 1004 2822 cum
1049 2769 1218 2838 possit
1247 2769 1566 2840 relegendo,
1599 2773 1642 2828 si
1675 2774 1813 2830 forte

226 2851 408 2908 oblitus
433 2860 535 2918 est,
567 2853 940 2912 adminiculari
967 2859 982 2888 ¹
1008 2859 1344 2916 memoriam.
1373 2861 1644 2934 Elegimus
1666 2865 1808 2920 enim

225 2939 522 2999 Platonicos
564 2947 806 3002 omnium
845 2948 1292 3020 philosophorum
1321 2954 1513 3008 merito
1537 2955 1810 3012 nobilissi-

225 3051 332 3092 mos
355 3055 370 3091 :
397 3047 685 3108 pr0pterea
707 3081 720 3104 ,
745 3041 864 3110 quia
891 3041 1030 3096 sicut
1055 3044 1074 3073 '
1103 3058 1292 3113 sapere
1319 3053 1612 3114 potuerunt
1633 3085 1649 3112 ,
1681 3047 1808 3102 licet

225 3127 576 3184 immortalem
599 3145 662 3186 ac
683 3133 998 3188 rationalem
1023 3135 1102 3188 vel
1131 3135 1545 3214 intellectualem
1575 3137 1808 3193 hominis

223 3219 444 3274 animam
475 3263 492 3288 ,
521 3221 624 3276 nisi
655 3222 973 3294 participato
1001 3225 1202 3282 lumine
1231 3225 1372 3284 illius
1409 3227 1501 3284 Dei
1523 3269 1538 3296 ,
1565 3244 1594 3284 a
1622 3243 1728 3300 quo
1757 3240 1812 3286 et

223 3308 321 3379 ipsa
352 3318 410 3366 et
437 3313 672 3370 mundus
699 3314 869 3372 factus
898 3325 1012 3383 cst,
1049 3319 1260 3375 beatam
1302 3335 1422 3378 esse
1465 3338 1570 3377 non
1613 3339 1806 3394 posse;

225 3399 290 3454 ita
314 3403 444 3458 illud
472 3407 616 3476 quod
649 3421 841 3464 omnes
871 3409 1116 3466 homines
1143 3422 1422 3484 appetunt,
1455 3415 1504 3471 id
1537 3428 1622 3472 est
1646 3419 1806 3474 vitam

225 3491 448 3562 beatam,
479 3513 804 3571 quemquam
831 3501 916 3556 isti
939 3512 1308 3560 assecuturum
1335 3517 1554 3576 negant,
1583 3511 1670 3580 qui
1703 3527 1807 3564 non

224 3585 294 3640 illi
319 3590 410 3644 uni
435 3590 666 3660 optimo,
690 3593 780 3662 qui
801 3605 889 3650 est
909 3595 1363 3653 incommutabilis
1393 3599 1556 3666 Deus,
1580 3602 1810 3672 puritate

221 3681 344 3734 casti
377 3683 582 3738 amoris
607 3683 918 3741 adhaeserit.
945 3687 1050 3744 Sed
1075 3689 1198 3760 quia
1228 3689 1330 3760 ipsi
1351 3707 1564 3762 quoque
1585 3693 1698 3748 sive
1723 3708 1812 3748 cc-

223 3771 404 3827 dentes
430 3775 650 3829 vanitati
675 3778 952 3848 errorique
977 3781 1316 3849 populorum,
1337 3783 1472 3849 sive,
1499 3793 1555 3838 ut
1577 3785 1654 3838 ait
1674 3785 1810 3854 Apo-

223 3862 418 3932 stolus,
448 3879 832 3924 evanescentes
873 3869 928 3926 in
968 3872 1382 3942 cogitationibus
1409 3877 1520 3930 suis
1547 3875 1722 3946 (Itoni.
1753 3893 1806 3942 ι,

223 3949 340 4023 2|),
367 3956 570 4012 multos
597 3958 728 4014 deos
754 3959 1014 4016 colendos
1044 3963 1114 4016 ita
1145 3972 1499 4036 putaverunt,
1523 3968 1608 4022 vel
1637 3971 1809 4038 putari

223 4046 532 4114 voluerunt,
565 4059 624 4106 ιιι
649 4052 862 4121 quidam
894 4071 1080 4110 eorum
1113 4059 1274 4112 etiam
1305 4059 1642 4116 dmmonibns
1670 4061 1809 4116 divi-

221 4151 314 4192 nos
359 4137 596 4196 honores
643 4158 918 4200 sacrorum
965 4157 1020 4202 et
1063 4147 1448 4206 sacriﬁciorum
1489 4152 1808 4209 deferendos

221 4241 656 4300 essecenserent,
675 4235 868 4304 quibus
885 4235 994 4306 jam
1017 4253 1124 4293 non
1154 4254 1312 4308 parva
1334 4257 1398 4296 ex
1421 4251 1570 4314 parte
1595 4259 1810 4316 respou-

221 4317 392 4376 dimus
418 4343 432 4378 :
458 4339 602 4379 nunc
629 4325 918 4382 videndum
945 4344 1010 4384 ac
1033 4329 1404 4388 disserendum
1427 4345 1529 4402 est,
1552 4347 1806 4406 quantum

222 4410 358 4468 Dens
385 4415 579 4482 donat,
613 4417 944 4476 immortales
974 4437 1038 4476 ac
1067 4423 1208 4478 beati
1239 4423 1291 4478 in
1323 4426 1632 4484 cmicstibus
1663 4429 1808 4484 sedi-

221 4499 340 4568 bus,
361 4501 843 4588 dominationibus,
873 4512 1282 4584 principatibus,
1310 4518 1662 4586 potestatibus
1681 4535 1810 4576 con-

219 4593 384 4650 stituti
405 4638 420 4658 ,
457 4613 593 4667 quos
621 4600 707 4655 isti
737 4599 887 4667 deos,
911 4613 968 4658 et
991 4621 1056 4660 ex
1083 4607 1278 4676 quibus
1305 4609 1564 4678 quosdam
1597 4612 1676 4666 vel
1707 4613 1806 4668 bo-

220 4699 314 4740 nos
341 4687 638 4758 dtemones,
661 4692 748 4746 vel
777 4693 1056 4752 nobiscum
1083 4699 1315 4770 Angelos
1345 4703 1644 4770 nominant,
1669 4721 1805 4775 quo-

221 4775 378 4832 modo
397 4779 654 4836 credendi
677 4783 782 4838 sint
803 4786 941 4842 velle
961 4803 989 4840 a
1011 4789 1165 4844 nobis
1189 4791 1500 4862 religionem
1529 4795 1807 4864 pietatem-

219 4884 320 4938 que
346 4875 583 4940 servari;
617 4875 720 4932 hoc
749 4887 852 4946 est,
885 4887 940 4934 ut
969 4883 1205 4952 apertius
1228 4883 1424 4954 dicam,
1447 4896 1624 4942 utrum
1647 4889 1806 4944 etiam

217 4963 314 5017 sibi
341 5005 357 5030 ,
389 4979 458 5018 an
489 4976 700 5023 tantum
735 4971 846 5026 Deo
869 4987 968 5028 suo
989 5015 1004 5042 ,
1037 4976 1126 5046 qui
1156 4977 1318 5032 ctiam
1348 4990 1532 5036 noster
1559 4990 1662 5049 est,
1691 4984 1806 5053 pla-

215 5063 334 5108 ceat
362 5055 440 5110 eis
469 5067 528 5111 ut
551 5072 704 5114 sacra
735 5060 990 5120 iaciamus
1019 5077 1072 5121 et
1101 5069 1487 5140 sacrificemus,
1522 5073 1604 5128 vel
1633 5075 1808 5146 aliqua

216 5155 402 5202 nostra
431 5164 528 5204 seu
559 5167 660 5206 nos
687 5154 833 5223 ipsos
863 5158 1136 5230 religionis
1163 5163 1353 5220 ritibus
1379 5181 1780 5226 consecremus.

279 5237 341 5293 9..
371 5241 470 5297 Hic
499 5254 584 5300 est
606 5249 750 5302 enim
776 5249 1041 5308 divinitati
1066 5255 1148 5310 vel
1173 5297 1190 5322 ,
1221 5258 1265 5311 si
1291 5260 1598 5328 expressius
1624 5261 1808 5318 dicen-

213 5329 342 5386 dum
362 5345 462 5402 est,
479 5336 662 5394 deitati
675 5340 882 5397 debitus
901 5345 1098 5414 cultus,
1115 5358 1330 5418 propter
1347 5365 1504 5421 quem
1524 5369 1630 5408 uno
1647 5356 1810 5411 verbo

211 5423 644 5496 signiﬁcandum,
663 5433 914 5502 quoniam
937 5437 1066 5490 mihi
1088 5439 1217 5494 satis
1237 5440 1484 5496 idoneum
1509 5460 1614 5498 non
1633 5459 1812 5500 oecur-

209 5513 280 5568 rit
299 5515 550 5586 latinum,
582 5537 762 5591 grteco
785 5525 876 5580 ubi
901 5542 1122 5584 necesse
1152 5539 1232 5585 est
1259 5531 1471 5588 insinuo
1497 5535 1622 5603 quid
1654 5537 1807 5592 velim

273 5627 292 5702 ξ
331 5627 502 5702 flores
521 5639 660 5702 _Mss._,
685 5635 938 5702 adjuvare.
961 5641 1110 5690 Nostri
1131 5651 1254 5702 Mss.,
1273 5643 1644 5696 adminiculum.
1715 5655 1768 5696 Μ.

267 5690 292 5766 ξ
331 5694 582 5766 aedicula,
605 5690 910 5766 sicutfabest
932 5714 959 5749 τι
983 5690 1652 5766 manuscriptis,etalt'editis
1673 5690 1807 5760 Vind.

343 5757 669 5840 Ff—LAbest
714 5761 859 5808 etiam
877 5775 917 5840 Ia
954 5766 1131 5814 nostris
1171 5757 1527 5840 manuscriptis,
1561 5757 1668 5840 cum

203 5825 306 5894 gap
337 5813 632 5894 elocutionis
675 5823 949 5894 commodo;
991 5813 1808 5894 sequens,iitursic'aecipiendum

209 5881 284 5924 est
317 5887 376 5925 ac
397 5880 440 5928 si
472 5879 700 5941 dixisset,
725 5879 945 5945 proinde.
1025 5879 1080 5936 ΜΣ

1095 551 2272 578 ————.__.____.___________

1929 1110 2126 1168 dicere.
2161 1123 2392 1188 Λατμάν
2421 1119 2615 1189 quippe
2651 1125 2842 1188 nostri,
2875 1127 3196 1200 ubicumque
3222 1147 3520 1192 sanctarum

1927 1199 2314 1270 Scripturarutn
2331 1209 2556 1276 positum
2573 1219 2674 1276 cst,
2693 1213 3022 1286 interpretati
3041 1199 3162 1274 sunt
3177 1221 3520 1284 Set-vitalem.

1925 1289 2027 1346 Sed
2064 1309 2122 1348 ea
2173 1299 2401 1354 servitus
2422 1343 2436 1367 ,
2469 1317 2587 1372 qua!
2613 1303 2836 1360 debetur
2863 1308 3200 1382 hominibus,
3231 1305 3520 1374 secundum

1926 1401 2082 1456 quam
2107 1391 2343 1460 prurcipit
2365 1395 2670 1464 Apostolus,
2697 1413 2881 1454 servos
2893 1399 3122 1458 dominis
3143 1407 3253 1462 suis
3277 1409 3519 1468 subditos

1923 1493 2045 1534 esse
2073 1479 2270 1538 debere
2299 1485 2314 1554 (
2343 1483 2534 1554 Ephes.
2567 1503 2616 1542 Vt
2638 1531 2652 1558 ,
2678 1487 2782 1562 5),
2811 1492 2916 1547 alio
2947 1497 3162 1552 nomine
3189 1514 3361 1568 gratce
3387 1518 3522 1558 nuu-

1925 1571 2104 1638 cupari
2135 1575 2270 1628 solet
2299 1575 2372 1647 (α)
2405 1595 2416 1630 :
2450 1585 2642 1650 λατρεία
2673 1597 2800 1636 vero
2838 1586 3130 1640 secundum
3172 1593 3518 1648 consuetudi-

1926 1677 2048 1716 nem
2075 1680 2174 1734 qua
2223 1666 2382 1724 locuti
2413 1683 2536 1725 sunt
2567 1674 2652 1742 qui
2697 1675 2850 1731 nobis
2871 1676 3048 1734 divina
3080 1681 3290 1752 eloquia
3321 1685 3511 1740 condio

1924 1753 2136 1818 derunt,
2170 1767 2259 1812 aut
2289 1775 2520 1832 semper,
2543 1775 2632 1818 aut
2655 1775 2760 1820 tam
2789 1767 3095 1839 frequenter
3125 1783 3184 1828 ut
3211 1789 3347 1844 pene
3376 1793 3520 1834 sem-

1925 1861 2037 1914 per,
2071 1863 2130 1904 ea
2173 1849 2372 1910 dicitur
2409 1859 2638 1912 servitus
2677 1875 2792 1930 qua:
2838 1865 3069 1932 pertinet
3115 1867 3182 1923 ad
3229 1871 3514 1928 colendum

1925 1937 2112 1992 Deum.
2163 1941 2397 2001 Proinde
2435 1949 2478 2002 si
2515 1954 2886 2008 tantummodo
2912 1955 3101 2014 Cultus
3143 1961 3256 2030 ipse
3284 1963 3516 2030 dicatur,

1923 2045 2028 2086 non
2075 2034 2173 2088 soli
2221 2035 2330 2092 Deo
2369 2037 2550 2094 deberi
2597 2042 2824 2098 videtur.
2877 2045 3112 2104 Dicimur
3159 2053 3302 2108 enim
3341 2056 3520 2112 colere

1921 2123 2080 2176 etiam
2113 2124 2378 2196 homines,
2407 2147 2540 2200 quos
2579 2134 2870 2190 honoriﬁca
2911 2140 2992 2194 vel
3025 2143 3398 2202 recordatione
3429 2149 3510 2204 vel

1922 2217 2202 2283 praesentia
2225 2217 2644 2290 frequentamus.
2671 2227 2776 2282 Nec
2803 2230 2974 2284 solum
2999 2247 3060 2288 ea
3087 2235 3280 2304 quibus
3307 2254 3404 2294 nos
3425 2255 3512 2296 rc-

1921 2303 2104 2374 ligiosa
2137 2307 2434 2368 humilitate
2463 2316 2792 2386 subjicimus,
2821 2321 2913 2376 sed
2940 2303 3182 2392 qtuedam
3211 2329 3372 2384 etiam
3395 2347 3516 2402 qua:

1920 2396 2156 2468 subjecta
2207 2411 2330 2456 sunt
2377 2405 2532 2460 nobis
2555 2449 2570 2474 ,
2614 2409 2716 2462 coli
2763 2413 3126 2480 perhibentur.
3157 2419 3288 2474 Nam
3319 2437 3382 2478 ex
3413 2396 3517 2480 hoc

1921 2489 2084 2544 verbo
2124 2499 2178 2546 et
2217 2494 2463 2564 agricolae
2501 2507 2556 2552 et
2595 2499 2770 2554 coloni
2815 2511 2870 2557 et
2910 2503 3096 2562 incolae
3131 2522 3428 2568 vocantur:
3462 2527 3516 2570 et

1921 2576 2064 2647 ipsos
2087 2579 2215 2634 deos
2241 2599 2344 2638 non
2373 2587 2442 2641 ob
2470 2587 2612 2642 aliud
2635 2591 2905 2658 appellant
2926 2595 3216 2666 cmlieolas,
3249 2601 3348 2656 nisi
3369 2605 3508 2672 quod

1918 2671 2108 2724 coelum
2141 2673 2352 2740 colant;
2403 2692 2508 2732 non
2551 2681 2732 2750 utique
2773 2687 3112 2754 venerando,
3165 2691 3260 2746 sed
3303 2671 3515 2750 inhabi--

1919 2761 2112 2829 tando;
2145 2772 2394 2835 tanquam
2438 2769 2556 2824 cceli
2598 2773 2856 2841 quosdam
2907 2777 3174 2836 colonos:
3225 2797 3330 2838 non
3377 2786 3516 2842 sicut

1917 2852 2251 2922 appellantur
2266 2857 2558 2931 coloui,qui
2575 2863 2934 2920 conditionem
2954 2867 3150 2926 debent
3163 2873 3380 2943 genitali
3397 2878 3514 2932 solo

1919 2957 2134 3016 propter
2161 2950 2536 3020 agriculturam
2581 2957 2681 3012 sub
2720 2959 2956 3014 dominio
2989 2980 3362 3034 possessorum
3394 2969 3467 3044 (ὁ)
3495 2990 3508 3038 ;

1915 3037 2008 3092 sed
2029 3079 2044 3103 ,
2073 3041 2212 3096 sicut
2236 3043 2310 3098 ait
2337 3045 2554 3115 quidam
2585 3047 2732 3106 latini
2758 3053 2952 3124 eloquii
2983 3071 3204 3128 magnus
3227 3037 3433 3126 auctor,

2131 3153 2249 3203 Urbs
2267 3155 2464 3220 antiqua
2480 3157 2586 3220 fuit,
2607 3161 2732 3224 Tyrii
2759 3168 2970 3213 tenuere
2991 3165 3166 3216 coloni.

2596 3221 2757 3285 (Virg.
3001 3225 3035 3276 ι.
3065 3229 3109 3288 1,
3135 3241 3176 3278 υ.
3207 3229 3305 3295 12.)

1915 3315 1998 3369 Ab
2047 3315 2328 3375 incolendo
2371 3323 2514 3376 enim
2553 3323 2776 3380 colonos
2805 3329 3064 3397 _vocavit,
3117 3347 3221 3386 non
3268 3335 3336 3390 ab
3361 3339 3506 3406 agri-

1915 3409 2144 3464 cultura.
2177 3409 2310 3466 lliuc
2331 3423 2384 3468 et
2407 3414 2649 3470 civitates
2677 3431 2707 3470 a
2735 3417 3028 3488 majoribus
3059 3423 3364 3482 civitatibus
3393 3431 3502 3484 vel—

1915 3511 1974 3554 ttt
2017 3504 2330 3572 populorum
2376 3509 2712 3564 examinibus
2774 3513 3003 3568 conditae
3031 3557 3045 3580 ,
3092 3517 3318 3575 colonia:
3363 3538 3508 3576 nun-

1915 3603 2196 3662 cupautur.
2225 3601 2302 3650 Ac
2329 3613 2424 3666 per
2451 3599 2552 3654 hoc
2581 3601 2782 3656 cultum
2808 3605 3026 3674 quidem
3063 3623 3166 3662 non
3195 3611 3374 3668 deberi
3405 3617 3505 3670 nisi

1917 3681 2026 3738 Deo
2054 3726 2068 3752 ,
2111 3687 2322 3756 prepria
2362 3689 2588 3758 quadam
2634 3693 2851 3750 notione
2899 3697 3046 3751 verbi
3093 3697 3248 3769 hujus
3290 3705 3508 3762 omnino

1917 3779 2250 3834 verissimum
2291 3791 2374 3836 est
2407 3799 2420 3836 :
2455 3784 2550 3838 sed
2593 3785 2714 3854 quia
2752 3797 2806 3841 et
2831 3788 3052 3844 aliarum
3099 3808 3276 3848 rerum
3315 3796 3508 3852 dicitur

1915 3869 2088 3924 cultus
2115 3913 2127 3935 ,
2171 3871 2294 3927 ideo
2323 3872 2488 3930 latine
2528 3891 2634 3932 uno
2663 3879 2826 3934 verbo
2871 3882 3160 3952 signiﬁcari
3190 3889 3365 3944 cultus
3397 3889 3508 3947 Deo

1913 3960 2124 4018 debitus
2153 3977 2258 4018 non
2288 3973 2484 4035 potest.

1975 4057 2029 4112 5.
2049 4055 2182 4112 Nam
2199 4067 2248 4114 et
2269 4058 2382 4130 ipsa
2401 4060 2608 4132 Religio
2625 4065 2867 4133 quamvis
2885 4064 3184 4124 distinctius
3201 4085 3306 4126 non
3321 4087 3478 4142 quem
3491 4105 3507 4114 -

1915 4148 2042 4204 libet
2068 4191 2081 4217 ,
2111 4151 2204 4206 sed
2233 4151 2324 4206 Dei
2351 4153 2551 4208 eultutn
2581 4154 2884 4224 signiﬁcare
2912 4158 3156 4215 videatur
3181 4175 3196 4228 ;
3229 4163 3376 4220 unde
3405 4165 3507 4220 isto

1915 4242 2134 4296 nomine
2150 4242 2480 4314 interpretati
2501 4255 2623 4300 sunt
2649 4248 2815 4302 nostri
2841 4263 2959 4304 eam
2979 4265 3097 4320 qum
3115 4268 3270 4322 grcce
3289 4263 3507 4326 θρησκεία

1915 4333 2106 4389 dicitur
2127 4335 2200 4406 (ε)
2228 4353 2242 4389 :
2279 4347 2454 4394 tamen
2479 4340 2600 4410 quia
2627 4341 2788 4397 latina
2813 4342 3062 4414 loquendi
3090 4357 3350 4405 consuetu
3373 4351 3502 4417 line,

1915 4437 2020 4480 non
2047 4426 2414 4498 imperitorum
2447 4430 2464 4462 ⁸
2487 4471 2502 4497 ,
2533 4445 2722 4486 verum
2751 4433 2912 4488 etiam
2953 4434 3416 4507 doctissimorum,
3451 4450 3506 4495 et

1979 4563 2002 4634 ι·
2033 4562 2169 4634 editi,
2195 4574 2290 4614 non
2323 4561 2477 4616 solum
2499 4565 2848 4629 imperitorum.
2893 4567 3055 4632 Abest,
3081 4571 3252 4634 solum,
3276 4585 3305 4624 a
3335 4589 3506 4628 manu-

1911 4623 2119 4674 scriptis.

1977 4637 2260 4748 (2))utsvempe
2295 4685 2504 4760 doulcia,
2533 4694 2588 4760 ut
2611 4689 2662 4760 in
2695 4701 2758 4742 eo
2781 4703 2938 4760 quem
2970 4707 3116 4756 supra
3153 4697 3270 4748 citat
3299 4700 3505 4760 Apostoli

1913 4748 1928 4798 l
1951 4747 2040 4806 tuo,
2069 4747 2232 4820 grtece
2259 4747 2424 4828 ςδιζοὶ
2455 4749 2638 4828 unum;
2665 4747 2820 4828 seret}:
2847 4747 3053 4828 tdip_sun:t
3081 4747 3504 4828 lassimoliservat

1914 4811 2203 4871 Augustinus
2227 4824 2240 4860 :
2267 4813 2316 4858 in
2339 4812 2552 4882 Exedunt
2569 4819 2744 4882 quaest.
2761 4813 2855 4882 945
2884 4811 3136 4876 «'Douleiu,
3162 4821 3332 4882 inquit,
3349 4811 3504 4870 debeé

1919 4891 1942 4918 α
1969 4869 2044 4922 tur
2070 4879 2168 4920 l)eo
2191 4879 2418 4934 tanquam
2447 4869 2662 4935 Domino,
2707 4873 2882 4926 latrct'u
2903 4891 3022 4928 vero
3063 4869 3250 4930 nonnisi
3275 4869 3372 4930 nco
3396 4869 3502 4931 tan-

1921 4953 1940 4980 ε
1965 4947 2108 4997 quam
2131 4941 2249 5000 Deo.
2265 4942 2436 5000 altera
2460 4937 2509 4984 in
2530 4943 2648 5000 Gt‘n.
2669 4947 2844 5000 (1111881.
2868 4938 2947 4998 61.
2974 4949 3024 4990 et
3052 4943 3100 4990 in
3145 4943 3229 4992 lib.
3259 4943 3317 4992 l5
3337 4951 3502 4994 contra

1912 4995 2090 5062 Faustq
2115 5009 2163 5044 ιι.
2181 4997 2238 5058 9;
2265 4995 2352 5045 lib.
2378 4997 2608 5062 $0,".21
2632 5015 2646 5060 ;
2673 4995 2720 5048 in
2741 5001 2884 5062 epist.
2927 4995 3031 5060 {02,
3057 5015 3108 5051 n.
3133 5003 3210 5061 20,
3237 5011 3289 5054 et
3306 5003 3437 5053 alibi.

1976 5059 2196 5138 (bLttgec
2235 5072 2332 5138 vox
2373 5073 2500 5138 _nott_
2521 5059 2726 5138 l‘ttit_’in_
2885 5059 3025 5138 apud
3056 5059 3259 5138 veteres
3295 5073 3503 5138 (iratos.

1919 5118 2201 5172 Z’tréskcian
2223 5121 2460 5171 describit
2483 5123 2584 5172 Div.
2603 5123 2765 5174 Jacobi
2779 5118 3000 5231 ripis-teli,
3021 5137 3126 5187 cap.
3155 5127 3198 5185 1,
3225 5127 3274 5189 ἃ.
3300 5126 3378 5178 ‘27.

2795 5199 2958 5231 ARCHE
2995 5221 3007 5231 .

2795 5199 2986 5234 ARCHER
2995 5221 3007 5232 .

1977 5243 2048 5308 (c)
2085 5243 2345 5309 Sophocles
2369 5247 2418 5295 in
2439 5244 2722 5306 Philocteta,
2739 5259 2872 5296 vers.
2901 5245 3167 5296 1440-1444
3193 5263 3205 5297 :

2227 5368 2240 5383 .
2285 5371 2300 5386 .
2347 5371 2360 5385 .
2403 5337 2557 5385 Τοῦτο
2583 5321 2616 5382 δ¹
2649 5322 2849 5384 ἐννοεῖσθ’
2896 5367 2909 5380 .
2957 5367 2970 5381 .
3015 5367 3030 5382 .

2166 5440 2180 5456 .
2227 5439 2242 5454 .
2287 5441 2300 5454 .
2345 5439 2360 5454 .
2404 5439 2418 5454 .
2464 5438 2478 5453 .
2505 5407 2778 5472 cbo-certare}:
2803 5409 2913 5472 πρὸς
2933 5406 3076 5464 θεοὺς.

2093 5467 2158 5534 ὸς
2182 5477 2336 5525 τᾶλλα
2362 5479 2515 5526 πάντα
2543 5469 2714 5542 asia-reﬂ
2746 5479 2929 5536 ἡγεῖται
2951 5487 3111 5544 πατὴρ

2093 5549 2224 5605 Ζεύς’
2254 5547 2307 5596 οὗ
2339 5549 2427 5613 γὰρ
2449 5547 2668 5601 ηὑσέϐεια
2688 5551 2948 5600 συνθνγξσκει
2973 5553 3184 5614 βροτῦῖς,

2093 5620 2198 5668 Κάν
2224 5614 2359 5678 ςῶτι,
2384 5617 2469 5666 κᾶν
2494 5619 2706 5678 Otii-etne,
2730 5615 2810 5666 οὐκ
2830 5614 3118 5668 ἀπόλλυται.

1918 5708 1963 5756 td
1991 5715 2066 5756 est
2092 5721 2102 5754 :
2127 5713 2222 5754 Itoc
2239 5712 2409 5770 autem
2429 5705 2815 5770 memineritis...
2825 5711 2880 5754 ut
2893 5706 3128 5770 pietatem
3153 5721 3268 5770 erga
3290 5710 3411 5760 deos
3431 5723 3498 5760 er.

1917 5769 2052 5828 latis;
2075 5769 2184 5816 huic
2209 5767 2339 5816 enim
2351 5765 2442 5813 alia
2460 5767 2620 5813 omnia
2643 5765 2910 5838 posteriora
2949 5767 3082 5818 ducit
3111 5765 3249 5840 pater
3275 5774 3458 5879 .Iu‘itcr
3488 5789 3496 5820 :

1918 5833 2098 5879 unione
2124 5831 2280 5879 pietas
2313 5827 2436 5875 haud
2459 5839 2552 5874 una
2577 5839 2688 5874 cum
2729 5827 3002 5877 hominibus
3035 5831 3243 5879 occulit:
3267 5845 3340 5879 set
3361 5869 3373 5879 .
3413 5845 3496 5879 seu

1918 5827 2098 5892 quippe
2124 5831 2280 5890 pietas
2313 5827 2436 5902 haud
2459 5839 2552 5902 una
2577 5839 2688 5902 cum
2729 5827 3002 5877 hominibus
3035 5827 3243 5902 occidit;
3267 5827 3373 5890 sed,
3413 5845 3500 5882 seu

1919 5889 2098 5954 vivant,
2126 5889 2222 5940 seu
2246 5889 2420 5938 mortui
2444 5889 2555 5949 sint,
2573 5889 2676 5950 ipsa
2695 5902 2939 5952 nunquam
2969 5891 3114 5953 perit.
3139 5889 3372 5944 Lartem-zu.
