4064 6480
508 391 613 450 279

512 504 916 579 cognationibus
945 501 1194 559 humanis
1220 509 1380 572 atque
1422 498 1770 554 afﬁnitatibus
1797 506 1852 551 et
1879 494 2102 565 quibus-

513 616 618 672 que
646 596 1127 655 necessitudinibus
1169 594 1365 650 dicitur
1406 591 1706 649 exhibenda
1743 589 1968 658 religio;
1999 601 2106 640 non

516 706 584 748 eo
609 690 868 746 vocabulo
897 689 1094 742 vitatur
1121 685 1449 756 ambiguum,
1477 700 1597 738 cum
1628 683 1697 737 de
1725 682 1868 736 cultu
1894 679 2113 734 deitatis

519 783 747 840 vertitur
772 778 1024 851 qumstio,
1057 786 1113 832 ut
1129 776 1355 832 ﬁdenter
1375 777 1553 831 dicere
1576 773 1865 838 valeamus,
1889 769 2104 840 religio-

519 889 641 930 nem
664 889 769 928 non
791 885 909 927 esse
926 870 1028 926 nisi
1043 869 1135 926 Dei
1151 871 1375 933 cultum;
1388 867 1639 938 quoniam
1654 863 1862 919 videtur
1879 862 1979 917 hoc
1995 876 2111 916 ver-

518 968 643 1024 bum
663 979 692 1020 a
709 963 1053 1036 signiﬁcanda
1075 961 1410 1020 observantia
1434 957 1842 1032 propinquitatis
1865 955 2110 1010 humana:

518 1056 813 1114 insolenter
840 1055 858 1087 ¹
891 1054 1110 1110 auferri.
1147 1054 1324 1109 Pietas
1351 1066 1562 1123 quoque
1588 1049 1802 1121 proprie
1829 1047 1920 1102 Dei
1937 1045 2112 1101 cultus

519 1147 742 1217 intelligi
766 1146 924 1212 solet,
939 1160 1093 1216 quam
1116 1143 1287 1202 Grreci
1304 1148 1536 1199 ιῦσέεειοω
1555 1149 1765 1197 vocant.
1790 1139 1916 1194 llzee
1937 1146 2112 1193 tamen

526 1247 586 1293 et
605 1251 729 1308 erga
757 1244 1007 1307 parentes
1032 1235 1268 1291 ofﬁciose
1298 1234 1480 1289 haberi
1519 1232 1730 1288 dicitur.
1765 1231 1911 1286 More
1935 1238 2114 1284 autem

521 1331 664 1402 vulgi
694 1331 796 1386 hoc
825 1345 1018 1385 nomen
1045 1329 1205 1383 etiam
1237 1328 1287 1381 in
1316 1327 1566 1398 operibus
1609 1322 1989 1381 misericordia:
2011 1320 2119 1376 fre—

525 1430 814 1496 qnentatur
834 1440 847 1474 :
869 1421 1011 1491 quod
1035 1420 1154 1475 ideo
1173 1420 1403 1476 arbitror
1421 1418 1664 1473 evenisse
1682 1458 1696 1483 ,
1723 1417 1842 1487 quia
1868 1414 1982 1469 haec
2003 1412 2117 1468 ﬁeri

527 1513 797 1584 praecipue
814 1511 953 1568 Dens
971 1511 1205 1578 mantlat,
1226 1525 1393 1580 caque
1406 1509 1504 1564 sibi
1518 1509 1602 1564 vel
1623 1523 1717 1579 pro
1733 1505 2118 1572 saeriliciis,vel

525 1622 640 1677 prae
652 1605 928 1662 sacriﬁciis
947 1605 1151 1670 placere
1170 1613 1412 1660 tesuatur.
1434 1602 1510 1658 Ex
1529 1617 1630 1673 qua
1645 1599 1891 1673 loquendi
1904 1613 2123 1654 consue-

530 1699 718 1755 wdiue
737 1698 930 1754 factum
950 1707 1050 1762 est,
1069 1706 1124 1751 ut
1145 1704 1197 1751 et
1223 1697 1358 1751 Deus
1386 1695 1498 1766 ipse
1519 1693 1727 1749 dicatur
1752 1692 1870 1764 pius
1898 1691 1975 1762 (ll
1990 1689 2117 1744 Par.

535 1791 735 1860 xxx,9;
757 1791 916 1845 Ereli.
938 1807 1007 1858 xi,
1032 1789 1351 1853 15;.ludi1h.
1375 1804 1468 1854 vn,
1486 1787 1608 1859 20):
1631 1803 1788 1858 quem
1811 1784 2121 1842 saneCrmci

525 1884 682 1940 nullo
698 1897 796 1939 suo
809 1883 1073 1938 sermonis
1088 1897 1184 1936 usu
1203 1885 1396 1936 εῦςεεεῖν
1413 1888 1624 1945 vocant;
1640 1878 1880 1950 quamvis
1893 1881 2124 1932 εὖσέϐιιαν

530 1991 632 2046 pro
657 1973 1026 2030 misericordia
1057 1973 1269 2027 illorum
1296 1972 1456 2027 etiam
1485 1972 1673 2040 vulgus
1702 1976 1940 2039 usurpet.
1968 1965 2123 2023 Unde

531 2069 587 2123 in
618 2065 933 2138 quibusdam
960 2065 1354 2135 Scripturarum
1381 2064 1533 2131 locis,
1558 2071 1616 2116 ut
1635 2061 1907 2116 distinctio
1928 2057 2126 2114 certior

529 2167 852 2229 appareret,
899 2171 1004 2211 non
1048 2160 1279 2210 consum
1301 2195 1317 2222 ,
1363 2153 1505 2224 quod
1551 2168 1618 2208 ex
1647 2152 1789 2208 bono
1815 2150 1960 2206 cultu
1982 2191 1996 2216 ,
2030 2146 2125 2204 sed

530 2258 805 2314 θερσιεειαν,
827 2247 966 2319 quod
997 2261 1064 2303 ex
1097 2246 1189 2302 Dei
1221 2246 1365 2300 cultu
1393 2244 1748 2315 compositum
1774 2251 2016 2308 resonat,
2047 2239 2126 2294 di-

531 2357 660 2400 cere
685 2341 986 2397 maluerunt
1011 2338 1108 2413 (α).
1134 2337 1456 2396 Utrumlibet
1481 2345 1657 2392 autem
1683 2337 1872 2390 horum
1896 2345 1994 2389 nos
2023 2348 2128 2387 uno

530 2434 698 2492 verbo
722 2434 1002 2490 enuntiare
1044 2448 1151 2487 non
1197 2443 1505 2502 possumus.
1551 2428 1682 2496 Qua:
1730 2428 1909 2497 itaque
1938 2435 2131 2498 λατρεία

533 2541 710 2598 graece
755 2534 1115 2596 nuncupatur,
1143 2531 1197 2580 et
1223 2523 1385 2578 latine
1429 2522 1809 2591 interpretatur
1851 2518 2128 2584 Servitus,

532 2617 630 2675 sed
658 2632 721 2674 ea
745 2633 846 2688 qua
886 2617 1113 2673 colimus
1139 2614 1308 2671 Deum
1339 2633 1351 2669 :
1385 2613 1467 2669 vel
1509 2627 1629 2685 quae
1669 2616 1893 2684 θρησκεία
1922 2623 2130 2680 grzece,

535 2709 704 2764 latine
729 2715 906 2764 autem
929 2706 1134 2778 Religio
1153 2705 1367 2772 dicitur,
1391 2703 1486 2759 sed
1509 2717 1571 2758 ea
1592 2707 1712 2772 qlia:
1733 2700 1886 2756 nobis
1904 2710 1987 2755 est
2005 2713 2132 2769 erga

534 2803 708 2859 Deum
731 2819 745 2858 :
766 2803 852 2858 vel
868 2815 1025 2873 quam
1049 2800 1126 2856 illi
1151 2807 1425 2864 θεοσέϐειαν,
1451 2812 1550 2853 nos
1570 2811 1698 2852 vero
1717 2811 1820 2850 non
1848 2807 1952 2848 uno
1971 2791 2134 2847 verbo

536 2893 840 2964 exprimere
859 2934 874 2959 ,
893 2891 986 2948 sed
1011 2892 1102 2947 Dei
1139 2891 1339 2945 cultum
1365 2904 1647 2961 possumus
1669 2887 1969 2958 appellare;
1997 2885 2134 2939 lianc

539 2987 590 3042 oi
612 2994 814 3042 tantum
833 2985 941 3042 Deo
962 2984 1142 3041 deberi
1161 2984 1409 3049 dicimus,
1427 2983 1516 3053 qui
1538 2995 1696 3038 verus
1710 2990 1790 3036 est
1807 2979 1966 3044 Deus,
1987 2977 2138 3032 facit-

537 3094 645 3150 que
659 3093 787 3134 suos
803 3077 1035 3134 cultores
1054 3076 1184 3132 deos
1199 3073 1371 3145 (Psal.
1391 3088 1570 3138 uxxi,
1587 3073 1650 3135 6;
1669 3070 1826 3125 Joan.
1845 3086 1898 3134 κ,
1912 3069 2002 3136 5i,
2017 3068 2133 3138 '55).

544 3171 879 3242 Quicumque
901 3170 1058 3242 igitur
1079 3177 1206 3224 sunt
1222 3168 1272 3223 in
1291 3167 1597 3223 coelestibus
1615 3155 2030 3220 habitationibus
2045 3160 2138 3218 imo

542 3264 799 3320 mortales
814 3273 867 3320 et
882 3263 1041 3330 beati,
1066 3263 1110 3318 si
1135 3277 1232 3318 nos
1250 3276 1354 3316 non
1377 3269 1557 3316 amant
1572 3273 1672 3314 nee
1693 3258 1879 3313 beatos
1898 3270 2020 3311 esse
2041 3267 2138 3309 nos

539 3355 748 3424 volunt,
763 3355 976 3412 colendi
992 3355 1172 3426 utique
1189 3370 1292 3411 non
1311 3362 1455 3410 sunt.
1475 3353 1533 3408 Si
1548 3360 1726 3407 autem
1744 3359 1923 3404 amant
1939 3356 1992 3402 et
2011 3347 2140 3403 bea-

542 3459 628 3506 tos
649 3449 833 3505 volunt
854 3490 870 3518 ,
912 3447 1153 3518 profecto
1185 3447 1308 3504 inde
1333 3447 1550 3511 volunt,
1592 3444 1734 3500 unde
1760 3453 1812 3498 et
1839 3442 1938 3513 ipsi
1967 3449 2093 3496 sunt
2122 3457 2135 3494 :

544 3554 612 3593 an
642 3539 857 3595 aliunde
884 3537 982 3610 ipsi
1016 3538 1178 3605 beati,
1210 3537 1426 3594 aliunde
1455 3535 1598 3592 nos?

545 3653 775 3710 CAPUT
807 3651 871 3710 ll.
899 3683 969 3693 —
998 3651 1075 3708 De
1104 3667 1324 3723 superna
1352 3649 1723 3705 illuminatione
1749 3646 1870 3718 quid
1902 3643 2138 3699 Plotinus

1067 3745 1367 3801 Platonicus
1391 3743 1621 3799 senserit.

619 3859 728 3916 Sed
772 3873 879 3915 non
919 3868 1001 3916 est
1043 3857 1200 3914 nobis
1237 3856 1379 3912 ullus
1404 3871 1524 3912 cum
1557 3854 1640 3910 his
1667 3849 2142 3910 excellentioribus

546 3951 882 4024 pliilosOpliis
903 3952 955 4006 in
974 3949 1380 4020 hacquarstione
1399 3942 2138 4007 conﬁietus.Videruntenim,

544 4044 765 4114 suisque
793 4040 986 4097 litteris
1015 4039 1199 4095 multis
1235 4038 1412 4094 modis
1449 4036 1822 4108 cepiosissime
1848 4032 2140 4088 mandave-

547 4144 714 4202 runt,
746 4134 871 4190 hinc
899 4134 1019 4188 illos
1043 4174 1058 4198 ,
1091 4131 1231 4187 unde
1255 4139 1310 4187 et
1338 4145 1437 4186 nos
1460 4171 1476 4197 ,
1523 4129 1638 4186 ﬁeri
1677 4127 1864 4184 beatos
1887 4167 1904 4195 ,
1933 4125 2144 4196 objecto

545 4226 781 4297 quodam
806 4224 1008 4281 lumine
1034 4222 1350 4294 intelligibili
1375 4261 1390 4287 ,
1435 4220 1575 4292 quod
1622 4220 1759 4276 Deus
1789 4227 1873 4275 est
1917 4218 2021 4273 illis
2047 4257 2066 4284 ,
2090 4225 2144 4273 et

546 4317 693 4374 aliud
721 4327 988 4388 estquam
1033 4316 1109 4372 illi
1134 4355 1150 4380 ,
1180 4329 1213 4370 a
1254 4329 1358 4385 quo
1393 4313 1745 4376 illustrantur,
1775 4319 1835 4366 ut
1861 4310 2103 4366 clareant
2124 4351 2141 4377 ,

543 4419 708 4482 atque
731 4409 848 4482 ejus
872 4407 1279 4480 participatione
1307 4405 1526 4477 perfecti
1553 4403 1803 4474 beatique
1825 4403 2140 4459 subsistant.

546 4503 707 4572 Saepe
727 4501 1060 4571 multumque
1081 4498 1324 4554 Plotinus
1344 4497 1538 4553 asserit
1557 4509 1774 4551 sensum
1797 4492 2034 4549 Platonis
2053 4507 2146 4548 ex-

545 4595 795 4667 planans,
821 4609 888 4650 nc
919 4593 1060 4648 illam
1086 4591 1322 4661 quidem,
1353 4604 1512 4661 quam
1534 4587 1763 4644 credunt
1787 4600 1911 4643 esse
1933 4585 2145 4641 univer-

548 4684 728 4740 sitatis
755 4685 1010 4750 animam,
1040 4681 1254 4738 aliunde
1286 4681 1499 4737 beatum
1526 4693 1647 4735 esse
1669 4693 1828 4750 quam
1859 4685 2097 4734 nostram
2126 4695 2141 4732 :

546 4775 710 4847 idque
731 4789 852 4831 esse
878 4773 1056 4828 lumen
1083 4771 1222 4843 quod
1250 4772 1361 4841 ipsa
1391 4785 1494 4825 non
1523 4779 1626 4836 est,
1649 4768 1743 4825 sed
1775 4784 1805 4824 a
1833 4783 1939 4838 quo
1967 4777 2144 4823 creata

551 4876 658 4932 est,
683 4874 864 4936 etquo
886 4861 1288 4933 inteiligihiliter
1303 4861 1634 4916 illuminante
1657 4859 2059 4931 intelligibiliter
2075 4858 2146 4914 lu-

550 4966 658 5014 cet.
687 4957 786 5011 Dat
813 4955 974 5012 etiam
1005 4952 1406 5008 similitudinem
1429 4950 1498 5006 ad
1527 4951 1618 5006 illa
1644 4951 1959 5022 incorporea
1978 4949 2146 5006 dehis

547 5049 860 5107 cmlcstibus
875 5046 1212 5118 conspicuis’
1225 5044 1520 5117 amplisque
1540 5044 1871 5114 corporibus,
1893 5052 2145 5114 tanquam

545 5143 641 5198 iile
655 5143 724 5197 sit
740 5144 841 5206 sol,
861 5150 914 5198 et
935 5141 1047 5212 ipsa
1075 5139 1145 5196 sit
1170 5137 1312 5194 luna.
1337 5137 1542 5194 Lunam
1565 5137 1760 5208 quippe
1783 5137 1912 5193 solis
1932 5136 2146 5207 objeetu

553 5233 843 5290 illuminari
876 5241 1082 5304 putant.
1116 5232 1253 5288 Dicit
1279 5245 1408 5303 ergo
1437 5232 1526 5287 ille
1550 5245 1775 5302 magnus
1804 5230 2143 5298 Platonicus,

550 5327 786 5381 animam
809 5327 1120 5383 rationalem
1145 5326 1285 5396 (sive
1316 5325 1492 5396 potius
1509 5325 1885 5380 intellectualis
1921 5323 2146 5379 dicenda

554 5417 666 5482 sit,
697 5431 765 5472 ex
791 5431 896 5486 quo
925 5432 1121 5488 genere
1148 5418 1311 5473 etiam
1343 5415 1723 5471 immortalium
1763 5416 2147 5486 bustorumque

555 5507 763 5563 animas
780 5521 902 5563 esse
918 5507 1184 5580 intelligit,
1201 5523 1334 5580 quos
1361 5508 1381 5540 ³
1412 5509 1464 5564 in
1481 5507 1788 5564 cmlestibus
1805 5506 2020 5564 sedibus
2048 5507 2144 5562 lia-

618 5623 636 5653 ί
673 5619 889 5670 a'onnulli
917 5628 1004 5670 Mss
1027 5656 1042 5680 ,
1065 5619 1352 5673 insollerter.

619 5685 642 5776 ς
677 5691 798 5760 vos,
821 5681 1106 5744 conspicuis,
1131 5685 1271 5755 abest
1294 5699 1319 5732 a
1343 5683 1596 5756 plerisque
1619 5691 1726 5734 Mss.

678 5751 732 5776 ιιι
792 5753 836 5776 nl
866 5751 958 5776 Ιην
1024 5757 1133 5776 num
1199 5745 1276 5776 ΑΙιί
1322 5745 1429 5776 Idm:
1489 5759 1605 5776 ιιηηο
1648 5745 1792 5776 -εἶη
1816 5745 1881 5776 ηιί

553 5745 751 5855 cum:
792 5751 999 5854 cum"
1023 5757 1150 5807 ’Τείω-
1193 5745 1276 5794 Mli
1322 5745 1450 5807 ιίιπί,
1488 5745 1623 5809 (tuos.
1647 5745 1793 5796 -—sic
1816 5745 1962 5795 etiam
1997 5751 2149 5795 uastii

618 5870 693 5931 (η)
717 5867 850 5920 (:onl.
876 5868 1133 5931 liticltit'id.,
1160 5884 1208 5919 Ii.
1235 5872 1276 5932 ί,
1299 5883 1403 5933 cap.
1430 5869 1474 5930 Ξ,
1509 5871 1571 5922 de
1596 5870 1699 5922 loco
1722 5872 1806 5921 Job
1830 5885 1978 5931 xxvii,
2004 5868 2082 5919 28.

1574 385 1664 441 DF.
1698 379 2022 440 CIVITATE
2059 375 2190 441 DEI,
2231 374 2286 430 S.
2329 367 2693 428 AUGUSTINI

3687 353 3798 412 εεο

2216 488 2385 543 bitare
2412 501 2515 540 non
2547 482 2774 554 dubitat)
2801 495 2909 537 non
2936 479 3137 536 habere
3165 491 3325 549 supra
3351 490 3410 533 se
3434 481 3681 530 naturam
3706 472 3809 530 nisi

2215 579 2346 646 Dei,
2384 578 2469 647 qui
2506 575 2794 630 fabricatus
2821 580 2903 628 est
2930 570 3185 626 mundum
3207 611 3222 634 ,
3265 585 3295 622 a
3321 584 3426 638 quo
3449 575 3504 622 et
3530 567 3645 636 ipsa
3673 565 3814 621 facta

2212 678 2296 726 est
2319 687 2330 723 :
2361 683 2460 723 nec
2484 665 2696 720 aliunde
2723 664 2828 718 illis
2855 662 3104 732 supernis
3127 660 3363 731 praeberi
3386 658 3546 711 vitam
3569 657 3812 722 beatam,

2213 770 2271 816 et
2300 760 2476 813 lumen
2501 755 2865 826 intelligentia:
2891 753 3148 816 veritatis,
3179 765 3338 821 quam
3367 748 3510 804 unde
3543 747 3819 816 prmbetur

2213 861 2269 906 et
2297 849 2448 905 nobis
2470 865 2484 914 ;
2508 859 2811 903 consonans
2832 842 3143 914 Evangelio,
3166 841 3252 896 ubi
3276 839 3487 910 legitur,
3517 837 3638 891 Fuit
3661 837 3816 889 homo

2213 945 2398 999 missus
2425 960 2457 996 a
2487 941 2612 1006 Deo,
2642 940 2722 994 cui
2747 954 2928 993 nomen
2952 945 3062 990 erat
3085 933 3350 989 Joannes:
3377 933 3458 984 hic
3478 931 3607 985 venit
3633 930 3689 982 in
3711 938 3813 982 tes-

2218 1037 2502 1102 timonium,
2521 1043 2576 1088 ut
2593 1031 2932 1088 testimonium
2954 1027 3232 1101 perhiberet
3252 1025 3316 1078 de
3334 1023 3543 1089 lumine,
3565 1031 3619 1075 nt
3647 1035 3820 1074 omnes

2217 1128 2472 1184 crederent
2499 1142 2586 1196 per
2611 1141 2746 1179 eum.
2778 1121 2898 1177 Non
2924 1129 3033 1176 erat
3059 1120 3147 1174 ille
3173 1118 3364 1184 lumen,
3389 1115 3482 1170 sed
3505 1125 3557 1168 ut
3587 1114 3820 1168 testimo-

2219 1223 2358 1276 nium
2384 1218 2661 1291 perhiberet
2685 1217 2749 1270 de
2774 1214 2979 1270 lumine.
3012 1211 3140 1267 Erat
3168 1211 3335 1264 lumen
3361 1223 3553 1272 verum,
3582 1205 3728 1277 quod
3747 1205 3818 1258 ilo

2220 1312 2436 1368 luminat
2463 1324 2660 1364 onmem
2689 1306 2942 1360 hominem
2977 1301 3251 1357 venientem
3289 1300 3343 1353 in
3378 1300 3513 1353 hunc
3546 1297 3818 1351 mundum.

2223 1402 2278 1456 In
2300 1417 2401 1473 qua
2429 1398 2728 1454 differentia
2749 1397 2878 1452 satis
2897 1391 3217 1457 OSICIldillll',
3241 1390 3473 1444 animam
3497 1387 3818 1442 rationalem

2222 1496 2303 1552 vel
2334 1491 2746 1549 intellectualem
2769 1531 2784 1558 ,
2815 1489 2987 1559 qualis
3012 1494 3129 1542 erat
3159 1485 3210 1539 in
3237 1483 3478 1550 Joanne,
3507 1481 3608 1536 sibi
3635 1481 3824 1535 lumen

2223 1603 2343 1644 esse
2359 1603 2462 1642 non
2483 1599 2661 1656 posse,
2685 1583 2778 1638 sed
2799 1581 3020 1636 alterius
3041 1578 3152 1632 veri
3175 1575 3395 1631 luminis
3415 1573 3828 1645 participatione

2223 1679 2422 1735 lucere.
2456 1677 2567 1731 lloc
2592 1683 2647 1730 et
2672 1676 2787 1744 ipse
2815 1671 3048 1728 Joannes
3074 1667 3292 1733 fatetur,
3324 1665 3414 1720 ubi
3445 1664 3495 1719 ei
3526 1662 3821 1735 perbibens

2227 1767 2589 1826 testimonium
2619 1766 2747 1820 dicit
2777 1783 2790 1818 :
2827 1763 2937 1817 Nos
2967 1777 3137 1815 omnes
3170 1758 3233 1813 de
3256 1756 3569 1828 plenitudine
3592 1757 3706 1826 ejus
3734 1768 3826 1808 ae-

2230 1861 2455 1932 cepimus
2484 1859 2664 1931 (Jonn.
2697 1873 2735 1924 ι,
2757 1854 3009 1923 69,16).

2227 1953 2456 2009 CAPUT
2488 1951 2574 2005 Ill.
2618 1982 2688 1994 —-
2726 1949 2802 2003 De
2837 1963 2952 2001 vero
2980 1945 3072 1999 Dei
3099 1945 3237 1998 cultu
3263 1985 3276 2008 ,
3317 1960 3350 1996 a
3391 1957 3490 2012 quo
3534 1939 3829 2006 Platonici,
3845 1957 3892 2052 7

2299 2047 2525 2118 quamvis
2559 2053 2838 2098 creatorem
2873 2039 3213 2094 universitatis
3249 2033 3625 2097 intellexerint,
3659 2032 3833 2086 devii»

2300 2149 2419 2194 runt
2453 2135 2667 2192 colendo
2707 2132 2916 2204 angelos
2953 2131 3058 2185 sive
3094 2129 3248 2184 bonos
3286 2127 3388 2182 sive
3427 2121 3591 2179 malos
3637 2122 3835 2176 honore

2303 2229 2490 2283 divino.

2306 2335 2358 2390 l.
2382 2334 2512 2403 Qum
2533 2348 2653 2389 cum
2682 2331 2752 2388 ita
2778 2331 2906 2396 sint,
2926 2329 2970 2385 si
2993 2326 3272 2391 Platonici,
3291 2323 3373 2380 vel
3397 2322 3722 2394 quicumque
3741 2319 3835 2375 alii

2235 2427 2336 2482 ista
2362 2433 2666 2489 senserunt,
2695 2430 3081 2493 cognoscentes
3108 2419 3294 2483 Deum,
3313 2416 3451 2470 sicut
3478 2413 3642 2468 Deum
3668 2410 3838 2482 glori-

2236 2519 2478 2584 ticareut,
2510 2525 2562 2573 et
2589 2516 2788 2587 gratias
2808 2521 3048 2584 agerent,
3075 2511 3179 2566 neb
3198 2516 3579 2565 evanescerent
3602 2504 3657 2560 in
3678 2503 3834 2575 cogi-

2238 2609 2528 2665 tationibus
2563 2608 2691 2674 suis,
2723 2620 2823 2660 nec
2860 2603 3172 2675 populorum
3204 2599 3479 2655 erroribus
3507 2595 3701 2668 partim
3730 2610 3833 2650 au—

2237 2711 2414 2757 ctores
2436 2699 2642 2763 fierent,
2665 2700 2856 2767 partim
2883 2695 3134 2750 resistere
3156 2707 3262 2746 non
3280 2689 3568 2754 auderent;
3592 2684 3841 2756 profecto

2239 2791 2638 2856 confiterentur,
2665 2797 2722 2844 et
2751 2788 2855 2842 illis
2885 2784 3272 2840 immortalibus
3294 2796 3356 2836 ac
3383 2780 3570 2845 beatis,
3599 2785 3654 2833 et
3679 2776 3840 2832 nobis

2241 2884 2556 2940 mortalibus
2595 2897 2658 2936 ac
2690 2881 2904 2936 miseris
2932 2921 2948 2945 ,
2990 2886 3049 2932 ut
3090 2873 3420 2932 immortales
3458 2886 3520 2926 ac
3544 2869 3688 2926 beati
3716 2881 3842 2924 esse

2241 2977 2528 3048 possimus,
2579 2989 2740 3029 unum
2785 2971 2952 3028 Deum
2977 2968 3198 3028 deorum
3219 2963 3524 3030 colendum,
3546 2961 3636 3032 qui
3657 2967 3718 3016 et
3736 2971 3840 3014 no-

2249 3077 2362 3124 ster
2387 3075 2471 3122 est
2495 3075 2546 3121 et
2571 3063 2806 3120 illorum.

2311 3160 2368 3215 2.
2403 3157 2544 3232 [In]
2596 3157 2734 3212 lluic
2777 3169 2876 3210 nos
2915 3151 3254 3218 servitutem,
3293 3163 3412 3221 quae
3442 3156 3639 3220 λατρεία
3662 3158 3844 3216 graece

2241 3250 2457 3317 dicitur,
2501 3249 2615 3303 sive
2666 3247 2718 3301 in
2747 3246 3046 3315 quibusque
3069 3239 3441 3305 sacramentis,
3468 3238 3580 3293 sive
3621 3237 3674 3290 in
3730 3249 3838 3290 no-

2243 3341 2324 3397 bis
2371 3339 2501 3411 ipsis
2547 3338 2822 3393 debemus.
2858 3335 3025 3406 Hujus
3066 3335 3209 3390 enim
3261 3331 3514 3401 templum
3542 3327 3702 3382 simul
3723 3341 3842 3382 om-

2243 3449 2359 3499 nes,
2382 3442 2438 3488 et
2462 3431 2657 3502 singuli
2689 3429 2884 3500 templa
2908 3441 3096 3482 sumus
3121 3425 3164 3498 (l
3193 3425 3312 3479 Cor.
3339 3438 3419 3486 in,
3447 3421 3534 3486 16,
3565 3417 3686 3490 i7);
3715 3417 3842 3488 quia

2193 3553 2204 3567 ι
2242 3533 2298 3582 et
2324 3523 2562 3581 omnium
2589 3520 2952 3585 concordiam,
2979 3528 3034 3574 et
3053 3514 3293 3587 singulos
3321 3511 3620 3568 inhabitare
3645 3508 3840 3578 digna-

2245 3625 2366 3672 tur:
2391 3629 2496 3670 non
2525 3614 2576 3667 in
2593 3610 2843 3667 omnibus
2857 3623 3014 3681 quam
3034 3608 3086 3662 in
3108 3604 3332 3675 singulis
3357 3601 3557 3670 major;
3584 3597 3841 3669 quoniam

2243 3722 2345 3766 nec
2367 3708 2511 3764 mole
2530 3704 2870 3769 distenditur,
2890 3716 2992 3758 nec
3011 3699 3297 3771 partitione
3323 3696 3595 3752 minuitur.
3619 3690 3753 3749 Cum
3774 3690 3843 3745 ad

2153 3821 2158 3826 ί
2244 3799 2395 3857 illum
2422 3811 2633 3854 sursum
2663 3804 2765 3862 est,
2795 3794 2911 3864 ejus
2951 3800 3036 3848 est
3075 3791 3243 3845 altare
3280 3802 3375 3843 cor
3418 3794 3698 3840 nostrum:
3724 3782 3845 3852 ejus

2246 3890 2535 3964 Unigenito
2559 3903 2680 3944 eum
2709 3884 2988 3942 sacerdote
3017 3882 3331 3953 placamus:
3372 3877 3421 3932 ei
3465 3882 3718 3931 cruentas
3756 3872 3844 3927 vi-

2246 3961 2434 4039 ctimas
2462 3978 2741 4044 credimus,
2767 3974 2982 4047 quando
3004 3986 3172 4042 usque
3191 3969 3259 4025 ad
3281 3967 3589 4036 sanguinem
3614 3977 3712 4035 pro
3726 3961 3847 4032 ejus

2249 4073 2472 4129 veritate
2501 4079 2769 4125 certamus
2794 4085 2808 4123 :
2835 4065 2888 4123 ei
2917 4064 3293 4122 suavissimum
3334 4057 3613 4114 adolemus
3657 4054 3846 4109 incen-

2250 4179 2368 4220 sum
2393 4163 2435 4230 ί,
2465 4176 2585 4216 cum
2630 4160 2683 4214 in
2729 4158 2846 4228 ejus
2888 4162 3179 4226 conspectu
3219 4151 3308 4223 pio
3334 4157 3626 4217 sanctoque
3655 4158 3846 4200 amore

2248 4254 2568 4326 ﬁagramus:
2607 4251 2655 4307 ei
2682 4249 2824 4306 dona
2853 4248 2969 4318 ejus
2993 4249 3046 4302 in
3076 4245 3250 4309 nobis,
3280 4256 3487 4311 nosque
3514 4240 3656 4310 ipsos
3681 4251 3850 4291 vove-

2249 4361 2390 4412 mus,
2415 4353 2471 4402 et
2509 4342 2818 4400 reddimus:
2844 4341 2894 4397 ei
2922 4339 3301 4396 beneﬁciorum
3332 4335 3449 4403 ejus
3486 4330 3848 4388 solemnitati-

2250 4439 2350 4496 bus
2375 4437 2524 4495 festis
2544 4446 2598 4494 et
2620 4435 2808 4492 diebus
2829 4434 3040 4490 statutis
3065 4432 3304 4486 dicamus
3329 4437 3712 4494 sacramusque
3733 4436 3852 4478 me-

2249 4532 2496 4596 moriam,
2514 4545 2582 4586 ne
2603 4528 2871 4585 volumine
2893 4537 3189 4597 temporum
3213 4523 3415 4593 ingrata
3439 4519 3687 4588 subrepat
3711 4515 3855 4571 obli-

2250 4625 2376 4681 vio:
2407 4625 2458 4681 ei
2487 4622 2849 4678 sacriﬁcamus
2877 4618 3108 4673 hostiam
3152 4613 3468 4669 humilitatis
3507 4620 3561 4665 et
3587 4608 3762 4664 laudis
3795 4608 3850 4661 in

2251 4731 2342 4772 ara
2384 4715 2562 4772 cordis
2591 4713 2714 4784 igne
2756 4709 3012 4768 fervidai'
3043 4707 3334 4764 charitatis.
3371 4704 3450 4759 Ad
3487 4703 3630 4756 hunc
3654 4700 3850 4754 viden-

2250 4807 2398 4873 dum,
2429 4806 2567 4862 sicut
2589 4803 2756 4859 videri
2781 4810 2978 4873 potest,
3002 4799 3159 4869 eique
3182 4794 3592 4858 colimrcndum,
3611 4792 3678 4846 ab
3694 4790 3847 4845 omni

2251 4907 2592 4972 peccatorum
2619 4903 2674 4952 et
2697 4893 3047 4964 cupiditatum
3074 4888 3334 4944 malarum
3355 4885 3474 4940 labe
3499 4881 3846 4945 inundamur,

2251 4999 2307 5047 et
2332 4990 2448 5060 ejus
2474 4987 2688 5043 nomine
2708 4985 2730 5018 ³
2757 4997 3154 5039 eonsecramur.
3183 4979 3303 5050 lpse
3327 4978 3470 5032 enim
3498 4975 3618 5030 fons
3646 4981 3856 5028 nostra;
3937 5031 3941 5035 ,

2251 5079 2614 5145 beatitudinis,
2663 5077 2778 5149 ipse
2803 5075 2979 5131 omnis
3013 5070 3356 5143 appetitionis
3407 5077 3490 5122 est
3518 5064 3658 5120 finis.
3692 5062 3858 5118 Hunc

2251 5175 2530 5246 eligentes,
2553 5171 2640 5227 vel
2665 5168 2846 5240 potius
2870 5167 3176 5238 religentes,
3200 5163 3554 5218 amiseramus
3575 5156 3722 5212 enim
3753 5169 3861 5211 ne-

2251 5269 2544 5340 gligentes:
2569 5263 2710 5318 hunc
2729 5276 2858 5333 ergo
2886 5260 3192 5331 religentes,
3235 5255 3380 5312 unde
3417 5263 3472 5310 et
3495 5250 3683 5322 religio
3708 5248 3854 5304 dicta

2252 5359 2565 5432 perhibetur
2588 5353 2686 5429 (α),
2711 5354 2776 5410 ad
2807 5369 2928 5410 eum
2955 5351 3242 5408 dilectione
3262 5347 3552 5412 tendimus,
3574 5352 3634 5399 ut
3660 5357 3855 5412 perve-

2319 5499 2332 5562 ξ
2371 5496 2522 5562 Nostri
2545 5505 2718 5543 omnes
2732 5499 2856 5562 .\_tss.,
2877 5502 2986 5562 eum
3001 5483 3544 5562 gravissimoadnolennis
3559 5481 3774 5532 incenso.
3792 5485 3855 5529 ιι.

2316 5560 2336 5590 ³
2373 5544 2560 5620 itliquot
2583 5564 2707 5620 Mss,
2730 5544 2986 5620 fervidam.
3012 5557 3065 5602 Et
3085 5547 3320 5611 nonnulli,
3344 5544 3566 5612 fervidtc.

2319 5621 2339 5652 ³
2371 5612 2493 5668 Libri
2517 5612 2740 5682 quidam,
2749 5612 2946 5682 nomini.

2321 5665 2789 5744 (αδηίξῖίξθῖνῦζὶἰῡίέ,
2813 5677 2876 5725 de
2911 5682 3014 5725 Nat.
3047 5673 3208 5744 deor.,
3240 5684 3348 5744 cap.
3383 5669 3462 5743 $8,
3498 5665 3854 5744 religionemﬂ

2257 5724 2727 5800 relegendo-dictam
2743 5724 2897 5800 putat
2929 5751 2941 5786 :
3019 5736 3105 5800 Qui
3129 5724 3313 5790 omnia;
3337 5749 3359 5777 ii
3392 5724 3568 5792 inquit,
3590 5724 3634 5800 _'«
3658 5740 3770 5800 qua:

2267 5779 2948 5864 [caluitii
2967 5779 3699 5864 diligenter,imminetimminet
3714 5787 3855 5864 quasi

2272 5887 2293 5914 (ι
2315 5853 2755 5930 relegerent;sunt
2776 5862 2890 5912 dicti
2913 5853 3129 5922 religiosi
3147 5871 3207 5908 ex
3229 5853 3520 5918 relegendo.
3540 5869 3563 5900 ν
3590 5858 3646 5902 At
3661 5857 3854 5902 Lactatr
