  <div class='ocr_page' id='page_1' title='image "/cluster/home/n/w/nwhite01/storage/ocr_20150623/41/hvd.32044015706344/146.png"; bbox 0 0 4064 6480; ppageno 0'>
   <div class='ocr_carea' id='block_1_1' title="bbox 274 494 1850 568">
    <p class='ocr_par' dir='ltr' id='par_1_1' title="bbox 274 494 1850 568">
     <span class='ocr_line' id='line_1_1' title="bbox 274 494 1850 568; baseline -0.004 -14"><span class='ocrx_word' id='word_1_1' title='bbox 274 495 467 554; x_wconf 87' lang='lat' dir='ltr'><strong>niendo</strong></span> <span class='ocrx_word' id='word_1_2' title='bbox 495 497 870 568; x_wconf 73' lang='lat' dir='ltr'><strong>quiescamus:</strong></span> <span class='ocrx_word' id='word_1_3' title='bbox 899 497 1017 554; x_wconf 92' lang='lat' dir='ltr'><strong>ideo</strong></span> <span class='ocrx_word' id='word_1_4' title='bbox 1037 497 1197 561; x_wconf 84' lang='lat' dir='ltr'><strong>beati,</strong></span> <span class='ocrx_word' id='word_1_5' title='bbox 1228 495 1348 566; x_wconf 90' lang='lat' dir='ltr'><strong>quia</strong></span> <span class='ocrx_word' id='word_1_6' title='bbox 1371 495 1464 550; x_wconf 87' lang='lat' dir='ltr'><strong>illo</strong></span> <span class='ocrx_word' id='word_1_7' title='bbox 1487 495 1590 550; x_wconf 89' lang='lat' dir='ltr'><strong>ﬁne</strong></span> <span class='ocrx_word' id='word_1_8' title='bbox 1612 494 1850 565; x_wconf 76' lang='lat' dir='ltr'><strong>perfecti.</strong></span> 
     </span>
    </p>
   </div>
   <div class='ocr_carea' id='block_1_2' title="bbox 272 588 1858 661">
    <p class='ocr_par' dir='ltr' id='par_1_2' title="bbox 272 588 1858 661">
     <span class='ocr_line' id='line_1_2' title="bbox 272 588 1858 661; baseline -0.003 -15"><span class='ocrx_word' id='word_1_9' title='bbox 272 591 473 646; x_wconf 86' lang='lat' dir='ltr'><strong>Bonum</strong></span> <span class='ocrx_word' id='word_1_10' title='bbox 499 591 649 646; x_wconf 89' lang='lat' dir='ltr'><strong>enim</strong></span> <span class='ocrx_word' id='word_1_11' title='bbox 676 600 938 658; x_wconf 88' lang='lat' dir='ltr'><strong>nostrum,</strong></span> <span class='ocrx_word' id='word_1_12' title='bbox 968 591 1034 646; x_wconf 90' lang='lat' dir='ltr'><strong>de</strong></span> <span class='ocrx_word' id='word_1_13' title='bbox 1055 591 1207 661; x_wconf 87' lang='lat' dir='ltr'><strong>cujus</strong></span> <span class='ocrx_word' id='word_1_14' title='bbox 1227 588 1332 644; x_wconf 84' lang='lat' dir='ltr'><strong>ﬁne</strong></span> <span class='ocrx_word' id='word_1_15' title='bbox 1357 589 1495 643; x_wconf 88' lang='lat' dir='ltr'><strong>inter</strong></span> <span class='ocrx_word' id='word_1_16' title='bbox 1513 588 1858 657; x_wconf 86' lang='lat' dir='ltr'><strong>philosophos</strong></span> 
     </span>
    </p>
   </div>
   <div class='ocr_carea' id='block_1_3' title="bbox 270 684 1860 754">
    <p class='ocr_par' dir='ltr' id='par_1_3' title="bbox 270 684 1860 754">
     <span class='ocr_line' id='line_1_3' title="bbox 270 684 1860 754; baseline -0.001 -15"><span class='ocrx_word' id='word_1_17' title='bbox 270 699 456 754; x_wconf 80' lang='lat' dir='ltr'><strong>magna</strong></span> <span class='ocrx_word' id='word_1_18' title='bbox 480 686 760 740; x_wconf 76' lang='lat' dir='ltr'><strong>contentio</strong></span> <span class='ocrx_word' id='word_1_19' title='bbox 787 696 889 752; x_wconf 91' lang='lat' dir='ltr'><strong>est,</strong></span> <span class='ocrx_word' id='word_1_20' title='bbox 917 686 1120 740; x_wconf 89' lang='lat' dir='ltr'><strong>nullum</strong></span> <span class='ocrx_word' id='word_1_21' title='bbox 1149 693 1233 740; x_wconf 90' lang='lat' dir='ltr'><strong>est</strong></span> <span class='ocrx_word' id='word_1_22' title='bbox 1276 684 1443 750; x_wconf 82' lang='lat' dir='ltr'><strong>aliud,</strong></span> <span class='ocrx_word' id='word_1_23' title='bbox 1475 699 1632 754; x_wconf 90' lang='lat' dir='ltr'><strong>quam</strong></span> <span class='ocrx_word' id='word_1_24' title='bbox 1665 684 1737 738; x_wconf 88' lang='lat' dir='ltr'><strong>illi</strong></span> <span class='ocrx_word' id='word_1_25' title='bbox 1763 699 1860 738; x_wconf 85' lang='lat' dir='ltr'><strong>co-</strong></span> 
     </span>
    </p>
   </div>
   <div class='ocr_carea' id='block_1_4' title="bbox 273 776 1857 845">
    <p class='ocr_par' dir='ltr' id='par_1_4' title="bbox 273 776 1857 845">
     <span class='ocr_line' id='line_1_4' title="bbox 273 776 1857 845; baseline 0 -15"><span class='ocrx_word' id='word_1_26' title='bbox 273 776 509 830; x_wconf 72' lang='lat' dir='ltr'><strong>haerere:</strong></span> <span class='ocrx_word' id='word_1_27' title='bbox 535 776 694 845; x_wconf 86' lang='lat' dir='ltr'><strong>cujus</strong></span> <span class='ocrx_word' id='word_1_28' title='bbox 719 778 878 833; x_wconf 89' lang='lat' dir='ltr'><strong>unius</strong></span> <span class='ocrx_word' id='word_1_29' title='bbox 903 778 1080 831; x_wconf 87' lang='lat' dir='ltr'><strong>anima</strong></span> <span class='ocrx_word' id='word_1_30' title='bbox 1110 776 1483 831; x_wconf 84' lang='lat' dir='ltr'><strong>intellectualis</strong></span> <span class='ocrx_word' id='word_1_31' title='bbox 1521 776 1857 843; x_wconf 75' lang='lat' dir='ltr'><strong>incorporeo,</strong></span> 
     </span>
    </p>
   </div>
   <div class='ocr_carea' id='block_1_5' title="bbox 273 867 1861 940">
    <p class='ocr_par' dir='ltr' id='par_1_5' title="bbox 273 867 1861 940">
     <span class='ocr_line' id='line_1_5' title="bbox 273 867 1861 940; baseline -0.001 -18"><span class='ocrx_word' id='word_1_32' title='bbox 273 869 314 922; x_wconf 95' lang='lat' dir='ltr'><strong>si</strong></span> <span class='ocrx_word' id='word_1_33' title='bbox 339 867 440 922; x_wconf 91' lang='lat' dir='ltr'><strong>dici</strong></span> <span class='ocrx_word' id='word_1_34' title='bbox 472 877 672 938; x_wconf 83' lang='lat' dir='ltr'><strong>potest,</strong></span> <span class='ocrx_word' id='word_1_35' title='bbox 702 870 974 940; x_wconf 77' lang='lat' dir='ltr'><strong>amplexu,</strong></span> <span class='ocrx_word' id='word_1_36' title='bbox 999 871 1142 925; x_wconf 90' lang='lat' dir='ltr'><strong>veris</strong></span> <span class='ocrx_word' id='word_1_37' title='bbox 1163 869 1412 938; x_wconf 86' lang='lat' dir='ltr'><strong>impletur</strong></span> <span class='ocrx_word' id='word_1_38' title='bbox 1441 867 1861 936; x_wconf 87' lang='lat' dir='ltr'><strong>fecundaturque</strong></span> 
     </span>
    </p>
   </div>
   <div class='ocr_carea' id='block_1_6' title="bbox 273 957 1862 1030">
    <p class='ocr_par' dir='ltr' id='par_1_6' title="bbox 273 957 1862 1030">
     <span class='ocr_line' id='line_1_6' title="bbox 273 957 1862 1030; baseline -0.001 -18"><span class='ocrx_word' id='word_1_39' title='bbox 273 959 574 1016; x_wconf 69' lang='lat' dir='ltr'><strong>virtutibus.</strong></span> <span class='ocrx_word' id='word_1_40' title='bbox 609 959 722 1014; x_wconf 83' lang='lat' dir='ltr'><strong>Hoc</strong></span> <span class='ocrx_word' id='word_1_41' title='bbox 743 960 939 1015; x_wconf 92' lang='lat' dir='ltr'><strong>bonum</strong></span> <span class='ocrx_word' id='word_1_42' title='bbox 965 961 1186 1030; x_wconf 81' lang='lat' dir='ltr'><strong>diligere</strong></span> <span class='ocrx_word' id='word_1_43' title='bbox 1229 961 1278 1013; x_wconf 93' lang='lat' dir='ltr'><strong>in</strong></span> <span class='ocrx_word' id='word_1_44' title='bbox 1321 969 1433 1014; x_wconf 90' lang='lat' dir='ltr'><strong>toto</strong></span> <span class='ocrx_word' id='word_1_45' title='bbox 1459 957 1641 1023; x_wconf 91' lang='lat' dir='ltr'><strong>corde,</strong></span> <span class='ocrx_word' id='word_1_46' title='bbox 1675 958 1727 1011; x_wconf 91' lang='lat' dir='ltr'><strong>in</strong></span> <span class='ocrx_word' id='word_1_47' title='bbox 1754 966 1862 1011; x_wconf 92' lang='lat' dir='ltr'><strong>tota</strong></span> 
     </span>
    </p>
   </div>
   <div class='ocr_carea' id='block_1_7' title="bbox 276 1049 1862 1124">
    <p class='ocr_par' dir='ltr' id='par_1_7' title="bbox 276 1049 1862 1124">
     <span class='ocr_line' id='line_1_7' title="bbox 276 1049 1862 1124; baseline -0.002 -18"><span class='ocrx_word' id='word_1_48' title='bbox 276 1052 471 1118; x_wconf 85' lang='lat' dir='ltr'><strong>anima,</strong></span> <span class='ocrx_word' id='word_1_49' title='bbox 505 1062 561 1106; x_wconf 90' lang='lat' dir='ltr'><strong>et</strong></span> <span class='ocrx_word' id='word_1_50' title='bbox 590 1052 643 1107; x_wconf 91' lang='lat' dir='ltr'><strong>in</strong></span> <span class='ocrx_word' id='word_1_51' title='bbox 687 1062 795 1107; x_wconf 92' lang='lat' dir='ltr'><strong>tota</strong></span> <span class='ocrx_word' id='word_1_52' title='bbox 824 1053 1020 1108; x_wconf 90' lang='lat' dir='ltr'><strong>virtute</strong></span> <span class='ocrx_word' id='word_1_53' title='bbox 1045 1053 1402 1124; x_wconf 72' lang='lat' dir='ltr'><strong>prmcipimur.</strong></span> <span class='ocrx_word' id='word_1_54' title='bbox 1427 1050 1508 1105; x_wconf 83' lang='lat' dir='ltr'><strong>Ad</strong></span> <span class='ocrx_word' id='word_1_55' title='bbox 1536 1051 1634 1104; x_wconf 91' lang='lat' dir='ltr'><strong>hoc</strong></span> <span class='ocrx_word' id='word_1_56' title='bbox 1667 1049 1862 1104; x_wconf 92' lang='lat' dir='ltr'><strong>bonum</strong></span> 
     </span>
    </p>
   </div>
   <div class='ocr_carea' id='block_1_8' title="bbox 276 1139 1866 1214">
    <p class='ocr_par' dir='ltr' id='par_1_8' title="bbox 276 1139 1866 1214">
     <span class='ocr_line' id='line_1_8' title="bbox 276 1139 1866 1214; baseline -0.003 -16"><span class='ocrx_word' id='word_1_57' title='bbox 276 1141 552 1209; x_wconf 87' lang='lat' dir='ltr'><strong>debemus,</strong></span> <span class='ocrx_word' id='word_1_58' title='bbox 575 1150 630 1196; x_wconf 89' lang='lat' dir='ltr'><strong>et</strong></span> <span class='ocrx_word' id='word_1_59' title='bbox 649 1158 679 1196; x_wconf 92' lang='lat' dir='ltr'><strong>a</strong></span> <span class='ocrx_word' id='word_1_60' title='bbox 700 1143 893 1212; x_wconf 84' lang='lat' dir='ltr'><strong>quibus</strong></span> <span class='ocrx_word' id='word_1_61' title='bbox 912 1143 1184 1214; x_wconf 89' lang='lat' dir='ltr'><strong>diliginmr</strong></span> <span class='ocrx_word' id='word_1_62' title='bbox 1204 1141 1348 1206; x_wconf 87' lang='lat' dir='ltr'><strong>duci,</strong></span> <span class='ocrx_word' id='word_1_63' title='bbox 1371 1148 1426 1196; x_wconf 87' lang='lat' dir='ltr'><strong>ct</strong></span> <span class='ocrx_word' id='word_1_64' title='bbox 1446 1154 1581 1211; x_wconf 94' lang='lat' dir='ltr'><strong>quos</strong></span> <span class='ocrx_word' id='word_1_65' title='bbox 1601 1139 1866 1210; x_wconf 78' lang='lat' dir='ltr'><strong>diligimus</strong></span> 
     </span>
    </p>
   </div>
   <div class='ocr_carea' id='block_1_9' title="bbox 279 1230 1866 1304">
    <p class='ocr_par' dir='ltr' id='par_1_9' title="bbox 279 1230 1866 1304">
     <span class='ocr_line' id='line_1_9' title="bbox 279 1230 1866 1304; baseline -0.003 -16"><span class='ocrx_word' id='word_1_66' title='bbox 279 1231 491 1288; x_wconf 89' lang='lat' dir='ltr'><strong>ducere.</strong></span> <span class='ocrx_word' id='word_1_67' title='bbox 527 1233 618 1288; x_wconf 91' lang='lat' dir='ltr'><strong>Sic</strong></span> <span class='ocrx_word' id='word_1_68' title='bbox 643 1234 984 1304; x_wconf 88' lang='lat' dir='ltr'><strong>complentur</strong></span> <span class='ocrx_word' id='word_1_69' title='bbox 1008 1234 1114 1288; x_wconf 91' lang='lat' dir='ltr'><strong>duo</strong></span> <span class='ocrx_word' id='word_1_70' title='bbox 1157 1234 1244 1288; x_wconf 92' lang='lat' dir='ltr'><strong>illa</strong></span> <span class='ocrx_word' id='word_1_71' title='bbox 1273 1241 1556 1301; x_wconf 64' lang='lat' dir='ltr'><strong>prazcepta,</strong></span> <span class='ocrx_word' id='word_1_72' title='bbox 1593 1231 1646 1284; x_wconf 92' lang='lat' dir='ltr'><strong>in</strong></span> <span class='ocrx_word' id='word_1_73' title='bbox 1676 1230 1866 1299; x_wconf 88' lang='lat' dir='ltr'><strong>quibus</strong></span> 
     </span>
    </p>
   </div>
   <div class='ocr_carea' id='block_1_10' title="bbox 281 1317 1867 1394">
    <p class='ocr_par' dir='ltr' id='par_1_10' title="bbox 281 1317 1867 1394">
     <span class='ocr_line' id='line_1_10' title="bbox 281 1317 1867 1394; baseline -0.004 -16"><span class='ocrx_word' id='word_1_74' title='bbox 281 1334 383 1378; x_wconf 83' lang='lat' dir='ltr'><strong>tota</strong></span> <span class='ocrx_word' id='word_1_75' title='bbox 408 1323 522 1378; x_wconf 79' lang='lat' dir='ltr'><strong>Lex</strong></span> <span class='ocrx_word' id='word_1_76' title='bbox 552 1323 750 1394; x_wconf 85' lang='lat' dir='ltr'><strong>pendet</strong></span> <span class='ocrx_word' id='word_1_77' title='bbox 775 1334 828 1378; x_wconf 91' lang='lat' dir='ltr'><strong>et</strong></span> <span class='ocrx_word' id='word_1_78' title='bbox 852 1323 1133 1393; x_wconf 76' lang='lat' dir='ltr'><strong>Propheta:</strong></span> <span class='ocrx_word' id='word_1_79' title='bbox 1154 1341 1166 1376; x_wconf 98' lang='lat'><strong>:</strong></span> <span class='ocrx_word' id='word_1_80' title='bbox 1197 1322 1388 1392; x_wconf 75' lang='lat' dir='ltr'><strong>Diliges</strong></span> <span class='ocrx_word' id='word_1_81' title='bbox 1411 1321 1682 1374; x_wconf 88' lang='lat' dir='ltr'><strong>Dominum</strong></span> <span class='ocrx_word' id='word_1_82' title='bbox 1703 1317 1867 1372; x_wconf 86' lang='lat' dir='ltr'><strong>Deum</strong></span> 
     </span>
    </p>
   </div>
   <div class='ocr_carea' id='block_1_11' title="bbox 282 1410 1869 1484">
    <p class='ocr_par' dir='ltr' id='par_1_11' title="bbox 282 1410 1869 1484">
     <span class='ocr_line' id='line_1_11' title="bbox 282 1410 1869 1484; baseline -0.006 -14"><span class='ocrx_word' id='word_1_83' title='bbox 282 1428 414 1470; x_wconf 70' lang='lat' dir='ltr'><strong>tum</strong></span> <span class='ocrx_word' id='word_1_84' title='bbox 441 1417 496 1470; x_wconf 88' lang='lat' dir='ltr'><strong>in</strong></span> <span class='ocrx_word' id='word_1_85' title='bbox 525 1425 630 1470; x_wconf 89' lang='lat' dir='ltr'><strong>toto</strong></span> <span class='ocrx_word' id='word_1_86' title='bbox 658 1417 810 1470; x_wconf 88' lang='lat' dir='ltr'><strong>corde</strong></span> <span class='ocrx_word' id='word_1_87' title='bbox 835 1425 941 1484; x_wconf 88' lang='lat' dir='ltr'><strong>tuo,</strong></span> <span class='ocrx_word' id='word_1_88' title='bbox 968 1425 1015 1469; x_wconf 89' lang='lat' dir='ltr'><strong>et</strong></span> <span class='ocrx_word' id='word_1_89' title='bbox 1040 1417 1093 1468; x_wconf 89' lang='lat' dir='ltr'><strong>in</strong></span> <span class='ocrx_word' id='word_1_90' title='bbox 1133 1424 1237 1467; x_wconf 90' lang='lat' dir='ltr'><strong>tota</strong></span> <span class='ocrx_word' id='word_1_91' title='bbox 1274 1414 1444 1467; x_wconf 89' lang='lat' dir='ltr'><strong>anima</strong></span> <span class='ocrx_word' id='word_1_92' title='bbox 1473 1421 1580 1475; x_wconf 85' lang='lat' dir='ltr'><strong>tua,</strong></span> <span class='ocrx_word' id='word_1_93' title='bbox 1609 1421 1656 1464; x_wconf 91' lang='lat' dir='ltr'><strong>et</strong></span> <span class='ocrx_word' id='word_1_94' title='bbox 1683 1410 1735 1463; x_wconf 90' lang='lat' dir='ltr'><strong>in</strong></span> <span class='ocrx_word' id='word_1_95' title='bbox 1765 1418 1869 1462; x_wconf 88' lang='lat' dir='ltr'><strong>tota</strong></span> 
     </span>
    </p>
   </div>
   <div class='ocr_carea' id='block_1_12' title="bbox 284 1502 1870 1578">
    <p class='ocr_par' dir='ltr' id='par_1_12' title="bbox 284 1502 1870 1578">
     <span class='ocr_line' id='line_1_12' title="bbox 284 1502 1870 1578; baseline -0.005 -17"><span class='ocrx_word' id='word_1_96' title='bbox 284 1517 439 1561; x_wconf 84' lang='lat' dir='ltr'><strong>mente</strong></span> <span class='ocrx_word' id='word_1_97' title='bbox 457 1516 580 1573; x_wconf 87' lang='lat' dir='ltr'><strong>tua;</strong></span> <span class='ocrx_word' id='word_1_98' title='bbox 597 1515 672 1573; x_wconf 89' lang='lat' dir='ltr'><strong>et,</strong></span> <span class='ocrx_word' id='word_1_99' title='bbox 694 1507 886 1578; x_wconf 82' lang='lat' dir='ltr'><strong>Diliges</strong></span> <span class='ocrx_word' id='word_1_100' title='bbox 904 1505 1191 1573; x_wconf 71' lang='lat' dir='ltr'><strong>proximum</strong></span> <span class='ocrx_word' id='word_1_101' title='bbox 1211 1515 1355 1558; x_wconf 86' lang='lat' dir='ltr'><strong>tuum</strong></span> <span class='ocrx_word' id='word_1_102' title='bbox 1375 1512 1612 1574; x_wconf 83' lang='lat' dir='ltr'><strong>tanquam</strong></span> <span class='ocrx_word' id='word_1_103' title='bbox 1636 1511 1682 1554; x_wconf 91' lang='lat' dir='ltr'><strong>te</strong></span> <span class='ocrx_word' id='word_1_104' title='bbox 1701 1502 1870 1570; x_wconf 88' lang='lat' dir='ltr'><strong>ipsum</strong></span> 
     </span>
    </p>
   </div>
   <div class='ocr_carea' id='block_1_13' title="bbox 285 1593 1872 1668">
    <p class='ocr_par' dir='ltr' id='par_1_13' title="bbox 285 1593 1872 1668">
     <span class='ocr_line' id='line_1_13' title="bbox 285 1593 1872 1668; baseline -0.005 -17"><span class='ocrx_word' id='word_1_105' title='bbox 285 1597 492 1668; x_wconf 81' lang='lat' dir='ltr'><strong>(Matth.</strong></span> <span class='ocrx_word' id='word_1_106' title='bbox 523 1614 657 1661; x_wconf 73' lang='grc' dir='ltr'><strong>χιιι,</strong></span> <span class='ocrx_word' id='word_1_107' title='bbox 689 1597 899 1667; x_wconf 69' lang='grc'><strong>57-40).</strong></span> <span class='ocrx_word' id='word_1_108' title='bbox 929 1596 996 1652; x_wconf 89' lang='lat' dir='ltr'><strong>Ut</strong></span> <span class='ocrx_word' id='word_1_109' title='bbox 1026 1596 1167 1651; x_wconf 90' lang='lat' dir='ltr'><strong>enim</strong></span> <span class='ocrx_word' id='word_1_110' title='bbox 1192 1596 1352 1648; x_wconf 90' lang='lat' dir='ltr'><strong>homo</strong></span> <span class='ocrx_word' id='word_1_111' title='bbox 1372 1609 1490 1649; x_wconf 91' lang='lat' dir='ltr'><strong>sese</strong></span> <span class='ocrx_word' id='word_1_112' title='bbox 1509 1593 1726 1662; x_wconf 90' lang='lat' dir='ltr'><strong>diligere</strong></span> <span class='ocrx_word' id='word_1_113' title='bbox 1747 1604 1872 1644; x_wconf 89' lang='lat' dir='ltr'><strong>nos-</strong></span> 
     </span>
    </p>
   </div>
   <div class='ocr_carea' id='block_1_14' title="bbox 284 1684 1872 1756">
    <p class='ocr_par' dir='ltr' id='par_1_14' title="bbox 284 1684 1872 1756">
     <span class='ocr_line' id='line_1_14' title="bbox 284 1684 1872 1756; baseline -0.006 -11"><span class='ocrx_word' id='word_1_114' title='bbox 284 1698 380 1756; x_wconf 87' lang='lat' dir='ltr'><strong>set,</strong></span> <span class='ocrx_word' id='word_1_115' title='bbox 411 1692 741 1745; x_wconf 79' lang='lat' dir='ltr'><strong>constitutus</strong></span> <span class='ocrx_word' id='word_1_116' title='bbox 787 1697 870 1744; x_wconf 88' lang='lat' dir='ltr'><strong>est</strong></span> <span class='ocrx_word' id='word_1_117' title='bbox 913 1689 962 1744; x_wconf 92' lang='lat' dir='ltr'><strong>ei</strong></span> <span class='ocrx_word' id='word_1_118' title='bbox 1007 1688 1127 1742; x_wconf 89' lang='lat' dir='ltr'><strong>ﬁnis</strong></span> <span class='ocrx_word' id='word_1_119' title='bbox 1161 1701 1268 1756; x_wconf 91' lang='lat' dir='ltr'><strong>quo</strong></span> <span class='ocrx_word' id='word_1_120' title='bbox 1290 1685 1521 1740; x_wconf 90' lang='lat' dir='ltr'><strong>referret</strong></span> <span class='ocrx_word' id='word_1_121' title='bbox 1548 1684 1723 1740; x_wconf 82' lang='lat' dir='ltr'><strong>omnia</strong></span> <span class='ocrx_word' id='word_1_122' title='bbox 1753 1698 1872 1752; x_wconf 77' lang='lat' dir='ltr'><strong>qua:</strong></span> 
     </span>
    </p>
   </div>
   <div class='ocr_carea' id='block_1_15' title="bbox 286 1771 1873 1853">
    <p class='ocr_par' dir='ltr' id='par_1_15' title="bbox 286 1771 1873 1853">
     <span class='ocr_line' id='line_1_15' title="bbox 286 1771 1873 1853; baseline -0.005 -19"><span class='ocrx_word' id='word_1_123' title='bbox 286 1790 481 1853; x_wconf 89' lang='lat' dir='ltr'><strong>ageret,</strong></span> <span class='ocrx_word' id='word_1_124' title='bbox 517 1791 573 1834; x_wconf 90' lang='lat' dir='ltr'><strong>ut</strong></span> <span class='ocrx_word' id='word_1_125' title='bbox 598 1781 784 1836; x_wconf 91' lang='lat' dir='ltr'><strong>beatus</strong></span> <span class='ocrx_word' id='word_1_126' title='bbox 813 1788 980 1835; x_wconf 88' lang='lat' dir='ltr'><strong>esset.</strong></span> <span class='ocrx_word' id='word_1_127' title='bbox 1007 1777 1123 1833; x_wconf 86' lang='lat' dir='ltr'><strong>Non</strong></span> <span class='ocrx_word' id='word_1_128' title='bbox 1154 1777 1294 1832; x_wconf 92' lang='lat' dir='ltr'><strong>enim</strong></span> <span class='ocrx_word' id='word_1_129' title='bbox 1321 1777 1409 1846; x_wconf 90' lang='lat' dir='ltr'><strong>qui</strong></span> <span class='ocrx_word' id='word_1_130' title='bbox 1433 1791 1491 1831; x_wconf 92' lang='lat' dir='ltr'><strong>se</strong></span> <span class='ocrx_word' id='word_1_131' title='bbox 1510 1775 1696 1845; x_wconf 78' lang='lat' dir='ltr'><strong>diligit,</strong></span> <span class='ocrx_word' id='word_1_132' title='bbox 1729 1771 1873 1826; x_wconf 82' lang='lat' dir='ltr'><strong>aliud</strong></span> 
     </span>
    </p>
   </div>
   <div class='ocr_carea' id='block_1_16' title="bbox 287 1867 1874 1942">
    <p class='ocr_par' dir='ltr' id='par_1_16' title="bbox 287 1867 1874 1942">
     <span class='ocr_line' id='line_1_16' title="bbox 287 1867 1874 1942; baseline -0.006 -12"><span class='ocrx_word' id='word_1_133' title='bbox 287 1889 402 1930; x_wconf 87' lang='lat' dir='ltr'><strong>esse</strong></span> <span class='ocrx_word' id='word_1_134' title='bbox 428 1875 544 1928; x_wconf 90' lang='lat' dir='ltr'><strong>vult</strong></span> <span class='ocrx_word' id='word_1_135' title='bbox 571 1889 730 1942; x_wconf 90' lang='lat' dir='ltr'><strong>quam</strong></span> <span class='ocrx_word' id='word_1_136' title='bbox 757 1873 965 1929; x_wconf 88' lang='lat' dir='ltr'><strong>beatus.</strong></span> <span class='ocrx_word' id='word_1_137' title='bbox 1001 1872 1098 1926; x_wconf 86' lang='lat' dir='ltr'><strong>Hic</strong></span> <span class='ocrx_word' id='word_1_138' title='bbox 1123 1879 1300 1925; x_wconf 88' lang='lat' dir='ltr'><strong>autem</strong></span> <span class='ocrx_word' id='word_1_139' title='bbox 1334 1868 1454 1922; x_wconf 88' lang='lat' dir='ltr'><strong>linis</strong></span> <span class='ocrx_word' id='word_1_140' title='bbox 1490 1875 1573 1923; x_wconf 89' lang='lat' dir='ltr'><strong>est</strong></span> <span class='ocrx_word' id='word_1_141' title='bbox 1597 1867 1874 1920; x_wconf 73' lang='lat' dir='ltr'><strong>adltzerere</strong></span> 
     </span>
    </p>
   </div>
   <div class='ocr_carea' id='block_1_17' title="bbox 288 1959 1874 2038">
    <p class='ocr_par' dir='ltr' id='par_1_17' title="bbox 288 1959 1874 2038">
     <span class='ocr_line' id='line_1_17' title="bbox 288 1959 1874 2038; baseline -0.007 -17"><span class='ocrx_word' id='word_1_142' title='bbox 288 1966 393 2021; x_wconf 89' lang='lat' dir='ltr'><strong>Deo</strong></span> <span class='ocrx_word' id='word_1_143' title='bbox 422 1965 598 2038; x_wconf 76' lang='lat' dir='ltr'><strong>(Psal.</strong></span> <span class='ocrx_word' id='word_1_144' title='bbox 629 1981 792 2027; x_wconf 83' lang='lat' dir='ltr'><strong>Lxxn,</strong></span> <span class='ocrx_word' id='word_1_145' title='bbox 825 1963 940 2035; x_wconf 68' lang='lat'><strong>28).</strong></span> <span class='ocrx_word' id='word_1_146' title='bbox 968 1963 1084 2019; x_wconf 84' lang='lat' dir='ltr'><strong>Jam</strong></span> <span class='ocrx_word' id='word_1_147' title='bbox 1131 1963 1293 2032; x_wconf 78' lang='lat' dir='ltr'><strong>igitur</strong></span> <span class='ocrx_word' id='word_1_148' title='bbox 1321 1960 1508 2016; x_wconf 90' lang='lat' dir='ltr'><strong>scienti</strong></span> <span class='ocrx_word' id='word_1_149' title='bbox 1549 1959 1769 2029; x_wconf 83' lang='lat' dir='ltr'><strong>diligere</strong></span> <span class='ocrx_word' id='word_1_150' title='bbox 1813 1971 1874 2011; x_wconf 90' lang='lat' dir='ltr'><strong>se</strong></span> 
     </span>
    </p>
   </div>
   <div class='ocr_carea' id='block_1_18' title="bbox 291 2050 1875 2128">
    <p class='ocr_par' dir='ltr' id='par_1_18' title="bbox 291 2050 1875 2128">
     <span class='ocr_line' id='line_1_18' title="bbox 291 2050 1875 2128; baseline -0.006 -16"><span class='ocrx_word' id='word_1_151' title='bbox 291 2059 478 2128; x_wconf 88' lang='lat' dir='ltr'><strong>ipsum,</strong></span> <span class='ocrx_word' id='word_1_152' title='bbox 509 2072 636 2112; x_wconf 92' lang='lat' dir='ltr'><strong>cum</strong></span> <span class='ocrx_word' id='word_1_153' title='bbox 683 2055 964 2111; x_wconf 82' lang='lat' dir='ltr'><strong>mandatur</strong></span> <span class='ocrx_word' id='word_1_154' title='bbox 989 2055 1057 2111; x_wconf 92' lang='lat' dir='ltr'><strong>de</strong></span> <span class='ocrx_word' id='word_1_155' title='bbox 1085 2055 1329 2125; x_wconf 81' lang='lat' dir='ltr'><strong>proximo</strong></span> <span class='ocrx_word' id='word_1_156' title='bbox 1357 2051 1628 2123; x_wconf 87' lang='lat' dir='ltr'><strong>diligendo</strong></span> <span class='ocrx_word' id='word_1_157' title='bbox 1654 2050 1793 2104; x_wconf 85' lang='lat' dir='ltr'><strong>sicut</strong></span> <span class='ocrx_word' id='word_1_158' title='bbox 1816 2063 1875 2104; x_wconf 88' lang='lat' dir='ltr'><strong>se</strong></span> 
     </span>
    </p>
   </div>
   <div class='ocr_carea' id='block_1_19' title="bbox 290 2143 1874 2218">
    <p class='ocr_par' dir='ltr' id='par_1_19' title="bbox 290 2143 1874 2218">
     <span class='ocr_line' id='line_1_19' title="bbox 290 2143 1874 2218; baseline -0.007 -15"><span class='ocrx_word' id='word_1_159' title='bbox 290 2148 479 2218; x_wconf 86' lang='lat' dir='ltr'><strong>ipsum,</strong></span> <span class='ocrx_word' id='word_1_160' title='bbox 511 2147 638 2218; x_wconf 89' lang='lat' dir='ltr'><strong>quid</strong></span> <span class='ocrx_word' id='word_1_161' title='bbox 669 2146 1140 2210; x_wconf 88' lang='lat' dir='ltr'><strong>aliud.mandatur,</strong></span> <span class='ocrx_word' id='word_1_162' title='bbox 1175 2145 1274 2198; x_wconf 89' lang='lat' dir='ltr'><strong>nisi</strong></span> <span class='ocrx_word' id='word_1_163' title='bbox 1304 2152 1360 2197; x_wconf 91' lang='lat' dir='ltr'><strong>ut</strong></span> <span class='ocrx_word' id='word_1_164' title='bbox 1387 2143 1458 2208; x_wconf 89' lang='lat' dir='ltr'><strong>ei,</strong></span> <span class='ocrx_word' id='word_1_165' title='bbox 1487 2151 1745 2211; x_wconf 89' lang='lat' dir='ltr'><strong>quantum</strong></span> <span class='ocrx_word' id='word_1_166' title='bbox 1778 2155 1874 2208; x_wconf 88' lang='lat' dir='ltr'><strong>po-</strong></span> 
     </span>
    </p>
   </div>
   <div class='ocr_carea' id='block_1_20' title="bbox 292 2239 1875 2314">
    <p class='ocr_par' dir='ltr' id='par_1_20' title="bbox 292 2239 1875 2314">
     <span class='ocr_line' id='line_1_20' title="bbox 292 2239 1875 2314; baseline -0.003 -17"><span class='ocrx_word' id='word_1_167' title='bbox 292 2253 408 2312; x_wconf 87' lang='lat' dir='ltr'><strong>test,</strong></span> <span class='ocrx_word' id='word_1_168' title='bbox 436 2243 782 2300; x_wconf 88' lang='lat' dir='ltr'><strong>eommendet</strong></span> <span class='ocrx_word' id='word_1_169' title='bbox 823 2240 1148 2314; x_wconf 86' lang='lat' dir='ltr'><strong>diligendum</strong></span> <span class='ocrx_word' id='word_1_170' title='bbox 1193 2242 1360 2298; x_wconf 92' lang='lat' dir='ltr'><strong>Deum</strong></span> <span class='ocrx_word' id='word_1_171' title='bbox 1391 2239 1506 2312; x_wconf 82' lang='lat' dir='ltr'><strong>(a)?</strong></span> <span class='ocrx_word' id='word_1_172' title='bbox 1533 2239 1631 2294; x_wconf 84' lang='lat' dir='ltr'><strong>Hic</strong></span> <span class='ocrx_word' id='word_1_173' title='bbox 1671 2248 1754 2294; x_wconf 86' lang='lat' dir='ltr'><strong>est</strong></span> <span class='ocrx_word' id='word_1_174' title='bbox 1783 2239 1875 2292; x_wconf 89' lang='lat' dir='ltr'><strong>Dei</strong></span> 
     </span>
    </p>
   </div>
   <div class='ocr_carea' id='block_1_21' title="bbox 293 2331 1875 2404">
    <p class='ocr_par' dir='ltr' id='par_1_21' title="bbox 293 2331 1875 2404">
     <span class='ocr_line' id='line_1_21' title="bbox 293 2331 1875 2404; baseline -0.005 -14"><span class='ocrx_word' id='word_1_175' title='bbox 293 2335 479 2399; x_wconf 87' lang='lat' dir='ltr'><strong>cultus,</strong></span> <span class='ocrx_word' id='word_1_176' title='bbox 514 2335 632 2390; x_wconf 67' lang='lat' dir='ltr'><strong>haec</strong></span> <span class='ocrx_word' id='word_1_177' title='bbox 674 2349 800 2390; x_wconf 90' lang='lat' dir='ltr'><strong>vera</strong></span> <span class='ocrx_word' id='word_1_178' title='bbox 842 2334 1050 2404; x_wconf 88' lang='lat' dir='ltr'><strong>religio,</strong></span> <span class='ocrx_word' id='word_1_179' title='bbox 1084 2335 1198 2388; x_wconf 80' lang='lat' dir='ltr'><strong>haec</strong></span> <span class='ocrx_word' id='word_1_180' title='bbox 1227 2342 1370 2388; x_wconf 87' lang='lat' dir='ltr'><strong>recta</strong></span> <span class='ocrx_word' id='word_1_181' title='bbox 1401 2331 1590 2403; x_wconf 89' lang='lat' dir='ltr'><strong>pietas,</strong></span> <span class='ocrx_word' id='word_1_182' title='bbox 1619 2331 1732 2384; x_wconf 74' lang='lat' dir='ltr'><strong>tunc</strong></span> <span class='ocrx_word' id='word_1_183' title='bbox 1758 2339 1875 2382; x_wconf 84' lang='lat' dir='ltr'><strong>tau-</strong></span> 
     </span>
    </p>
   </div>
   <div class='ocr_carea' id='block_1_22' title="bbox 293 2420 1879 2494">
    <p class='ocr_par' dir='ltr' id='par_1_22' title="bbox 293 2420 1879 2494">
     <span class='ocr_line' id='line_1_22' title="bbox 293 2420 1879 2494; baseline -0.003 -16"><span class='ocrx_word' id='word_1_184' title='bbox 293 2435 396 2478; x_wconf 90' lang='lat' dir='ltr'><strong>tum</strong></span> <span class='ocrx_word' id='word_1_185' title='bbox 438 2425 549 2480; x_wconf 89' lang='lat' dir='ltr'><strong>Deo</strong></span> <span class='ocrx_word' id='word_1_186' title='bbox 576 2425 758 2480; x_wconf 90' lang='lat' dir='ltr'><strong>debita</strong></span> <span class='ocrx_word' id='word_1_187' title='bbox 789 2426 1038 2479; x_wconf 88' lang='lat' dir='ltr'><strong>servitus.</strong></span> <span class='ocrx_word' id='word_1_188' title='bbox 1071 2424 1431 2494; x_wconf 69' lang='lat' dir='ltr'><strong>Qumcumque</strong></span> <span class='ocrx_word' id='word_1_189' title='bbox 1471 2422 1629 2492; x_wconf 82' lang='lat' dir='ltr'><strong>igitur</strong></span> <span class='ocrx_word' id='word_1_190' title='bbox 1654 2420 1879 2474; x_wconf 82' lang='lat' dir='ltr'><strong>immor-</strong></span> 
     </span>
    </p>
   </div>
   <div class='ocr_carea' id='block_1_23' title="bbox 294 2510 1875 2588">
    <p class='ocr_par' dir='ltr' id='par_1_23' title="bbox 294 2510 1875 2588">
     <span class='ocr_line' id='line_1_23' title="bbox 294 2510 1875 2588; baseline -0.003 -19"><span class='ocrx_word' id='word_1_191' title='bbox 294 2516 406 2570; x_wconf 82' lang='lat' dir='ltr'><strong>talis</strong></span> <span class='ocrx_word' id='word_1_192' title='bbox 434 2526 676 2586; x_wconf 87' lang='lat' dir='ltr'><strong>potestas</strong></span> <span class='ocrx_word' id='word_1_193' title='bbox 699 2517 1027 2588; x_wconf 89' lang='lat' dir='ltr'><strong>quantalibet</strong></span> <span class='ocrx_word' id='word_1_194' title='bbox 1056 2517 1254 2571; x_wconf 86' lang='lat' dir='ltr'><strong>virtute</strong></span> <span class='ocrx_word' id='word_1_195' title='bbox 1283 2515 1524 2585; x_wconf 69' lang='lat' dir='ltr'><strong>praedita,</strong></span> <span class='ocrx_word' id='word_1_196' title='bbox 1559 2513 1603 2568; x_wconf 90' lang='lat' dir='ltr'><strong>si</strong></span> <span class='ocrx_word' id='word_1_197' title='bbox 1634 2528 1731 2566; x_wconf 85' lang='lat' dir='ltr'><strong>nus</strong></span> <span class='ocrx_word' id='word_1_198' title='bbox 1750 2510 1875 2566; x_wconf 84' lang='lat' dir='ltr'><strong>dili-</strong></span> 
     </span>
    </p>
   </div>
   <div class='ocr_carea' id='block_1_24' title="bbox 291 2604 1876 2678">
    <p class='ocr_par' dir='ltr' id='par_1_24' title="bbox 291 2604 1876 2678">
     <span class='ocr_line' id='line_1_24' title="bbox 291 2604 1876 2678; baseline 0 -20"><span class='ocrx_word' id='word_1_199' title='bbox 291 2606 362 2676; x_wconf 86' lang='lat' dir='ltr'><strong>git</strong></span> <span class='ocrx_word' id='word_1_200' title='bbox 383 2607 520 2662; x_wconf 87' lang='lat' dir='ltr'><strong>sicut</strong></span> <span class='ocrx_word' id='word_1_201' title='bbox 543 2623 604 2662; x_wconf 87' lang='lat' dir='ltr'><strong>se</strong></span> <span class='ocrx_word' id='word_1_202' title='bbox 633 2608 825 2678; x_wconf 84' lang='lat' dir='ltr'><strong>ipsam,</strong></span> <span class='ocrx_word' id='word_1_203' title='bbox 876 2607 924 2663; x_wconf 90' lang='lat' dir='ltr'><strong>ei</strong></span> <span class='ocrx_word' id='word_1_204' title='bbox 969 2607 1085 2662; x_wconf 94' lang='lat' dir='ltr'><strong>vult</strong></span> <span class='ocrx_word' id='word_1_205' title='bbox 1107 2621 1228 2662; x_wconf 90' lang='lat' dir='ltr'><strong>esse</strong></span> <span class='ocrx_word' id='word_1_206' title='bbox 1254 2607 1516 2670; x_wconf 89' lang='lat' dir='ltr'><strong>subditos,</strong></span> <span class='ocrx_word' id='word_1_207' title='bbox 1547 2615 1606 2659; x_wconf 95' lang='lat' dir='ltr'><strong>ut</strong></span> <span class='ocrx_word' id='word_1_208' title='bbox 1633 2604 1772 2659; x_wconf 86' lang='lat' dir='ltr'><strong>beati</strong></span> <span class='ocrx_word' id='word_1_209' title='bbox 1799 2604 1876 2659; x_wconf 91' lang='lat' dir='ltr'><strong>si-</strong></span> 
     </span>
    </p>
   </div>
   <div class='ocr_carea' id='block_1_25' title="bbox 292 2699 1877 2772">
    <p class='ocr_par' dir='ltr' id='par_1_25' title="bbox 292 2699 1877 2772">
     <span class='ocr_line' id='line_1_25' title="bbox 292 2699 1877 2772; baseline -0.002 -18"><span class='ocrx_word' id='word_1_210' title='bbox 292 2715 424 2765; x_wconf 90' lang='lat' dir='ltr'><strong>mus,</strong></span> <span class='ocrx_word' id='word_1_211' title='bbox 451 2701 540 2756; x_wconf 94' lang='lat' dir='ltr'><strong>cui</strong></span> <span class='ocrx_word' id='word_1_212' title='bbox 585 2710 642 2756; x_wconf 91' lang='lat' dir='ltr'><strong>et</strong></span> <span class='ocrx_word' id='word_1_213' title='bbox 684 2702 794 2772; x_wconf 91' lang='lat' dir='ltr'><strong>ipsa</strong></span> <span class='ocrx_word' id='word_1_214' title='bbox 834 2701 1044 2756; x_wconf 90' lang='lat' dir='ltr'><strong>subdita</strong></span> <span class='ocrx_word' id='word_1_215' title='bbox 1073 2701 1225 2756; x_wconf 84' lang='lat' dir='ltr'><strong>beata</strong></span> <span class='ocrx_word' id='word_1_216' title='bbox 1267 2709 1349 2755; x_wconf 92' lang='lat' dir='ltr'><strong>est</strong></span> <span class='ocrx_word' id='word_1_217' title='bbox 1379 2699 1475 2770; x_wconf 77' lang='grc' dir='ltr'><strong>(ὁ).</strong></span> <span class='ocrx_word' id='word_1_218' title='bbox 1517 2699 1572 2753; x_wconf 87' lang='lat' dir='ltr'><strong>Si</strong></span> <span class='ocrx_word' id='word_1_219' title='bbox 1613 2714 1741 2768; x_wconf 88' lang='lat' dir='ltr'><strong>ergo</strong></span> <span class='ocrx_word' id='word_1_220' title='bbox 1772 2712 1877 2752; x_wconf 91' lang='lat' dir='ltr'><strong>non</strong></span> 
     </span>
    </p>
   </div>
   <div class='ocr_carea' id='block_1_26' title="bbox 293 2790 1877 2863">
    <p class='ocr_par' dir='ltr' id='par_1_26' title="bbox 293 2790 1877 2863">
     <span class='ocr_line' id='line_1_26' title="bbox 293 2790 1877 2863; baseline -0.003 -17"><span class='ocrx_word' id='word_1_221' title='bbox 293 2794 413 2848; x_wconf 90' lang='lat' dir='ltr'><strong>colit</strong></span> <span class='ocrx_word' id='word_1_222' title='bbox 442 2793 637 2859; x_wconf 88' lang='lat' dir='ltr'><strong>Deum,</strong></span> <span class='ocrx_word' id='word_1_223' title='bbox 677 2794 868 2848; x_wconf 88' lang='lat' dir='ltr'><strong>misera</strong></span> <span class='ocrx_word' id='word_1_224' title='bbox 899 2801 1002 2861; x_wconf 91' lang='lat' dir='ltr'><strong>cst,</strong></span> <span class='ocrx_word' id='word_1_225' title='bbox 1031 2793 1154 2863; x_wconf 90' lang='lat' dir='ltr'><strong>quia</strong></span> <span class='ocrx_word' id='word_1_226' title='bbox 1186 2793 1295 2848; x_wconf 88' lang='lat' dir='ltr'><strong>Deo</strong></span> <span class='ocrx_word' id='word_1_227' title='bbox 1322 2793 1593 2862; x_wconf 87' lang='lat' dir='ltr'><strong>privatur:</strong></span> <span class='ocrx_word' id='word_1_228' title='bbox 1619 2790 1663 2843; x_wconf 90' lang='lat' dir='ltr'><strong>si</strong></span> <span class='ocrx_word' id='word_1_229' title='bbox 1702 2797 1877 2843; x_wconf 80' lang='lat' dir='ltr'><strong>autem</strong></span> 
     </span>
    </p>
   </div>
   <div class='ocr_carea' id='block_1_27' title="bbox 296 2880 1882 2955">
    <p class='ocr_par' dir='ltr' id='par_1_27' title="bbox 296 2880 1882 2955">
     <span class='ocr_line' id='line_1_27' title="bbox 296 2880 1882 2955; baseline -0.004 -16"><span class='ocrx_word' id='word_1_230' title='bbox 296 2886 415 2940; x_wconf 90' lang='lat' dir='ltr'><strong>colit</strong></span> <span class='ocrx_word' id='word_1_231' title='bbox 435 2885 627 2951; x_wconf 90' lang='lat' dir='ltr'><strong>Deum,</strong></span> <span class='ocrx_word' id='word_1_232' title='bbox 657 2900 764 2940; x_wconf 91' lang='lat' dir='ltr'><strong>non</strong></span> <span class='ocrx_word' id='word_1_233' title='bbox 791 2885 906 2939; x_wconf 88' lang='lat' dir='ltr'><strong>vult</strong></span> <span class='ocrx_word' id='word_1_234' title='bbox 929 2900 988 2939; x_wconf 90' lang='lat' dir='ltr'><strong>se</strong></span> <span class='ocrx_word' id='word_1_235' title='bbox 1013 2883 1118 2940; x_wconf 91' lang='lat' dir='ltr'><strong>coli</strong></span> <span class='ocrx_word' id='word_1_236' title='bbox 1147 2898 1245 2955; x_wconf 87' lang='lat' dir='ltr'><strong>pro</strong></span> <span class='ocrx_word' id='word_1_237' title='bbox 1276 2882 1406 2938; x_wconf 91' lang='lat' dir='ltr'><strong>Deo.</strong></span> <span class='ocrx_word' id='word_1_238' title='bbox 1433 2883 1511 2937; x_wconf 93' lang='lat' dir='ltr'><strong>llli</strong></span> <span class='ocrx_word' id='word_1_239' title='bbox 1539 2881 1681 2936; x_wconf 90' lang='lat' dir='ltr'><strong>enim</strong></span> <span class='ocrx_word' id='word_1_240' title='bbox 1704 2880 1882 2950; x_wconf 89' lang='lat' dir='ltr'><strong>potius</strong></span> 
     </span>
    </p>
   </div>
   <div class='ocr_carea' id='block_1_28' title="bbox 297 2970 1881 3046">
    <p class='ocr_par' dir='ltr' id='par_1_28' title="bbox 297 2970 1881 3046">
     <span class='ocr_line' id='line_1_28' title="bbox 297 2970 1881 3046; baseline -0.005 -16"><span class='ocrx_word' id='word_1_241' title='bbox 297 2976 487 3030; x_wconf 73' lang='lat' dir='ltr'><strong>divina:</strong></span> <span class='ocrx_word' id='word_1_242' title='bbox 537 2976 820 3032; x_wconf 67' lang='lat' dir='ltr'><strong>sententia:</strong></span> <span class='ocrx_word' id='word_1_243' title='bbox 857 2976 1198 3046; x_wconf 83' lang='lat' dir='ltr'><strong>suffragatur,</strong></span> <span class='ocrx_word' id='word_1_244' title='bbox 1241 2982 1296 3028; x_wconf 89' lang='lat' dir='ltr'><strong>et</strong></span> <span class='ocrx_word' id='word_1_245' title='bbox 1337 2972 1642 3027; x_wconf 85' lang='lat' dir='ltr'><strong>dilectionis</strong></span> <span class='ocrx_word' id='word_1_246' title='bbox 1679 2970 1881 3023; x_wconf 90' lang='lat' dir='ltr'><strong>virilms</strong></span> 
     </span>
    </p>
   </div>
   <div class='ocr_carea' id='block_1_29' title="bbox 297 3062 1879 3139">
    <p class='ocr_par' dir='ltr' id='par_1_29' title="bbox 297 3062 1879 3139">
     <span class='ocr_line' id='line_1_29' title="bbox 297 3062 1879 3139; baseline -0.006 -16"><span class='ocrx_word' id='word_1_247' title='bbox 297 3068 450 3134; x_wconf 85' lang='lat' dir='ltr'><strong>favet,</strong></span> <span class='ocrx_word' id='word_1_248' title='bbox 479 3085 584 3139; x_wconf 89' lang='lat' dir='ltr'><strong>qua</strong></span> <span class='ocrx_word' id='word_1_249' title='bbox 613 3069 870 3134; x_wconf 90' lang='lat' dir='ltr'><strong>scriptum</strong></span> <span class='ocrx_word' id='word_1_250' title='bbox 897 3077 1014 3123; x_wconf 91' lang='lat' dir='ltr'><strong>est:</strong></span> <span class='ocrx_word' id='word_1_251' title='bbox 1044 3066 1358 3134; x_wconf 82' lang='lat' dir='ltr'><strong>Sacriﬁcans</strong></span> <span class='ocrx_word' id='word_1_252' title='bbox 1387 3065 1484 3117; x_wconf 87' lang='lat' dir='ltr'><strong>diis</strong></span> <span class='ocrx_word' id='word_1_253' title='bbox 1517 3062 1879 3129; x_wconf 82' lang='lat' dir='ltr'><strong>eradicabitur,</strong></span> 
     </span>
    </p>
   </div>
   <div class='ocr_carea' id='block_1_30' title="bbox 299 3155 1294 3229">
    <p class='ocr_par' dir='ltr' id='par_1_30' title="bbox 299 3155 1294 3229">
     <span class='ocr_line' id='line_1_30' title="bbox 299 3155 1294 3229; baseline -0.002 -17"><span class='ocrx_word' id='word_1_254' title='bbox 299 3161 390 3214; x_wconf 85' lang='lat' dir='ltr'><strong>nisi</strong></span> <span class='ocrx_word' id='word_1_255' title='bbox 417 3159 640 3213; x_wconf 87' lang='lat' dir='ltr'><strong>Domino</strong></span> <span class='ocrx_word' id='word_1_256' title='bbox 663 3159 763 3213; x_wconf 84' lang='lat' dir='ltr'><strong>soli</strong></span> <span class='ocrx_word' id='word_1_257' title='bbox 789 3157 981 3228; x_wconf 76' lang='lat' dir='ltr'><strong>(Exod.</strong></span> <span class='ocrx_word' id='word_1_258' title='bbox 1013 3174 1146 3222; x_wconf 68' lang='grc' dir='ltr'>χχιι,</span> <span class='ocrx_word' id='word_1_259' title='bbox 1178 3155 1294 3229; x_wconf 75' lang='grc'><strong>20).</strong></span> 
     </span>
    </p>
   </div>
   <div class='ocr_carea' id='block_1_31' title="bbox 203 3245 1883 3368">
    <p class='ocr_par' dir='ltr' id='par_1_31' title="bbox 203 3245 1883 3368">
     <span class='ocr_line' id='line_1_31' title="bbox 203 3245 1883 3368; baseline 0 0"><span class='ocrx_word' id='word_1_260' title='bbox 203 3271 244 3368; x_wconf 72' lang='lat' dir='ltr'>x</span> <span class='ocrx_word' id='word_1_261' title='bbox 300 3251 514 3368; x_wconf 55' lang='lat'><strong>“3}?</strong></span> <span class='ocrx_word' id='word_1_262' title='bbox 547 3250 610 3368; x_wconf 66' lang='lat' dir='ltr'><strong>[‘f</strong></span> <span class='ocrx_word' id='word_1_263' title='bbox 752 3250 1144 3368; x_wconf 67' lang='lat' dir='ltr'><strong>Q.“£f‘.&quot;.&#39;i‘.’;f&#39;_‘i</strong></span> <span class='ocrx_word' id='word_1_264' title='bbox 1166 3245 1883 3368; x_wconf 66' lang='lat' dir='ltr'><strong>”:::“::‘£si&#39;:&#39;:&#39;:‘:f:“:‘:::-</strong></span> 
     </span>
    </p>
   </div>
   <div class='ocr_carea' id='block_1_32' title="bbox 361 3334 1888 3410">
    <p class='ocr_par' dir='ltr' id='par_1_32' title="bbox 361 3334 1888 3410">
     <span class='ocr_line' id='line_1_32' title="bbox 361 3334 1888 3410; baseline -0.007 -12"><span class='ocrx_word' id='word_1_265' title='bbox 361 3343 516 3410; x_wconf 86' lang='lat' dir='ltr'><strong>Nam,</strong></span> <span class='ocrx_word' id='word_1_266' title='bbox 548 3352 605 3397; x_wconf 94' lang='lat' dir='ltr'><strong>ut</strong></span> <span class='ocrx_word' id='word_1_267' title='bbox 630 3344 731 3397; x_wconf 89' lang='lat' dir='ltr'><strong>alia</strong></span> <span class='ocrx_word' id='word_1_268' title='bbox 777 3353 915 3397; x_wconf 84' lang='lat' dir='ltr'><strong>nunc</strong></span> <span class='ocrx_word' id='word_1_269' title='bbox 945 3351 1170 3408; x_wconf 83' lang='lat' dir='ltr'><strong>taceam,</strong></span> <span class='ocrx_word' id='word_1_270' title='bbox 1199 3355 1316 3410; x_wconf 70' lang='lat' dir='ltr'><strong>qua:</strong></span> <span class='ocrx_word' id='word_1_271' title='bbox 1355 3339 1626 3410; x_wconf 87' lang='lat' dir='ltr'><strong>pertinent</strong></span> <span class='ocrx_word' id='word_1_272' title='bbox 1654 3335 1721 3390; x_wconf 88' lang='lat' dir='ltr'><strong>ad</strong></span> <span class='ocrx_word' id='word_1_273' title='bbox 1760 3334 1888 3389; x_wconf 87' lang='lat' dir='ltr'><strong>reli-</strong></span> 
     </span>
    </p>
   </div>
   <div class='ocr_carea' id='block_1_33' title="bbox 303 3429 1888 3507">
    <p class='ocr_par' dir='ltr' id='par_1_33' title="bbox 303 3429 1888 3507">
     <span class='ocr_line' id='line_1_33' title="bbox 303 3429 1888 3507; baseline -0.007 -17"><span class='ocrx_word' id='word_1_274' title='bbox 303 3437 463 3507; x_wconf 89' lang='lat' dir='ltr'><strong>gionis</strong></span> <span class='ocrx_word' id='word_1_275' title='bbox 481 3435 822 3506; x_wconf 88' lang='lat' dir='ltr'><strong>obsequium,</strong></span> <span class='ocrx_word' id='word_1_276' title='bbox 853 3451 959 3505; x_wconf 91' lang='lat' dir='ltr'><strong>quo</strong></span> <span class='ocrx_word' id='word_1_277' title='bbox 985 3435 1178 3489; x_wconf 91' lang='lat' dir='ltr'><strong>colitur</strong></span> <span class='ocrx_word' id='word_1_278' title='bbox 1206 3433 1376 3494; x_wconf 87' lang='lat' dir='ltr'><strong>Deus;</strong></span> <span class='ocrx_word' id='word_1_279' title='bbox 1400 3429 1716 3484; x_wconf 88' lang='lat' dir='ltr'><strong>sacriﬁcium</strong></span> <span class='ocrx_word' id='word_1_280' title='bbox 1743 3435 1888 3481; x_wconf 89' lang='lat' dir='ltr'><strong>certe</strong></span> 
     </span>
    </p>
   </div>
   <div class='ocr_carea' id='block_1_34' title="bbox 308 3517 1889 3594">
    <p class='ocr_par' dir='ltr' id='par_1_34' title="bbox 308 3517 1889 3594">
     <span class='ocr_line' id='line_1_34' title="bbox 308 3517 1889 3594; baseline -0.008 -12"><span class='ocrx_word' id='word_1_281' title='bbox 308 3529 477 3584; x_wconf 85' lang='lat' dir='ltr'><strong>nullus</strong></span> <span class='ocrx_word' id='word_1_282' title='bbox 522 3528 800 3583; x_wconf 91' lang='lat' dir='ltr'><strong>hominum</strong></span> <span class='ocrx_word' id='word_1_283' title='bbox 831 3535 914 3582; x_wconf 88' lang='lat' dir='ltr'><strong>est</strong></span> <span class='ocrx_word' id='word_1_284' title='bbox 943 3526 1031 3594; x_wconf 92' lang='lat' dir='ltr'><strong>qui</strong></span> <span class='ocrx_word' id='word_1_285' title='bbox 1077 3523 1270 3579; x_wconf 89' lang='lat' dir='ltr'><strong>audeat</strong></span> <span class='ocrx_word' id='word_1_286' title='bbox 1307 3522 1487 3576; x_wconf 91' lang='lat' dir='ltr'><strong>dicere</strong></span> <span class='ocrx_word' id='word_1_287' title='bbox 1533 3519 1738 3581; x_wconf 87' lang='lat' dir='ltr'><strong>deberi,</strong></span> <span class='ocrx_word' id='word_1_288' title='bbox 1787 3517 1889 3571; x_wconf 88' lang='lat' dir='ltr'><strong>nisi</strong></span> 
     </span>
    </p>
   </div>
   <div class='ocr_carea' id='block_1_35' title="bbox 307 3613 1887 3687">
    <p class='ocr_par' dir='ltr' id='par_1_35' title="bbox 307 3613 1887 3687">
     <span class='ocr_line' id='line_1_35' title="bbox 307 3613 1887 3687; baseline -0.01 -10"><span class='ocrx_word' id='word_1_289' title='bbox 307 3621 463 3677; x_wconf 77' lang='lat' dir='ltr'><strong>Dco‘.</strong></span> <span class='ocrx_word' id='word_1_290' title='bbox 491 3619 656 3674; x_wconf 75' lang='lat' dir='ltr'><strong>Multa</strong></span> <span class='ocrx_word' id='word_1_291' title='bbox 704 3618 936 3687; x_wconf 89' lang='lat' dir='ltr'><strong>denique</strong></span> <span class='ocrx_word' id='word_1_292' title='bbox 969 3617 1036 3670; x_wconf 92' lang='lat' dir='ltr'><strong>de</strong></span> <span class='ocrx_word' id='word_1_293' title='bbox 1061 3616 1206 3670; x_wconf 91' lang='lat' dir='ltr'><strong>cultu</strong></span> <span class='ocrx_word' id='word_1_294' title='bbox 1237 3613 1417 3668; x_wconf 85' lang='lat' dir='ltr'><strong>divino</strong></span> <span class='ocrx_word' id='word_1_295' title='bbox 1445 3619 1695 3681; x_wconf 89' lang='lat' dir='ltr'><strong>usurpata</strong></span> <span class='ocrx_word' id='word_1_296' title='bbox 1737 3617 1887 3671; x_wconf 91' lang='lat' dir='ltr'><strong>sunt,</strong></span> 
     </span>
    </p>
   </div>
   <div class='ocr_carea' id='block_1_36' title="bbox 305 3699 1891 3782">
    <p class='ocr_par' dir='ltr' id='par_1_36' title="bbox 305 3699 1891 3782">
     <span class='ocr_line' id='line_1_36' title="bbox 305 3699 1891 3782; baseline -0.01 -15"><span class='ocrx_word' id='word_1_297' title='bbox 305 3727 414 3782; x_wconf 81' lang='lat' dir='ltr'><strong>quze</strong></span> <span class='ocrx_word' id='word_1_298' title='bbox 444 3710 740 3766; x_wconf 86' lang='lat' dir='ltr'><strong>honoribus</strong></span> <span class='ocrx_word' id='word_1_299' title='bbox 769 3707 1106 3764; x_wconf 86' lang='lat' dir='ltr'><strong>deferrentur</strong></span> <span class='ocrx_word' id='word_1_300' title='bbox 1143 3704 1410 3769; x_wconf 84' lang='lat' dir='ltr'><strong>humanis,</strong></span> <span class='ocrx_word' id='word_1_301' title='bbox 1443 3701 1556 3756; x_wconf 88' lang='lat' dir='ltr'><strong>sive</strong></span> <span class='ocrx_word' id='word_1_302' title='bbox 1596 3699 1891 3754; x_wconf 90' lang='lat' dir='ltr'><strong>humilitate</strong></span> 
     </span>
    </p>
   </div>
   <div class='ocr_carea' id='block_1_37' title="bbox 308 3793 1890 3872">
    <p class='ocr_par' dir='ltr' id='par_1_37' title="bbox 308 3793 1890 3872">
     <span class='ocr_line' id='line_1_37' title="bbox 308 3793 1890 3872; baseline -0.007 -14"><span class='ocrx_word' id='word_1_303' title='bbox 308 3805 484 3872; x_wconf 87' lang='lat' dir='ltr'><strong>nimia,</strong></span> <span class='ocrx_word' id='word_1_304' title='bbox 511 3805 628 3858; x_wconf 88' lang='lat' dir='ltr'><strong>sive</strong></span> <span class='ocrx_word' id='word_1_305' title='bbox 657 3801 963 3857; x_wconf 89' lang='lat' dir='ltr'><strong>adulatione</strong></span> <span class='ocrx_word' id='word_1_306' title='bbox 991 3799 1274 3870; x_wconf 87' lang='lat' dir='ltr'><strong>pestifera;</strong></span> <span class='ocrx_word' id='word_1_307' title='bbox 1305 3797 1374 3850; x_wconf 90' lang='lat' dir='ltr'><strong>ita</strong></span> <span class='ocrx_word' id='word_1_308' title='bbox 1409 3805 1587 3850; x_wconf 89' lang='lat' dir='ltr'><strong>tamen</strong></span> <span class='ocrx_word' id='word_1_309' title='bbox 1613 3801 1672 3848; x_wconf 93' lang='lat' dir='ltr'><strong>ut</strong></span> <span class='ocrx_word' id='word_1_310' title='bbox 1696 3793 1890 3863; x_wconf 89' lang='lat' dir='ltr'><strong>quibus</strong></span> 
     </span>
    </p>
   </div>
   <div class='ocr_carea' id='block_1_38' title="bbox 306 3883 1890 3958">
    <p class='ocr_par' dir='ltr' id='par_1_38' title="bbox 306 3883 1890 3958">
     <span class='ocr_line' id='line_1_38' title="bbox 306 3883 1890 3958; baseline -0.008 -10"><span class='ocrx_word' id='word_1_311' title='bbox 306 3909 363 3948; x_wconf 82' lang='lat' dir='ltr'><strong>ea</strong></span> <span class='ocrx_word' id='word_1_312' title='bbox 389 3894 749 3958; x_wconf 90' lang='lat' dir='ltr'><strong>deferrentur,</strong></span> <span class='ocrx_word' id='word_1_313' title='bbox 771 3890 1014 3945; x_wconf 88' lang='lat' dir='ltr'><strong>homines</strong></span> <span class='ocrx_word' id='word_1_314' title='bbox 1040 3889 1384 3950; x_wconf 85' lang='lat' dir='ltr'><strong>haberentur,</strong></span> <span class='ocrx_word' id='word_1_315' title='bbox 1413 3885 1502 3956; x_wconf 93' lang='lat' dir='ltr'><strong>qui</strong></span> <span class='ocrx_word' id='word_1_316' title='bbox 1532 3883 1781 3942; x_wconf 91' lang='lat' dir='ltr'><strong>dicuntur</strong></span> <span class='ocrx_word' id='word_1_317' title='bbox 1796 3897 1890 3937; x_wconf 88' lang='lat' dir='ltr'><strong>co-</strong></span> 
     </span>
    </p>
   </div>
   <div class='ocr_carea' id='block_1_39' title="bbox 307 3975 1893 4049">
    <p class='ocr_par' dir='ltr' id='par_1_39' title="bbox 307 3975 1893 4049">
     <span class='ocr_line' id='line_1_39' title="bbox 307 3975 1893 4049; baseline -0.009 -7"><span class='ocrx_word' id='word_1_318' title='bbox 307 3987 437 4043; x_wconf 85' lang='lat' dir='ltr'><strong>lendi</strong></span> <span class='ocrx_word' id='word_1_319' title='bbox 469 3996 523 4042; x_wconf 92' lang='lat' dir='ltr'><strong>et</strong></span> <span class='ocrx_word' id='word_1_320' title='bbox 549 3984 874 4049; x_wconf 80' lang='lat' dir='ltr'><strong>venerandi;</strong></span> <span class='ocrx_word' id='word_1_321' title='bbox 905 3983 950 4038; x_wconf 91' lang='lat' dir='ltr'><strong>si</strong></span> <span class='ocrx_word' id='word_1_322' title='bbox 977 3991 1154 4036; x_wconf 81' lang='lat' dir='ltr'><strong>autent</strong></span> <span class='ocrx_word' id='word_1_323' title='bbox 1184 3981 1263 4036; x_wconf 88' lang='lat' dir='ltr'><strong>eis</strong></span> <span class='ocrx_word' id='word_1_324' title='bbox 1305 3978 1536 4034; x_wconf 90' lang='lat' dir='ltr'><strong>multmn</strong></span> <span class='ocrx_word' id='word_1_325' title='bbox 1579 3975 1810 4042; x_wconf 88' lang='lat' dir='ltr'><strong>additur,</strong></span> <span class='ocrx_word' id='word_1_326' title='bbox 1838 3982 1893 4028; x_wconf 90' lang='lat' dir='ltr'><strong>et</strong></span> 
     </span>
    </p>
   </div>
   <div class='ocr_carea' id='block_1_40' title="bbox 308 4065 1889 4146">
    <p class='ocr_par' dir='ltr' id='par_1_40' title="bbox 308 4065 1889 4146">
     <span class='ocr_line' id='line_1_40' title="bbox 308 4065 1889 4146; baseline -0.007 -16"><span class='ocrx_word' id='word_1_327' title='bbox 308 4075 734 4146; x_wconf 75' lang='lat' dir='ltr'><strong>adorandizquis</strong></span> <span class='ocrx_word' id='word_1_328' title='bbox 778 4088 910 4128; x_wconf 87' lang='lat' dir='ltr'><strong>vero</strong></span> <span class='ocrx_word' id='word_1_329' title='bbox 959 4069 1364 4126; x_wconf 89' lang='lat' dir='ltr'><strong>sacriﬁcandum</strong></span> <span class='ocrx_word' id='word_1_330' title='bbox 1409 4066 1644 4132; x_wconf 88' lang='lat' dir='ltr'><strong>censuit,</strong></span> <span class='ocrx_word' id='word_1_331' title='bbox 1691 4066 1792 4120; x_wconf 90' lang='lat' dir='ltr'><strong>nisi</strong></span> <span class='ocrx_word' id='word_1_332' title='bbox 1838 4065 1889 4120; x_wconf 93' lang='lat' dir='ltr'><strong>ei</strong></span> 
     </span>
    </p>
   </div>
   <div class='ocr_carea' id='block_1_41' title="bbox 309 4157 1891 4238">
    <p class='ocr_par' dir='ltr' id='par_1_41' title="bbox 309 4157 1891 4238">
     <span class='ocr_line' id='line_1_41' title="bbox 309 4157 1891 4238; baseline -0.007 -17"><span class='ocrx_word' id='word_1_333' title='bbox 309 4183 456 4238; x_wconf 88' lang='lat' dir='ltr'><strong>quem</strong></span> <span class='ocrx_word' id='word_1_334' title='bbox 485 4168 654 4223; x_wconf 90' lang='lat' dir='ltr'><strong>Deum</strong></span> <span class='ocrx_word' id='word_1_335' title='bbox 701 4174 792 4220; x_wconf 90' lang='lat' dir='ltr'><strong>aut</strong></span> <span class='ocrx_word' id='word_1_336' title='bbox 819 4162 992 4231; x_wconf 80' lang='lat' dir='ltr'><strong>scivit,</strong></span> <span class='ocrx_word' id='word_1_337' title='bbox 1026 4171 1118 4216; x_wconf 91' lang='lat' dir='ltr'><strong>aut</strong></span> <span class='ocrx_word' id='word_1_338' title='bbox 1141 4160 1366 4231; x_wconf 88' lang='lat' dir='ltr'><strong>putavit,</strong></span> <span class='ocrx_word' id='word_1_339' title='bbox 1396 4168 1487 4212; x_wconf 90' lang='lat' dir='ltr'><strong>aut</strong></span> <span class='ocrx_word' id='word_1_340' title='bbox 1515 4157 1699 4212; x_wconf 82' lang='lat' dir='ltr'><strong>ﬁnxit?</strong></span> <span class='ocrx_word' id='word_1_341' title='bbox 1723 4157 1891 4224; x_wconf 86' lang='lat' dir='ltr'><strong>Quam</strong></span> 
     </span>
    </p>
   </div>
   <div class='ocr_carea' id='block_1_42' title="bbox 309 4246 1894 4329">
    <p class='ocr_par' dir='ltr' id='par_1_42' title="bbox 309 4246 1894 4329">
     <span class='ocr_line' id='line_1_42' title="bbox 309 4246 1894 4329; baseline -0.008 -14"><span class='ocrx_word' id='word_1_342' title='bbox 309 4274 460 4329; x_wconf 88' lang='lat' dir='ltr'><strong>porro</strong></span> <span class='ocrx_word' id='word_1_343' title='bbox 490 4259 741 4327; x_wconf 87' lang='lat' dir='ltr'><strong>antiquus</strong></span> <span class='ocrx_word' id='word_1_344' title='bbox 771 4255 840 4310; x_wconf 91' lang='lat' dir='ltr'><strong>sit</strong></span> <span class='ocrx_word' id='word_1_345' title='bbox 871 4256 922 4308; x_wconf 91' lang='lat' dir='ltr'><strong>in</strong></span> <span class='ocrx_word' id='word_1_346' title='bbox 949 4251 1301 4308; x_wconf 89' lang='lat' dir='ltr'><strong>sacriﬁcando</strong></span> <span class='ocrx_word' id='word_1_347' title='bbox 1331 4251 1423 4306; x_wconf 90' lang='lat' dir='ltr'><strong>Dei</strong></span> <span class='ocrx_word' id='word_1_348' title='bbox 1459 4249 1653 4314; x_wconf 90' lang='lat' dir='ltr'><strong>cultus,</strong></span> <span class='ocrx_word' id='word_1_349' title='bbox 1680 4246 1787 4302; x_wconf 92' lang='lat' dir='ltr'><strong>duo</strong></span> <span class='ocrx_word' id='word_1_350' title='bbox 1820 4246 1894 4302; x_wconf 90' lang='lat' dir='ltr'><strong>illi</strong></span> 
     </span>
    </p>
   </div>
   <div class='ocr_carea' id='block_1_43' title="bbox 313 4338 1894 4412">
    <p class='ocr_par' dir='ltr' id='par_1_43' title="bbox 313 4338 1894 4412">
     <span class='ocr_line' id='line_1_43' title="bbox 313 4338 1894 4412; baseline -0.006 -8"><span class='ocrx_word' id='word_1_351' title='bbox 313 4349 492 4405; x_wconf 83' lang='lat' dir='ltr'><strong>fratres</strong></span> <span class='ocrx_word' id='word_1_352' title='bbox 521 4348 654 4404; x_wconf 91' lang='lat' dir='ltr'><strong>Cain</strong></span> <span class='ocrx_word' id='word_1_353' title='bbox 703 4356 758 4402; x_wconf 91' lang='lat' dir='ltr'><strong>et</strong></span> <span class='ocrx_word' id='word_1_354' title='bbox 784 4345 915 4401; x_wconf 84' lang='lat' dir='ltr'><strong>Abel</strong></span> <span class='ocrx_word' id='word_1_355' title='bbox 961 4345 1090 4400; x_wconf 91' lang='lat' dir='ltr'><strong>satis</strong></span> <span class='ocrx_word' id='word_1_356' title='bbox 1116 4342 1371 4410; x_wconf 89' lang='lat' dir='ltr'><strong>indicant,</strong></span> <span class='ocrx_word' id='word_1_357' title='bbox 1404 4356 1629 4412; x_wconf 88' lang='lat' dir='ltr'><strong>quorum</strong></span> <span class='ocrx_word' id='word_1_358' title='bbox 1677 4338 1894 4409; x_wconf 87' lang='lat' dir='ltr'><strong>majoris</strong></span> 
     </span>
    </p>
   </div>
   <div class='ocr_carea' id='block_1_44' title="bbox 315 4428 1758 4512">
    <p class='ocr_par' dir='ltr' id='par_1_44' title="bbox 315 4428 1758 4512">
     <span class='ocr_line' id='line_1_44' title="bbox 315 4428 1758 4512; baseline -0.01 -14"><span class='ocrx_word' id='word_1_359' title='bbox 315 4443 446 4498; x_wconf 88' lang='lat' dir='ltr'><strong>Deus</strong></span> <span class='ocrx_word' id='word_1_360' title='bbox 468 4441 779 4512; x_wconf 89' lang='lat' dir='ltr'><strong>reprobavit</strong></span> <span class='ocrx_word' id='word_1_361' title='bbox 805 4438 1145 4500; x_wconf 84' lang='lat' dir='ltr'><strong>sacrificium,</strong></span> <span class='ocrx_word' id='word_1_362' title='bbox 1179 4435 1400 4490; x_wconf 90' lang='lat' dir='ltr'><strong>minoris</strong></span> <span class='ocrx_word' id='word_1_363' title='bbox 1427 4433 1634 4503; x_wconf 82' lang='lat' dir='ltr'><strong>aspexit</strong></span> <span class='ocrx_word' id='word_1_364' title='bbox 1659 4428 1758 4502; x_wconf 79' lang='grc' dir='ltr'><strong>(ε).</strong></span> 
     </span>
    </p>
   </div>
   <div class='ocr_carea' id='block_1_45' title="bbox 312 4521 1892 4598">
    <p class='ocr_par' dir='ltr' id='par_1_45' title="bbox 312 4521 1892 4598">
     <span class='ocr_line' id='line_1_45' title="bbox 312 4521 1892 4598; baseline -0.01 -9"><span class='ocrx_word' id='word_1_365' title='bbox 312 4531 527 4588; x_wconf 81' lang='lat' dir='ltr'><strong>CAPUT</strong></span> <span class='ocrx_word' id='word_1_366' title='bbox 567 4531 635 4586; x_wconf 70' lang='grc' dir='ltr'><strong>γ.</strong></span> <span class='ocrx_word' id='word_1_367' title='bbox 659 4561 731 4571; x_wconf 89' lang='lat'><strong>——</strong></span> <span class='ocrx_word' id='word_1_368' title='bbox 757 4529 835 4583; x_wconf 88' lang='lat' dir='ltr'><strong>De</strong></span> <span class='ocrx_word' id='word_1_369' title='bbox 880 4527 1144 4597; x_wconf 79' lang='lat' dir='ltr'><strong>sacriﬁciis</strong></span> <span class='ocrx_word' id='word_1_370' title='bbox 1183 4541 1297 4598; x_wconf 70' lang='lat' dir='ltr'><strong>quia</strong></span> <span class='ocrx_word' id='word_1_371' title='bbox 1335 4523 1473 4577; x_wconf 88' lang='lat' dir='ltr'><strong>Deus</strong></span> <span class='ocrx_word' id='word_1_372' title='bbox 1521 4539 1622 4576; x_wconf 85' lang='lat' dir='ltr'><strong>non</strong></span> <span class='ocrx_word' id='word_1_373' title='bbox 1662 4521 1892 4588; x_wconf 80' lang='lat' dir='ltr'><strong>requirit,</strong></span> 
     </span>
    </p>
   </div>
   <div class='ocr_carea' id='block_1_46' title="bbox 378 4612 1896 4694">
    <p class='ocr_par' dir='ltr' id='par_1_46' title="bbox 378 4612 1896 4694">
     <span class='ocr_line' id='line_1_46' title="bbox 378 4612 1896 4694; baseline -0.01 -14"><span class='ocrx_word' id='word_1_374' title='bbox 378 4626 461 4680; x_wconf 80' lang='lat' dir='ltr'><strong>sed</strong></span> <span class='ocrx_word' id='word_1_375' title='bbox 483 4624 551 4676; x_wconf 89' lang='lat' dir='ltr'><strong>ad</strong></span> <span class='ocrx_word' id='word_1_376' title='bbox 567 4620 985 4694; x_wconf 80' lang='lat' dir='ltr'><strong>signiﬁcationem</strong></span> <span class='ocrx_word' id='word_1_377' title='bbox 1005 4633 1174 4673; x_wconf 88' lang='lat' dir='ltr'><strong>eorum</strong></span> <span class='ocrx_word' id='word_1_378' title='bbox 1202 4615 1450 4670; x_wconf 85' lang='lat' dir='ltr'><strong>observari</strong></span> <span class='ocrx_word' id='word_1_379' title='bbox 1478 4612 1633 4668; x_wconf 83' lang='lat' dir='ltr'><strong>voluit</strong></span> <span class='ocrx_word' id='word_1_380' title='bbox 1665 4627 1778 4682; x_wconf 76' lang='lat' dir='ltr'><strong>qua:</strong></span> <span class='ocrx_word' id='word_1_381' title='bbox 1815 4627 1896 4666; x_wconf 85' lang='lat' dir='ltr'><strong>re-</strong></span> 
     </span>
    </p>
   </div>
   <div class='ocr_carea' id='block_1_47' title="bbox 382 4717 552 4787">
    <p class='ocr_par' dir='ltr' id='par_1_47' title="bbox 382 4717 552 4787">
     <span class='ocr_line' id='line_1_47' title="bbox 382 4717 552 4787; baseline 0.006 -19"><span class='ocrx_word' id='word_1_382' title='bbox 382 4717 552 4787; x_wconf 85' lang='lat' dir='ltr'><strong>quirit.</strong></span> 
     </span>
    </p>
   </div>
   <div class='ocr_carea' id='block_1_48' title="bbox 381 4799 1898 4879">
    <p class='ocr_par' dir='ltr' id='par_1_48' title="bbox 381 4799 1898 4879">
     <span class='ocr_line' id='line_1_48' title="bbox 381 4799 1898 4879; baseline -0.008 -14"><span class='ocrx_word' id='word_1_383' title='bbox 381 4811 506 4879; x_wconf 84' lang='lat' dir='ltr'><strong>Quis</strong></span> <span class='ocrx_word' id='word_1_384' title='bbox 528 4817 707 4864; x_wconf 89' lang='lat' dir='ltr'><strong>autem</strong></span> <span class='ocrx_word' id='word_1_385' title='bbox 735 4809 808 4862; x_wconf 89' lang='lat' dir='ltr'><strong>ita</strong></span> <span class='ocrx_word' id='word_1_386' title='bbox 836 4805 1084 4877; x_wconf 90' lang='lat' dir='ltr'><strong>desipiat,</strong></span> <span class='ocrx_word' id='word_1_387' title='bbox 1111 4811 1170 4858; x_wconf 91' lang='lat' dir='ltr'><strong>ut</strong></span> <span class='ocrx_word' id='word_1_388' title='bbox 1196 4803 1466 4859; x_wconf 82' lang='lat' dir='ltr'><strong>existimet</strong></span> <span class='ocrx_word' id='word_1_389' title='bbox 1500 4800 1761 4872; x_wconf 85' lang='lat' dir='ltr'><strong>aliquibus</strong></span> <span class='ocrx_word' id='word_1_390' title='bbox 1786 4799 1898 4854; x_wconf 84' lang='lat' dir='ltr'><strong>usi-</strong></span> 
     </span>
    </p>
   </div>
   <div class='ocr_carea' id='block_1_49' title="bbox 316 4894 1898 4968">
    <p class='ocr_par' dir='ltr' id='par_1_49' title="bbox 316 4894 1898 4968">
     <span class='ocr_line' id='line_1_49' title="bbox 316 4894 1898 4968; baseline -0.008 -9"><span class='ocrx_word' id='word_1_391' title='bbox 316 4903 410 4959; x_wconf 86' lang='lat' dir='ltr'><strong>bus</strong></span> <span class='ocrx_word' id='word_1_392' title='bbox 438 4904 528 4959; x_wconf 89' lang='lat' dir='ltr'><strong>Dei</strong></span> <span class='ocrx_word' id='word_1_393' title='bbox 559 4917 681 4959; x_wconf 88' lang='lat' dir='ltr'><strong>esse</strong></span> <span class='ocrx_word' id='word_1_394' title='bbox 703 4900 1005 4956; x_wconf 88' lang='lat' dir='ltr'><strong>necessaria</strong></span> <span class='ocrx_word' id='word_1_395' title='bbox 1033 4914 1151 4968; x_wconf 72' lang='lat' dir='ltr'><strong>qua:</strong></span> <span class='ocrx_word' id='word_1_396' title='bbox 1183 4897 1234 4951; x_wconf 92' lang='lat' dir='ltr'><strong>in</strong></span> <span class='ocrx_word' id='word_1_397' title='bbox 1267 4895 1542 4951; x_wconf 83' lang='lat' dir='ltr'><strong>sacrificiis</strong></span> <span class='ocrx_word' id='word_1_398' title='bbox 1564 4894 1898 4948; x_wconf 78' lang='lat' dir='ltr'><strong>offeruntur?</strong></span> 
     </span>
    </p>
   </div>
   <div class='ocr_carea' id='block_1_50' title="bbox 315 4989 1899 5064">
    <p class='ocr_par' dir='ltr' id='par_1_50' title="bbox 315 4989 1899 5064">
     <span class='ocr_line' id='line_1_50' title="bbox 315 4989 1899 5064; baseline -0.006 -12"><span class='ocrx_word' id='word_1_399' title='bbox 315 4996 458 5064; x_wconf 86' lang='lat' dir='ltr'><strong>Quod</strong></span> <span class='ocrx_word' id='word_1_400' title='bbox 497 5010 618 5051; x_wconf 92' lang='lat' dir='ltr'><strong>cum</strong></span> <span class='ocrx_word' id='word_1_401' title='bbox 659 4992 841 5048; x_wconf 90' lang='lat' dir='ltr'><strong>multis</strong></span> <span class='ocrx_word' id='word_1_402' title='bbox 870 4992 1001 5047; x_wconf 91' lang='lat' dir='ltr'><strong>locis</strong></span> <span class='ocrx_word' id='word_1_403' title='bbox 1043 4991 1218 5044; x_wconf 87' lang='lat' dir='ltr'><strong>divina</strong></span> <span class='ocrx_word' id='word_1_404' title='bbox 1255 4989 1528 5059; x_wconf 85' lang='lat' dir='ltr'><strong>Scriptura</strong></span> <span class='ocrx_word' id='word_1_405' title='bbox 1557 4996 1801 5051; x_wconf 89' lang='lat' dir='ltr'><strong>testctur,</strong></span> <span class='ocrx_word' id='word_1_406' title='bbox 1830 5001 1899 5042; x_wconf 93' lang='lat' dir='ltr'><strong>ne</strong></span> 
     </span>
    </p>
   </div>
   <div class='ocr_carea' id='block_1_51' title="bbox 316 5081 1900 5158">
    <p class='ocr_par' dir='ltr' id='par_1_51' title="bbox 316 5081 1900 5158">
     <span class='ocr_line' id='line_1_51' title="bbox 316 5081 1900 5158; baseline -0.006 -16"><span class='ocrx_word' id='word_1_407' title='bbox 316 5090 521 5158; x_wconf 90' lang='lat' dir='ltr'><strong>longum</strong></span> <span class='ocrx_word' id='word_1_408' title='bbox 551 5087 830 5151; x_wconf 87' lang='lat' dir='ltr'><strong>faciamus,</strong></span> <span class='ocrx_word' id='word_1_409' title='bbox 872 5085 1032 5138; x_wconf 84' lang='lat' dir='ltr'><strong>breve</strong></span> <span class='ocrx_word' id='word_1_410' title='bbox 1072 5082 1199 5137; x_wconf 89' lang='lat' dir='ltr'><strong>illud</strong></span> <span class='ocrx_word' id='word_1_411' title='bbox 1230 5081 1296 5136; x_wconf 91' lang='lat' dir='ltr'><strong>de</strong></span> <span class='ocrx_word' id='word_1_412' title='bbox 1323 5081 1533 5136; x_wconf 86' lang='lat' dir='ltr'><strong>Psalmo</strong></span> <span class='ocrx_word' id='word_1_413' title='bbox 1575 5094 1900 5135; x_wconf 84' lang='lat' dir='ltr'><strong>commemo-</strong></span> 
     </span>
    </p>
   </div>
   <div class='ocr_carea' id='block_1_52' title="bbox 315 5171 1903 5240">
    <p class='ocr_par' dir='ltr' id='par_1_52' title="bbox 315 5171 1903 5240">
     <span class='ocr_line' id='line_1_52' title="bbox 315 5171 1903 5240; baseline -0.008 -6"><span class='ocrx_word' id='word_1_414' title='bbox 315 5195 429 5234; x_wconf 84' lang='lat' dir='ltr'><strong>rare</strong></span> <span class='ocrx_word' id='word_1_415' title='bbox 453 5178 756 5234; x_wconf 77' lang='lat' dir='ltr'><strong>suffecerit:</strong></span> <span class='ocrx_word' id='word_1_416' title='bbox 787 5174 912 5229; x_wconf 79' lang='lat' dir='ltr'><strong>Dixi</strong></span> <span class='ocrx_word' id='word_1_417' title='bbox 953 5173 1191 5236; x_wconf 85' lang='lat' dir='ltr'><strong>Domino,</strong></span> <span class='ocrx_word' id='word_1_418' title='bbox 1225 5171 1360 5226; x_wconf 85' lang='lat' dir='ltr'><strong>Deus</strong></span> <span class='ocrx_word' id='word_1_419' title='bbox 1399 5187 1536 5224; x_wconf 73' lang='lat' dir='ltr'><strong>meus</strong></span> <span class='ocrx_word' id='word_1_420' title='bbox 1572 5187 1626 5224; x_wconf 88' lang='lat' dir='ltr'><strong>es</strong></span> <span class='ocrx_word' id='word_1_421' title='bbox 1662 5180 1748 5235; x_wconf 88' lang='lat' dir='ltr'><strong>tu;</strong></span> <span class='ocrx_word' id='word_1_422' title='bbox 1775 5185 1903 5240; x_wconf 86' lang='lat' dir='ltr'><strong>quo-</strong></span> 
     </span>
    </p>
   </div>
   <div class='ocr_carea' id='block_1_53' title="bbox 318 5260 1902 5334">
    <p class='ocr_par' dir='ltr' id='par_1_53' title="bbox 318 5260 1902 5334">
     <span class='ocr_line' id='line_1_53' title="bbox 318 5260 1902 5334; baseline -0.004 -11"><span class='ocrx_word' id='word_1_423' title='bbox 318 5271 449 5323; x_wconf 85' lang='lat' dir='ltr'><strong>niam</strong></span> <span class='ocrx_word' id='word_1_424' title='bbox 475 5271 720 5324; x_wconf 87' lang='lat' dir='ltr'><strong>bonorum</strong></span> <span class='ocrx_word' id='word_1_425' title='bbox 746 5282 971 5320; x_wconf 83' lang='lat' dir='ltr'><strong>meorum</strong></span> <span class='ocrx_word' id='word_1_426' title='bbox 992 5281 1107 5318; x_wconf 90' lang='lat' dir='ltr'><strong>mon</strong></span> <span class='ocrx_word' id='word_1_427' title='bbox 1129 5281 1239 5334; x_wconf 78' lang='lat' dir='ltr'><strong>eges</strong></span> <span class='ocrx_word' id='word_1_428' title='bbox 1262 5263 1434 5334; x_wconf 86' lang='lat' dir='ltr'><strong>(Psal.</strong></span> <span class='ocrx_word' id='word_1_429' title='bbox 1460 5279 1548 5329; x_wconf 80' lang='lat' dir='ltr'><strong>xv,</strong></span> <span class='ocrx_word' id='word_1_430' title='bbox 1575 5260 1654 5333; x_wconf 74' lang='lat'><strong>‘2).</strong></span> <span class='ocrx_word' id='word_1_431' title='bbox 1681 5261 1795 5315; x_wconf 87' lang='lat' dir='ltr'><strong>Non</strong></span> <span class='ocrx_word' id='word_1_432' title='bbox 1813 5275 1902 5316; x_wconf 84' lang='lat' dir='ltr'><strong>so-</strong></span> 
     </span>
    </p>
   </div>
   <div class='ocr_carea' id='block_1_54' title="bbox 315 5396 1904 5464">
    <p class='ocr_par' dir='ltr' id='par_1_54' title="bbox 315 5396 1904 5464">
     <span class='ocr_line' id='line_1_54' title="bbox 315 5396 1904 5464; baseline -0.005 -11"><span class='ocrx_word' id='word_1_433' title='bbox 315 5407 425 5464; x_wconf 86' lang='lat' dir='ltr'><strong>lius,</strong></span> <span class='ocrx_word' id='word_1_434' title='bbox 450 5407 807 5456; x_wconf 86' lang='lat' dir='ltr'><strong>lustitutiouum</strong></span> <span class='ocrx_word' id='word_1_435' title='bbox 839 5401 924 5451; x_wconf 91' lang='lat' dir='ltr'><strong>lib.</strong></span> <span class='ocrx_word' id='word_1_436' title='bbox 957 5400 1006 5460; x_wconf 79' lang='grc'><strong>4,</strong></span> <span class='ocrx_word' id='word_1_437' title='bbox 1030 5413 1137 5464; x_wconf 84' lang='lat' dir='ltr'><strong>cap.</strong></span> <span class='ocrx_word' id='word_1_438' title='bbox 1162 5399 1242 5464; x_wconf 54' lang='lat'><strong>$3,</strong></span> <span class='ocrx_word' id='word_1_439' title='bbox 1275 5412 1300 5448; x_wconf 88' lang='lat' dir='ltr'><strong>a</strong></span> <span class='ocrx_word' id='word_1_440' title='bbox 1325 5397 1580 5462; x_wconf 88' lang='lat' dir='ltr'><strong>religando</strong></span> <span class='ocrx_word' id='word_1_441' title='bbox 1609 5396 1904 5464; x_wconf 62' lang='lat' dir='ltr'><strong>religionem</strong></span> 
     </span>
    </p>
   </div>
   <div class='ocr_carea' id='block_1_55' title="bbox 310 5458 1868 5522">
    <p class='ocr_par' dir='ltr' id='par_1_55' title="bbox 310 5458 1868 5522">
     <span class='ocr_line' id='line_1_55' title="bbox 310 5458 1868 5522; baseline -0.004 -8"><span class='ocrx_word' id='word_1_442' title='bbox 310 5458 491 5516; x_wconf 80' lang='lat' dir='ltr'><strong>mavult</strong></span> <span class='ocrx_word' id='word_1_443' title='bbox 513 5481 628 5518; x_wconf 86' lang='lat' dir='ltr'><strong>esse</strong></span> <span class='ocrx_word' id='word_1_444' title='bbox 647 5467 956 5516; x_wconf 76' lang='lat' dir='ltr'><strong>nominatam.</strong></span> <span class='ocrx_word' id='word_1_445' title='bbox 983 5458 1199 5512; x_wconf 45' lang='lat' dir='ltr'><strong>\“idilib.</strong></span> <span class='ocrx_word' id='word_1_446' title='bbox 1225 5458 1249 5510; x_wconf 75' lang='grc'><strong>1</strong></span> <span class='ocrx_word' id='word_1_447' title='bbox 1274 5458 1498 5520; x_wconf 76' lang='lat' dir='ltr'><strong>netraét.,</strong></span> <span class='ocrx_word' id='word_1_448' title='bbox 1515 5474 1621 5522; x_wconf 86' lang='lat' dir='ltr'><strong>cap.</strong></span> <span class='ocrx_word' id='word_1_449' title='bbox 1643 5458 1728 5517; x_wconf 66' lang='lat'><strong>15,</strong></span> <span class='ocrx_word' id='word_1_450' title='bbox 1746 5473 1796 5508; x_wconf 78' lang='grc' dir='ltr'><strong>η.</strong></span> <span class='ocrx_word' id='word_1_451' title='bbox 1815 5458 1868 5508; x_wconf 89' lang='grc'><strong>9.</strong></span> 
     </span>
    </p>
   </div>
   <div class='ocr_carea' id='block_1_56' title="bbox 311 5541 1901 5618">
    <p class='ocr_par' dir='ltr' id='par_1_56' title="bbox 311 5541 1901 5618">
     <span class='ocr_line' id='line_1_56' title="bbox 311 5541 1901 5618; baseline -0.004 -18"><span class='ocrx_word' id='word_1_452' title='bbox 311 5611 324 5618; x_wconf 90' lang='lat'>_</span> <span class='ocrx_word' id='word_1_453' title='bbox 378 5551 394 5581; x_wconf 87' lang='grc'>¹</span> <span class='ocrx_word' id='word_1_454' title='bbox 430 5550 565 5609; x_wconf 81' lang='lat' dir='ltr'><strong>Editi,</strong></span> <span class='ocrx_word' id='word_1_455' title='bbox 589 5549 687 5618; x_wconf 78' lang='lat' dir='ltr'><strong>nisi</strong></span> <span class='ocrx_word' id='word_1_456' title='bbox 716 5558 810 5598; x_wconf 86' lang='lat' dir='ltr'><strong>Deo</strong></span> <span class='ocrx_word' id='word_1_457' title='bbox 828 5547 950 5610; x_wconf 79' lang='lat' dir='ltr'><strong>(vel,</strong></span> <span class='ocrx_word' id='word_1_458' title='bbox 981 5545 1199 5609; x_wconf 84' lang='lat' dir='ltr'><strong>Domino)</strong></span> <span class='ocrx_word' id='word_1_459' title='bbox 1216 5544 1323 5596; x_wconf 85' lang='lat' dir='ltr'><strong>soli.</strong></span> <span class='ocrx_word' id='word_1_460' title='bbox 1349 5547 1430 5594; x_wconf 83' lang='lat' dir='ltr'><strong>llic</strong></span> <span class='ocrx_word' id='word_1_461' title='bbox 1450 5557 1565 5606; x_wconf 85' lang='lat' dir='ltr'><strong>vox,</strong></span> <span class='ocrx_word' id='word_1_462' title='bbox 1583 5541 1690 5605; x_wconf 87' lang='lat' dir='ltr'><strong>soli,</strong></span> <span class='ocrx_word' id='word_1_463' title='bbox 1711 5556 1808 5594; x_wconf 91' lang='lat' dir='ltr'><strong>non</strong></span> <span class='ocrx_word' id='word_1_464' title='bbox 1827 5549 1901 5593; x_wconf 90' lang='lat' dir='ltr'><strong>est</strong></span> 
     </span>
    </p>
   </div>
   <div class='ocr_carea' id='block_1_57' title="bbox 309 5613 730 5674">
    <p class='ocr_par' dir='ltr' id='par_1_57' title="bbox 309 5613 730 5674">
     <span class='ocr_line' id='line_1_57' title="bbox 309 5613 730 5674; baseline -0.005 -14"><span class='ocrx_word' id='word_1_465' title='bbox 309 5613 361 5660; x_wconf 83' lang='lat' dir='ltr'><strong>in</strong></span> <span class='ocrx_word' id='word_1_466' title='bbox 385 5613 730 5674; x_wconf 88' lang='lat' dir='ltr'><strong>manuscriptis.</strong></span> 
     </span>
    </p>
   </div>
   <div class='ocr_carea' id='block_1_58' title="bbox 377 5669 1546 5795">
    <p class='ocr_par' dir='ltr' id='par_1_58' title="bbox 377 5669 1546 5795">
     <span class='ocr_line' id='line_1_58' title="bbox 377 5669 1546 5734; baseline -0.003 -14"><span class='ocrx_word' id='word_1_467' title='bbox 377 5673 447 5734; x_wconf 79' lang='grc' dir='ltr'><strong>(ιι)</strong></span> <span class='ocrx_word' id='word_1_468' title='bbox 475 5675 575 5723; x_wconf 73' lang='lat' dir='ltr'><strong>\‘id.</strong></span> <span class='ocrx_word' id='word_1_469' title='bbox 603 5669 634 5722; x_wconf 69' lang='grc' dir='ltr'><em>ὁ</em></span> <span class='ocrx_word' id='word_1_470' title='bbox 670 5676 752 5723; x_wconf 88' lang='lat' dir='ltr'><strong>ist.</strong></span> <span class='ocrx_word' id='word_1_471' title='bbox 778 5672 883 5728; x_wconf 71' lang='grc'><strong>135,</strong></span> <span class='ocrx_word' id='word_1_472' title='bbox 913 5683 962 5718; x_wconf 95' lang='lat' dir='ltr'><strong>n.</strong></span> <span class='ocrx_word' id='word_1_473' title='bbox 991 5670 1040 5718; x_wconf 85' lang='grc' dir='ltr'>Η</span> <span class='ocrx_word' id='word_1_474' title='bbox 1071 5669 1305 5731; x_wconf 84' lang='lat' dir='ltr'><strong>imprimis</strong></span> <span class='ocrx_word' id='word_1_475' title='bbox 1329 5675 1380 5717; x_wconf 91' lang='lat' dir='ltr'><strong>et</strong></span> <span class='ocrx_word' id='word_1_476' title='bbox 1401 5681 1546 5731; x_wconf 86' lang='lat' dir='ltr'><strong>seqq.</strong></span> 
     </span>
     <span class='ocr_line' id='line_1_59' title="bbox 377 5689 1431 5795; baseline -0.002 -13"><span class='ocrx_word' id='word_1_477' title='bbox 377 5733 446 5795; x_wconf 72' lang='grc' dir='ltr'><strong>(ι)</strong></span> <span class='ocrx_word' id='word_1_478' title='bbox 476 5737 609 5784; x_wconf 83' lang='lat' dir='ltr'><strong>Cont‘.</strong></span> <span class='ocrx_word' id='word_1_479' title='bbox 636 5689 722 5784; x_wconf 57' lang='lat' dir='ltr'><strong>Ub.</strong></span> <span class='ocrx_word' id='word_1_480' title='bbox 749 5735 769 5782; x_wconf 80' lang='grc'>1</span> <span class='ocrx_word' id='word_1_481' title='bbox 792 5734 855 5782; x_wconf 88' lang='lat' dir='ltr'><strong>dc</strong></span> <span class='ocrx_word' id='word_1_482' title='bbox 880 5739 1038 5795; x_wconf 80' lang='lat' dir='ltr'><strong>Doctr.</strong></span> <span class='ocrx_word' id='word_1_483' title='bbox 1059 5731 1251 5788; x_wconf 86' lang='lat' dir='ltr'><strong>Christ.,</strong></span> <span class='ocrx_word' id='word_1_484' title='bbox 1277 5744 1327 5778; x_wconf 93' lang='lat' dir='ltr'><strong>n.</strong></span> <span class='ocrx_word' id='word_1_485' title='bbox 1351 5729 1431 5795; x_wconf 59' lang='grc' dir='ltr'><strong>δέ).</strong></span> 
     </span>
    </p>
   </div>
   <div class='ocr_carea' id='block_1_59' title="bbox 397 5729 1431 5845">
    <p class='ocr_par' dir='ltr' id='par_1_59' title="bbox 397 5729 1431 5845">
     <span class='ocr_line' id='line_1_60' title="bbox 397 5729 1431 5845; baseline -0.002 -63"><span class='ocrx_word' id='word_1_486' title='bbox 397 5729 451 5845; x_wconf 50' lang='grc' dir='ltr'><strong>ιζ</strong></span> <span class='ocrx_word' id='word_1_487' title='bbox 476 5737 609 5784; x_wconf 83' lang='lat' dir='ltr'><strong>Cont‘.</strong></span> <span class='ocrx_word' id='word_1_488' title='bbox 636 5729 769 5807; x_wconf 32' lang='lat' dir='ltr'><strong>libri</strong></span> <span class='ocrx_word' id='word_1_489' title='bbox 792 5734 855 5782; x_wconf 88' lang='lat' dir='ltr'><strong>dc</strong></span> <span class='ocrx_word' id='word_1_490' title='bbox 880 5739 1038 5781; x_wconf 88' lang='lat' dir='ltr'><strong>Doctr.</strong></span> <span class='ocrx_word' id='word_1_491' title='bbox 1059 5729 1251 5788; x_wconf 81' lang='lat' dir='ltr'><strong>Christ.,</strong></span> <span class='ocrx_word' id='word_1_492' title='bbox 1277 5744 1327 5778; x_wconf 93' lang='lat' dir='ltr'><strong>n.</strong></span> <span class='ocrx_word' id='word_1_493' title='bbox 1351 5729 1431 5780; x_wconf 76' lang='grc'><strong>50.</strong></span> 
     </span>
     <span class='ocr_line' id='line_1_61' title="bbox 401 5791 1429 5845; baseline -0.001 -2"><span class='ocrx_word' id='word_1_494' title='bbox 401 5806 428 5843; x_wconf 82' lang='lat' dir='ltr'><strong>c</strong></span> <span class='ocrx_word' id='word_1_495' title='bbox 485 5797 616 5845; x_wconf 82' lang='lat' dir='ltr'><strong>(:onf.</strong></span> <span class='ocrx_word' id='word_1_496' title='bbox 658 5803 802 5845; x_wconf 86' lang='lat' dir='ltr'><strong>emst.</strong></span> <span class='ocrx_word' id='word_1_497' title='bbox 840 5794 962 5845; x_wconf 73' lang='lat'><strong>102.</strong></span> <span class='ocrx_word' id='word_1_498' title='bbox 987 5808 1038 5843; x_wconf 93' lang='lat' dir='ltr'><strong>n.</strong></span> <span class='ocrx_word' id='word_1_499' title='bbox 1067 5795 1150 5845; x_wconf 79' lang='lat' dir='ltr'><strong>l7.</strong></span> <span class='ocrx_word' id='word_1_500' title='bbox 1173 5799 1347 5845; x_wconf 75' lang='lat' dir='ltr'><strong>utiazst.</strong></span> <span class='ocrx_word' id='word_1_501' title='bbox 1373 5791 1429 5842; x_wconf 80' lang='lat'><strong>3.</strong></span> 
     </span>
    </p>
   </div>
   <div class='ocr_carea' id='block_1_60' title="bbox 311 5789 1901 5908">
    <p class='ocr_par' dir='ltr' id='par_1_60' title="bbox 311 5789 1901 5908">
     <span class='ocr_line' id='line_1_62' title="bbox 311 5789 1901 5908; baseline -0.004 -64"><span class='ocrx_word' id='word_1_502' title='bbox 311 5789 451 5908; x_wconf 49' lang='lat' dir='ltr'><strong>dig)</strong></span> <span class='ocrx_word' id='word_1_503' title='bbox 485 5797 616 5848; x_wconf 71' lang='lat' dir='ltr'><strong>mnf.</strong></span> <span class='ocrx_word' id='word_1_504' title='bbox 658 5799 802 5860; x_wconf 85' lang='lat' dir='ltr'><strong>epist.</strong></span> <span class='ocrx_word' id='word_1_505' title='bbox 840 5794 962 5855; x_wconf 74' lang='lat'><strong>102,</strong></span> <span class='ocrx_word' id='word_1_506' title='bbox 987 5808 1038 5843; x_wconf 93' lang='lat' dir='ltr'><strong>n.</strong></span> <span class='ocrx_word' id='word_1_507' title='bbox 1067 5795 1120 5844; x_wconf 81' lang='lat' dir='ltr'><strong>t7</strong></span> <span class='ocrx_word' id='word_1_508' title='bbox 1137 5828 1150 5854; x_wconf 91' lang='lat'><strong>,</strong></span> <span class='ocrx_word' id='word_1_509' title='bbox 1173 5799 1347 5856; x_wconf 72' lang='lat' dir='ltr'><strong>quaest.</strong></span> <span class='ocrx_word' id='word_1_510' title='bbox 1373 5791 1429 5854; x_wconf 79' lang='lat'><strong>3,</strong></span> <span class='ocrx_word' id='word_1_511' title='bbox 1458 5799 1511 5841; x_wconf 89' lang='lat' dir='ltr'><strong>et</strong></span> <span class='ocrx_word' id='word_1_512' title='bbox 1538 5802 1677 5853; x_wconf 86' lang='lat' dir='ltr'><strong>capp.</strong></span> <span class='ocrx_word' id='word_1_513' title='bbox 1701 5801 1845 5853; x_wconf 80' lang='lat' dir='ltr'><strong>seqq.</strong></span> <span class='ocrx_word' id='word_1_514' title='bbox 1868 5789 1901 5838; x_wconf 76' lang='lat'><strong>5</strong></span> 
     </span>
    </p>
   </div>
   <div class='ocr_carea' id='block_1_61' title="bbox 1640 372 2195 442">
    <p class='ocr_par' dir='ltr' id='par_1_61' title="bbox 1640 372 2195 442">
     <span class='ocr_line' id='line_1_63' title="bbox 1640 372 2195 442; baseline 0.002 -4"><span class='ocrx_word' id='word_1_515' title='bbox 1640 376 1841 440; x_wconf 78' lang='lat' dir='ltr'><strong>LIBER</strong></span> <span class='ocrx_word' id='word_1_516' title='bbox 1881 372 2195 442; x_wconf 76' lang='lat' dir='ltr'><strong>DECIMUS.</strong></span> 
     </span>
    </p>
   </div>
   <div class='ocr_carea' id='block_1_62' title="bbox 2533 305 2559 318">
    <p class='ocr_par' dir='ltr' id='par_1_62' title="bbox 2533 305 2559 318">
     <span class='ocr_line' id='line_1_64' title="bbox 2533 305 2559 318; baseline 0 0"><span class='ocrx_word' id='word_1_517' title='bbox 2533 305 2559 318; x_wconf 53' lang='grc' dir='ltr'><em>θ</em></span> 
     </span>
    </p>
   </div>
   <div class='ocr_carea' id='block_1_63' title="bbox 3442 394 3547 450">
    <p class='ocr_par' dir='ltr' id='par_1_63' title="bbox 3442 394 3547 450">
     <span class='ocr_line' id='line_1_65' title="bbox 3442 394 3547 450; baseline 0 0"><span class='ocrx_word' id='word_1_518' title='bbox 3442 394 3547 450; x_wconf 66' lang='lat'><strong>382</strong></span> 
     </span>
    </p>
   </div>
   <div class='ocr_carea' id='block_1_64' title="bbox 1967 499 3546 575">
    <p class='ocr_par' dir='ltr' id='par_1_64' title="bbox 1967 499 3546 575">
     <span class='ocr_line' id='line_1_66' title="bbox 1967 499 3546 575; baseline 0.007 -23"><span class='ocrx_word' id='word_1_519' title='bbox 1967 499 2074 554; x_wconf 91' lang='lat' dir='ltr'><strong>lum</strong></span> <span class='ocrx_word' id='word_1_520' title='bbox 2108 499 2266 570; x_wconf 88' lang='lat' dir='ltr'><strong>igitur</strong></span> <span class='ocrx_word' id='word_1_521' title='bbox 2294 515 2506 572; x_wconf 89' lang='lat' dir='ltr'><strong>pecore,</strong></span> <span class='ocrx_word' id='word_1_522' title='bbox 2533 502 2614 559; x_wconf 91' lang='lat' dir='ltr'><strong>vel</strong></span> <span class='ocrx_word' id='word_1_523' title='bbox 2643 501 2881 574; x_wconf 87' lang='lat' dir='ltr'><strong>qualibet</strong></span> <span class='ocrx_word' id='word_1_524' title='bbox 2898 503 3001 559; x_wconf 86' lang='lat' dir='ltr'><strong>alia</strong></span> <span class='ocrx_word' id='word_1_525' title='bbox 3028 519 3085 559; x_wconf 92' lang='lat' dir='ltr'><strong>re</strong></span> <span class='ocrx_word' id='word_1_526' title='bbox 3105 505 3432 575; x_wconf 88' lang='lat' dir='ltr'><strong>corruptibili</strong></span> <span class='ocrx_word' id='word_1_527' title='bbox 3460 516 3546 563; x_wconf 83' lang='lat' dir='ltr'><strong>at-</strong></span> 
     </span>
    </p>
   </div>
   <div class='ocr_carea' id='block_1_65' title="bbox 1964 593 3598 668">
    <p class='ocr_par' dir='ltr' id='par_1_65' title="bbox 1964 593 3598 668">
     <span class='ocr_line' id='line_1_67' title="bbox 1964 593 3598 668; baseline 0.006 -23"><span class='ocrx_word' id='word_1_528' title='bbox 1964 607 2069 662; x_wconf 90' lang='lat' dir='ltr'><strong>que</strong></span> <span class='ocrx_word' id='word_1_529' title='bbox 2089 599 2319 658; x_wconf 89' lang='lat' dir='ltr'><strong>terrena,</strong></span> <span class='ocrx_word' id='word_1_530' title='bbox 2352 593 2533 650; x_wconf 89' lang='lat' dir='ltr'><strong>sedne</strong></span> <span class='ocrx_word' id='word_1_531' title='bbox 2557 595 2666 666; x_wconf 78' lang='lat' dir='ltr'><strong>ipsa</strong></span> <span class='ocrx_word' id='word_1_532' title='bbox 2689 596 2901 668; x_wconf 88' lang='lat' dir='ltr'><strong>quidem</strong></span> <span class='ocrx_word' id='word_1_533' title='bbox 2927 597 3127 667; x_wconf 89' lang='lat' dir='ltr'><strong>justitia</strong></span> <span class='ocrx_word' id='word_1_534' title='bbox 3151 597 3384 653; x_wconf 77' lang='lat' dir='ltr'><strong>hominis</strong></span> <span class='ocrx_word' id='word_1_535' title='bbox 3407 600 3547 655; x_wconf 88' lang='lat' dir='ltr'><strong>Deus</strong></span> <span class='ocrx_word' id='word_1_536' title='bbox 3592 597 3598 618; x_wconf 56' lang='grc' dir='ltr'><strong><em>ί</em></strong></span> 
     </span>
    </p>
   </div>
   <div class='ocr_carea' id='block_1_66' title="bbox 1963 684 3548 760">
    <p class='ocr_par' dir='ltr' id='par_1_66' title="bbox 1963 684 3548 760">
     <span class='ocr_line' id='line_1_68' title="bbox 1963 684 3548 760; baseline 0.005 -24"><span class='ocrx_word' id='word_1_537' title='bbox 1963 697 2122 754; x_wconf 84' lang='lat' dir='ltr'><strong>egere</strong></span> <span class='ocrx_word' id='word_1_538' title='bbox 2138 684 2438 739; x_wconf 90' lang='lat' dir='ltr'><strong>credendus</strong></span> <span class='ocrx_word' id='word_1_539' title='bbox 2454 694 2554 751; x_wconf 87' lang='lat' dir='ltr'><strong>est,</strong></span> <span class='ocrx_word' id='word_1_540' title='bbox 2573 697 2844 758; x_wconf 89' lang='lat' dir='ltr'><strong>totumque</strong></span> <span class='ocrx_word' id='word_1_541' title='bbox 2859 688 3002 760; x_wconf 93' lang='lat' dir='ltr'><strong>quod</strong></span> <span class='ocrx_word' id='word_1_542' title='bbox 3020 698 3164 744; x_wconf 88' lang='lat' dir='ltr'><strong>recte</strong></span> <span class='ocrx_word' id='word_1_543' title='bbox 3177 689 3368 745; x_wconf 89' lang='lat' dir='ltr'><strong>colitur</strong></span> <span class='ocrx_word' id='word_1_544' title='bbox 3387 691 3548 754; x_wconf 88' lang='lat' dir='ltr'><strong>Deus,</strong></span> 
     </span>
    </p>
   </div>
   <div class='ocr_carea' id='block_1_67' title="bbox 1967 773 3550 850">
    <p class='ocr_par' dir='ltr' id='par_1_67' title="bbox 1967 773 3550 850">
     <span class='ocr_line' id='line_1_69' title="bbox 1967 773 3550 850; baseline 0.004 -22"><span class='ocrx_word' id='word_1_545' title='bbox 1967 773 2168 828; x_wconf 87' lang='lat' dir='ltr'><strong>homini</strong></span> <span class='ocrx_word' id='word_1_546' title='bbox 2202 776 2476 844; x_wconf 89' lang='lat' dir='ltr'><strong>prodesse,</strong></span> <span class='ocrx_word' id='word_1_547' title='bbox 2505 792 2611 832; x_wconf 91' lang='lat' dir='ltr'><strong>non</strong></span> <span class='ocrx_word' id='word_1_548' title='bbox 2644 778 2771 834; x_wconf 92' lang='lat' dir='ltr'><strong>Deo.</strong></span> <span class='ocrx_word' id='word_1_549' title='bbox 2800 780 2980 850; x_wconf 87' lang='lat' dir='ltr'><strong>Neque</strong></span> <span class='ocrx_word' id='word_1_550' title='bbox 3001 781 3141 835; x_wconf 88' lang='lat' dir='ltr'><strong>enim</strong></span> <span class='ocrx_word' id='word_1_551' title='bbox 3167 779 3297 834; x_wconf 90' lang='lat' dir='ltr'><strong>fonti</strong></span> <span class='ocrx_word' id='word_1_552' title='bbox 3325 796 3384 836; x_wconf 91' lang='lat' dir='ltr'><strong>se</strong></span> <span class='ocrx_word' id='word_1_553' title='bbox 3405 781 3550 850; x_wconf 88' lang='lat' dir='ltr'><strong>quis-</strong></span> 
     </span>
    </p>
   </div>
   <div class='ocr_carea' id='block_1_68' title="bbox 1967 867 3553 938">
    <p class='ocr_par' dir='ltr' id='par_1_68' title="bbox 1967 867 3553 938">
     <span class='ocr_line' id='line_1_70' title="bbox 1967 867 3553 938; baseline 0.005 -19"><span class='ocrx_word' id='word_1_554' title='bbox 1967 883 2124 936; x_wconf 89' lang='lat' dir='ltr'><strong>quam</strong></span> <span class='ocrx_word' id='word_1_555' title='bbox 2157 867 2352 922; x_wconf 83' lang='lat' dir='ltr'><strong>dixerit</strong></span> <span class='ocrx_word' id='word_1_556' title='bbox 2382 868 2700 936; x_wconf 78' lang='lat' dir='ltr'><strong>profuisse’,</strong></span> <span class='ocrx_word' id='word_1_557' title='bbox 2733 871 2778 925; x_wconf 90' lang='lat' dir='ltr'><strong>si</strong></span> <span class='ocrx_word' id='word_1_558' title='bbox 2806 871 3024 937; x_wconf 88' lang='lat' dir='ltr'><strong>biberit;</strong></span> <span class='ocrx_word' id='word_1_559' title='bbox 3071 881 3160 927; x_wconf 91' lang='lat' dir='ltr'><strong>aut</strong></span> <span class='ocrx_word' id='word_1_560' title='bbox 3181 872 3305 938; x_wconf 89' lang='lat' dir='ltr'><strong>luci,</strong></span> <span class='ocrx_word' id='word_1_561' title='bbox 3335 873 3379 927; x_wconf 90' lang='lat' dir='ltr'><strong>si</strong></span> <span class='ocrx_word' id='word_1_562' title='bbox 3405 871 3553 927; x_wconf 84' lang='lat' dir='ltr'><strong>vide-</strong></span> 
     </span>
    </p>
   </div>
   <div class='ocr_carea' id='block_1_69' title="bbox 1967 958 3555 1032">
    <p class='ocr_par' dir='ltr' id='par_1_69' title="bbox 1967 958 3555 1032">
     <span class='ocr_line' id='line_1_71' title="bbox 1967 958 3555 1032; baseline 0.003 -19"><span class='ocrx_word' id='word_1_563' title='bbox 1967 959 2054 1013; x_wconf 87' lang='lat' dir='ltr'><strong>rit.</strong></span> <span class='ocrx_word' id='word_1_564' title='bbox 2087 958 2194 1014; x_wconf 83' lang='lat' dir='ltr'><strong>Nec</strong></span> <span class='ocrx_word' id='word_1_565' title='bbox 2221 959 2360 1027; x_wconf 91' lang='lat' dir='ltr'><strong>quod</strong></span> <span class='ocrx_word' id='word_1_566' title='bbox 2382 961 2450 1015; x_wconf 93' lang='lat' dir='ltr'><strong>ab</strong></span> <span class='ocrx_word' id='word_1_567' title='bbox 2478 962 2708 1031; x_wconf 88' lang='lat' dir='ltr'><strong>antiquis</strong></span> <span class='ocrx_word' id='word_1_568' title='bbox 2732 963 2964 1032; x_wconf 81' lang='lat' dir='ltr'><strong>patribus</strong></span> <span class='ocrx_word' id='word_1_569' title='bbox 2993 964 3114 1018; x_wconf 90' lang='lat' dir='ltr'><strong>talia</strong></span> <span class='ocrx_word' id='word_1_570' title='bbox 3131 965 3153 995; x_wconf 85' lang='grc'>¹</span> <span class='ocrx_word' id='word_1_571' title='bbox 3177 963 3432 1019; x_wconf 88' lang='lat' dir='ltr'><strong>sacriﬁcia</strong></span> <span class='ocrx_word' id='word_1_572' title='bbox 3473 964 3555 1018; x_wconf 83' lang='lat' dir='ltr'><strong>fa-</strong></span> 
     </span>
    </p>
   </div>
   <div class='ocr_carea' id='block_1_70' title="bbox 1969 1049 3554 1124">
    <p class='ocr_par' dir='ltr' id='par_1_70' title="bbox 1969 1049 3554 1124">
     <span class='ocr_line' id='line_1_72' title="bbox 1969 1049 3554 1124; baseline 0.003 -20"><span class='ocrx_word' id='word_1_573' title='bbox 1969 1059 2053 1104; x_wconf 93' lang='lat' dir='ltr'><strong>cta</strong></span> <span class='ocrx_word' id='word_1_574' title='bbox 2085 1059 2207 1105; x_wconf 91' lang='lat' dir='ltr'><strong>sunt</strong></span> <span class='ocrx_word' id='word_1_575' title='bbox 2229 1051 2279 1104; x_wconf 92' lang='lat' dir='ltr'><strong>in</strong></span> <span class='ocrx_word' id='word_1_576' title='bbox 2311 1049 2541 1106; x_wconf 87' lang='lat' dir='ltr'><strong>victimis</strong></span> <span class='ocrx_word' id='word_1_577' title='bbox 2569 1067 2846 1122; x_wconf 86' lang='lat' dir='ltr'><strong>pecorum,</strong></span> <span class='ocrx_word' id='word_1_578' title='bbox 2877 1069 2995 1122; x_wconf 64' lang='lat' dir='ltr'><strong>quae</strong></span> <span class='ocrx_word' id='word_1_579' title='bbox 3025 1069 3168 1108; x_wconf 88' lang='lat' dir='ltr'><strong>nunc</strong></span> <span class='ocrx_word' id='word_1_580' title='bbox 3202 1055 3295 1110; x_wconf 91' lang='lat' dir='ltr'><strong>Dei</strong></span> <span class='ocrx_word' id='word_1_581' title='bbox 3329 1055 3554 1124; x_wconf 89' lang='lat' dir='ltr'><strong>populus</strong></span> 
     </span>
    </p>
   </div>
   <div class='ocr_carea' id='block_1_71' title="bbox 1971 1141 3555 1213">
    <p class='ocr_par' dir='ltr' id='par_1_71' title="bbox 1971 1141 3555 1213">
     <span class='ocr_line' id='line_1_73' title="bbox 1971 1141 3555 1213; baseline 0.003 -19"><span class='ocrx_word' id='word_1_582' title='bbox 1971 1141 2116 1211; x_wconf 85' lang='lat' dir='ltr'><strong>legit,</strong></span> <span class='ocrx_word' id='word_1_583' title='bbox 2150 1156 2254 1196; x_wconf 91' lang='lat' dir='ltr'><strong>non</strong></span> <span class='ocrx_word' id='word_1_584' title='bbox 2298 1141 2478 1204; x_wconf 80' lang='lat' dir='ltr'><strong>facit&#39;,</strong></span> <span class='ocrx_word' id='word_1_585' title='bbox 2506 1141 2648 1196; x_wconf 91' lang='lat' dir='ltr'><strong>aliud</strong></span> <span class='ocrx_word' id='word_1_586' title='bbox 2692 1142 3091 1213; x_wconf 89' lang='lat' dir='ltr'><strong>intelligendum</strong></span> <span class='ocrx_word' id='word_1_587' title='bbox 3121 1152 3222 1209; x_wconf 90' lang='lat' dir='ltr'><strong>est,</strong></span> <span class='ocrx_word' id='word_1_588' title='bbox 3263 1144 3364 1198; x_wconf 89' lang='lat' dir='ltr'><strong>nisi</strong></span> <span class='ocrx_word' id='word_1_589' title='bbox 3394 1143 3555 1199; x_wconf 89' lang='lat' dir='ltr'><strong>rebus</strong></span> 
     </span>
    </p>
   </div>
   <div class='ocr_carea' id='block_1_72' title="bbox 1971 1234 3551 1306">
    <p class='ocr_par' dir='ltr' id='par_1_72' title="bbox 1971 1234 3551 1306">
     <span class='ocr_line' id='line_1_74' title="bbox 1971 1234 3551 1306; baseline 0.001 -18"><span class='ocrx_word' id='word_1_590' title='bbox 1971 1235 2077 1289; x_wconf 93' lang='lat' dir='ltr'><strong>illis</strong></span> <span class='ocrx_word' id='word_1_591' title='bbox 2102 1249 2194 1288; x_wconf 90' lang='lat' dir='ltr'><strong>eas</strong></span> <span class='ocrx_word' id='word_1_592' title='bbox 2223 1251 2310 1290; x_wconf 91' lang='lat' dir='ltr'><strong>res</strong></span> <span class='ocrx_word' id='word_1_593' title='bbox 2339 1234 2500 1290; x_wconf 91' lang='lat' dir='ltr'><strong>fuisse</strong></span> <span class='ocrx_word' id='word_1_594' title='bbox 2525 1236 2866 1305; x_wconf 86' lang='lat' dir='ltr'><strong>signiﬁcatas,</strong></span> <span class='ocrx_word' id='word_1_595' title='bbox 2894 1252 3012 1306; x_wconf 68' lang='lat' dir='ltr'><strong>quae</strong></span> <span class='ocrx_word' id='word_1_596' title='bbox 3037 1245 3267 1306; x_wconf 90' lang='lat' dir='ltr'><strong>aguntur</strong></span> <span class='ocrx_word' id='word_1_597' title='bbox 3295 1237 3348 1290; x_wconf 91' lang='lat' dir='ltr'><strong>in</strong></span> <span class='ocrx_word' id='word_1_598' title='bbox 3376 1236 3551 1298; x_wconf 88' lang='lat' dir='ltr'><strong>nobis,</strong></span> 
     </span>
    </p>
   </div>
   <div class='ocr_carea' id='block_1_73' title="bbox 1971 1326 3556 1396">
    <p class='ocr_par' dir='ltr' id='par_1_73' title="bbox 1971 1326 3556 1396">
     <span class='ocr_line' id='line_1_75' title="bbox 1971 1326 3556 1396; baseline 0.001 -15"><span class='ocrx_word' id='word_1_599' title='bbox 1971 1327 2038 1382; x_wconf 92' lang='lat' dir='ltr'><strong>ad</strong></span> <span class='ocrx_word' id='word_1_600' title='bbox 2067 1326 2208 1382; x_wconf 67' lang='lat' dir='ltr'><strong>hoc&quot;</strong></span> <span class='ocrx_word' id='word_1_601' title='bbox 2237 1337 2295 1382; x_wconf 92' lang='lat' dir='ltr'><strong>ut</strong></span> <span class='ocrx_word' id='word_1_602' title='bbox 2322 1329 2679 1384; x_wconf 77' lang='lat' dir='ltr'><strong>inhzereamus</strong></span> <span class='ocrx_word' id='word_1_603' title='bbox 2725 1328 2857 1396; x_wconf 88' lang='lat' dir='ltr'><strong>Deo,</strong></span> <span class='ocrx_word' id='word_1_604' title='bbox 2899 1337 2954 1384; x_wconf 90' lang='lat' dir='ltr'><strong>et</strong></span> <span class='ocrx_word' id='word_1_605' title='bbox 2996 1328 3062 1384; x_wconf 91' lang='lat' dir='ltr'><strong>ad</strong></span> <span class='ocrx_word' id='word_1_606' title='bbox 3106 1327 3351 1384; x_wconf 88' lang='lat' dir='ltr'><strong>eumdem</strong></span> <span class='ocrx_word' id='word_1_607' title='bbox 3394 1329 3556 1383; x_wconf 89' lang='lat' dir='ltr'><strong>ﬁnem</strong></span> 
     </span>
    </p>
   </div>
   <div class='ocr_carea' id='block_1_74' title="bbox 1972 1420 3559 1490">
    <p class='ocr_par' dir='ltr' id='par_1_74' title="bbox 1972 1420 3559 1490">
     <span class='ocr_line' id='line_1_76' title="bbox 1972 1420 3559 1490; baseline 0 -16"><span class='ocrx_word' id='word_1_608' title='bbox 1972 1422 2216 1490; x_wconf 84' lang='lat' dir='ltr'><strong>proximo</strong></span> <span class='ocrx_word' id='word_1_609' title='bbox 2239 1421 2603 1476; x_wconf 85' lang='lat' dir='ltr'><strong>consulamus.</strong></span> <span class='ocrx_word' id='word_1_610' title='bbox 2633 1421 2964 1477; x_wconf 84' lang='lat' dir='ltr'><strong>Sacriﬁcium</strong></span> <span class='ocrx_word' id='word_1_611' title='bbox 2997 1435 3125 1490; x_wconf 80' lang='lat' dir='ltr'><strong>ergo</strong></span> <span class='ocrx_word' id='word_1_612' title='bbox 3152 1421 3357 1476; x_wconf 90' lang='lat' dir='ltr'><strong>visibile</strong></span> <span class='ocrx_word' id='word_1_613' title='bbox 3378 1420 3559 1476; x_wconf 84' lang='lat' dir='ltr'><strong>invisi-</strong></span> 
     </span>
    </p>
   </div>
   <div class='ocr_carea' id='block_1_75' title="bbox 1973 1511 3558 1580">
    <p class='ocr_par' dir='ltr' id='par_1_75' title="bbox 1973 1511 3558 1580">
     <span class='ocr_line' id='line_1_77' title="bbox 1973 1511 3558 1580; baseline -0.002 -12"><span class='ocrx_word' id='word_1_614' title='bbox 1973 1512 2092 1568; x_wconf 90' lang='lat' dir='ltr'><strong>bilis</strong></span> <span class='ocrx_word' id='word_1_615' title='bbox 2119 1512 2362 1567; x_wconf 88' lang='lat' dir='ltr'><strong>sacriﬁcii</strong></span> <span class='ocrx_word' id='word_1_616' title='bbox 2393 1522 2804 1579; x_wconf 88' lang='lat' dir='ltr'><strong>sacramentum,</strong></span> <span class='ocrx_word' id='word_1_617' title='bbox 2852 1513 2904 1567; x_wconf 93' lang='lat' dir='ltr'><strong>id</strong></span> <span class='ocrx_word' id='word_1_618' title='bbox 2952 1521 3035 1568; x_wconf 90' lang='lat' dir='ltr'><strong>est</strong></span> <span class='ocrx_word' id='word_1_619' title='bbox 3075 1527 3284 1567; x_wconf 90' lang='lat' dir='ltr'><strong>sacrum</strong></span> <span class='ocrx_word' id='word_1_620' title='bbox 3326 1511 3558 1580; x_wconf 88' lang='lat' dir='ltr'><strong>signum,</strong></span> 
     </span>
    </p>
   </div>
   <div class='ocr_carea' id='block_1_76' title="bbox 1974 1603 3562 1676">
    <p class='ocr_par' dir='ltr' id='par_1_76' title="bbox 1974 1603 3562 1676">
     <span class='ocr_line' id='line_1_78' title="bbox 1974 1603 3562 1676; baseline -0.003 -15"><span class='ocrx_word' id='word_1_621' title='bbox 1974 1616 2077 1662; x_wconf 89' lang='lat' dir='ltr'><strong>est.</strong></span> <span class='ocrx_word' id='word_1_622' title='bbox 2110 1606 2262 1662; x_wconf 90' lang='lat' dir='ltr'><strong>Unde</strong></span> <span class='ocrx_word' id='word_1_623' title='bbox 2288 1607 2377 1661; x_wconf 92' lang='lat' dir='ltr'><strong>ille</strong></span> <span class='ocrx_word' id='word_1_624' title='bbox 2401 1607 2664 1676; x_wconf 66' lang='lat' dir='ltr'><strong>paenitens</strong></span> <span class='ocrx_word' id='word_1_625' title='bbox 2683 1605 2821 1676; x_wconf 89' lang='lat' dir='ltr'><strong>apud</strong></span> <span class='ocrx_word' id='word_1_626' title='bbox 2850 1605 3184 1676; x_wconf 86' lang='lat' dir='ltr'><strong>prophetam,</strong></span> <span class='ocrx_word' id='word_1_627' title='bbox 3203 1603 3288 1657; x_wconf 88' lang='lat' dir='ltr'><strong>vel</strong></span> <span class='ocrx_word' id='word_1_628' title='bbox 3309 1603 3421 1672; x_wconf 92' lang='lat' dir='ltr'><strong>ipse</strong></span> <span class='ocrx_word' id='word_1_629' title='bbox 3439 1616 3562 1672; x_wconf 89' lang='lat' dir='ltr'><strong>pro-</strong></span> 
     </span>
    </p>
   </div>
   <div class='ocr_carea' id='block_1_77' title="bbox 1977 1691 3557 1768">
    <p class='ocr_par' dir='ltr' id='par_1_77' title="bbox 1977 1691 3557 1768">
     <span class='ocr_line' id='line_1_79' title="bbox 1977 1691 3557 1768; baseline -0.004 -18"><span class='ocrx_word' id='word_1_630' title='bbox 1977 1697 2137 1766; x_wconf 87' lang='lat' dir='ltr'><strong>pheta</strong></span> <span class='ocrx_word' id='word_1_631' title='bbox 2163 1697 2605 1768; x_wconf 76' lang='lat' dir='ltr'><strong>quzrrensDeum</strong></span> <span class='ocrx_word' id='word_1_632' title='bbox 2635 1697 2866 1766; x_wconf 88' lang='lat' dir='ltr'><strong>peccatis</strong></span> <span class='ocrx_word' id='word_1_633' title='bbox 2896 1697 3006 1750; x_wconf 92' lang='lat' dir='ltr'><strong>suis</strong></span> <span class='ocrx_word' id='word_1_634' title='bbox 3034 1695 3231 1750; x_wconf 87' lang='lat' dir='ltr'><strong>habere</strong></span> <span class='ocrx_word' id='word_1_635' title='bbox 3252 1691 3557 1763; x_wconf 89' lang='lat' dir='ltr'><strong>propitium:</strong></span> 
     </span>
    </p>
   </div>
   <div class='ocr_carea' id='block_1_78' title="bbox 1977 1783 3563 1857">
    <p class='ocr_par' dir='ltr' id='par_1_78' title="bbox 1977 1783 3563 1857">
     <span class='ocr_line' id='line_1_80' title="bbox 1977 1783 3563 1857; baseline -0.004 -15"><span class='ocrx_word' id='word_1_636' title='bbox 1977 1787 2040 1842; x_wconf 88' lang='lat' dir='ltr'><strong>Si</strong></span> <span class='ocrx_word' id='word_1_637' title='bbox 2064 1788 2326 1852; x_wconf 83' lang='lat' dir='ltr'><strong>voluisses,</strong></span> <span class='ocrx_word' id='word_1_638' title='bbox 2359 1789 2548 1857; x_wconf 80' lang='lat' dir='ltr'><strong>inquit,</strong></span> <span class='ocrx_word' id='word_1_639' title='bbox 2571 1788 2897 1856; x_wconf 75' lang='lat' dir='ltr'><strong>sacriﬁcium,</strong></span> <span class='ocrx_word' id='word_1_640' title='bbox 2927 1787 3173 1841; x_wconf 79' lang='lat' dir='ltr'><strong>dedissem</strong></span> <span class='ocrx_word' id='word_1_641' title='bbox 3197 1786 3395 1854; x_wconf 86' lang='lat' dir='ltr'><strong>utique;</strong></span> <span class='ocrx_word' id='word_1_642' title='bbox 3421 1783 3563 1837; x_wconf 85' lang='lat' dir='ltr'><strong>holo-</strong></span> 
     </span>
    </p>
   </div>
   <div class='ocr_carea' id='block_1_79' title="bbox 1976 1875 3562 1946">
    <p class='ocr_par' dir='ltr' id='par_1_79' title="bbox 1976 1875 3562 1946">
     <span class='ocr_line' id='line_1_81' title="bbox 1976 1875 3562 1946; baseline -0.003 -15"><span class='ocrx_word' id='word_1_643' title='bbox 1976 1880 2163 1933; x_wconf 88' lang='lat' dir='ltr'><strong>caustis</strong></span> <span class='ocrx_word' id='word_1_644' title='bbox 2192 1895 2291 1932; x_wconf 90' lang='lat' dir='ltr'><strong>non</strong></span> <span class='ocrx_word' id='word_1_645' title='bbox 2317 1878 2660 1933; x_wconf 80' lang='lat' dir='ltr'><strong>delectaberis.</strong></span> <span class='ocrx_word' id='word_1_646' title='bbox 2705 1877 3030 1946; x_wconf 77' lang='lat' dir='ltr'><strong>Sacriﬁcium</strong></span> <span class='ocrx_word' id='word_1_647' title='bbox 3057 1875 3168 1931; x_wconf 89' lang='lat' dir='ltr'><strong>Deo</strong></span> <span class='ocrx_word' id='word_1_648' title='bbox 3194 1875 3404 1946; x_wconf 85' lang='lat' dir='ltr'><strong>spiritus</strong></span> <span class='ocrx_word' id='word_1_649' title='bbox 3437 1889 3562 1927; x_wconf 81' lang='lat' dir='ltr'><strong>con-</strong></span> 
     </span>
    </p>
   </div>
   <div class='ocr_carea' id='block_1_80' title="bbox 1978 1965 3564 2034">
    <p class='ocr_par' dir='ltr' id='par_1_80' title="bbox 1978 1965 3564 2034">
     <span class='ocr_line' id='line_1_82' title="bbox 1978 1965 3564 2034; baseline -0.003 -12"><span class='ocrx_word' id='word_1_650' title='bbox 1978 1970 2277 2034; x_wconf 83' lang='lat' dir='ltr'><strong>tribulatus;</strong></span> <span class='ocrx_word' id='word_1_651' title='bbox 2297 1986 2386 2024; x_wconf 84' lang='lat' dir='ltr'><strong>cor</strong></span> <span class='ocrx_word' id='word_1_652' title='bbox 2411 1970 2680 2023; x_wconf 86' lang='lat' dir='ltr'><strong>contritum</strong></span> <span class='ocrx_word' id='word_1_653' title='bbox 2705 1979 2748 2022; x_wconf 91' lang='lat' dir='ltr'><strong>et</strong></span> <span class='ocrx_word' id='word_1_654' title='bbox 2782 1968 3102 2022; x_wconf 85' lang='lat' dir='ltr'><strong>humilialum</strong></span> <span class='ocrx_word' id='word_1_655' title='bbox 3129 1965 3265 2019; x_wconf 81' lang='lat' dir='ltr'><strong>Deus</strong></span> <span class='ocrx_word' id='word_1_656' title='bbox 3296 1982 3395 2019; x_wconf 90' lang='lat' dir='ltr'><strong>non</strong></span> <span class='ocrx_word' id='word_1_657' title='bbox 3416 1981 3564 2034; x_wconf 86' lang='lat' dir='ltr'><strong>sper-</strong></span> 
     </span>
    </p>
   </div>
   <div class='ocr_carea' id='block_1_81' title="bbox 1977 2055 3568 2132">
    <p class='ocr_par' dir='ltr' id='par_1_81' title="bbox 1977 2055 3568 2132">
     <span class='ocr_line' id='line_1_83' title="bbox 1977 2055 3568 2132; baseline -0.005 -16"><span class='ocrx_word' id='word_1_658' title='bbox 1977 2071 2060 2116; x_wconf 87' lang='lat' dir='ltr'><strong>net</strong></span> <span class='ocrx_word' id='word_1_659' title='bbox 2078 2060 2153 2132; x_wconf 87' lang='lat' dir='ltr'><strong>(a)</strong></span> <span class='ocrx_word' id='word_1_660' title='bbox 2175 2062 2191 2130; x_wconf 95' lang='lat'>(</span> <span class='ocrx_word' id='word_1_661' title='bbox 2202 2060 2346 2116; x_wconf 82' lang='lat' dir='ltr'><strong>Psal.</strong></span> <span class='ocrx_word' id='word_1_662' title='bbox 2369 2077 2421 2129; x_wconf 78' lang='grc' dir='ltr'><strong>ι,</strong></span> <span class='ocrx_word' id='word_1_663' title='bbox 2451 2061 2540 2128; x_wconf 77' lang='lat' dir='ltr'><strong>l8,</strong></span> <span class='ocrx_word' id='word_1_664' title='bbox 2564 2059 2680 2129; x_wconf 77' lang='lat' dir='ltr'><strong>l9).</strong></span> <span class='ocrx_word' id='word_1_665' title='bbox 2704 2059 3002 2115; x_wconf 84' lang='lat' dir='ltr'><strong>lntueamur</strong></span> <span class='ocrx_word' id='word_1_666' title='bbox 3017 2056 3460 2128; x_wconf 81' lang='lat' dir='ltr'><strong>quemadmodum</strong></span> <span class='ocrx_word' id='word_1_667' title='bbox 3476 2055 3568 2109; x_wconf 91' lang='lat' dir='ltr'><strong>ubi</strong></span> 
     </span>
    </p>
   </div>
   <div class='ocr_carea' id='block_1_82' title="bbox 1981 2146 3569 2216">
    <p class='ocr_par' dir='ltr' id='par_1_82' title="bbox 1981 2146 3569 2216">
     <span class='ocr_line' id='line_1_84' title="bbox 1981 2146 3569 2216; baseline -0.005 -7"><span class='ocrx_word' id='word_1_668' title='bbox 1981 2154 2146 2209; x_wconf 90' lang='lat' dir='ltr'><strong>Deum</strong></span> <span class='ocrx_word' id='word_1_669' title='bbox 2172 2152 2304 2207; x_wconf 80' lang='lat' dir='ltr'><strong>dixit</strong></span> <span class='ocrx_word' id='word_1_670' title='bbox 2333 2152 2474 2208; x_wconf 89' lang='lat' dir='ltr'><strong>nolle</strong></span> <span class='ocrx_word' id='word_1_671' title='bbox 2502 2153 2840 2216; x_wconf 89' lang='lat' dir='ltr'><strong>sacriﬁcium,</strong></span> <span class='ocrx_word' id='word_1_672' title='bbox 2876 2151 2947 2205; x_wconf 92' lang='lat' dir='ltr'><strong>ibi</strong></span> <span class='ocrx_word' id='word_1_673' title='bbox 2981 2151 3143 2205; x_wconf 90' lang='lat' dir='ltr'><strong>Deum</strong></span> <span class='ocrx_word' id='word_1_674' title='bbox 3171 2147 3404 2203; x_wconf 88' lang='lat' dir='ltr'><strong>ostendit</strong></span> <span class='ocrx_word' id='word_1_675' title='bbox 3431 2146 3569 2202; x_wconf 88' lang='lat' dir='ltr'><strong>velle</strong></span> 
     </span>
    </p>
   </div>
   <div class='ocr_carea' id='block_1_83' title="bbox 1979 2240 3568 2314">
    <p class='ocr_par' dir='ltr' id='par_1_83' title="bbox 1979 2240 3568 2314">
     <span class='ocr_line' id='line_1_85' title="bbox 1979 2240 3568 2314; baseline -0.005 -13"><span class='ocrx_word' id='word_1_676' title='bbox 1979 2245 2322 2302; x_wconf 88' lang='lat' dir='ltr'><strong>sacriﬁcium.</strong></span> <span class='ocrx_word' id='word_1_677' title='bbox 2345 2245 2460 2299; x_wconf 88' lang='lat' dir='ltr'><strong>Non</strong></span> <span class='ocrx_word' id='word_1_678' title='bbox 2486 2245 2594 2298; x_wconf 88' lang='lat' dir='ltr'><strong>vult</strong></span> <span class='ocrx_word' id='word_1_679' title='bbox 2616 2259 2746 2314; x_wconf 91' lang='lat' dir='ltr'><strong>ergo</strong></span> <span class='ocrx_word' id='word_1_680' title='bbox 2769 2244 3085 2299; x_wconf 84' lang='lat' dir='ltr'><strong>sacriﬁcium</strong></span> <span class='ocrx_word' id='word_1_681' title='bbox 3128 2240 3375 2296; x_wconf 90' lang='lat' dir='ltr'><strong>trucidati</strong></span> <span class='ocrx_word' id='word_1_682' title='bbox 3405 2253 3568 2309; x_wconf 81' lang='lat' dir='ltr'><strong>peco-</strong></span> 
     </span>
    </p>
   </div>
   <div class='ocr_carea' id='block_1_84' title="bbox 1980 2330 3566 2402">
    <p class='ocr_par' dir='ltr' id='par_1_84' title="bbox 1980 2330 3566 2402">
     <span class='ocr_line' id='line_1_86' title="bbox 1980 2330 3566 2402; baseline -0.004 -11"><span class='ocrx_word' id='word_1_683' title='bbox 1980 2337 2077 2401; x_wconf 90' lang='lat' dir='ltr'><strong>ris,</strong></span> <span class='ocrx_word' id='word_1_684' title='bbox 2101 2335 2194 2391; x_wconf 90' lang='lat' dir='ltr'><strong>sed</strong></span> <span class='ocrx_word' id='word_1_685' title='bbox 2220 2335 2332 2389; x_wconf 90' lang='lat' dir='ltr'><strong>vult</strong></span> <span class='ocrx_word' id='word_1_686' title='bbox 2356 2334 2677 2390; x_wconf 87' lang='lat' dir='ltr'><strong>sacriﬁcium</strong></span> <span class='ocrx_word' id='word_1_687' title='bbox 2694 2334 2905 2389; x_wconf 90' lang='lat' dir='ltr'><strong>contriti</strong></span> <span class='ocrx_word' id='word_1_688' title='bbox 2926 2332 3123 2388; x_wconf 91' lang='lat' dir='ltr'><strong>cordis.</strong></span> <span class='ocrx_word' id='word_1_689' title='bbox 3145 2333 3237 2386; x_wconf 91' lang='lat' dir='ltr'><strong>Illo</strong></span> <span class='ocrx_word' id='word_1_690' title='bbox 3255 2332 3412 2402; x_wconf 87' lang='lat' dir='ltr'><strong>igitur</strong></span> <span class='ocrx_word' id='word_1_691' title='bbox 3426 2330 3566 2400; x_wconf 93' lang='lat' dir='ltr'><strong>quod</strong></span> 
     </span>
    </p>
   </div>
   <div class='ocr_carea' id='block_1_85' title="bbox 1981 2422 3567 2496">
    <p class='ocr_par' dir='ltr' id='par_1_85' title="bbox 1981 2422 3567 2496">
     <span class='ocr_line' id='line_1_87' title="bbox 1981 2422 3567 2496; baseline -0.004 -12"><span class='ocrx_word' id='word_1_692' title='bbox 1981 2443 2102 2484; x_wconf 89' lang='lat' dir='ltr'><strong>eum</strong></span> <span class='ocrx_word' id='word_1_693' title='bbox 2125 2427 2270 2482; x_wconf 92' lang='lat' dir='ltr'><strong>nolle</strong></span> <span class='ocrx_word' id='word_1_694' title='bbox 2290 2427 2439 2489; x_wconf 85' lang='lat' dir='ltr'><strong>dicit,</strong></span> <span class='ocrx_word' id='word_1_695' title='bbox 2473 2426 2575 2482; x_wconf 90' lang='lat' dir='ltr'><strong>hoc</strong></span> <span class='ocrx_word' id='word_1_696' title='bbox 2607 2426 2930 2496; x_wconf 87' lang='lat' dir='ltr'><strong>signiﬁcatur</strong></span> <span class='ocrx_word' id='word_1_697' title='bbox 2952 2424 3092 2496; x_wconf 92' lang='lat' dir='ltr'><strong>quod</strong></span> <span class='ocrx_word' id='word_1_698' title='bbox 3120 2440 3240 2480; x_wconf 92' lang='lat' dir='ltr'><strong>eum</strong></span> <span class='ocrx_word' id='word_1_699' title='bbox 3270 2423 3410 2479; x_wconf 86' lang='lat' dir='ltr'><strong>velle</strong></span> <span class='ocrx_word' id='word_1_700' title='bbox 3439 2422 3567 2478; x_wconf 82' lang='lat' dir='ltr'><strong>sub-</strong></span> 
     </span>
    </p>
   </div>
   <div class='ocr_carea' id='block_1_86' title="bbox 1975 2512 3570 2591">
    <p class='ocr_par' dir='ltr' id='par_1_86' title="bbox 1975 2512 3570 2591">
     <span class='ocr_line' id='line_1_88' title="bbox 1975 2512 3570 2591; baseline -0.006 -16"><span class='ocrx_word' id='word_1_701' title='bbox 1975 2519 2124 2591; x_wconf 88' lang='lat' dir='ltr'><strong>jecit.</strong></span> <span class='ocrx_word' id='word_1_702' title='bbox 2148 2519 2238 2575; x_wconf 89' lang='lat' dir='ltr'><strong>Sic</strong></span> <span class='ocrx_word' id='word_1_703' title='bbox 2265 2519 2442 2590; x_wconf 85' lang='lat' dir='ltr'><strong>itaque</strong></span> <span class='ocrx_word' id='word_1_704' title='bbox 2471 2519 2554 2572; x_wconf 91' lang='lat' dir='ltr'><strong>illa</strong></span> <span class='ocrx_word' id='word_1_705' title='bbox 2597 2519 2764 2573; x_wconf 92' lang='lat' dir='ltr'><strong>Deum</strong></span> <span class='ocrx_word' id='word_1_706' title='bbox 2809 2517 2953 2572; x_wconf 90' lang='lat' dir='ltr'><strong>nolle</strong></span> <span class='ocrx_word' id='word_1_707' title='bbox 2989 2515 3150 2582; x_wconf 83' lang='lat' dir='ltr'><strong>dixit,</strong></span> <span class='ocrx_word' id='word_1_708' title='bbox 3195 2513 3464 2584; x_wconf 77' lang='lat' dir='ltr'><strong>quomodo</strong></span> <span class='ocrx_word' id='word_1_709' title='bbox 3502 2512 3570 2567; x_wconf 91' lang='lat' dir='ltr'><strong>ab</strong></span> 
     </span>
    </p>
   </div>
   <div class='ocr_carea' id='block_1_87' title="bbox 1982 2605 3569 2678">
    <p class='ocr_par' dir='ltr' id='par_1_87' title="bbox 1982 2605 3569 2678">
     <span class='ocr_line' id='line_1_89' title="bbox 1982 2605 3569 2678; baseline -0.006 -9"><span class='ocrx_word' id='word_1_710' title='bbox 1982 2613 2154 2669; x_wconf 89' lang='lat' dir='ltr'><strong>stultis</strong></span> <span class='ocrx_word' id='word_1_711' title='bbox 2183 2627 2244 2668; x_wconf 83' lang='lat' dir='ltr'><strong>ea</strong></span> <span class='ocrx_word' id='word_1_712' title='bbox 2275 2613 2410 2668; x_wconf 86' lang='lat' dir='ltr'><strong>velle</strong></span> <span class='ocrx_word' id='word_1_713' title='bbox 2439 2611 2694 2676; x_wconf 89' lang='lat' dir='ltr'><strong>creditur,</strong></span> <span class='ocrx_word' id='word_1_714' title='bbox 2735 2611 2880 2664; x_wconf 89' lang='lat' dir='ltr'><strong>velut</strong></span> <span class='ocrx_word' id='word_1_715' title='bbox 2917 2624 3027 2664; x_wconf 71' lang='lat' dir='ltr'><strong>sua:</strong></span> <span class='ocrx_word' id='word_1_716' title='bbox 3063 2608 3228 2678; x_wconf 86' lang='lat' dir='ltr'><strong>gratia</strong></span> <span class='ocrx_word' id='word_1_717' title='bbox 3261 2605 3569 2677; x_wconf 87' lang='lat' dir='ltr'><strong>voluptatis.</strong></span> 
     </span>
    </p>
   </div>
   <div class='ocr_carea' id='block_1_88' title="bbox 1982 2699 3569 2773">
    <p class='ocr_par' dir='ltr' id='par_1_88' title="bbox 1982 2699 3569 2773">
     <span class='ocr_line' id='line_1_90' title="bbox 1982 2699 3569 2773; baseline -0.006 -14"><span class='ocrx_word' id='word_1_718' title='bbox 1982 2704 2116 2760; x_wconf 85' lang='lat' dir='ltr'><strong>Nam</strong></span> <span class='ocrx_word' id='word_1_719' title='bbox 2142 2705 2186 2758; x_wconf 90' lang='lat' dir='ltr'><strong>si</strong></span> <span class='ocrx_word' id='word_1_720' title='bbox 2214 2719 2276 2773; x_wconf 87' lang='lat' dir='ltr'><strong>ea</strong></span> <span class='ocrx_word' id='word_1_721' title='bbox 2297 2703 2555 2758; x_wconf 88' lang='lat' dir='ltr'><strong>sacriﬁcia</strong></span> <span class='ocrx_word' id='word_1_722' title='bbox 2583 2717 2702 2773; x_wconf 68' lang='lat' dir='ltr'><strong>qua:</strong></span> <span class='ocrx_word' id='word_1_723' title='bbox 2723 2701 2852 2766; x_wconf 88' lang='lat' dir='ltr'><strong>vult,</strong></span> <span class='ocrx_word' id='word_1_724' title='bbox 2881 2715 3110 2771; x_wconf 89' lang='lat' dir='ltr'><strong>quorum</strong></span> <span class='ocrx_word' id='word_1_725' title='bbox 3141 2699 3243 2753; x_wconf 90' lang='lat' dir='ltr'><strong>hoc</strong></span> <span class='ocrx_word' id='word_1_726' title='bbox 3274 2713 3435 2752; x_wconf 91' lang='lat' dir='ltr'><strong>unum</strong></span> <span class='ocrx_word' id='word_1_727' title='bbox 3466 2704 3569 2764; x_wconf 89' lang='lat' dir='ltr'><strong>est,</strong></span> 
     </span>
    </p>
   </div>
   <div class='ocr_carea' id='block_1_89' title="bbox 1983 2789 3574 2862">
    <p class='ocr_par' dir='ltr' id='par_1_89' title="bbox 1983 2789 3574 2862">
     <span class='ocr_line' id='line_1_91' title="bbox 1983 2789 3574 2862; baseline -0.004 -12"><span class='ocrx_word' id='word_1_728' title='bbox 1983 2811 2078 2850; x_wconf 92' lang='lat' dir='ltr'><strong>cor</strong></span> <span class='ocrx_word' id='word_1_729' title='bbox 2101 2796 2386 2850; x_wconf 89' lang='lat' dir='ltr'><strong>contritum</strong></span> <span class='ocrx_word' id='word_1_730' title='bbox 2414 2801 2468 2849; x_wconf 89' lang='lat' dir='ltr'><strong>et</strong></span> <span class='ocrx_word' id='word_1_731' title='bbox 2496 2794 2831 2849; x_wconf 87' lang='lat' dir='ltr'><strong>humiliatum</strong></span> <span class='ocrx_word' id='word_1_732' title='bbox 2859 2792 3044 2847; x_wconf 90' lang='lat' dir='ltr'><strong>dolore</strong></span> <span class='ocrx_word' id='word_1_733' title='bbox 3071 2790 3385 2862; x_wconf 76' lang='lat' dir='ltr'><strong>ptenitendi,</strong></span> <span class='ocrx_word' id='word_1_734' title='bbox 3407 2789 3574 2845; x_wconf 90' lang='lat' dir='ltr'><strong>nollet</strong></span> 
     </span>
    </p>
   </div>
   <div class='ocr_carea' id='block_1_90' title="bbox 1985 2880 3572 2956">
    <p class='ocr_par' dir='ltr' id='par_1_90' title="bbox 1985 2880 3572 2956">
     <span class='ocr_line' id='line_1_92' title="bbox 1985 2880 3572 2956; baseline -0.006 -13"><span class='ocrx_word' id='word_1_735' title='bbox 1985 2888 2063 2943; x_wconf 91' lang='lat' dir='ltr'><strong>eis</strong></span> <span class='ocrx_word' id='word_1_736' title='bbox 2089 2887 2362 2943; x_wconf 90' lang='lat' dir='ltr'><strong>sacriﬁciis</strong></span> <span class='ocrx_word' id='word_1_737' title='bbox 2381 2887 2402 2918; x_wconf 82' lang='grc'>⁸</span> <span class='ocrx_word' id='word_1_738' title='bbox 2428 2885 2731 2956; x_wconf 89' lang='lat' dir='ltr'><strong>signiﬁcari,</strong></span> <span class='ocrx_word' id='word_1_739' title='bbox 2761 2900 2882 2954; x_wconf 71' lang='lat' dir='ltr'><strong>qua:</strong></span> <span class='ocrx_word' id='word_1_740' title='bbox 2921 2883 3068 2938; x_wconf 93' lang='lat' dir='ltr'><strong>velut</strong></span> <span class='ocrx_word' id='word_1_741' title='bbox 3108 2880 3209 2936; x_wconf 89' lang='lat' dir='ltr'><strong>sibi</strong></span> <span class='ocrx_word' id='word_1_742' title='bbox 3240 2880 3572 2936; x_wconf 89' lang='lat' dir='ltr'><strong>delectabilia</strong></span> 
     </span>
    </p>
   </div>
   <div class='ocr_carea' id='block_1_91' title="bbox 1986 2971 3577 3048">
    <p class='ocr_par' dir='ltr' id='par_1_91' title="bbox 1986 2971 3577 3048">
     <span class='ocr_line' id='line_1_93' title="bbox 1986 2971 3577 3048; baseline -0.005 -14"><span class='ocrx_word' id='word_1_743' title='bbox 1986 2977 2295 3034; x_wconf 89' lang='lat' dir='ltr'><strong>desiderare</strong></span> <span class='ocrx_word' id='word_1_744' title='bbox 2322 2987 2538 3048; x_wconf 89' lang='lat' dir='ltr'><strong>putatus</strong></span> <span class='ocrx_word' id='word_1_745' title='bbox 2578 2985 2684 3044; x_wconf 91' lang='lat' dir='ltr'><strong>est,</strong></span> <span class='ocrx_word' id='word_1_746' title='bbox 2732 2991 2839 3031; x_wconf 92' lang='lat' dir='ltr'><strong>non</strong></span> <span class='ocrx_word' id='word_1_747' title='bbox 2869 2977 3053 3045; x_wconf 91' lang='lat' dir='ltr'><strong>utique</strong></span> <span class='ocrx_word' id='word_1_748' title='bbox 3081 2974 3148 3030; x_wconf 88' lang='lat' dir='ltr'><strong>de</strong></span> <span class='ocrx_word' id='word_1_749' title='bbox 3177 2975 3259 3029; x_wconf 91' lang='lat' dir='ltr'><strong>his</strong></span> <span class='ocrx_word' id='word_1_750' title='bbox 3287 2971 3577 3028; x_wconf 75' lang='lat' dir='ltr'><strong>efferendis</strong></span> 
     </span>
    </p>
   </div>
   <div class='ocr_carea' id='block_1_92' title="bbox 1987 3063 3577 3140">
    <p class='ocr_par' dir='ltr' id='par_1_92' title="bbox 1987 3063 3577 3140">
     <span class='ocr_line' id='line_1_94' title="bbox 1987 3063 3577 3140; baseline -0.006 -15"><span class='ocrx_word' id='word_1_751' title='bbox 1987 3070 2039 3125; x_wconf 90' lang='lat' dir='ltr'><strong>in</strong></span> <span class='ocrx_word' id='word_1_752' title='bbox 2066 3070 2206 3140; x_wconf 73' lang='lat' dir='ltr'><strong>Lege</strong></span> <span class='ocrx_word' id='word_1_753' title='bbox 2236 3078 2417 3124; x_wconf 89' lang='lat' dir='ltr'><strong>vetere</strong></span> <span class='ocrx_word' id='word_1_754' title='bbox 2454 3067 2814 3138; x_wconf 62' lang='lat' dir='ltr'><strong>praecepisset.</strong></span> <span class='ocrx_word' id='word_1_755' title='bbox 2857 3066 2925 3120; x_wconf 85' lang='lat' dir='ltr'><strong>Et</strong></span> <span class='ocrx_word' id='word_1_756' title='bbox 2970 3065 3090 3120; x_wconf 88' lang='lat' dir='ltr'><strong>ideo</strong></span> <span class='ocrx_word' id='word_1_757' title='bbox 3129 3063 3377 3119; x_wconf 86' lang='lat' dir='ltr'><strong>mutanda</strong></span> <span class='ocrx_word' id='word_1_758' title='bbox 3423 3071 3577 3117; x_wconf 89' lang='lat' dir='ltr'><strong>erant</strong></span> 
     </span>
    </p>
   </div>
   <div class='ocr_carea' id='block_1_93' title="bbox 1987 3150 3578 3229">
    <p class='ocr_par' dir='ltr' id='par_1_93' title="bbox 1987 3150 3578 3229">
     <span class='ocr_line' id='line_1_95' title="bbox 1987 3150 3578 3229; baseline -0.006 -15"><span class='ocrx_word' id='word_1_759' title='bbox 1987 3169 2288 3229; x_wconf 87' lang='lat' dir='ltr'><strong>opportuno</strong></span> <span class='ocrx_word' id='word_1_760' title='bbox 2329 3163 2584 3228; x_wconf 78' lang='lat' dir='ltr'><strong>certoque</strong></span> <span class='ocrx_word' id='word_1_761' title='bbox 2622 3157 2732 3226; x_wconf 87' lang='lat' dir='ltr'><strong>jam</strong></span> <span class='ocrx_word' id='word_1_762' title='bbox 2777 3164 3039 3224; x_wconf 88' lang='lat' dir='ltr'><strong>tempore,</strong></span> <span class='ocrx_word' id='word_1_763' title='bbox 3070 3169 3137 3208; x_wconf 91' lang='lat' dir='ltr'><strong>ne</strong></span> <span class='ocrx_word' id='word_1_764' title='bbox 3168 3153 3265 3224; x_wconf 93' lang='lat' dir='ltr'><strong>ipsi</strong></span> <span class='ocrx_word' id='word_1_765' title='bbox 3302 3154 3408 3206; x_wconf 90' lang='lat' dir='ltr'><strong>Deo</strong></span> <span class='ocrx_word' id='word_1_766' title='bbox 3436 3150 3578 3206; x_wconf 79' lang='lat' dir='ltr'><strong>desi-</strong></span> 
     </span>
    </p>
   </div>
   <div class='ocr_carea' id='block_1_94' title="bbox 1989 3243 3576 3316">
    <p class='ocr_par' dir='ltr' id='par_1_94' title="bbox 1989 3243 3576 3316">
     <span class='ocr_line' id='line_1_96' title="bbox 1989 3243 3576 3316; baseline -0.008 -11"><span class='ocrx_word' id='word_1_767' title='bbox 1989 3249 2266 3316; x_wconf 84' lang='lat' dir='ltr'><strong>derabilia,</strong></span> <span class='ocrx_word' id='word_1_768' title='bbox 2297 3248 2380 3304; x_wconf 89' lang='lat' dir='ltr'><strong>vel</strong></span> <span class='ocrx_word' id='word_1_769' title='bbox 2409 3257 2556 3304; x_wconf 90' lang='lat' dir='ltr'><strong>certe</strong></span> <span class='ocrx_word' id='word_1_770' title='bbox 2587 3249 2638 3300; x_wconf 90' lang='lat' dir='ltr'><strong>in</strong></span> <span class='ocrx_word' id='word_1_771' title='bbox 2669 3246 2822 3300; x_wconf 92' lang='lat' dir='ltr'><strong>nobis</strong></span> <span class='ocrx_word' id='word_1_772' title='bbox 2847 3243 3214 3313; x_wconf 86' lang='lat' dir='ltr'><strong>acceptabilia,</strong></span> <span class='ocrx_word' id='word_1_773' title='bbox 3246 3258 3309 3296; x_wconf 91' lang='lat' dir='ltr'><strong>ac</strong></span> <span class='ocrx_word' id='word_1_774' title='bbox 3349 3257 3454 3296; x_wconf 88' lang='lat' dir='ltr'><strong>non</strong></span> <span class='ocrx_word' id='word_1_775' title='bbox 3478 3255 3576 3310; x_wconf 85' lang='lat' dir='ltr'><strong>po-</strong></span> 
     </span>
    </p>
   </div>
   <div class='ocr_carea' id='block_1_95' title="bbox 1993 3331 3580 3413">
    <p class='ocr_par' dir='ltr' id='par_1_95' title="bbox 1993 3331 3580 3413">
     <span class='ocr_line' id='line_1_97' title="bbox 1993 3331 3580 3413; baseline -0.01 -14"><span class='ocrx_word' id='word_1_776' title='bbox 1993 3345 2094 3399; x_wconf 92' lang='lat' dir='ltr'><strong>tius</strong></span> <span class='ocrx_word' id='word_1_777' title='bbox 2118 3358 2236 3413; x_wconf 73' lang='lat' dir='ltr'><strong>qua:</strong></span> <span class='ocrx_word' id='word_1_778' title='bbox 2259 3342 2341 3396; x_wconf 88' lang='lat' dir='ltr'><strong>his</strong></span> <span class='ocrx_word' id='word_1_779' title='bbox 2369 3338 2659 3411; x_wconf 89' lang='lat' dir='ltr'><strong>signiﬁcata</strong></span> <span class='ocrx_word' id='word_1_780' title='bbox 2685 3346 2828 3400; x_wconf 90' lang='lat' dir='ltr'><strong>sunt,</strong></span> <span class='ocrx_word' id='word_1_781' title='bbox 2853 3335 3218 3391; x_wconf 88' lang='lat' dir='ltr'><strong>crederentur.</strong></span> <span class='ocrx_word' id='word_1_782' title='bbox 3238 3333 3372 3386; x_wconf 84' lang='lat' dir='ltr'><strong>llinc</strong></span> <span class='ocrx_word' id='word_1_783' title='bbox 3399 3341 3452 3386; x_wconf 90' lang='lat' dir='ltr'><strong>et</strong></span> <span class='ocrx_word' id='word_1_784' title='bbox 3472 3331 3580 3384; x_wconf 91' lang='lat' dir='ltr'><strong>alio</strong></span> 
     </span>
    </p>
   </div>
   <div class='ocr_carea' id='block_1_96' title="bbox 1993 3423 3580 3504">
    <p class='ocr_par' dir='ltr' id='par_1_96' title="bbox 1993 3423 3580 3504">
     <span class='ocr_line' id='line_1_98' title="bbox 1993 3423 3580 3504; baseline -0.01 -14"><span class='ocrx_word' id='word_1_785' title='bbox 1993 3435 2112 3491; x_wconf 89' lang='lat' dir='ltr'><strong>loco</strong></span> <span class='ocrx_word' id='word_1_786' title='bbox 2140 3433 2328 3504; x_wconf 90' lang='lat' dir='ltr'><strong>psalmi</strong></span> <span class='ocrx_word' id='word_1_787' title='bbox 2358 3432 2577 3487; x_wconf 87' lang='lat' dir='ltr'><strong>alterius</strong></span> <span class='ocrx_word' id='word_1_788' title='bbox 2605 3449 2618 3486; x_wconf 92' lang='lat'><strong>:</strong></span> <span class='ocrx_word' id='word_1_789' title='bbox 2651 3429 2712 3486; x_wconf 89' lang='lat' dir='ltr'><strong>Si</strong></span> <span class='ocrx_word' id='word_1_790' title='bbox 2759 3429 2999 3495; x_wconf 85' lang='lat' dir='ltr'><strong>esuriero,</strong></span> <span class='ocrx_word' id='word_1_791' title='bbox 3052 3425 3239 3496; x_wconf 92' lang='lat' dir='ltr'><strong>inquit,</strong></span> <span class='ocrx_word' id='word_1_792' title='bbox 3273 3438 3373 3478; x_wconf 87' lang='lat' dir='ltr'><strong>non</strong></span> <span class='ocrx_word' id='word_1_793' title='bbox 3413 3423 3580 3476; x_wconf 87' lang='lat' dir='ltr'><strong>dicam</strong></span> 
     </span>
    </p>
   </div>
   <div class='ocr_carea' id='block_1_97' title="bbox 1995 3513 3580 3591">
    <p class='ocr_par' dir='ltr' id='par_1_97' title="bbox 1995 3513 3580 3591">
     <span class='ocr_line' id='line_1_99' title="bbox 1995 3513 3580 3591; baseline -0.008 -11"><span class='ocrx_word' id='word_1_794' title='bbox 1995 3527 2119 3590; x_wconf 84' lang='lat' dir='ltr'><strong>tibi;</strong></span> <span class='ocrx_word' id='word_1_795' title='bbox 2147 3542 2284 3579; x_wconf 89' lang='lat' dir='ltr'><strong>meus</strong></span> <span class='ocrx_word' id='word_1_796' title='bbox 2314 3534 2385 3579; x_wconf 87' lang='lat' dir='ltr'><strong>est</strong></span> <span class='ocrx_word' id='word_1_797' title='bbox 2406 3525 2536 3578; x_wconf 85' lang='lat' dir='ltr'><strong>enim</strong></span> <span class='ocrx_word' id='word_1_798' title='bbox 2559 3522 2693 3576; x_wconf 83' lang='lat' dir='ltr'><strong>orbis</strong></span> <span class='ocrx_word' id='word_1_799' title='bbox 2720 3530 2882 3583; x_wconf 79' lang='lat' dir='ltr'><strong>teme,</strong></span> <span class='ocrx_word' id='word_1_800' title='bbox 2909 3529 2956 3573; x_wconf 89' lang='lat' dir='ltr'><strong>et</strong></span> <span class='ocrx_word' id='word_1_801' title='bbox 2977 3517 3235 3591; x_wconf 83' lang='lat' dir='ltr'><strong>plenitudo</strong></span> <span class='ocrx_word' id='word_1_802' title='bbox 3257 3517 3385 3586; x_wconf 85' lang='lat' dir='ltr'><strong>ejus.</strong></span> <span class='ocrx_word' id='word_1_803' title='bbox 3413 3513 3580 3568; x_wconf 87' lang='lat' dir='ltr'><strong>Num-</strong></span> 
     </span>
    </p>
   </div>
   <div class='ocr_carea' id='block_1_98' title="bbox 1992 3607 3582 3689">
    <p class='ocr_par' dir='ltr' id='par_1_98' title="bbox 1992 3607 3582 3689">
     <span class='ocr_line' id='line_1_100' title="bbox 1992 3607 3582 3689; baseline -0.009 -17"><span class='ocrx_word' id='word_1_804' title='bbox 1992 3619 2118 3689; x_wconf 85' lang='lat' dir='ltr'><strong>quid</strong></span> <span class='ocrx_word' id='word_1_805' title='bbox 2159 3617 2473 3671; x_wconf 82' lang='lat' dir='ltr'><strong>manducabo</strong></span> <span class='ocrx_word' id='word_1_806' title='bbox 2502 3631 2677 3668; x_wconf 85' lang='lat' dir='ltr'><strong>carnes</strong></span> <span class='ocrx_word' id='word_1_807' title='bbox 2717 3623 2998 3674; x_wconf 86' lang='lat' dir='ltr'><strong>taurorum,</strong></span> <span class='ocrx_word' id='word_1_808' title='bbox 3039 3621 3123 3664; x_wconf 89' lang='lat' dir='ltr'><strong>aut</strong></span> <span class='ocrx_word' id='word_1_809' title='bbox 3153 3609 3446 3680; x_wconf 79' lang='lat' dir='ltr'><strong>sanguinem</strong></span> <span class='ocrx_word' id='word_1_810' title='bbox 3477 3607 3582 3658; x_wconf 75' lang='lat' dir='ltr'><strong>Itir-</strong></span> 
     </span>
    </p>
   </div>
   <div class='ocr_carea' id='block_1_99' title="bbox 1995 3697 3579 3780">
    <p class='ocr_par' dir='ltr' id='par_1_99' title="bbox 1995 3697 3579 3780">
     <span class='ocr_line' id='line_1_101' title="bbox 1995 3697 3579 3780; baseline -0.01 -16"><span class='ocrx_word' id='word_1_811' title='bbox 1995 3726 2164 3764; x_wconf 88' lang='lat' dir='ltr'><strong>corum</strong></span> <span class='ocrx_word' id='word_1_812' title='bbox 2192 3711 2373 3780; x_wconf 84' lang='lat' dir='ltr'><strong>potabo</strong></span> <span class='ocrx_word' id='word_1_813' title='bbox 2408 3704 2580 3776; x_wconf 81' lang='lat' dir='ltr'><strong>(Psal.</strong></span> <span class='ocrx_word' id='word_1_814' title='bbox 2609 3721 2755 3770; x_wconf 71' lang='lat' dir='ltr'><strong>XLIX,</strong></span> <span class='ocrx_word' id='word_1_815' title='bbox 2778 3703 2843 3757; x_wconf 71' lang='lat'><strong>12</strong></span> <span class='ocrx_word' id='word_1_816' title='bbox 2866 3713 2911 3755; x_wconf 86' lang='lat' dir='ltr'><strong>et</strong></span> <span class='ocrx_word' id='word_1_817' title='bbox 2932 3702 3058 3770; x_wconf 76' lang='lat'><strong>15)?</strong></span> <span class='ocrx_word' id='word_1_818' title='bbox 3085 3711 3332 3768; x_wconf 86' lang='lat' dir='ltr'><strong>tanquam</strong></span> <span class='ocrx_word' id='word_1_819' title='bbox 3357 3697 3579 3762; x_wconf 85' lang='lat' dir='ltr'><strong>diceret,</strong></span> 
     </span>
    </p>
   </div>
   <div class='ocr_carea' id='block_1_100' title="bbox 1997 3797 3578 3872">
    <p class='ocr_par' dir='ltr' id='par_1_100' title="bbox 1997 3797 3578 3872">
     <span class='ocr_line' id='line_1_102' title="bbox 1997 3797 3578 3872; baseline -0.011 -14"><span class='ocrx_word' id='word_1_820' title='bbox 1997 3803 2190 3872; x_wconf 89' lang='lat' dir='ltr'><strong>Utique</strong></span> <span class='ocrx_word' id='word_1_821' title='bbox 2217 3802 2260 3855; x_wconf 88' lang='lat' dir='ltr'><strong>si</strong></span> <span class='ocrx_word' id='word_1_822' title='bbox 2290 3800 2418 3854; x_wconf 85' lang='lat' dir='ltr'><strong>mihi</strong></span> <span class='ocrx_word' id='word_1_823' title='bbox 2448 3797 2746 3853; x_wconf 89' lang='lat' dir='ltr'><strong>necessaria</strong></span> <span class='ocrx_word' id='word_1_824' title='bbox 2777 3803 2980 3860; x_wconf 86' lang='lat' dir='ltr'><strong>essent,</strong></span> <span class='ocrx_word' id='word_1_825' title='bbox 3021 3809 3126 3847; x_wconf 92' lang='lat' dir='ltr'><strong>non</strong></span> <span class='ocrx_word' id='word_1_826' title='bbox 3167 3808 3195 3845; x_wconf 91' lang='lat' dir='ltr'><strong>a</strong></span> <span class='ocrx_word' id='word_1_827' title='bbox 3239 3801 3288 3845; x_wconf 85' lang='lat' dir='ltr'><strong>te</strong></span> <span class='ocrx_word' id='word_1_828' title='bbox 3319 3799 3578 3860; x_wconf 82' lang='lat' dir='ltr'><strong>peterem,</strong></span> 
     </span>
    </p>
   </div>
   <div class='ocr_carea' id='block_1_101' title="bbox 1995 3880 3582 3965">
    <p class='ocr_par' dir='ltr' id='par_1_101' title="bbox 1995 3880 3582 3965">
     <span class='ocr_line' id='line_1_103' title="bbox 1995 3880 3582 3965; baseline -0.011 -15"><span class='ocrx_word' id='word_1_829' title='bbox 1995 3910 2113 3965; x_wconf 78' lang='lat' dir='ltr'><strong>quae</strong></span> <span class='ocrx_word' id='word_1_830' title='bbox 2138 3893 2310 3948; x_wconf 89' lang='lat' dir='ltr'><strong>habeo</strong></span> <span class='ocrx_word' id='word_1_831' title='bbox 2336 3894 2388 3947; x_wconf 89' lang='lat' dir='ltr'><strong>in</strong></span> <span class='ocrx_word' id='word_1_832' title='bbox 2431 3898 2713 3962; x_wconf 89' lang='lat' dir='ltr'><strong>potestate.</strong></span> <span class='ocrx_word' id='word_1_833' title='bbox 2748 3886 2948 3943; x_wconf 90' lang='lat' dir='ltr'><strong>Deinde</strong></span> <span class='ocrx_word' id='word_1_834' title='bbox 2973 3885 3298 3954; x_wconf 90' lang='lat' dir='ltr'><strong>subjungcns</strong></span> <span class='ocrx_word' id='word_1_835' title='bbox 3340 3881 3463 3952; x_wconf 89' lang='lat' dir='ltr'><strong>quid</strong></span> <span class='ocrx_word' id='word_1_836' title='bbox 3495 3880 3582 3934; x_wconf 88' lang='lat' dir='ltr'><strong>illa</strong></span> 
     </span>
    </p>
   </div>
   <div class='ocr_carea' id='block_1_102' title="bbox 1996 3972 3584 4056">
    <p class='ocr_par' dir='ltr' id='par_1_102' title="bbox 1996 3972 3584 4056">
     <span class='ocr_line' id='line_1_104' title="bbox 1996 3972 3584 4056; baseline -0.012 -15"><span class='ocrx_word' id='word_1_837' title='bbox 1996 3985 2329 4056; x_wconf 85' lang='lat' dir='ltr'><strong>signiﬁcent:</strong></span> <span class='ocrx_word' id='word_1_838' title='bbox 2364 3981 2603 4046; x_wconf 86' lang='lat' dir='ltr'><strong>Immola,</strong></span> <span class='ocrx_word' id='word_1_839' title='bbox 2629 3979 2819 4049; x_wconf 87' lang='lat' dir='ltr'><strong>inquit,</strong></span> <span class='ocrx_word' id='word_1_840' title='bbox 2855 3976 2962 4032; x_wconf 88' lang='lat' dir='ltr'><strong>Deo</strong></span> <span class='ocrx_word' id='word_1_841' title='bbox 2986 3975 3290 4044; x_wconf 77' lang='lat' dir='ltr'><strong>sacri/icium</strong></span> <span class='ocrx_word' id='word_1_842' title='bbox 3322 3972 3509 4032; x_wconf 83' lang='lat' dir='ltr'><strong>laudis,</strong></span> <span class='ocrx_word' id='word_1_843' title='bbox 3539 3980 3584 4025; x_wconf 87' lang='lat' dir='ltr'><strong>et</strong></span> 
     </span>
    </p>
   </div>
   <div class='ocr_carea' id='block_1_103' title="bbox 1995 4061 3586 4132">
    <p class='ocr_par' dir='ltr' id='par_1_103' title="bbox 1995 4061 3586 4132">
     <span class='ocr_line' id='line_1_105' title="bbox 1995 4061 3586 4132; baseline -0.011 0"><span class='ocrx_word' id='word_1_844' title='bbox 1995 4079 2151 4132; x_wconf 85' lang='lat' dir='ltr'><strong>redde</strong></span> <span class='ocrx_word' id='word_1_845' title='bbox 2178 4075 2434 4130; x_wconf 78' lang='lat' dir='ltr'><strong>Altissimo</strong></span> <span class='ocrx_word' id='word_1_846' title='bbox 2462 4082 2575 4126; x_wconf 85' lang='lat' dir='ltr'><strong>vota</strong></span> <span class='ocrx_word' id='word_1_847' title='bbox 2597 4081 2701 4124; x_wconf 90' lang='lat' dir='ltr'><strong>tua.</strong></span> <span class='ocrx_word' id='word_1_848' title='bbox 2736 4067 2802 4122; x_wconf 83' lang='lat' dir='ltr'><strong>Et</strong></span> <span class='ocrx_word' id='word_1_849' title='bbox 2832 4070 3007 4123; x_wconf 87' lang='lat' dir='ltr'><strong>invoca</strong></span> <span class='ocrx_word' id='word_1_850' title='bbox 3030 4083 3107 4121; x_wconf 89' lang='lat' dir='ltr'><strong>me</strong></span> <span class='ocrx_word' id='word_1_851' title='bbox 3127 4066 3180 4118; x_wconf 89' lang='lat' dir='ltr'><strong>in</strong></span> <span class='ocrx_word' id='word_1_852' title='bbox 3206 4065 3284 4118; x_wconf 88' lang='lat' dir='ltr'><strong>die</strong></span> <span class='ocrx_word' id='word_1_853' title='bbox 3306 4061 3586 4116; x_wconf 85' lang='lat' dir='ltr'><strong>tribulatio-</strong></span> 
     </span>
    </p>
   </div>
   <div class='ocr_carea' id='block_1_104' title="bbox 1998 4154 3584 4235">
    <p class='ocr_par' dir='ltr' id='par_1_104' title="bbox 1998 4154 3584 4235">
     <span class='ocr_line' id='line_1_106' title="bbox 1998 4154 3584 4235; baseline -0.011 -10"><span class='ocrx_word' id='word_1_854' title='bbox 1998 4171 2096 4235; x_wconf 85' lang='lat' dir='ltr'><strong>nis,</strong></span> <span class='ocrx_word' id='word_1_855' title='bbox 2127 4179 2172 4223; x_wconf 91' lang='lat' dir='ltr'><strong>et</strong></span> <span class='ocrx_word' id='word_1_856' title='bbox 2207 4169 2424 4222; x_wconf 74' lang='lat' dir='ltr'><strong>eximam</strong></span> <span class='ocrx_word' id='word_1_857' title='bbox 2469 4175 2536 4232; x_wconf 88' lang='lat' dir='ltr'><strong>te,</strong></span> <span class='ocrx_word' id='word_1_858' title='bbox 2573 4173 2620 4218; x_wconf 84' lang='lat' dir='ltr'><strong>et</strong></span> <span class='ocrx_word' id='word_1_859' title='bbox 2667 4161 2977 4234; x_wconf 83' lang='lat' dir='ltr'><strong>gloriﬁcabis</strong></span> <span class='ocrx_word' id='word_1_860' title='bbox 3009 4176 3084 4213; x_wconf 87' lang='lat' dir='ltr'><strong>me</strong></span> <span class='ocrx_word' id='word_1_861' title='bbox 3129 4157 3316 4232; x_wconf 85' lang='lat' dir='ltr'><strong>(Ibid.,</strong></span> <span class='ocrx_word' id='word_1_862' title='bbox 3347 4156 3430 4220; x_wconf 76' lang='grc' dir='ltr'><strong>Η,</strong></span> <span class='ocrx_word' id='word_1_863' title='bbox 3470 4154 3584 4226; x_wconf 75' lang='grc'><strong>15).</strong></span> 
     </span>
    </p>
   </div>
   <div class='ocr_carea' id='block_1_105' title="bbox 1999 4248 3587 4330">
    <p class='ocr_par' dir='ltr' id='par_1_105' title="bbox 1999 4248 3587 4330">
     <span class='ocr_line' id='line_1_107' title="bbox 1999 4248 3587 4330; baseline -0.013 -13"><span class='ocrx_word' id='word_1_864' title='bbox 1999 4261 2129 4317; x_wconf 82' lang='lat' dir='ltr'><strong>Item</strong></span> <span class='ocrx_word' id='word_1_865' title='bbox 2168 4258 2306 4330; x_wconf 89' lang='lat' dir='ltr'><strong>apud</strong></span> <span class='ocrx_word' id='word_1_866' title='bbox 2345 4257 2506 4312; x_wconf 88' lang='lat' dir='ltr'><strong>alium</strong></span> <span class='ocrx_word' id='word_1_867' title='bbox 2551 4253 2861 4325; x_wconf 88' lang='lat' dir='ltr'><strong>prophetam</strong></span> <span class='ocrx_word' id='word_1_868' title='bbox 2897 4269 2908 4304; x_wconf 94' lang='lat'><strong>:</strong></span> <span class='ocrx_word' id='word_1_869' title='bbox 2943 4249 3010 4304; x_wconf 83' lang='lat' dir='ltr'><strong>In</strong></span> <span class='ocrx_word' id='word_1_870' title='bbox 3037 4265 3154 4321; x_wconf 85' lang='lat' dir='ltr'><strong>quo,</strong></span> <span class='ocrx_word' id='word_1_871' title='bbox 3179 4248 3367 4318; x_wconf 90' lang='lat' dir='ltr'><strong>inquit,</strong></span> <span class='ocrx_word' id='word_1_872' title='bbox 3398 4261 3587 4316; x_wconf 84' lang='lat' dir='ltr'><strong>appre-</strong></span> 
     </span>
    </p>
   </div>
   <div class='ocr_carea' id='block_1_106' title="bbox 1999 4333 3588 4412">
    <p class='ocr_par' dir='ltr' id='par_1_106' title="bbox 1999 4333 3588 4412">
     <span class='ocr_line' id='line_1_108' title="bbox 1999 4333 3588 4412; baseline -0.013 -7"><span class='ocrx_word' id='word_1_873' title='bbox 1999 4351 2215 4406; x_wconf 80' lang='lat' dir='ltr'><strong>hendam</strong></span> <span class='ocrx_word' id='word_1_874' title='bbox 2247 4348 2546 4412; x_wconf 86' lang='lat' dir='ltr'><strong>Dominum,</strong></span> <span class='ocrx_word' id='word_1_875' title='bbox 2579 4359 2836 4398; x_wconf 88' lang='lat' dir='ltr'><strong>assumam</strong></span> <span class='ocrx_word' id='word_1_876' title='bbox 2881 4341 3044 4395; x_wconf 89' lang='lat' dir='ltr'><strong>Deum</strong></span> <span class='ocrx_word' id='word_1_877' title='bbox 3085 4355 3253 4392; x_wconf 84' lang='lat' dir='ltr'><strong>meum</strong></span> <span class='ocrx_word' id='word_1_878' title='bbox 3297 4333 3588 4391; x_wconf 74' lang='lat' dir='ltr'><strong>excelsum?</strong></span> 
     </span>
    </p>
   </div>
   <div class='ocr_carea' id='block_1_107' title="bbox 1897 4429 3583 4513">
    <p class='ocr_par' dir='ltr' id='par_1_107' title="bbox 1897 4429 3583 4513">
     <span class='ocr_line' id='line_1_109' title="bbox 1897 4429 3583 4513; baseline -0.014 -13"><span class='ocrx_word' id='word_1_879' title='bbox 1897 4474 1907 4486; x_wconf 84' lang='lat'><strong>-</strong></span> <span class='ocrx_word' id='word_1_880' title='bbox 2003 4444 2063 4500; x_wconf 87' lang='lat' dir='ltr'><strong>Si</strong></span> <span class='ocrx_word' id='word_1_881' title='bbox 2106 4441 2485 4513; x_wconf 82' lang='lat' dir='ltr'><strong>apprehendam</strong></span> <span class='ocrx_word' id='word_1_882' title='bbox 2536 4439 2682 4492; x_wconf 89' lang='lat' dir='ltr'><strong>illum</strong></span> <span class='ocrx_word' id='word_1_883' title='bbox 2724 4437 2778 4491; x_wconf 89' lang='lat' dir='ltr'><strong>in</strong></span> <span class='ocrx_word' id='word_1_884' title='bbox 2824 4434 3151 4498; x_wconf 87' lang='lat' dir='ltr'><strong>holocaustis,</strong></span> <span class='ocrx_word' id='word_1_885' title='bbox 3202 4433 3256 4484; x_wconf 87' lang='lat' dir='ltr'><strong>in</strong></span> <span class='ocrx_word' id='word_1_886' title='bbox 3293 4429 3461 4483; x_wconf 83' lang='lat' dir='ltr'><strong>vitulis</strong></span> <span class='ocrx_word' id='word_1_887' title='bbox 3487 4443 3583 4479; x_wconf 86' lang='lat' dir='ltr'><strong>an-</strong></span> 
     </span>
    </p>
   </div>
   <div class='ocr_carea' id='block_1_108' title="bbox 2001 4519 3584 4604">
    <p class='ocr_par' dir='ltr' id='par_1_108' title="bbox 2001 4519 3584 4604">
     <span class='ocr_line' id='line_1_110' title="bbox 2001 4519 3584 4604; baseline -0.015 -12"><span class='ocrx_word' id='word_1_888' title='bbox 2001 4537 2234 4592; x_wconf 87' lang='lat' dir='ltr'><strong>niculis?</strong></span> <span class='ocrx_word' id='word_1_889' title='bbox 2278 4535 2322 4589; x_wconf 87' lang='lat' dir='ltr'><strong>si</strong></span> <span class='ocrx_word' id='word_1_890' title='bbox 2363 4532 2693 4604; x_wconf 79' lang='lat' dir='ltr'><strong>acceptaverit</strong></span> <span class='ocrx_word' id='word_1_891' title='bbox 2737 4528 2987 4582; x_wconf 87' lang='lat' dir='ltr'><strong>Dominus</strong></span> <span class='ocrx_word' id='word_1_892' title='bbox 3013 4525 3064 4578; x_wconf 90' lang='lat' dir='ltr'><strong>in</strong></span> <span class='ocrx_word' id='word_1_893' title='bbox 3097 4522 3317 4577; x_wconf 80' lang='lat' dir='ltr'><strong>millibus</strong></span> <span class='ocrx_word' id='word_1_894' title='bbox 3347 4519 3584 4584; x_wconf 87' lang='lat' dir='ltr'><strong>arietum,</strong></span> 
     </span>
    </p>
   </div>
   <div class='ocr_carea' id='block_1_109' title="bbox 2002 4603 3590 4687">
    <p class='ocr_par' dir='ltr' id='par_1_109' title="bbox 2002 4603 3590 4687">
     <span class='ocr_line' id='line_1_111' title="bbox 2002 4603 3590 4687; baseline -0.015 -2"><span class='ocrx_word' id='word_1_895' title='bbox 2002 4641 2089 4684; x_wconf 89' lang='lat' dir='ltr'><strong>aut</strong></span> <span class='ocrx_word' id='word_1_896' title='bbox 2136 4631 2189 4683; x_wconf 88' lang='lat' dir='ltr'><strong>in</strong></span> <span class='ocrx_word' id='word_1_897' title='bbox 2240 4628 2382 4681; x_wconf 89' lang='lat' dir='ltr'><strong>denis</strong></span> <span class='ocrx_word' id='word_1_898' title='bbox 2449 4603 2672 4678; x_wconf 85' lang='lat' dir='ltr'><strong>millibus</strong></span> <span class='ocrx_word' id='word_1_899' title='bbox 2729 4620 2982 4673; x_wconf 83' lang='lat' dir='ltr'><strong>hircorum</strong></span> <span class='ocrx_word' id='word_1_900' title='bbox 3043 4613 3345 4687; x_wconf 80' lang='lat' dir='ltr'><strong>pinguium?</strong></span> <span class='ocrx_word' id='word_1_901' title='bbox 3404 4611 3448 4665; x_wconf 90' lang='lat' dir='ltr'><strong>si</strong></span> <span class='ocrx_word' id='word_1_902' title='bbox 3503 4603 3590 4663; x_wconf 85' lang='lat' dir='ltr'><strong>de-</strong></span> 
     </span>
    </p>
   </div>
   <div class='ocr_carea' id='block_1_110' title="bbox 2003 4703 3589 4791">
    <p class='ocr_par' dir='ltr' id='par_1_110' title="bbox 2003 4703 3589 4791">
     <span class='ocr_line' id='line_1_112' title="bbox 2003 4703 3589 4791; baseline -0.015 -15"><span class='ocrx_word' id='word_1_903' title='bbox 2003 4722 2123 4775; x_wconf 85' lang='lat' dir='ltr'><strong>dero</strong></span> <span class='ocrx_word' id='word_1_904' title='bbox 2166 4717 2500 4791; x_wconf 85' lang='lat' dir='ltr'><strong>primogenita</strong></span> <span class='ocrx_word' id='word_1_905' title='bbox 2546 4729 2656 4766; x_wconf 88' lang='lat' dir='ltr'><strong>mea</strong></span> <span class='ocrx_word' id='word_1_906' title='bbox 2696 4726 2789 4782; x_wconf 86' lang='lat' dir='ltr'><strong>pro</strong></span> <span class='ocrx_word' id='word_1_907' title='bbox 2828 4709 3086 4779; x_wconf 88' lang='lat' dir='ltr'><strong>impietate</strong></span> <span class='ocrx_word' id='word_1_908' title='bbox 3131 4722 3241 4760; x_wconf 86' lang='lat' dir='ltr'><strong>mea</strong></span> <span class='ocrx_word' id='word_1_909' title='bbox 3277 4704 3333 4770; x_wconf 83' lang='grc'><strong>⁸,</strong></span> <span class='ocrx_word' id='word_1_910' title='bbox 3366 4703 3589 4772; x_wconf 80' lang='lat' dir='ltr'><strong>fructum</strong></span> 
     </span>
    </p>
   </div>
   <div class='ocr_carea' id='block_1_111' title="bbox 2002 4795 3592 4879">
    <p class='ocr_par' dir='ltr' id='par_1_111' title="bbox 2002 4795 3592 4879">
     <span class='ocr_line' id='line_1_113' title="bbox 2002 4795 3592 4879; baseline -0.014 -13"><span class='ocrx_word' id='word_1_911' title='bbox 2002 4811 2190 4868; x_wconf 79' lang='lat' dir='ltr'><strong>ventris</strong></span> <span class='ocrx_word' id='word_1_912' title='bbox 2216 4809 2312 4863; x_wconf 89' lang='lat' dir='ltr'><strong>mei</strong></span> <span class='ocrx_word' id='word_1_913' title='bbox 2339 4823 2430 4879; x_wconf 86' lang='lat' dir='ltr'><strong>pro</strong></span> <span class='ocrx_word' id='word_1_914' title='bbox 2458 4813 2661 4878; x_wconf 87' lang='lat' dir='ltr'><strong>peccato</strong></span> <span class='ocrx_word' id='word_1_915' title='bbox 2683 4803 2866 4856; x_wconf 74' lang='lat' dir='ltr'><strong>animae</strong></span> <span class='ocrx_word' id='word_1_916' title='bbox 2894 4800 3057 4854; x_wconf 76' lang='lat' dir='ltr'><strong>mete?</strong></span> <span class='ocrx_word' id='word_1_917' title='bbox 3081 4799 3125 4854; x_wconf 82' lang='lat' dir='ltr'><strong>si</strong></span> <span class='ocrx_word' id='word_1_918' title='bbox 3145 4795 3498 4851; x_wconf 86' lang='lat' dir='ltr'><strong>annuntiatum</strong></span> <span class='ocrx_word' id='word_1_919' title='bbox 3519 4799 3592 4844; x_wconf 91' lang='lat' dir='ltr'><strong>est</strong></span> 
     </span>
    </p>
   </div>
   <div class='ocr_carea' id='block_1_112' title="bbox 2005 4881 3592 4969">
    <p class='ocr_par' dir='ltr' id='par_1_112' title="bbox 2005 4881 3592 4969">
     <span class='ocr_line' id='line_1_114' title="bbox 2005 4881 3592 4969; baseline -0.017 -9"><span class='ocrx_word' id='word_1_920' title='bbox 2005 4906 2112 4969; x_wconf 90' lang='lat' dir='ltr'><strong>tibi,</strong></span> <span class='ocrx_word' id='word_1_921' title='bbox 2141 4903 2312 4965; x_wconf 87' lang='lat' dir='ltr'><strong>homo,</strong></span> <span class='ocrx_word' id='word_1_922' title='bbox 2337 4900 2544 4963; x_wconf 86' lang='lat' dir='ltr'><strong>bonum,</strong></span> <span class='ocrx_word' id='word_1_923' title='bbox 2573 4904 2660 4948; x_wconf 88' lang='lat' dir='ltr'><strong>aut</strong></span> <span class='ocrx_word' id='word_1_924' title='bbox 2682 4893 2803 4966; x_wconf 83' lang='lat' dir='ltr'><strong>quid</strong></span> <span class='ocrx_word' id='word_1_925' title='bbox 2826 4891 3074 4946; x_wconf 87' lang='lat' dir='ltr'><strong>Dominus</strong></span> <span class='ocrx_word' id='word_1_926' title='bbox 3093 4889 3318 4957; x_wconf 68' lang='lat' dir='ltr'><strong>exquirat</strong></span> <span class='ocrx_word' id='word_1_927' title='bbox 3337 4900 3369 4936; x_wconf 89' lang='lat' dir='ltr'><strong>a</strong></span> <span class='ocrx_word' id='word_1_928' title='bbox 3399 4892 3464 4947; x_wconf 90' lang='lat' dir='ltr'><strong>te,</strong></span> <span class='ocrx_word' id='word_1_929' title='bbox 3491 4881 3592 4934; x_wconf 88' lang='lat' dir='ltr'><strong>nisi</strong></span> 
     </span>
    </p>
   </div>
   <div class='ocr_carea' id='block_1_113' title="bbox 2006 4980 3594 5070">
    <p class='ocr_par' dir='ltr' id='par_1_113' title="bbox 2006 4980 3594 5070">
     <span class='ocr_line' id='line_1_115' title="bbox 2006 4980 3594 5070; baseline -0.016 -19"><span class='ocrx_word' id='word_1_930' title='bbox 2006 5003 2172 5070; x_wconf 82' lang='lat' dir='ltr'><strong>facere</strong></span> <span class='ocrx_word' id='word_1_931' title='bbox 2198 4990 2500 5059; x_wconf 79' lang='lat' dir='ltr'><strong>iudicium&quot;,</strong></span> <span class='ocrx_word' id='word_1_932' title='bbox 2523 4998 2568 5043; x_wconf 89' lang='lat' dir='ltr'><strong>et</strong></span> <span class='ocrx_word' id='word_1_933' title='bbox 2599 4988 2806 5058; x_wconf 85' lang='lat' dir='ltr'><strong>diligere</strong></span> <span class='ocrx_word' id='word_1_934' title='bbox 2833 4980 3250 5042; x_wconf 85' lang='lat' dir='ltr'><strong>misericordiam,</strong></span> <span class='ocrx_word' id='word_1_935' title='bbox 3281 4985 3325 5030; x_wconf 87' lang='lat' dir='ltr'><strong>et</strong></span> <span class='ocrx_word' id='word_1_936' title='bbox 3357 4980 3594 5044; x_wconf 74' lang='lat' dir='ltr'><strong>paratum</strong></span> 
     </span>
    </p>
   </div>
   <div class='ocr_carea' id='block_1_114' title="bbox 2007 5063 3590 5147">
    <p class='ocr_par' dir='ltr' id='par_1_114' title="bbox 2007 5063 3590 5147">
     <span class='ocr_line' id='line_1_116' title="bbox 2007 5063 3590 5147; baseline -0.017 -4"><span class='ocrx_word' id='word_1_937' title='bbox 2007 5063 2113 5143; x_wconf 72' lang='lat' dir='ltr'><strong>esse</strong></span> <span class='ocrx_word' id='word_1_938' title='bbox 2136 5087 2212 5140; x_wconf 89' lang='lat' dir='ltr'><strong>ire</strong></span> <span class='ocrx_word' id='word_1_939' title='bbox 2230 5099 2343 5137; x_wconf 88' lang='lat' dir='ltr'><strong>cum</strong></span> <span class='ocrx_word' id='word_1_940' title='bbox 2375 5079 2594 5136; x_wconf 88' lang='lat' dir='ltr'><strong>Domino</strong></span> <span class='ocrx_word' id='word_1_941' title='bbox 2621 5076 2733 5133; x_wconf 89' lang='lat' dir='ltr'><strong>Deo</strong></span> <span class='ocrx_word' id='word_1_942' title='bbox 2760 5085 2843 5131; x_wconf 88' lang='lat' dir='ltr'><strong>tuo</strong></span> <span class='ocrx_word' id='word_1_943' title='bbox 2873 5072 3128 5147; x_wconf 68' lang='lat' dir='ltr'><strong>(meum</strong></span> <span class='ocrx_word' id='word_1_944' title='bbox 3151 5082 3225 5136; x_wconf 78' lang='lat' dir='ltr'><strong>Vl,</strong></span> <span class='ocrx_word' id='word_1_945' title='bbox 3257 5064 3414 5136; x_wconf 86' lang='lat'><strong>6-8)?</strong></span> <span class='ocrx_word' id='word_1_946' title='bbox 3444 5063 3510 5118; x_wconf 85' lang='lat' dir='ltr'><strong>Et</strong></span> <span class='ocrx_word' id='word_1_947' title='bbox 3536 5064 3590 5117; x_wconf 88' lang='lat' dir='ltr'><strong>in</strong></span> 
     </span>
    </p>
   </div>
   <div class='ocr_carea' id='block_1_115' title="bbox 2073 5276 2792 5341">
    <p class='ocr_par' dir='ltr' id='par_1_115' title="bbox 2073 5276 2792 5341">
     <span class='ocr_line' id='line_1_117' title="bbox 2073 5276 2792 5341; baseline -0.015 -5"><span class='ocrx_word' id='word_1_948' title='bbox 2073 5289 2090 5320; x_wconf 79' lang='grc' dir='ltr'><strong>ι</strong></span> <span class='ocrx_word' id='word_1_949' title='bbox 2125 5294 2304 5335; x_wconf 88' lang='lat' dir='ltr'><strong>Omnes</strong></span> <span class='ocrx_word' id='word_1_950' title='bbox 2322 5289 2453 5341; x_wconf 71' lang='lat' dir='ltr'><strong>Mss,</strong></span> <span class='ocrx_word' id='word_1_951' title='bbox 2481 5276 2792 5331; x_wconf 85' lang='lat' dir='ltr'><strong>consuluisse.</strong></span> 
     </span>
    </p>
   </div>
   <div class='ocr_carea' id='block_1_116' title="bbox 2070 5343 3190 5406">
    <p class='ocr_par' dir='ltr' id='par_1_116' title="bbox 2070 5343 3190 5406">
     <span class='ocr_line' id='line_1_118' title="bbox 2070 5343 3190 5406; baseline 0.001 -10"><span class='ocrx_word' id='word_1_952' title='bbox 2070 5347 2444 5406; x_wconf 75' lang='lat' dir='ltr'><strong>&#39;Manuscripti,</strong></span> <span class='ocrx_word' id='word_1_953' title='bbox 2469 5343 2585 5392; x_wconf 87' lang='lat' dir='ltr'><strong>alia.</strong></span> <span class='ocrx_word' id='word_1_954' title='bbox 2666 5399 2678 5406; x_wconf 89' lang='lat'>_</span> <span class='ocrx_word' id='word_1_955' title='bbox 2758 5395 2768 5406; x_wconf 67' lang='grc'><em>,</em></span> <span class='ocrx_word' id='word_1_956' title='bbox 2946 5405 2953 5406; x_wconf 17' lang='grc' dir='ltr'>ί</span> <span class='ocrx_word' id='word_1_957' title='bbox 3025 5388 3190 5406; x_wconf 16' lang='grc' dir='ltr'><strong>μμ,</strong></span> 
     </span>
    </p>
   </div>
   <div class='ocr_carea' id='block_1_117' title="bbox 2072 5391 3496 5464">
    <p class='ocr_par' dir='ltr' id='par_1_117' title="bbox 2072 5391 3496 5464">
     <span class='ocr_line' id='line_1_119' title="bbox 2072 5391 3496 5464; baseline 0.006 -10"><span class='ocrx_word' id='word_1_958' title='bbox 2072 5412 2093 5443; x_wconf 76' lang='grc' dir='ltr'><strong><em>ι</em></strong></span> <span class='ocrx_word' id='word_1_959' title='bbox 2126 5391 2957 5464; x_wconf 52' lang='grc' dir='ltr'><strong>ῑῖῑιίξιῖλδςέι-.;νοριιιιιειεςίιεηιε</strong></span> <span class='ocrx_word' id='word_1_960' title='bbox 2978 5405 3072 5464; x_wconf 74' lang='lat' dir='ltr'><strong>non</strong></span> <span class='ocrx_word' id='word_1_961' title='bbox 3094 5391 3226 5454; x_wconf 68' lang='grc' dir='ltr'><strong>[ποίεε</strong></span> <span class='ocrx_word' id='word_1_962' title='bbox 3247 5458 3288 5464; x_wconf 27' lang='grc' dir='ltr'><strong>,ί</strong></span> <span class='ocrx_word' id='word_1_963' title='bbox 3327 5451 3338 5462; x_wconf 95' lang='grc'><strong><em>.</em></strong></span> 
     </span>
    </p>
   </div>
   <div class='ocr_carea' id='block_1_118' title="bbox 2071 5449 3549 5528">
    <p class='ocr_par' dir='ltr' id='par_1_118' title="bbox 2071 5449 3549 5528">
     <span class='ocr_line' id='line_1_120' title="bbox 2071 5449 3549 5528; baseline -0.018 -6"><span class='ocrx_word' id='word_1_964' title='bbox 2071 5473 2093 5504; x_wconf 72' lang='grc'><strong>⁸</strong></span> <span class='ocrx_word' id='word_1_965' title='bbox 2282 5449 2462 5517; x_wconf 55' lang='lat' dir='ltr'><strong>aiis;</strong></span> <span class='ocrx_word' id='word_1_966' title='bbox 2479 5449 2681 5528; x_wconf 56' lang='lat' dir='ltr'><strong>thidum.</strong></span> <span class='ocrx_word' id='word_1_967' title='bbox 2710 5449 3103 5528; x_wconf 27' lang='lat' dir='ltr'><strong>Abrastttantum,</strong></span> <span class='ocrx_word' id='word_1_968' title='bbox 3127 5467 3154 5502; x_wconf 90' lang='lat' dir='ltr'><strong>a</strong></span> <span class='ocrx_word' id='word_1_969' title='bbox 3173 5451 3367 5502; x_wconf 72' lang='lat' dir='ltr'><strong>czeteris</strong></span> <span class='ocrx_word' id='word_1_970' title='bbox 3389 5449 3549 5500; x_wconf 87' lang='lat' dir='ltr'><strong>libris.</strong></span> 
     </span>
    </p>
   </div>
   <div class='ocr_carea' id='block_1_119' title="bbox 2071 5517 3274 5594">
    <p class='ocr_par' dir='ltr' id='par_1_119' title="bbox 2071 5517 3274 5594">
     <span class='ocr_line' id='line_1_121' title="bbox 2071 5517 3274 5594; baseline 0.007 -27"><span class='ocrx_word' id='word_1_971' title='bbox 2071 5536 2092 5567; x_wconf 70' lang='grc' dir='ltr'><strong><em>ι</em></strong></span> <span class='ocrx_word' id='word_1_972' title='bbox 2316 5537 2441 5594; x_wconf 44' lang='lat' dir='ltr'><strong>MSS“</strong></span> <span class='ocrx_word' id='word_1_973' title='bbox 2466 5525 2535 5575; x_wconf 73' lang='lat' dir='ltr'><strong>eis</strong></span> <span class='ocrx_word' id='word_1_974' title='bbox 2557 5523 2648 5594; x_wconf 51' lang='lat' dir='ltr'><strong>silli</strong></span> <span class='ocrx_word' id='word_1_975' title='bbox 2667 5517 2938 5594; x_wconf 57' lang='lat' dir='ltr'><strong>sacriﬁciis.</strong></span> <span class='ocrx_word' id='word_1_976' title='bbox 2989 5579 3000 5590; x_wconf 35' lang='grc' dir='ltr'>ι</span> <span class='ocrx_word' id='word_1_977' title='bbox 3015 5585 3045 5594; x_wconf 32' lang='grc' dir='ltr'><strong><em>Α</em></strong></span> <span class='ocrx_word' id='word_1_978' title='bbox 3060 5577 3136 5594; x_wconf 33' lang='grc' dir='ltr'><strong>Λρᾼ</strong></span> <span class='ocrx_word' id='word_1_979' title='bbox 3160 5590 3170 5594; x_wconf 78' lang='lat'><em>_</em></span> <span class='ocrx_word' id='word_1_980' title='bbox 3188 5577 3274 5594; x_wconf 43' lang='grc' dir='ltr'><strong>η..</strong></span> 
     </span>
    </p>
   </div>
   <div class='ocr_carea' id='block_1_120' title="bbox 2073 5573 3599 5655">
    <p class='ocr_par' dir='ltr' id='par_1_120' title="bbox 2073 5573 3599 5655">
     <span class='ocr_line' id='line_1_122' title="bbox 2073 5573 3599 5655; baseline -0.017 -10"><span class='ocrx_word' id='word_1_981' title='bbox 2073 5597 2094 5628; x_wconf 72' lang='grc'>⁸</span> <span class='ocrx_word' id='word_1_982' title='bbox 2128 5573 2224 5645; x_wconf 61' lang='lat' dir='ltr'><strong>sbi;</strong></span> <span class='ocrx_word' id='word_1_983' title='bbox 2239 5573 2529 5655; x_wconf 49' lang='lat' dir='ltr'><strong>isseme;</strong></span> <span class='ocrx_word' id='word_1_984' title='bbox 2548 5573 2861 5649; x_wconf 84' lang='lat' dir='ltr'><strong>primogenita</strong></span> <span class='ocrx_word' id='word_1_985' title='bbox 2884 5577 3138 5645; x_wconf 84' lang='lat' dir='ltr'><strong>impietatis</strong></span> <span class='ocrx_word' id='word_1_986' title='bbox 3153 5577 3379 5641; x_wconf 88' lang='lat' dir='ltr'><strong>;omisso,</strong></span> <span class='ocrx_word' id='word_1_987' title='bbox 3398 5583 3504 5638; x_wconf 88' lang='lat' dir='ltr'><strong>pro,</strong></span> <span class='ocrx_word' id='word_1_988' title='bbox 3529 5573 3599 5627; x_wconf 81' lang='lat' dir='ltr'><strong>et,</strong></span> 
     </span>
    </p>
   </div>
   <div class='ocr_carea' id='block_1_121' title="bbox 2085 5671 3570 5707">
    <p class='ocr_par' dir='ltr' id='par_1_121' title="bbox 2085 5671 3570 5707">
     <span class='ocr_line' id='line_1_123' title="bbox 2085 5671 3570 5707; baseline -0.001 0"><span class='ocrx_word' id='word_1_989' title='bbox 2085 5671 2132 5707; x_wconf 91' lang='lat' dir='ltr'><strong>a.</strong></span> <span class='ocrx_word' id='word_1_990' title='bbox 2718 5705 2726 5707; x_wconf 30' lang='grc' dir='ltr'>μ</span> <span class='ocrx_word' id='word_1_991' title='bbox 2851 5706 2856 5707; x_wconf 59' lang='lat'><strong><em>,</em></strong></span> <span class='ocrx_word' id='word_1_992' title='bbox 3394 5691 3570 5707; x_wconf 69' lang='grc' dir='ltr'><strong>...ε</strong></span> 
     </span>
    </p>
   </div>
   <div class='ocr_carea' id='block_1_122' title="bbox 2009 5673 3600 5780">
    <p class='ocr_par' dir='ltr' id='par_1_122' title="bbox 2009 5673 3600 5780">
     <span class='ocr_line' id='line_1_124' title="bbox 2009 5673 3600 5780; baseline -0.019 -10"><span class='ocrx_word' id='word_1_993' title='bbox 2009 5673 2256 5780; x_wconf 49' lang='grc' dir='ltr'><strong>Μεαλριιά</strong></span> <span class='ocrx_word' id='word_1_994' title='bbox 2280 5722 2390 5780; x_wconf 67' lang='grc' dir='ltr'><strong>πων.</strong></span> <span class='ocrx_word' id='word_1_995' title='bbox 2410 5711 2617 5767; x_wconf 87' lang='lat' dir='ltr'><strong>additur,</strong></span> <span class='ocrx_word' id='word_1_996' title='bbox 2642 5713 2685 5757; x_wconf 87' lang='lat' dir='ltr'><strong>et</strong></span> <span class='ocrx_word' id='word_1_997' title='bbox 2699 5705 2975 5780; x_wconf 72' lang='lat' dir='ltr'><strong>justitiam;</strong></span> <span class='ocrx_word' id='word_1_998' title='bbox 2997 5703 3122 5768; x_wconf 88' lang='lat' dir='ltr'><strong>quod</strong></span> <span class='ocrx_word' id='word_1_999' title='bbox 3149 5703 3224 5752; x_wconf 89' lang='lat' dir='ltr'><strong>hic</strong></span> <span class='ocrx_word' id='word_1_1000' title='bbox 3247 5712 3275 5751; x_wconf 87' lang='lat' dir='ltr'><strong>a</strong></span> <span class='ocrx_word' id='word_1_1001' title='bbox 3314 5696 3512 5749; x_wconf 63' lang='lat' dir='ltr'><strong>caeteris</strong></span> <span class='ocrx_word' id='word_1_1002' title='bbox 3537 5691 3600 5741; x_wconf 81' lang='lat' dir='ltr'><strong>li-</strong></span> 
     </span>
    </p>
   </div>
   <div class='ocr_carea' id='block_1_123' title="bbox 2009 5771 2834 5836">
    <p class='ocr_par' dir='ltr' id='par_1_123' title="bbox 2009 5771 2834 5836">
     <span class='ocr_line' id='line_1_125' title="bbox 2009 5771 2834 5836; baseline -0.019 -2"><span class='ocrx_word' id='word_1_1003' title='bbox 2009 5783 2110 5834; x_wconf 84' lang='lat' dir='ltr'><strong>bris</strong></span> <span class='ocrx_word' id='word_1_1004' title='bbox 2133 5771 2183 5830; x_wconf 76' lang='lat' dir='ltr'><strong>et</strong></span> <span class='ocrx_word' id='word_1_1005' title='bbox 2207 5793 2235 5828; x_wconf 87' lang='lat' dir='ltr'><strong>a</strong></span> <span class='ocrx_word' id='word_1_1006' title='bbox 2255 5777 2497 5836; x_wconf 80' lang='lat' dir='ltr'><strong>scriptura</strong></span> <span class='ocrx_word' id='word_1_1007' title='bbox 2517 5785 2649 5836; x_wconf 81' lang='lat' dir='ltr'><strong>sacra</strong></span> <span class='ocrx_word' id='word_1_1008' title='bbox 2675 5771 2834 5836; x_wconf 80' lang='lat' dir='ltr'><strong>abest.</strong></span> 
     </span>
    </p>
   </div>
   <div class='ocr_carea' id='block_1_124' title="bbox 2073 5831 2826 5906">
    <p class='ocr_par' dir='ltr' id='par_1_124' title="bbox 2073 5831 2826 5906">
     <span class='ocr_line' id='line_1_126' title="bbox 2073 5831 2826 5906; baseline -0.02 -13"><span class='ocrx_word' id='word_1_1009' title='bbox 2073 5831 2147 5906; x_wconf 23' lang='lat' dir='ltr'><strong>(Wa)</strong></span> <span class='ocrx_word' id='word_1_1010' title='bbox 2169 5831 2466 5898; x_wconf 65' lang='lat' dir='ltr'><strong>Grmce,&#39;oult</strong></span> <span class='ocrx_word' id='word_1_1011' title='bbox 2489 5831 2826 5886; x_wconf 68' lang='lat' dir='ltr'><strong>exoudenbsei.</strong></span> 
     </span>
    </p>
   </div>
  </div>
