4064 6518
438 382 545 439 283

438 492 600 562 hujus
627 491 899 564 propheta:
926 492 1103 549 verbis
1131 499 1415 563 utrumque
1450 491 1756 550 distinctum
1803 502 1906 562 est,
1938 508 2020 549 sa-

440 584 616 655 tisque
643 583 993 651 declaratum,
1024 584 1114 639 illa
1152 583 1411 640 sacriﬁcia
1442 599 1538 654 per
1575 602 1635 640 se
1665 585 1776 656 ipsa
1804 600 1909 640 non
1942 601 2027 642 rc-

439 678 654 746 quirer'e
686 677 873 742 Deum,
897 677 1086 747 quibus
1108 675 1474 747 signiﬁcantur
1497 676 1609 732 hate
1629 677 1888 732 sacrilicia
1910 694 2028 748 qua:

441 768 667 838 requirit
696 768 856 822 Deus.
904 767 958 822 In
1000 767 1238 838 Epistola
1286 784 1406 840 qua:
1454 768 1763 823 inscribitur
1805 767 1871 822 ad
1925 768 2030 821 lle-

443 859 623 913 brccos
653 858 747 929 (a),
778 857 915 913 Bene
937 863 1123 930 facere,
1156 858 1343 930 inquit,
1376 868 1423 913 et
1446 860 1892 913 communicatores
1925 874 2033 911 esse

447 950 606 1004 nolite
632 949 855 1003 oblivisci
876 967 895 1004 :
918 951 1100 1005 talibus
1128 952 1259 1006 enim
1299 951 1563 1022 sacrificiis
1608 951 1833 1022 placetur
1875 948 1980 1002 Deo
2011 950 2025 979 ι

446 1039 633 1111 (Hebr.
675 1057 788 1107 xm,
839 1042 951 1111 l6).
984 1042 1063 1098 Ac
1090 1058 1183 1113 per
1212 1043 1313 1100 hoc
1339 1042 1428 1097 ubi
1459 1043 1716 1113 scriptum
1742 1051 1844 1105 est,
1876 1040 2033 1095 Mise-

445 1132 718 1186 ricordiam
749 1134 861 1188 volo
886 1135 906 1164 ²
936 1151 1086 1205 quam
1113 1134 1418 1204 sacri/icium
1451 1132 1621 1206 (Osew
1657 1149 1732 1199 Vl,
1781 1131 1868 1204 6);
1902 1130 2032 1184 nihil

447 1225 591 1280 aliud
635 1242 794 1296 quam
839 1228 1102 1282 sacriﬁcio
1148 1228 1467 1284 sacriﬁcium
1507 1227 1781 1298 praelatum
1825 1235 2037 1295 oportet

447 1316 705 1387 intelligi:
736 1318 986 1388 quoniam
1029 1318 1159 1373 illud
1188 1318 1327 1390 quod
1358 1318 1425 1373 ab
1461 1318 1710 1373 omnibus
1734 1316 2038 1387 appellatur

447 1408 790 1475 sacriﬁcium,
822 1410 1032 1480 signum
1077 1418 1160 1465 est
1200 1410 1309 1465 veri
1355 1408 1623 1465 sacriﬁcii.
1657 1408 1822 1463 Porro
1858 1416 2036 1463 autem

449 1500 819 1555 misericordia
854 1516 1036 1556 verum
1063 1500 1378 1555 sacriﬁcium
1406 1511 1489 1555 est
1522 1517 1535 1553 :
1565 1497 1705 1554 unde
1730 1498 1931 1555 dictum
1958 1506 2041 1553 est

449 1590 591 1660 quod
624 1581 779 1661 paulo
805 1599 931 1646 ante
958 1591 1396 1657 commemoravi,
1422 1588 1637 1645 Talibus
1676 1592 1809 1645 enim
1837 1590 2041 1659 sacri/i-

452 1682 545 1735 ciis
572 1686 799 1753 placetur
820 1682 949 1739 Deo.
973 1684 1330 1754 Quacumque
1359 1682 1520 1754 igitur
1549 1684 1602 1738 in
1635 1683 1933 1739 ministerio
1962 1691 2042 1737 ta-

451 1775 725 1830 bernaculi
758 1776 871 1831 sive
904 1777 1084 1846 templi
1112 1776 1293 1830 multis
1321 1776 1494 1831 modis
1536 1775 1605 1831 de
1648 1775 1926 1832 sacriﬁciis
1964 1774 2043 1830 le-

451 1875 650 1937 guntur
668 1865 924 1921 divinitus
950 1881 1068 1921 esse
1097 1875 1386 1938 pratcepta,
1415 1865 1483 1921 ad
1508 1865 1847 1921 dilectionem
1878 1865 1970 1920 Dei
1992 1872 2048 1920 et

453 1958 679 2026 proximi
717 1958 1117 2028 signiﬁcandam
1138 1959 1157 1989 ³
1181 1957 1505 2013 referuntur.
1530 1957 1599 2012 In
1639 1958 1718 2011 his
1745 1957 1888 2013 enim
1915 1956 2047 2010 duo-

453 2048 545 2103 bus
569 2050 853 2121 prwceplis,
886 2058 944 2104 ut
973 2049 1232 2119 scriptum
1255 2058 1353 2116 est,
1386 2059 1491 2104 tota
1511 2049 1620 2104 Lex
1643 2049 1822 2121 pendet
1844 2057 1889 2103 et
1918 2047 2048 2103 Pro-

453 2139 621 2209 pheta:
649 2139 860 2211 (Matth.
892 2157 1026 2205 xxn,
1058 2142 1173 2213 40).

580 2273 809 2330 CAPUT
838 2272 925 2329 Vl.
954 2305 1027 2316 —
1053 2274 1130 2329 De
1157 2290 1271 2328 vero
1298 2276 1616 2345 perfectoque
1640 2273 1912 2343 sacriﬁcio.

527 2411 762 2469 Proinde
801 2428 987 2469 verum
1030 2412 1348 2468 sacriﬁcium
1388 2421 1471 2469 est
1507 2426 1669 2468 omne
1710 2427 1875 2482 opus,
1911 2409 2050 2481 quod

456 2504 630 2575 agitur
647 2501 693 2572 ⁸,
720 2512 779 2557 ιιι
804 2513 985 2559 sancta
1016 2504 1269 2559 societate
1293 2502 1647 2559 inhmrcamns
1672 2503 1802 2569 Deo,
1826 2502 2051 2557 relatum

456 2596 665 2652 scilicet
687 2597 751 2650 ad
784 2596 932 2651 illum
974 2596 1136 2652 ﬁnem
1165 2595 1291 2652 boni
1311 2637 1325 2662 ,
1352 2611 1457 2667 quo
1481 2597 1742 2652 veraciter
1768 2595 1905 2651 beati
1934 2609 2055 2650 esse

457 2687 745 2759 possimus.
776 2687 928 2744 Unde
954 2695 1010 2743 et
1038 2688 1149 2758 ipsa
1180 2688 1545 2744 misericordia
1574 2702 1676 2760 qua
1705 2688 1904 2743 homini
1930 2686 2056 2743 sub-

457 2782 691 2847 venitur,
721 2782 764 2835 si
792 2791 1011 2852 propter
1039 2782 1204 2838 Deum
1231 2796 1336 2837 non
1366 2781 1444 2845 ﬁt,
1474 2796 1579 2837 non
1603 2790 1684 2836 est
1710 2781 2052 2837 sacriﬁcium.

462 2872 579 2928 Etsi
608 2874 749 2928 enim
784 2874 852 2928 ab
890 2873 1106 2929 homine
1143 2872 1202 2928 ﬁt
1237 2872 1319 2928 vel
1363 2871 1616 2940 offertur,
1646 2882 1823 2928 tamen
1849 2872 2056 2928 sacriﬁ-

462 2965 605 3019 cium
636 2980 723 3020 res
751 2964 926 3019 divina
957 2973 1039 3021 est
1072 2984 1085 3020 :
1122 2966 1192 3020 ita
1230 2975 1290 3021 ut
1330 2964 1433 3020 hoc
1469 2979 1681 3035 quoque
1717 2964 1977 3020 vocabulo
2004 2962 2056 3018 id

462 3056 640 3112 Latini
666 3064 875 3123 veteres
903 3056 1305 3127 appellaverint.
1337 3056 1485 3113 Unde
1512 3056 1624 3127 ipse
1650 3055 1812 3109 homo
1841 3056 1933 3110 Dei
1963 3070 2060 3110 no-

466 3147 613 3202 mine
635 3147 656 3179 ⁸
679 3156 1043 3210 consecratus,
1066 3156 1119 3203 et
1139 3148 1251 3203 Deo
1272 3158 1425 3202 vetus
1446 3147 1488 3215 °,
1512 3148 1566 3202 in
1586 3156 1838 3218 quantum
1862 3147 2060 3203 mundo

463 3237 692 3293 moritur
722 3246 778 3293 ιιι
809 3239 915 3293 Deo
944 3238 1113 3304 vivat,
1147 3239 1466 3294 sacriﬁcium
1491 3247 1590 3294 est.
1624 3238 1755 3293 Nam
1782 3248 1836 3294 et
1866 3238 1966 3293 hoc
1992 3238 2058 3292 ad

464 3329 887 3385 misericordiam
925 3330 1188 3401 pertinet,
1232 3346 1390 3402 quam
1431 3331 1655 3400 quisque
1696 3330 1750 3384 in
1789 3345 1849 3385 se
1887 3330 2058 3400 ipsum

466 3420 612 3477 facit.
657 3422 944 3492 Propterea
981 3422 1239 3492 scriptum
1279 3430 1363 3478 est
1402 3439 1417 3475 :
1459 3420 1701 3476 Miserere
1741 3423 1924 3475 animle
1964 3430 2063 3476 tute

468 3515 672 3586 placens
695 3513 803 3568 Deo
832 3512 1027 3586 (Eccli.
1060 3529 1173 3567 xxx
1194 3554 1210 3577 ,
1234 3512 1306 3567 24
1324 3512 1365 3583 ).
1396 3511 1603 3583 Corpus
1632 3513 1790 3568 etiam
1821 3521 2061 3567 nostrum

468 3619 591 3658 cum
623 3619 715 3673 per
744 3604 1143 3674 temperantiam
1169 3604 1489 3674 castigamus
1510 3604 1555 3670 ",
1582 3603 1627 3659 si
1659 3603 1780 3669 hoc,
1808 3604 2064 3676 quemad-

470 3696 689 3751 modum
719 3696 997 3760 debemus,
1032 3705 1250 3766 propter
1275 3696 1443 3751 Deum
1472 3695 1713 3763 facimus,
1747 3706 1807 3752 ut
1835 3711 1942 3751 non
1970 3712 2062 3752 cx-

470 3787 750 3863 hiheamus
790 3788 1026 3843 membra
1064 3798 1246 3843 nostra
1285 3803 1433 3843 arma
1478 3788 1769 3861 iniquitatis
1810 3797 2059 3858 peccato,

472 3878 570 3935 sed
598 3892 744 3932 arma
775 3876 994 3947 justitiae
1026 3879 1134 3934 Deo
1160 3879 1333 3949 (Rom.
1363 3895 1436 3943 vi,
1467 3878 1581 3951 15),
1612 3879 1934 3934 sacriﬁcium
1961 3887 2063 3935 est.

472 3971 556 4027 Ad
584 3969 724 4041 quod
754 3970 1042 4025 exhortans
1072 3970 1358 4040 Apostolus
1381 3969 1455 4023 ait
1482 3987 1497 4023 :
1525 3968 1742 4024 Obsecro
1766 3970 1934 4040 itaque
1956 3985 2063 4039 vos,

473 4044 678 4132 fratres,
707 4078 796 4132 per
824 4062 1190 4116 miserationem
1218 4059 1337 4126 Dei,
1365 4069 1419 4115 ut
1445 4060 1720 4116 exhibeatis
1743 4077 1960 4130 corpora
1985 4077 2065 4116 ve-

470 4163 582 4208 stra
601 4153 815 4207 hostium
839 4153 1023 4217 vivam,
1045 4161 1292 4217 sanctam,
1314 4149 1425 4205 Deo
1451 4151 1748 4222 placentem,
1771 4151 2064 4207 rationabile

473 4244 768 4315 obsequium
796 4255 1036 4298 vestrum.
1060 4243 1117 4298 Si
1143 4257 1272 4312 ergo
1297 4256 1512 4312 corpus,
1541 4257 1650 4312 quo
1674 4240 1930 4298 inferiore
1954 4249 2069 4298 tan-

471 4351 636 4408 quam
666 4335 887 4404 famulo,
915 4336 996 4391 vel
1028 4344 1274 4406 tanquam
1303 4334 1656 4390 instrumento
1679 4334 1843 4389 utitur
1868 4335 2065 4403 anima,

474 4443 600 4484 cum
629 4428 747 4500 ejus
773 4428 945 4484 bonus
970 4436 1024 4482 et
1052 4434 1232 4483 rectus
1258 4440 1389 4481 usus
1414 4425 1484 4481 ad
1514 4426 1678 4481 Deum
1709 4424 1958 4494 refertur,
1984 4441 2072 4482 sa-

473 4521 734 4578 criﬁcium
765 4531 880 4589 est;
909 4529 1108 4592 quanto
1133 4519 1301 4591 magis
1328 4520 1504 4575 anima
1533 4519 1644 4589 ipsa
1673 4534 1793 4575 cum
1819 4534 1879 4576 se
1906 4518 2071 4576 refert

477 4611 547 4668 ad
575 4613 761 4679 Deum,
788 4621 848 4668 ut
874 4612 996 4683 igne
1025 4612 1222 4667 amoris
1259 4611 1376 4681 ejus
1413 4625 1658 4677 accensa,
1686 4610 1907 4667 formam
1937 4627 2069 4668 con-

478 4704 820 4776 cupiscentia:
849 4703 1119 4760 saecularis
1147 4702 1375 4769 amittat,
1404 4702 1561 4773 eique
1588 4711 1835 4773 tanquam
1864 4703 2069 4761 incom-

478 4799 719 4856 mutabili
751 4798 935 4853 forma:
965 4797 1170 4852 subdita
1200 4796 1553 4863 reformetur,
1585 4796 1709 4851 hinc
1738 4796 1788 4850 ei
1816 4797 2068 4867 placens,

545 4911 563 4979 ἦ
599 4910 736 4969 ΡΔίιί,
763 4906 985 4979 placatur
1009 4917 1153 4958 Deus.
1182 4913 1238 4957 At
1258 4914 1387 4979 bls§_.,
1401 4906 1621 4979 placetur
1638 4915 1739 4960 Deo
1758 4920 1780 4979 _:
1801 4920 1893 4979 nec
1914 4909 2074 4979 minus

478 4978 596 5083 inte
616 4972 884 5083 rqipondet
905 4983 1083 5035 grteco,
1107 4968 1413 5020 euaresteitai
1424 4983 1453 5019 o
1469 4968 1617 5031 theos,
1642 4970 1771 5032 quod
1794 4976 1889 5030 est,
1914 4970 2073 5021 conci-

498 5047 626 5083 tatur
722 5049 797 5083 us.

498 5047 626 5083 tatur
650 5043 797 5087 Deus.

545 5099 565 5161 ξ
599 5097 735 5161 Editi,
759 5092 915 5161 magis
936 5092 1055 5144 uoto.
1080 5093 1244 5153 Abest,
1259 5093 1440 5161 magis,
1466 5100 1619 5161 altas.

547 5158 567 5220 ξ
603 5154 735 5220 Vind.
762 5154 860 5206 Am:
887 5164 961 5205 Er.
1002 5163 1056 5206 et
1076 5163 1204 5220 Mss,
1226 5154 1558 5220 signiﬁcando.

547 5218 569 5282 ξ
603 5216 826 5282 Plerique
848 5226 977 5282 Mss”
999 5230 1092 5282 quo
1113 5216 1294 5282 agitur}

547 5279 569 5310 ⁵
596 5276 1279 5343 μιιι,ἠοιηὶηἰ.ἐὲιειὶςὲίηιιιιι
1317 5292 1381 5330 ex
1425 5281 1764 5343 manuscriptis
1795 5287 1849 5330 et
1881 5293 1943 5330 ex
1979 5276 2075 5329 alio

483 5337 644 5404 simili
662 5337 769 5389 lo¢o
800 5353 964 5403 supra,
1001 5337 1180 5404 cap.'5.

548 5401 570 5427 ⁸
603 5400 678 5449 sic
701 5408 803 5449 Mss.
830 5400 885 5452 Αἰ
909 5400 1171 5462 εάἰιὶ,⁷1)εο
1193 5403 1405 5456 devotus.

547 5464 572 5530 ἶ
603 5463 755 5530 nostri
778 5468 1361 5530 .\_tss.,__cmn_temperantia
1377 5466 1681 5530 castigamus2
1767 5471 1826 5530 tit.

549 5523 624 5586 (a)
650 5532 743 5572 ttae
764 5525 939 5573 citandi
956 5523 1152 5592 ratione
1174 5529 1432 5592 signiﬁcari
1451 5523 1570 5578 dicit
1591 5527 1703 5577 Lud.
1727 5528 1889 5585 vives,
1913 5526 2074 5592 incer-

485 5595 594 5637 tum
618 5599 731 5652 esse
755 5594 1004 5637 auctorem
1027 5588 1247 5652 Epistula?
1269 5591 1329 5640 ad
1346 5593 1577 5642 Hebraeos
1601 5604 1615 5640 :
1639 5602 1786 5652 quam
1809 5596 1974 5638 tamen
1996 5589 2073 5652 in-

487 5656 567 5696 ter
593 5646 809 5719 tjaqlinas
827 5646 1191 5719 quatuord'ecim
1212 5660 1437 5719 numerat
1476 5646 1821 5719 incunctanter;
1851 5649 2072 5719 Augusti-

486 5721 584 5771 nus
605 5710 653 5757 in
678 5710 801 5771 Ii'nro
821 5710 1036 5760 secundo
1056 5712 1121 5760 de
1144 5715 1363 5765 Doctrina
1382 5715 1667 5771 Christiana,
1690 5724 1743 5760 ιι.
1765 5712 1841 5760 15.
1881 5716 1934 5759 Et
1948 5723 2075 5771 vero

487 5770 569 5840 hic
587 5769 805 5819 nonnulli
836 5774 1003 5840 probte
1023 5777 1501 5840 notmmanuscripti,
1536 5769 1860 5840 Corheiensis,
1883 5770 2075 5821 Oolber-

490 5834 636 5896 tiuus,
667 5840 783 5895 etc.,
807 5847 907 5884 non
928 5834 1129 5896 habent,
1154 5834 1466 5900 inscribitur;
1488 5834 1594 5902 Sed,
1617 5834 1865 5889 scribitur.

1503 380 1590 436 DE
1628 379 1946 436 CIVITATE
1990 378 2124 438 DEI.
2164 380 2220 434 ς.
2263 375 2631 436 MIGUSTINI

3614 375 3724 432 284

2134 493 2277 564 quod
2300 510 2366 550 ex
2394 493 2512 563 ejus
2536 488 2929 564 pulchritudine
2956 488 3250 559 acceperit,
3283 487 3339 543 ﬁt
3367 489 3731 546 sacriﬁcium?

2134 585 2285 653 Quod
2314 586 2453 640 idem
2480 583 2751 654 apostolus
2769 589 3162 650 consequenter
3180 581 3473 651 adjungens
3497 599 3509 633 :
3543 581 3607 635 Et
3633 599 3727 637 no-

2137 678 2224 732 lite
2242 720 2259 745 ,
2288 678 2491 748 inquit,
2521 676 2830 746 conformari
2855 674 2971 727 huic
3006 673 3193 727 sarculo
3222 688 3240 725 :
3265 673 3353 726 sed
3382 675 3735 744 reformamini

2135 769 2188 824 in
2216 769 2433 823 novitate
2472 768 2649 821 mentis
2687 773 2892 829 vestrm,
2923 763 2991 817 ad
3021 762 3332 832 probandum
3370 778 3454 817 ros
3475 764 3490 793 ¹
3526 780 3640 834 qua:
3670 767 3733 817 sit

2136 860 2367 914 voluntas
2391 858 2505 924 Dei,
2534 859 2668 929 quod
2684 854 2875 912 bonum
2901 865 2949 910 et
2978 854 3361 925 beneplacitum,
3385 865 3432 909 et
3455 859 3720 927 perfectun

2141 950 2316 1020 (Rom.
2346 952 2500 1016 xn,l,
2525 949 2606 1020 2).
2639 948 2771 1004 Cum
2803 948 2960 1018 igitur
2988 961 3114 1002 vera
3136 946 3393 1001 sacriﬁcia
3424 960 3588 1013 opera
3627 947 3712 1000 sin

2139 1043 2537 1107 misericordiae,
2563 1042 2679 1097 sive
2699 1042 2750 1096 in
2774 1055 2871 1096 nos
2893 1040 3057 1109 ipsos,
3079 1038 3193 1094 sive
3217 1039 3270 1093 in
3296 1039 3589 1107 proximos,
3614 1053 3737 1108 quze

2140 1135 2447 1218 releguntur
2483 1134 2548 1189 ad
2592 1135 2798 1201 Deum;
2829 1146 2990 1201 Opera
3028 1146 3159 1187 vero
3202 1130 3583 1186 misericordias
3628 1145 3736 1184 non

2141 1229 2210 1283 ob
2235 1227 2375 1281 aliud
2402 1226 2553 1292 ﬁunt,
2583 1226 2684 1280 nisi
2708 1235 2816 1279 uta
2843 1223 3056 1279 miseria
3081 1222 3389 1288 liberemur,
3418 1237 3481 1276 ac
3512 1237 3612 1291 per
3636 1221 3739 1276 hoc

2143 1328 2203 1374 ιιι
2244 1319 2382 1374 beati
2422 1319 2628 1385 simus;
2656 1317 2796 1388 quod
2846 1331 2951 1371 non
2994 1316 3086 1384 ﬁt,
3115 1316 3217 1370 nisi
3248 1316 3389 1370 bono
3417 1314 3511 1368 illo
3536 1315 3605 1369 de
3630 1329 3738 1385 quo

2142 1408 2340 1464 dictum
2366 1419 2469 1475 est,
2496 1409 2630 1463 Mihi
2650 1418 2818 1463 autem
2842 1407 3102 1461 adhazrere
3127 1405 3238 1460 Deo
3265 1406 3447 1460 bonum
3467 1416 3541 1460 est
3563 1404 3736 1474 (Psal.

2145 1517 2286 1556 LXXII
2308 1542 2322 1568 ,
2347 1500 2449 1571 9.8)
2480 1518 2493 1553 :
2526 1500 2764 1571 profecto
2790 1497 3021 1553 efﬁcitur
3041 1538 3056 1564 ,
3086 1506 3146 1552 ut
3181 1506 3290 1550 tota
3320 1497 3434 1566 ipsa
3462 1497 3738 1566 redempta

2145 1595 2361 1658 civitas,
2394 1593 2494 1647 hoc
2521 1600 2607 1648 est
2641 1592 2982 1662 congregatio
3024 1590 3358 1660 societasque
3397 1598 3737 1654 sanctorum,

2145 1686 2445 1740 universale
2473 1683 2793 1739 sacriﬁcium
2823 1682 3075 1738 oll'eratur
3116 1682 3225 1736 Deo
3269 1695 3364 1751 per
3404 1679 3741 1736 sacerdotem

2150 1790 2398 1845 magnum
2419 1817 2435 1842 ,
2464 1775 2553 1845 qui
2580 1774 2740 1829 etiam
2771 1788 2830 1828 se
2857 1774 3027 1843 ipsum
3057 1772 3251 1828 obtulit
3287 1771 3338 1825 in
3367 1772 3616 1841 passione
3645 1786 3745 1841 pro

2150 1867 2322 1931 nobis,
2356 1878 2410 1920 ut
2438 1867 2567 1921 tanti
2593 1867 2783 1936 capitis
2809 1880 3004 1936 corpus
3029 1880 3289 1930 essemus,
3314 1864 3604 1919 secundum
3633 1865 3746 1919 for-

2152 1973 2291 2013 mam
2320 1959 2480 2013 servi.
2513 1958 2662 2013 lianc
2688 1958 2831 2012 enim
2869 1957 3094 2022 obtulit,
3134 1956 3187 2010 in
3229 1958 3328 2009 hac
3368 1955 3578 2010 oblatus
3619 1963 3744 2021 est;

2150 2050 2272 2120 quia
2303 2049 2594 2104 secundum
2624 2049 2760 2104 hanc
2788 2048 3052 2103 mediator
3074 2056 3191 2114 est,
3221 2047 3274 2100 iu
3314 2045 3414 2101 hac
3452 2044 3703 2101 sacerdos
3727 2086 3744 2112 ,

2154 2142 2207 2198 in
2234 2143 2334 2198 hac
2358 2142 2677 2198 sacriﬁcium
2704 2150 2804 2198 est.
2833 2141 2965 2197 Cum
2993 2141 3166 2212 itaque
3205 2155 3302 2195 nos
3334 2141 3576 2195 hortatus
3603 2150 3749 2196 esset

2152 2233 2464 2304 Apostolus,
2495 2242 2555 2289 ut
2580 2233 2928 2290 exhibeamus
2952 2246 3176 2303 corpora
3207 2240 3386 2286 nostra
3417 2231 3641 2286 hostiam
3670 2232 3751 2286 vi-

2155 2340 2297 2393 vam,
2324 2334 2584 2392 sanetam,
2614 2325 2725 2380 Deo
2750 2324 3067 2394 placentem,
3091 2322 3407 2378 rationabile
3430 2320 3748 2393 obsequium

2157 2427 2395 2473 nostrum
2417 2459 2431 2483 ,
2460 2427 2516 2474 et
2544 2432 2648 2473 non
2677 2400 3076 2474 conformemur
3110 2416 3233 2471 huic
3267 2415 3466 2470 sarculo
3486 2456 3502 2483 ,
3531 2415 3624 2471 sed
3655 2431 3751 2471 re-

2156 2509 2449 2565 formemur
2474 2509 2525 2564 in
2556 2510 2790 2565 novitate
2818 2509 3015 2564 mentis
3050 2516 3282 2573 nostrai;
3310 2506 3374 2562 ad
3415 2505 3749 2577 probandum

2157 2618 2279 2677 quae
2306 2602 2376 2657 sit
2406 2602 2649 2657 voluntas
2687 2601 2819 2669 Dei,
2847 2600 2990 2673 quod
3029 2600 3226 2655 bonum
3265 2608 3320 2655 et
3358 2599 3750 2669 bcneplacitum

2158 2702 2213 2750 et
2238 2694 2550 2764 perfectum,
2577 2693 2716 2765 quod
2738 2701 2908 2749 totum
2932 2692 3251 2748 sacriﬁcium
3280 2690 3378 2761 ipsi
3406 2704 3503 2744 nos
3526 2704 3712 2744 sumus
3737 2707 3751 2742 :

2160 2785 2288 2839 Dico
2312 2787 2464 2850 enim,
2493 2786 2682 2855 inquit,
2715 2801 2804 2854 per
2829 2784 3049 2855 gratiam
3083 2781 3199 2848 Dei,
3226 2797 3339 2853 qua:
3359 2781 3478 2835 data
3507 2790 3578 2835 est
3604 2780 3753 2846 mihi,

2161 2876 2395 2932 omnibus
2418 2875 2501 2945 qui
2529 2884 2648 2929 sunt
2677 2875 2729 2929 in
2758 2873 2914 2941 vobis,
2940 2891 3042 2928 non
3070 2874 3185 2943 plus
3208 2888 3404 2944 sapere,
3428 2887 3580 2942 quam
3601 2886 3757 2942 opor-

2162 2977 2228 3022 tet
2256 2984 2452 3036 sapere,
2482 2966 2571 3020 sed
2595 2983 2774 3037 sapere
2800 2966 2868 3020 ad
2893 2965 3312 3036 temperantiam:
3338 2964 3467 3018 sicut
3491 2962 3759 3031 unicuique

2160 3058 2303 3114 Deus
2346 3059 2564 3128 partitus
2598 3068 2672 3112 est
2700 3056 2818 3126 fidei
2857 3072 3162 3110 mensuram.
3207 3055 3353 3110 Sicut
3389 3057 3522 3107 enim
3560 3052 3616 3105 in
3650 3068 3758 3105 uno

2162 3169 2374 3224 corpore
2401 3154 2560 3207 multa
2584 3151 2803 3205 membra
2831 3148 3070 3204 habemus
3090 3190 3105 3217 ,
3134 3148 3304 3203 omnia
3329 3156 3494 3201 autem
3532 3145 3759 3200 mtnnbra

2163 3260 2265 3298 non
2289 3244 2489 3298 eosdem
2517 3252 2662 3297 actus
2684 3241 2867 3295 habent
2888 3258 2908 3295 :
2927 3241 2999 3294 ita
3020 3240 3165 3294 multi
3186 3254 3344 3293 unum
3372 3253 3556 3309 corpus
3580 3252 3760 3291 sumus

2162 3337 2217 3389 in
2243 3335 2477 3402 Christo;
2503 3333 2691 3405 singuli
2721 3340 2927 3401 autem,
2956 3331 3085 3387 alter
3120 3330 3330 3385 alterius
3367 3328 3623 3394 membra,
3654 3328 3760 3382 hac

2164 3428 2332 3483 bentes
2352 3428 2487 3482 dona
2512 3426 2708 3480 diversa
2734 3426 3010 3481 secundum
3034 3423 3270 3496 gratiam,
3292 3436 3407 3491 quin
3428 3420 3548 3474 data
3571 3428 3645 3473 est
3665 3434 3762 3474 no-

2165 3521 2239 3576 bis
2256 3523 2271 3583 (
2282 3520 2430 3575 Rom.
2457 3534 2550 3584 xu,
2573 3517 2705 3589 5-6).
2730 3517 2843 3572 Hoc
2862 3524 2945 3572 est
2963 3514 3279 3571 sacriﬁcium
3296 3510 3719 3568 Christianorum
3741 3527 3755 3563 :

2165 3614 2314 3667 multi
2339 3628 2495 3675 unum
2520 3627 2704 3682 corpus
2725 3610 2780 3663 in
2804 3608 3022 3664 Christo.
3047 3604 3198 3675 Quod
3224 3603 3386 3660 etiam
3410 3600 3761 3658 Sacramenta

2166 3706 2349 3760 altaris
2389 3703 2630 3759 ﬁdelibus
2666 3710 2796 3757 noto
2827 3700 3126 3770 frequentat
3160 3697 3398 3753 Ecclesia
3418 3736 3432 3760 ,
3466 3694 3552 3748 ubi
3580 3694 3629 3748 ei
3658 3693 3760 3749 de-

2168 3805 2513 3861 monstratur,
2535 3795 2674 3867 quod
2697 3794 2748 3849 iu
2771 3809 2832 3849 ea
2853 3807 2912 3848 re
2931 3806 3088 3862 quam
3109 3789 3265 3846 oll'ert
3279 3792 3325 3857 ',
3352 3789 3463 3859 ipsa
3484 3786 3758 3842 oll‘eratur.

2166 3909 2395 3966 CAPUT
2424 3907 2534 3964 VII.
2560 3938 2634 3948 -—
2660 3906 2810 3972 Quod
2845 3913 3133 3959 sanctorum
3169 3901 3478 3972 Angelonum
3516 3913 3574 3952 ea
3608 3898 3675 3950 sit
3708 3896 3763 3950 in

2240 4019 2331 4058 nos
2360 4002 2592 4066 dilectio,
2622 4009 2678 4054 ut
2704 4015 2798 4054 nos
2826 4012 2928 4052 non
2954 4011 3071 4051 suos
3089 4036 3104 4061 ,
3135 3993 3223 4049 sed
3249 3993 3398 4080 unius
3424 3990 3526 4045 veri
3551 3988 3649 4044 Dei
3677 4004 3765 4042 ve-

2241 4096 2336 4150 lint
2362 4110 2468 4149 esse
2492 4092 2726 4147 cultores.

2182 4215 2188 4221 '
2241 4205 2429 4262 Merito
2454 4205 2530 4260 illi
2561 4204 2615 4260 in
2641 4200 2947 4260 caelestibus
2975 4197 3191 4255 sedibus
3218 4195 3510 4261 constituti,
3546 4194 3771 4249 immor-

2171 4300 2305 4355 tales
2334 4307 2390 4355 et
2425 4295 2598 4365 beati,
2630 4294 2723 4367 qui
2759 4291 3028 4350 Creatoris
3070 4289 3153 4345 sui
3197 4287 3598 4359 participatione
3636 4300 3773 4341 con-

2170 4390 2436 4464 gaudent,
2463 4388 2616 4460 cujus
2640 4386 2940 4443 mternitate
2967 4383 3140 4450 ﬁrmi,
3166 4380 3319 4452 cujus
3343 4381 3568 4436 veritate
3591 4378 3769 4446 certi,

2172 4486 2324 4558 cujus
2354 4498 2577 4540 munere
2611 4481 2778 4538 sancti
2818 4488 2975 4543 sunt;
3003 4475 3255 4548 quoniam
3294 4486 3392 4529 nos
3429 4472 3685 4528 mortales
3714 4480 3775 4526 et

2172 4580 2421 4644 miseros,
2443 4584 2501 4631 ut
2525 4572 2851 4631 immortales
2870 4568 3117 4639 beatique
3136 4566 3325 4632 simus,
3347 4561 3776 4620 misericorditer

2173 4673 2431 4743 diligunt,
2461 4669 2653 4724 nolunt
2687 4681 2785 4721 nos
2818 4663 2918 4719 sibi
2956 4660 3258 4718 sacriﬁcare
3280 4659 3301 4690 ³
3327 4675 3342 4725 ;
3377 4656 3472 4713 sed
3503 4656 3585 4724 ei,
3616 4655 3775 4725 cujus

2174 4773 2229 4820 et
2264 4762 2364 4835 ipsi
2402 4761 2678 4817 nobiseum
2719 4754 3043 4813 sacriﬁcium
3084 4766 3144 4808 se
3171 4765 3292 4807 esse
3320 4755 3603 4804 noverunt.
3631 4745 3775 4800 Cum

2176 4858 2306 4930 ipsis
2333 4856 2474 4911 enim
2499 4867 2683 4909 sumus
2708 4866 2810 4906 una
2841 4849 3030 4904 civitas
3059 4844 3176 4911 Dei,
3203 4843 3287 4900 cui
3313 4841 3506 4898 dicitur
3534 4839 3587 4894 in
3616 4838 3776 4930 Dsal-

2175 4928 2295 5016 mo,
2342 4943 2617 5002 Gloriosa‘
2662 4944 2797 4997 dicta
2839 4948 2959 4996 sunt
3000 4938 3064 4992 de
3105 4947 3180 5005 te,
3225 4935 3399 4989 civitas
3441 4930 3538 4987 Dei
3577 4928 3776 5002 (Psal.

2180 5056 2395 5106 sum,
2427 5039 2486 5110 5)
2517 5054 2531 5092 :
2558 5035 2708 5106 cujus
2734 5046 2858 5105 pars
2886 5032 2940 5086 in
2966 5028 3119 5085 nobis
3147 5024 3536 5099 peregrinatur,
3563 5036 3685 5092 pars
3718 5022 3777 5074 in

2177 5136 2284 5191 illis
2321 5130 2630 5202 opitulatur.
2663 5125 2739 5181 De
2780 5124 2868 5179 illa
2907 5122 3103 5193 quippe
3140 5130 3369 5187 superna
3402 5113 3650 5176 civitate,
3678 5110 3779 5165 ubi

2179 5227 2272 5285 Dei
2311 5226 2558 5282 voluntas
2605 5218 2948 5290 intelligibilis
2991 5226 3150 5286 atque
3193 5205 3644 5267 incommutabilis
3686 5204 3779 5259 lex

2178 5328 2279 5384 est,
2306 5317 2374 5373 de
2404 5314 2491 5369 illa
2520 5325 2748 5383 superna
2772 5303 3165 5380 quodammodo
3190 5301 3335 5358 curia
3362 5297 3588 5370 (geritur
3615 5310 3781 5350 nam-

2243 5454 2261 5486 ι
2297 5459 2347 5500 ιιι
2372 5448 2519 5500 editis
2540 5447 2730 5506 deerat,
2755 5454 2869 5504 vos;
2903 5439 3035 5504 quod
3056 5437 3154 5488 huc
3191 5444 3478 5486 revocamus
3510 5442 3574 5480 ex
3606 5440 3787 5479 manu-

2177 5516 2718 5633 scrjpstilgmanuscripti.
2742 5573 2800 5618 At
2838 5564 2973 5627 editi,
3013 5559 3140 5626 quod
3164 5559 3215 5610 in
3252 5571 3313 5609 ea
3355 5554 3595 5609 oblatione
3633 5564 3733 5616 qua
3753 5563 3784 5597 ιι

2178 5638 2927 5762 οπενῖιίιιιιοιιιβεηςαςιὶβεατὶ.
3158 5740 3463 5762 “nui”,
3527 5676 3728 5762 θέτω,

2247 5763 2269 5795 ⁸
2628 5734 2947 5816 ἦσῖἶᾟῶᾙὼ
2990 5754 3118 5799 nota:
3157 5740 3485 5804 manuscripti,
3525 5734 3784 5788 Gloriosis-

2187 5828 2323 5880 sima.
