4064 6476
207 379 312 436 2’33

209 507 308 560 quc
341 489 412 544 ibi
445 505 576 544 cura
607 491 678 546 dc
709 489 882 558 nobis)
909 492 972 544 ad
1004 507 1100 544 nos
1127 493 1422 550 ministrata
1457 515 1549 566 per
1581 501 1807 568 Angelos

211 593 388 638 sancta
421 585 510 638 illa
547 585 824 653 Scriptura
863 585 1138 640 descendit
1167 587 1265 656 (τι),
1302 590 1386 643 ubi
1429 592 1620 660 legitur
1653 611 1664 646 :
1701 595 1806 648 Sa-

210 676 444 742 criﬁcans
465 677 567 728 diis
589 677 946 734 rradicalzitur.
974 679 1069 730 nisi
1099 677 1312 732 Domino
1335 681 1429 734 soli
1451 682 1644 746 (Exod.
1673 701 1804 748 xxn,

209 768 322 836 ‘20).
347 767 480 821 lluic
507 767 820 836 Scripturce,
849 769 967 822 huic
999 769 1116 838 legi,
1147 771 1338 826 talibus
1365 775 1642 844 praeceptis
1666 785 1806 830 tanta

211 867 330 912 sunt
372 867 624 914 atlcstata
668 860 956 926 miracula,
1003 872 1060 914 ut
1103 863 1230 916 satis
1269 875 1553 932 appareat,
1589 869 1669 920 cui
1713 883 1808 920 nos

213 952 514 1008 Sacrilicare
541 953 709 1006 velint
749 954 1074 1010 immortales
1100 972 1160 1010 ac
1191 955 1360 1024 beati,
1393 959 1482 1029 qui
1523 959 1624 1016 hoc
1656 961 1809 1016 nobis

212 1043 396 1096 volunt
425 1058 550 1098 esse
577 1045 722 1114 quod
751 1045 872 1100 sibi.

213 1154 436 1208 CAPUT
469 1155 608 1209 Vlll.
637 1187 708 1194 —
733 1154 814 1209 De
849 1157 1106 1212 miraculis
1145 1175 1258 1228 qua:
1301 1159 1438 1214 Deus
1471 1163 1538 1214 nd
1572 1161 1806 1216 corrobo-

279 1248 498 1300 randam
535 1249 690 1312 [idem
729 1251 964 1319 piarunt,
997 1253 1145 1304 etiam
1185 1269 1274 1323 per
1311 1253 1616 1324 Angelormn
1657 1257 1807 1308 mini-

279 1340 510 1400 sterium,
543 1340 810 1408 promissis
837 1341 944 1394 suis
970 1342 1208 1396 adhibere
1235 1343 1473 1415 dignatus
1501 1355 1592 1398 est.

279 1451 408 1505 Nam
441 1453 604 1506 nimis
633 1463 814 1507 vetera
846 1455 890 1508 si
921 1470 1334 1510 commemorem
1357 1501 1371 1524 ,
1411 1459 1616 1528 longius
1650 1475 1806 1530 quam

215 1551 290 1596 sat
315 1551 394 1596 est
427 1545 708 1598 revolvere
737 1545 976 1611 videbor,
1007 1563 1126 1616 qua!
1153 1549 1405 1602 miracula
1437 1549 1568 1604 facta
1597 1551 1702 1606 sint
1729 1563 1809 1604 at-

215 1635 454 1686 testantia
499 1635 781 1703 promissis
809 1637 939 1702 Dei,
967 1638 1156 1706 quibus
1195 1649 1318 1694 ante
1353 1655 1613 1695 annorum
1645 1644 1804 1696 millia

217 1727 454 1794 pra-dixit
487 1726 740 1791 Abrahaa,
773 1727 912 1798 quod
945 1731 995 1782 in
1023 1732 1228 1786 semine
1259 1731 1374 1800 ejus
1401 1747 1590 1788 omnes
1620 1743 1806 1804 gentes

213 1815 634 1872 benedictionem
661 1817 875 1872 fuerant
895 1819 1154 1875 habitura:
1179 1821 1327 1894 (Gen.
1353 1839 1510 1890 xvm,
1539 1824 1650 1896 l8).
1677 1826 1806 1894 Quis

215 1909 344 1966 enim
369 1925 476 1964 non
501 1911 729 1966 miretur
747 1912 920 1967 eidem
945 1913 1172 1968 Abraha:
1195 1913 1357 1970 ﬁlium
1383 1917 1654 1986 peperisse
1678 1933 1806 1972 con-

213 2003 378 2073 iugem
417 2004 694 2068 sterilem,
732 2019 800 2060 eo
837 2013 1078 2076 tempore
1113 2009 1431 2076 senectutis,
1473 2025 1578 2080 quo
1619 2025 1806 2080 parcre

216 2109 304 2148 ec
329 2093 558 2150 fecunda
595 2097 704 2164 jam
737 2099 954 2166 posset‘
989 2095 1100 2170 (Id.
1133 2115 1240 2166 xxi,
1273 2099 1364 2170 9.);
1394 2109 1552 2172 atque
1581 2101 1630 2154 in
1660 2101 1804 2172 ejus-

215 2185 328 2240 dem
354 2186 590 2240 Abrahzc
617 2187 882 2242 sacriﬁcio
911 2187 1178 2244 ﬂammant
1204 2191 1412 2246 cmlitus
1447 2191 1635 2246 factam
1667 2192 1806 2247 inter

215 2277 402 2332 divisas
423 2279 670 2332 victimas
691 2280 990 2336 cucurrisse
1018 2281 1090 2353 (b)
1118 2279 1228 2354 (Id.
1254 2297 1346 2350 xv,
1375 2283 1462 2354 17)
1483 2299 1496 2348 ;
1523 2282 1806 2352 eidemque

215 2369 434 2424 Abraha:
461 2369 776 2437 praedictum
801 2371 869 2425 ab
894 2372 1114 2440 Angelis
1135 2373 1356 2428 cmlestc
1383 2373 1682 2428 incendium
1707 2373 1804 2428 So-

215 2461 485 2516 domorum
507 2503 524 2528 ,
555 2477 692 2532 quos
719 2463 952 2532 Angelos
991 2464 1294 2520 hominibus
1335 2465 1536 2520 similes
1573 2465 1804 2535 hospitio

215 2563 534 2623 susceperat.
563 2562 618 2608 et
645 2569 742 2624 per
770 2570 866 2610 eos
893 2555 960 2610 de
989 2557 1140 2626 prole
1161 2565 1386 2612 ventura
1421 2557 1512 2612 Dei
1543 2557 1802 2627 promissa

215 2653 446 2699 tenuerat
475 2644 602 2717 (Id.
636 2661 784 2710 xvnt,
813 2645 903 2710 20,
935 2647 1074 2718 li);
1109 2647 1330 2717 ipsoque
1361 2648 1669 2704 imminente
1692 2647 1800 2718 jam

217 2735 482 2802 incendio,
515 2737 706 2790 miram
737 2736 806 2792 de
833 2737 1081 2792 Sodomis
1107 2753 1204 2809 per
1231 2739 1444 2794 eosdem
1475 2739 1709 2809 Angelos
1737 2739 1802 2793 li-

217 2826 534 2882 berationem
581 2827 682 2882 Lot
725 2829 816 2882 lilii
861 2827 1040 2884 fratris
1081 2831 1236 2900 ejus;
1277 2833 1428 2902 cujus
1465 2847 1600 2886 uxor
1637 2831 1802 2886 invia

215 2929 346 2971 retro
371 2917 692 2988 respiciens,
716 2929 876 2990 atque
899 2921 948 2974 in
977 2921 1142 2977 salem
1163 2933 1384 2992 repente
1409 2937 1664 2978 conversa
1692 2921 1800 2990 (Id.

219 3025 320 3074 xix,
354 3011 444 3074 17,
472 3010 592 3080 2h),
623 3026 814 3080 magno
839 3011 1118 3066 admonuit
1145 3022 1500 3076 sacramento,
1535 3015 1800 3068 neminem

218 3101 262 3156 in
287 3103 366 3156 via
397 3103 736 3158 Iiberationis
773 3119 882 3158 sum
922 3105 1190 3174 prmlerita
1229 3105 1534 3162 desiderare
1572 3105 1802 3160 debere?

217 3195 298 3250 llla
335 3211 466 3251 vero
506 3213 628 3266 qua:
662 3206 716 3250 et
755 3205 952 3268 quanta
983 3207 1138 3260 sunt,
1169 3213 1288 3268 qua:
1323 3197 1430 3267 jam
1465 3213 1560 3268 per
1585 3197 1801 3266 Moysen

219 3304 304 3358 pro
327 3291 528 3360 populo
556 3289 648 3344 Dei
675 3289 743 3344 de
763 3294 894 3360 jugo
923 3291 1194 3346 servitutis
1223 3291 1460 3346 eruendo
1491 3291 1541 3344 in
1571 3291 1804 3363 Egypto

217 3379 524 3434 mirabiliter
553 3390 704 3450 gesta
743 3387 902 3443 sunt,
935 3381 1024 3434 ubi
1063 3385 1199 3451 magi
1241 3381 1566 3446 Pharaonis,
1599 3383 1698 3436 hoc
1723 3391 1806 3436 est

219 3473 347 3542 regis
371 3471 592 3544 Egypti
615 3513 630 3536 ,
661 3471 752 3542 qui
781 3473 1032 3541 populum
1063 3473 1208 3527 illum
1239 3473 1602 3528 dominatione
1628 3473 1806 3542 depri-

221 3565 404 3632 mebat,
435 3567 503 3618 ad
535 3565 638 3619 hoc
663 3563 838 3619 facere
865 3565 1108 3634 qumdam
1139 3567 1272 3620 mira
1303 3567 1550 3636 permissi
1578 3575 1720 3626 sunt,
1751 3575 1808 3621 ut

221 3655 504 3710 mirabilius
533 3655 908 3710 vincerentur?
935 3655 1012 3710 Illi
1047 3657 1190 3710 enim
1231 3655 1498 3712 faciebant
1535 3655 1807 3710 veneﬁciis

221 3755 270 3800 et
293 3747 746 3802 incantationibus
784 3747 1005 3816 magicis
1027 3789 1042 3810 ,
1073 3747 1264 3817 quibus
1293 3757 1418 3802 sunt
1445 3748 1566 3802 mali
1595 3748 1802 3816 angeli,

223 3835 312 3892 hoc
333 3847 418 3894 est
441 3839 740 3905 damones,
766 3837 933 3893 dediti
963 3855 976 3892 :
1005 3838 1216 3910 Moyses
1242 3847 1416 3894 autem
1447 3847 1592 3893 tanto
1620 3849 1808 3908 poten-

223 3929 336 3996 tius,
353 3941 556 4002 quanto
571 3931 766 4001 justius
787 3931 838 3984 in
865 3931 1082 3986 nomine
1105 3931 1336 3997 Domini,
1359 3933 1446 4002 qui
1467 3931 1592 3986 fecit
1610 3931 1804 3986 caelum

225 4034 272 4078 et
293 4033 486 4079 terram
507 4064 524 4088 ,
558 4023 912 4078 servientibus
948 4023 1163 4093 Angelis
1183 4065 1198 4088 ,
1227 4037 1321 4078 eos
1353 4023 1508 4078 facile
1538 4023 1808 4094 superavit

229 4113 406 4186 (Exod.
429 4129 642 4180 vit-vni,
660 4115 736 4184 7).
762 4113 998 4184 Denique
1019 4115 1072 4168 in
1096 4115 1250 4170 tertia
1269 4114 1418 4186 plaga
1439 4115 1808 4171 deﬁcientibus

227 4211 400 4280 magis,
423 4208 614 4264 decem
643 4208 812 4279 plaga:
839 4221 936 4278 per
959 4207 1177 4279 Moysen
1207 4222 1396 4278 magna
1431 4211 1808 4280 mysteriorum

227 4301 565 4374 dispositione
589 4301 874 4371 completa:
903 4310 1059 4368 sunt;
1091 4301 1286 4371 quibus
1313 4299 1379 4356 ad
1419 4301 1516 4357 Dei
1551 4301 1807 4372 pupulum

227 4391 590 4450 dimittendum
611 4435 628 4458 ,
655 4393 950 4449 Pharaonis
979 4401 1034 4447 et
1067 4392 1440 4465 Egyptiorum
1481 4393 1612 4448 dura
1647 4393 1808 4448 corda

227 4495 492 4542 cesserunt
517 4485 632 4556 (Id.
664 4487 896 4557 vin-xu).
919 4485 1144 4556 Moxque
1171 4485 1434 4556 pmnituit,
1461 4495 1514 4540 et
1538 4501 1656 4541 cum
1683 4487 1808 4540 abs-

230 4579 472 4635 cedentes
529 4579 786 4634 Hebraeos
824 4579 1076 4650 consequi
1119 4587 1476 4648 conarentur,
1509 4579 1616 4634 illis
1640 4580 1811 4634 diviso

229 4673 350 4728 mari
377 4689 474 4744 per
499 4673 702 4728 siccum
735 4673 1152 4738 transeuntibus,
1187 4671 1328 4727 unda
1357 4672 1482 4727 hinc
1505 4681 1663 4742 atque
1691 4673 1812 4729 hinc

229 4763 278 4817 in
305 4779 420 4820 sese
455 4765 716 4819 redeunte
751 4765 988 4834 cooperti
1023 4771 1078 4820 et
1115 4764 1356 4836 oppressi
1387 4771 1512 4818 sunt
1539 4763 1648 4836 (Id.
1675 4765 1810 4834 xiv).

229 4853 356 4921 Quid
393 4855 462 4910 de
501 4855 610 4909 illis
651 4855 920 4910 miraculis
957 4855 1166 4921 dicam,
1193 4871 1314 4926 qua:
1353 4871 1474 4911 cum
1511 4855 1564 4910 in
1600 4855 1815 4911 deserto

229 4945 360 5000 idem
385 4947 616 5016 populus
637 4945 960 5012 ductaretur,
989 4947 1248 5018 stupenda
1271 4947 1546 5002 divinitate
1566 4947 1816 5002 crebrue-

229 5049 386 5104 runt;
426 5052 596 5108 aquas
651 5053 770 5108 qua:
809 5039 916 5094 bibi
957 5054 1064 5094 non
1105 5047 1382 5109 poterant,
1415 5039 1582 5094 misso
1611 5039 1662 5094 in
1689 5053 1814 5108 eas,

229 5129 362 5183 sicut
389 5129 534 5184 Deus
563 5139 892 5199 prteceperat
913 5173 928 5196 ,
961 5131 1106 5200 ligno
1127 5173 1142 5196 ,
1169 5131 1524 5186 amaritudine
1549 5131 1814 5200 caruisse,

229 5217 576 5292 sitientesque
599 5221 824 5276 satiasse
851 5220 960 5293 (Id.
990 5239 1080 5290 xv,
1111 5221 1292 5290 25-25)
1325 5240 1338 5276 :
1367 5237 1558 5278 manna
1583 5223 1820 5278 esurien-

231 5311 370 5368 tibus
393 5315 606 5370 venisse
629 5313 696 5370 de
719 5315 884 5381 coelo;
909 5325 963 5370 et
986 5331 1108 5370 cum
1133 5325 1276 5372 esset
1301 5316 1674 5386 colligentibus
1693 5331 1824 5373 con-

297 5471 316 5500 ⁸
349 5471 421 5540 Sic
439 5469 662 5540 melioris
681 5478 810 5523 noue
835 5481 938 5524 Mss.
965 5481 1020 5524 At
1042 5473 1178 5534 editi,
1197 5487 1290 5539 quo
1305 5487 1392 5526 nec
1409 5488 1598 5540 parere,
1619 5469 1705 5529 nec
1721 5489 1822 5530 esse

229 5531 437 5595 {mdo
457 5533 560 5589 iam
581 5539 754 5595 posset.

296 5593 374 5660 (ᾳ)
393 5595 522 5660 Cont'.
549 5593 710 5660 Euan.
728 5597 778 5644 in
803 5595 924 5646 Psal.
947 5598 1028 5658 90,
1046 5611 1202 5660 serm.
1223 5599 1270 5660 Ξ,
1297 5613 1348 5649 n.
1369 5601 1414 5648 1.

282 5653 444 5762 ((b))‘m
469 5655 555 5704 lib.
579 5657 611 5706 2
649 5665 874 5716 Retract.,
896 5653 1106 5721 cap.'45,
1135 5675 1185 5710 ιι.
1211 5653 1268 5720 2,
1303 5663 1594 5724 augustinus
1619 5677 1631 5712 :
1665 5680 1686 5708 α
1725 5671 1822 5711 Non

321 5727 352 5762 e
405 5723 476 5762 Ill.
501 5733 523 5762 κ
555 5719 730 5762 innuit-
761 5737 784 5762 ι
807 5733 895 5762 nm
929 5721 1160 5762 miraculo
1183 5724 1294 5762 mni
1333 5726 1380 5762 in
1422 5723 1618 5762 Aha-almo
1643 5724 1822 5762 mni-ili-

235 5732 256 5762 ι
282 5718 476 5786 debuit,
501 5733 523 5762 n
555 5719 730 5780 inquit,
747 5737 784 5786 _t_i
807 5733 902 5786 pro
929 5718 1160 5786 miraculo
1183 5718 1294 5784 poni
1333 5718 1398 5772 ἰιῖ
1419 5723 1618 5772 Abrahae
1643 5724 1822 5774 sacriﬁ-

235 5793 258 5822 ι
283 5777 386 5834 cio,
409 5777 646 5827 ﬁanunam
667 5777 860 5830 cmlitus
881 5781 1052 5830 factam
1077 5777 1202 5832 inter
1223 5785 1404 5834 divisas
1425 5786 1638 5834 victimas
1659 5799 1824 5834 cucur-

235 5855 260 5884 ι
283 5839 434 5899 rLsse,
455 5843 680 5903 quoniam
703 5843 796 5896 hoc
817 5842 886 5894 illi
909 5844 960 5892 in
985 5847 1169 5896 visione
1187 5855 1504 5898 monstratum
1529 5857 1622 5898 est.
1647 5863 1668 5890 ι

1595 387 1794 442 [1⁸3Ῑίῐῖ
1837 388 2154 445 DECIMUS.

3399 401 3504 458 9.36

1917 503 2096 556 stituta
2127 519 2393 572 mensura,
2427 506 2678 577 quidquid
2703 509 2931 580 amplius
2955 510 3178 581 quisque
3198 511 3505 582 collrgtrat,

1917 598 2118 650 exortis
2147 599 2415 654 vermibus
2455 603 2752 671 pntruisse;
2788 615 2910 660 ante
2949 607 3088 660 diem
3131 623 3260 662 vero
3303 607 3506 662 sabbati

1916 684 2131 756 duplum
2159 689 2462 756 collectum,
2489 695 2608 761 quia
2636 695 2855 751 sabbato
2881 699 3134 768 colligere
3160 715 3262 753 non
3293 699 3506 768 licebat,

1917 775 2058 830 nulla
2089 781 2372 848 putredine
2399 783 2648 837 violatum
2677 803 2690 839 :
2715 785 3140 844 desiderantibus
3163 805 3322 845 carne
3343 791 3506 858 vesci,

1915 883 2034 938 qua:
2079 879 2226 925 tanto
2271 873 2464 942 populo
2509 877 2650 930 nulla
2695 877 2940 934 sufﬁcere
2989 897 3146 951 posse
3191 883 3506 949 videbatur,

1917 965 2218 1020 volatilibus
2258 975 2430 1022 castra
2475 969 2770 1040 completa,
2811 981 2866 1026 et
2911 975 3214 1044 cupiditatis
3257 975 3504 1030 ardorem

1917 1053 2128 1108 fastidio
2152 1057 2410 1112 satietatis
2425 1059 2746 1114 exstinctum
2771 1061 2961 1132 (Exod.
2979 1081 3095 1130 xvi;
3127 1065 3286 1120 Num.
3311 1083 3388 1134 χι,
3409 1067 3508 1122 51-

1917 1142 2008 1216 54)
2038 1161 2051 1198 :
2083 1147 2271 1202 obvios
2315 1147 2496 1206 hostes
2533 1153 2920 1223 transitumque
2966 1157 3310 1225 prohibentes
3344 1167 3508 1228 atque

1915 1238 2240 1306 prmliantcs,
2263 1253 2450 1296 orante
2471 1243 2674 1315 Moyse,
2699 1245 3050 1316 manibusque
3071 1251 3187 1316 ejus
3209 1249 3262 1306 in
3285 1249 3504 1319 ﬁguram

1915 1329 2092 1383 crucis
2115 1333 2375 1398 extentis,
2409 1334 2556 1388 nullo
2587 1335 2930 1392 Hebraeorum
2959 1339 3184 1394 cadente
3214 1351 3506 1409 prostratos
3535 1359 3546 1364 ·

1917 1415 2122 1490 (Exod.
2151 1437 2278 1490 xvn,
2311 1424 2463 1498 8-16)
2493 1445 2508 1479 :
2536 1427 2821 1484 seditiosos
2849 1431 2901 1483 in
2933 1433 3129 1500 ponqu
3159 1433 3274 1498 Dei,
3302 1449 3364 1488 ac
3389 1450 3508 1488 sesc

1913 1513 1982 1567 ab
2017 1513 2258 1568 ordinata
2293 1515 2545 1572 divinitus
2573 1521 2828 1576 societate
2856 1521 3188 1588 dividentes,
3221 1523 3285 1577 ad
3321 1539 3508 1578 exem-

1913 1606 2060 1676 plum
2087 1609 2292 1664 visibile
2321 1610 2598 1667 invisibilis
2627 1627 2818 1682 pinum,
2849 1615 3000 1670 vivos
3028 1625 3166 1670 terra
3199 1616 3510 1672 dehiscente

1913 1697 2225 1754 submersos
2251 1703 2268 1770 (
2291 1699 2454 1756 Num.
2479 1717 2586 1766 xvi,
2617 1703 2811 1776 9.354)
2839 1724 2850 1758 :
2879 1707 3028 1776 virga
3067 1721 3372 1776 percussam
3411 1723 3508 1778 pe-

1913 1800 2048 1846 tram
2099 1801 2258 1848 tantm
2311 1795 2635 1851 multitudini
2686 1797 3006 1852 abundantia
3063 1797 3260 1853 fluenta
3312 1799 3510 1856 fudisse

1913 1883 2108 1954 (Exod.
2135 1901 2266 1950 xvn,
2291 1886 2344 1952 ϐ,
2371 1887 2436 1952 7;
2465 1885 2626 1941 Num.
2652 1905 2740 1954 xx,
2766 1889 2842 1944 8-1
2859 1888 2910 1962 1)
2933 1907 2945 1942 :
2969 1898 3278 1960 serpentum
3301 1905 3510 1946 morsus

1911 1977 2233 2042 mortifer-os,
2264 1993 2473 2048 pinnam
2495 1979 2866 2050 'justissimam
2893 1991 3256 2051 peccatorum,
3285 1981 3337 2035 in
3365 1981 3509 2051 ligno

1911 2067 2144 2122 cxaltato
2169 2077 2326 2138 atque
2351 2083 2635 2140 prospecto
2661 2085 2813 2126 teneo
2839 2079 3086 2140 serpente
3112 2080 3346 2138 sanatos,
3375 2079 3432 2126 ιιι
3455 2079 3508 2128 ct

1909 2159 2106 2228 p0pu|o
2133 2159 2504 2215 subveniretur
2529 2159 2748 2228 afflicto,
2772 2171 2827 2216 et
2851 2177 2997 2217 mors
3019 2171 3190 2217 morte
3211 2161 3504 2226 destructa,

1911 2247 2056 2302 velut
2083 2249 2348 2304 cruciﬁxus
2377 2251 2565 2306 mortis
2594 2252 2944 2308 similitudine
2980 2253 3282 2324 signaretur
3306 2253 3502 2325 (Nunt.

1912 2355 2026 2408 ut,
2053 2341 2206 2414 6-9)?
2231 2341 2399 2409 Quem
2427 2359 2556 2399 sane
2583 2355 2884 2416 serpentem
2913 2357 3130 2418 propter
3153 2347 3274 2402 facti
3303 2363 3508 2404 memo-

1911 2433 2046 2488 riam
2069 2443 2416 2500 reservatum,
2441 2451 2560 2490 cum
2589 2447 2772 2508 postea
2795 2439 3021 2508 populus
3043 2453 3229 2495 errans
3255 2449 3503 2510 tanquam

1911 2523 2112 2580 idolum
2139 2527 2314 2582 colere
2331 2529 2626 2605 coepisset,
2661 2529 2918 2585 Ezechias
2947 2547 3042 2586 rex
3071 2531 3318 2602 religiosa
3349 2539 3504 2602 pote-

1911 2627 2050 2674 state
2075 2619 2184 2674 Deo
2207 2621 2468 2688 serviens,
2493 2639 2613 2677 cum
2637 2639 2825 2694 magna
2851 2624 3062 2696 pictatis
3083 2625 3236 2680 laude
3256 2625 3506 2682 contrivit

1915 2709 2014 2784 (IV
2047 2709 2170 2782 Reg.
2205 2727 2356 2774 xvm,
2385 2711 2464 2784 4).

1909 2823 2136 2880 CAPUT
2177 2825 2268 2880 IX.
2296 2856 2368 2864 —
2387 2825 2462 2880 De
2503 2827 2694 2880 illicitis
2737 2828 2931 2882 artibus
2953 2843 3072 2898 erga
3097 2828 3378 2882 dmmonum
3399 2827 3508 2880 cul-

1982 2925 2108 2982 tum,
2141 2918 2193 2969 in
2220 2915 2394 2986 quibus
2432 2915 2755 2990 Porphyrius
2783 2917 3104 2986 Platonicus,
3135 2919 3364 2989 qua'dam
3391 2934 3508 2988 pro—

1981 3009 2169 3078 bando,
2197 3013 2429 3083 qua'dam
2449 3015 2596 3085 quasi
2614 3013 2980 3086 improbando,
3011 3023 3255 3068 versatur.

1981 3125 2036 3178 1.
2085 3123 2210 3180 llaec
2257 3133 2312 3180 et
2367 3127 2468 3182 alia
2517 3129 2682 3182 multa
2747 3125 3148 3196 hujuscemodi,
3197 3139 3316 3194 quas
3385 3139 3506 3180 om-

1912 3215 1996 3274 nia
2019 3231 2440 3274 commemorare
2467 3218 2628 3272 nimis
2655 3219 2868 3288 longum
2897 3225 3000 3282 est,
3029 3216 3226 3272 ﬁebant
3261 3214 3328 3270 ad
3353 3229 3504 3270 com-

1909 3307 2270 3364 mendandum
2323 3308 2478 3364 unius
2519 3308 2612 3362 Dei
2663 3307 2774 3362 veri
2827 3307 3062 3374 cultum,
3111 3315 3164 3361 et
3209 3306 3499 3360 multorum

1909 3399 2272 3472 falsorumque
2347 3399 2762 3472 prohibendum.
2841 3398 3064 3454 Fiebaut
3122 3403 3302 3452 autem
3370 3395 3503 3449 sim-

1910 3492 2034 3564 plici
2073 3491 2180 3548 ﬁde
2233 3501 2390 3562 atque
2439 3490 2632 3546 ﬁducia
2681 3491 2914 3562 pietatis,
2961 3503 3066 3544 non
3125 3486 3502 3542 incantationi-

1909 3583 2010 3638 bus
2039 3591 2094 3638 et
2119 3583 2446 3638 carminibus
2487 3583 2702 3638 nefaria:
2731 3581 3060 3638 curiositatis
3085 3589 3202 3636 arte
3227 3579 3504 3648 composi-

1911 3675 2000 3740 tis,
2027 3689 2188 3745 quam
2213 3673 2298 3728 vel
2319 3675 2570 3744 magiam,
2597 3672 2682 3730 vel
2711 3671 3108 3728 detestabiliore
3131 3670 3350 3724 nomine
3375 3683 3502 3738 goe-

1913 3765 2064 3830 tiam,
2123 3764 2212 3820 vel
2259 3763 2660 3820 honorabiliore
2713 3762 3008 3832 theurgiam
3047 3767 3240 3816 vocant
3289 3757 3364 3832 (α)
3411 3759 3508 3829 qui

1913 3857 2068 3928 quasi
2092 3863 2354 3912 conantur
2381 3857 2480 3912 ista
2511 3855 2842 3922 discernere,
2864 3863 2920 3910 et
2947 3854 3146 3932 illicitis
3171 3853 3378 3909 artibus
3407 3853 3504 3910 de-

1911 3947 2054 4004 ditos
2081 3947 2215 4002 alios
2239 3946 2572 4004 damnabiles
2593 3988 2610 4014 ,
2637 3961 2772 4018 quos
2795 3955 2848 4002 et
2890 3945 3166 4002 maleﬁcos
3193 3944 3384 4015 vulgus
3409 3957 3506 4014 ap-

1911 4039 2076 4112 pellat
2101 4040 2118 4110 (
2141 4040 2240 4094 hos
2266 4039 2408 4096 enim
2433 4039 2500 4094 ad
2529 4039 2758 4110 goetiam
2779 4039 3050 4110 pertinere
3077 4037 3262 4092 dicunt
3285 4035 3304 4108 )
3327 4053 3344 4104 ;
3367 4036 3504 4092 alios

1913 4137 2090 4184 autem
2119 4129 2414 4186 laudabiles
2433 4129 2600 4184 videri
2625 4129 2830 4198 volunt,
2859 4129 3052 4200 quibus
3081 4129 3379 4200 theurgiam
3406 4127 3504 4184 de-

1913 4233 2140 4296 putant;
2165 4240 2286 4280 cum
2311 4225 2422 4280 sint
2445 4225 2656 4296 utrique
2675 4225 2862 4280 ritibus
2887 4223 3167 4280 fallacibus
3189 4223 3496 4280 daemonum

1914 4317 2152 4373 obstricti
2182 4317 2283 4374 sub
2323 4317 2630 4374 nominibus
2657 4317 2969 4388 angelorum
2997 4317 3041 4370 ³.
3407 4391 3410 4394 _

1984 4409 2039 4464 2.
2069 4409 2203 4464 Nam
2225 4417 2278 4464 et
2307 4408 2635 4481 Porphyrius
2660 4407 2942 4478 quamdam
2962 4407 3114 4478 quasi
3135 4407 3506 4478 purgationem

1915 4505 2105 4560 anima:
2119 4519 2212 4574 per
2233 4503 2550 4574 theurgiam,
2573 4509 2886 4558 cunctanter
2907 4509 3082 4556 tamen
3111 4509 3168 4555 et
3191 4495 3502 4568 pudibunda

1916 4594 2310 4666 quodammodo
2361 4594 2720 4664 disputatione
2786 4590 3083 4662 promittit;
3137 4589 3506 4646 reversionem

1915 4703 2046 4743 vero
2069 4687 2137 4742 ad
2169 4687 2332 4742 Deum
2359 4687 2496 4742 hanc
2517 4695 2686 4741 artem
2725 4695 2981 4757 prmstare
3016 4686 3260 4756 cuiquam
3303 4691 3460 4754 negat
3487 4699 3504 4738 :

1917 4789 1979 4836 ut
2003 4779 2188 4835 videas
2225 4793 2346 4834 eum
2389 4779 2530 4834 inter
2569 4777 2756 4832 vitium
2787 4777 3058 4850 sacrilega
3095 4775 3416 4832 curiositatis
3451 4780 3506 4826 et

1919 4871 2271 4942 philosophia:
2341 4869 2730 4942 professionem
2791 4870 3068 4926 sententiis
3119 4863 3506 4922 alternantibus

1921 4962 2196 5018 ﬂuctuare.
2227 4961 2378 5016 Nunc
2416 4963 2557 5017 enim
2603 4961 2740 5016 hanc
2767 4971 2934 5017 artem
2984 4969 3230 5028 tanquam
3261 4956 3506 5009 fallacem

1923 5067 1978 5114 et
2007 5057 2059 5112 in
2089 5057 2202 5128 ipsa
2231 5057 2438 5111 actione
2465 5056 2818 5126 periculosam
2845 5063 2897 5110 et
2923 5053 3126 5124 legibus
3157 5047 3506 5118 prohibitam,

1923 5139 2218 5206 cavendam
2249 5157 2432 5205 monet
2457 5149 2535 5220 (b)
2567 5167 2580 5202 :
2623 5163 2766 5204 nunc
2793 5155 2966 5202 autem
2997 5142 3142 5198 velut
3177 5139 3294 5212 ejus
3319 5139 3508 5194 lauda-

1989 5353 2008 5386 ί
2041 5351 2178 5410 Editi,
2201 5350 2436 5402 immissos
2469 5349 2535 5400 ad
2569 5360 2776 5414 pomum.
2801 5347 2968 5408 Abest,
2985 5343 3222 5396 inmissos
3243 5343 3327 5405 ad,
3351 5355 3380 5392 a
3415 5355 3516 5392 ma-

1924 5415 2198 5476 nuscriptis.

1989 5479 2010 5509 ι
2043 5473 2124 5525 llic
2145 5475 2310 5537 incipit
2331 5480 2476 5537 caput
2495 5485 2674 5524 nonum
2695 5473 2744 5521 in
2763 5477 2870 5522 Mss.

1991 5537 2064 5600 (α)
2091 5531 2265 5596 ϐοειὰί,
2289 5531 2452 5600 genus
2481 5537 2653 5600 magis:
2689 5541 2768 5584 est
2800 5545 2913 5600 qtae
2953 5531 3006 5582 ﬁt
3040 5544 3131 5600 per
3167 5531 3513 5600 excitationem

1927 5593 2244 5656 mortuorum,
2255 5593 2334 5648 'sic
2355 5599 2482 5646 dicta
2503 5609 2530 5644 a
2555 5593 2746 5658 planctu
2762 5593 2894 5658 circa
2917 5593 3416 5658 sepulcra,71'heurgiu
3434 5605 3522 5640 vc-.

1927 5675 2002 5719 ro,
2023 5662 2160 5724 quasi
2183 5657 2604 5724 divil'taol‘ieratio,
2631 5657 2903 5724 appellatur
2926 5669 2982 5706 ea
3002 5669 3096 5720 qua
3111 5657 3178 5706 dii
3201 5668 3308 5724 seu
3330 5657 3513 5724 duapo-

1930 5715 2020 5770 ues
2035 5715 2186 5770 certis
2207 5715 2446 5769 sacriﬁciis
2461 5727 2514 5770 et
2523 5715 2846 5780 etcreuioniis,
2869 5715 3162 5782 paganorum
3183 5716 3409 5780 opinione
3425 5715 3514 5762 bo-

1931 5785 2020 5842 uis,
2047 5785 2344 5842 invocantur.

2001 5845 2071 5908 (b)
2099 5845 2212 5892 \‘i'le
2230 5841 2368 5904 infra,
2393 5855 2498 5904 cap.
2525 5841 2603 5892 ‘28.
