4064 6470
535 351 640 413 η’)

539 474 750 533 toribus
792 477 1014 546 cedens,
1062 484 1247 534 utttem
1290 482 1422 533 dicit
1470 490 1587 534 esse
1626 476 1949 533 mundandae
1995 476 2128 547 parti

539 567 735 623 animae
754 607 772 635 ,
803 583 910 624 non
940 567 1152 639 quidem
1200 568 1565 637 intellectuali,
1598 584 1703 640 qua
1730 584 1909 625 rerum
1941 569 2132 625 intelli-

444 720 450 729 ι
540 657 782 729 gibilium
809 654 1107 731 percipitur
1125 661 1322 717 veritas
1347 702 1365 729 ,
1397 662 1571 717 nullas
1598 662 1908 718 habentium
1939 663 2131 719 simili-

540 748 755 805 tudines
801 764 1116 819 corporum;
1165 750 1261 806 sed
1299 751 1583 822 spirituali,
1614 766 1717 823 qua
1771 753 2128 823 corporalium

535 854 718 895 rerum
756 840 1040 909 capiuntur
1081 842 1340 913 imagines
1389 841 1488 917 (a).
1520 844 1670 899 lianc
1697 845 1840 900 enim
1877 844 2009 900 dicit
2035 860 2132 915 per

538 927 799 998 quasdam
827 933 1262 988 consecrationes
1291 933 1625 1004 theurgieas,
1657 948 1790 1005 quas
1827 933 2015 990 teletas
2056 933 2129 1008 (b)

535 1028 751 1088 vocant,
792 1021 1038 1078 idoneam
1067 1023 1180 1079 ﬁeri
1206 1033 1365 1096 atque
1403 1034 1580 1096 aptam
1622 1027 1943 1097 susceptioni
1970 1026 2131 1095 spiri-

538 1120 690 1167 tuum
717 1122 775 1168 et
801 1113 1150 1185 Angelorum,
1180 1117 1263 1172 et‘
1286 1115 1353 1172 ad
1382 1117 1641 1174 videndos
1660 1118 1811 1174 deos.
1840 1119 1918 1173 Ex
1938 1119 2130 1189 quibus

536 1214 717 1261 tamen
764 1206 1054 1278 theurgicis
1098 1208 1271 1265 teletis
1320 1209 1513 1265 fatetur
1546 1210 1890 1267 intellectuali
1937 1211 2129 1267 anima:

535 1298 672 1353 nihil
705 1300 1035 1370 purgationis
1062 1302 1336 1372 accedere,
1368 1304 1509 1375 quod
1536 1320 1654 1362 eam
1684 1305 1840 1361 faciat
1881 1304 2127 1362 idoneam

538 1388 607 1445 ad
634 1390 923 1447 videndum
977 1395 1146 1449 Deum
1194 1410 1369 1462 suum,
1421 1405 1476 1452 et
1512 1397 1881 1468 perspicienda
1919 1414 1982 1454 ea
2010 1415 2129 1471 qua:

534 1494 667 1537 vere
687 1490 813 1537 sunt
838 1484 880 1537 ⁸.
915 1483 995 1539 Ex
1023 1501 1130 1556 quo
1155 1486 1375 1558 intelligi
1414 1496 1613 1559 potest,
1642 1490 1877 1559 qualium
1904 1490 2126 1546 deorum

537 1573 625 1627 vel
654 1573 868 1642 qualem
897 1575 1156 1632 visionem
1196 1577 1309 1633 fieri
1335 1577 1475 1633 dicat
1515 1578 1805 1651 theurgicis
1847 1596 2132 1641 consecra-

535 1662 796 1734 tionibus,
829 1666 881 1720 in
910 1682 1013 1738 qua
1055 1683 1160 1724 non
1188 1682 1249 1726 ea
1277 1669 1525 1729 videntur
1548 1690 1669 1746 qua:
1692 1691 1820 1732 vere
1849 1684 1993 1732 sunt.
2022 1676 2129 1733 De-

536 1753 701 1826 nique
728 1756 960 1815 animam
998 1761 1336 1830 rationalem,
1361 1763 1477 1819 sive
1502 1764 1643 1835 quod
1682 1766 1856 1837 magis
1880 1778 2022 1822 amat
2048 1766 2129 1821 di-

534 1858 685 1915 cere,
713 1846 1145 1918 intcllectualem,
1172 1852 1225 1907 in
1248 1867 1480 1923 superna
1497 1854 1519 1885 ³
1547 1869 1704 1925 posse
1725 1854 1850 1911 dicit
1872 1857 2122 1922 evadere,

538 1939 753 1996 etiamsi
780 1941 923 2011 quod
948 1942 1063 2013 ejus
1092 1943 1372 2015 spirituale
1399 1955 1504 2015 est,
1536 1948 1679 2003 nulla
1708 1948 1980 2020 theurgica
2012 1950 2127 2006 fue-

533 2029 608 2085 rit
630 2037 747 2084 arte
794 2040 1073 2102 purgatum
1108 2051 1123 2089 :
1153 2049 1317 2106 porro
1345 2045 1522 2092 autem
1547 2052 1577 2091 a
1607 2038 1830 2110 theurgo
1874 2040 2127 2110 spiritua-

534 2121 645 2178 lem
674 2126 890 2196 purgari
914 2125 1192 2194 hactenus,
1221 2136 1283 2184 ut
1309 2144 1416 2185 non
1437 2146 1505 2185 ex
1532 2129 1637 2186 hoc
1659 2131 1725 2187 ad
1755 2132 2126 2188 immortalita-

533 2220 647 2270 tem
690 2218 1155 2289 teternitatemque
1210 2221 1513 2291 perveniat.
1577 2223 1895 2293 Quanquam
1949 2225 2128 2296 itaque

533 2304 808 2361 discernat
829 2322 860 2362 a
884 2307 1219 2366 dzemonibus
1261 2313 1516 2382 Angelos,
1553 2313 1697 2369 aeria
1722 2329 1842 2370 esse
1871 2315 1988 2370 loca
2017 2316 2128 2372 dte-

531 2410 777 2463 monum,
808 2397 1030 2455 :etberia
1061 2401 1149 2456 vel
1174 2396 1431 2474 empyrea
1480 2404 1751 2461 disserens
1776 2405 2124 2476 Angelorum,

532 2495 589 2543 ct
607 2486 893 2545 admoneat
920 2492 1175 2549 utendum
1198 2495 1423 2566 alicujus
1448 2496 1715 2553 daemonis
1739 2499 1992 2568 amicitia,
2019 2515 2126 2571 quo

534 2578 886 2638 subvectante
914 2583 997 2638 vel
1028 2585 1302 2655 paululum
1328 2591 1496 2657 possit
1523 2588 1723 2645 elevari
1751 2604 1781 2644 a
1809 2598 1951 2646 terra
1979 2593 2129 2663 quis-

533 2682 641 2739 que
668 2679 788 2740 post
814 2681 1066 2742 mortem,
1091 2674 1251 2730 aliam
1281 2691 1409 2731 vero
1434 2677 1574 2732 viam
1596 2692 1717 2734 esse
1746 2679 2031 2750 perhibeat
2057 2682 2123 2737 ad

532 2762 861 2833 Angelorum
883 2778 1113 2835 superna
1134 2769 1403 2823 consortia
1439 2787 1453 2825 :
1483 2771 1776 2826 cavendam
1808 2780 1987 2828 tamen
2015 2773 2126 2829 dae-

534 2867 755 2909 monum
803 2856 1111 2913 societatem
1157 2874 1408 2929 expressa
1468 2862 1864 2932 quodammodo
1918 2864 2128 2921 confes-

532 2944 688 3001 sione
710 2955 955 3015 testatur,
995 2949 1085 3005 ubi
1109 2949 1238 3007 dicit
1269 2951 1499 3007 animam
1530 2961 1652 3023 post
1674 2964 1899 3011 mortem
1929 2957 2125 3013 luendo

532 3049 743 3107 pinnas,
767 3039 968 3095 cultum
991 3039 1299 3097 daemonum
1331 3057 1359 3096 a
1389 3043 1581 3114 quibus
1606 3044 2127 3104 circumveniebatur

535 3126 888 3198 horrescere;
921 3132 1199 3204 ipsamque
1228 3133 1548 3205 theurgiam,
1581 3150 1741 3206 quam
1768 3137 1918 3194 velut
1940 3141 2125 3195 conci-

533 3221 794 3278 liatriccm
841 3223 1169 3295 Angelorum
1207 3225 1539 3298 deorumque
1575 3229 1934 3298 commendat,
1983 3224 2122 3301 apud

534 3312 669 3369 tales
689 3328 850 3385 agere
888 3324 1181 3386 potestates
1227 3332 1424 3389 negare
1472 3334 1582 3374 non
1627 3322 1820 3391 potuit,
1871 3337 1991 3392 qua:
2035 3323 2122 3377 vel

531 3401 666 3472 ipsa:
687 3402 757 3475 (ο)
789 3405 1060 3461 invideant
1085 3407 1385 3477 purgationi
1412 3410 1626 3475 animm,
1656 3411 1739 3466 vel
1768 3411 1973 3466 artibus
2000 3428 2119 3467 ser-

532 3492 681 3549 viant
705 3494 1025 3562 invidorum,
1056 3497 1329 3568 querelam
1356 3498 1425 3554 de
1454 3499 1554 3555 hac
1587 3514 1647 3556 re
1672 3499 1909 3556 Chaldaei
1940 3505 2124 3559 nescio

531 3584 686 3655 cujus
702 3599 1066 3656 cxpromens:
1098 3586 1449 3658 Conqueritur,
1473 3588 1662 3661 inquit,
1696 3591 1774 3645 vir
1803 3593 1856 3647 in
1880 3592 2122 3648 Clmldwa

534 3675 714 3744 bonus,
744 3677 1024 3748 purganda:
1048 3679 1234 3733 anima:
1249 3681 1509 3752 magnoin
1526 3678 1548 3712 ’⁵
1570 3681 1827 3736 molimine
1848 3685 2123 3755 frustratos

533 3769 628 3823 sibi
648 3785 755 3824 esse
769 3786 1047 3839 successus,
1078 3788 1192 3827 cum
1216 3774 1294 3828 vir
1317 3774 1386 3828 ad
1416 3775 1593 3829 eadem
1614 3786 1791 3847 potens
1813 3786 1976 3831 tactus
1995 3778 2122 3833 invi-

533 3860 623 3915 dia
657 3862 920 3932 adjuratas
950 3865 1109 3920 sacris
1151 3866 1380 3937 precibus
1428 3870 1679 3940 potentias
1712 3870 1971 3942 alligasset
1990 3915 2005 3939 ,
2060 3889 2123 3928 ne

534 3954 790 4025 postulata
822 3957 1167 4012 concederent.
1211 3958 1350 4030 Ergo
1386 3968 1433 4014 et
1474 3961 1648 4031 ligauit
1690 3961 1815 4030 ille,
1851 3962 2040 4035 inquit,
2077 3974 2122 4017 et

533 4047 631 4102 iste
658 4063 760 4102 non
779 4048 945 4103 solvit.
987 4052 1106 4117 Quo
1136 4050 1330 4106 indicio
1356 4052 1490 4108 dixit
1534 4068 1793 4125 apparere
1829 4056 2120 4128 theurgiam

531 4150 655 4193 esse
679 4145 785 4194 tam
816 4139 942 4196 boni
969 4142 1283 4199 conficiendi
1325 4160 1483 4215 quam
1509 4147 1634 4201 mali
1659 4155 1713 4202 et
1749 4149 1890 4218 apud
1916 4150 2045 4206 deos
2070 4160 2124 4206 ct

533 4227 676 4297 apud
723 4228 969 4288 homines
1011 4232 1388 4305 disciplinam;
1429 4237 1540 4306 pati
1585 4237 1745 4292 etiam
1775 4238 1927 4307 deos,
1963 4251 2017 4295 et
2053 4242 2120 4297 ad

533 4317 654 4375 illas
684 4322 1114 4390 perturbationes
1152 4326 1534 4398 passionesque
1563 4326 1776 4398 deduci,
1808 4346 1941 4403 quas
1976 4346 2122 4388 com-

531 4411 770 4468 muniter
795 4412 1128 4470 daemonibus
1165 4424 1222 4472 et
1245 4415 1550 4474 hominibus
1576 4420 1834 4491 Apuleius
1859 4423 2119 4491 attribuit,

532 4500 667 4561 deos
708 4514 882 4561 tamen
923 4506 991 4563 ab
1029 4507 1109 4563 eis
1150 4508 1388 4567 aetheriae
1429 4512 1575 4568 sedis
1630 4513 1913 4572 altitudine
1962 4531 2120 4588 sepa-

531 4609 681 4663 rans,
723 4606 777 4653 et
822 4597 1059 4657 Platonis
1103 4616 1354 4660 asserens
1398 4604 1451 4660 in
1497 4605 1587 4661 illa
1632 4605 1955 4666 discretione
1996 4625 2122 4666 sen-

535 4689 779 4746 tentiam.

597 4894 623 4968 ι.
650 4893 735 4968 ille
754 4893 875 4945 editi
897 4895 1140 4959 omittunt,
1177 4904 1257 4961 et;
1295 4898 1425 4963 quod
1463 4898 1690 4968 plerique
1726 4901 1911 4956 habent
1949 4917 2120 4956 manu-

937 5033 1089 5096 prope
1126 5030 1236 5096 tttss.
1273 5022 1485 5096 at.editt_
1519 5024 1613 5096 hoc
1629 5026 1979 5096 tantumloco,
2008 5041 2123 5080 vera

532 5084 660 5154 annt,
685 5088 865 5142 praeter
882 5088 954 5133 Er.
979 5085 1061 5148 qui
1097 5085 1256 5136 altero
1288 5086 1434 5135 etiam
1470 5087 1594 5137 infra
1629 5088 1734 5139 loco
1770 5090 1935 5154 habet,
1967 5084 2120 5154 'vera,

534 5152 810 5280 alii:
824 5205 876 5256 in
897 5220 1015 5280 sua;
1038 5211 1204 5272 paucis
1226 5211 1448 5274 exceptis
1468 5213 1553 5276 qui
1589 5211 1793 5274 habent,
1825 5212 2040 5280 ίηδαΡεν·
2060 5239 2123 5253 ····

532 5266 685 5327 Nostri
707 5268 916 5327 codices,
947 5266 1003 5319 in
1018 5266 1124 5321 sua.
1213 5281 1269 5322 Μ.

596 5324 620 5357 δ
652 5328 724 5375 Sic
748 5336 852 5378 Mss.
880 5324 935 5381 at
950 5333 1087 5394 editi,
1110 5348 1284 5399 magno
1299 5333 1556 5396 molimine,
1574 5336 1762 5400 absque
1781 5336 2029 5399 mrticula,
2047 5336 2118 5389 in.

596 5407 671 5470 (α)
687 5412 995 5479 ,Ρθῑξῇωξιθῐη
1016 5417 1066 5465 in
1090 5417 1177 5467 lib.
1206 5419 1262 5468 l2
1279 5419 1344 5469 de
1380 5420 1555 5468 Genesi
1578 5419 1639 5469 ad
1676 5423 1804 5479 t.itt.,
1824 5431 1908 5468 nn.
1932 5420 2012 5477 50,
2038 5421 2119 5479 5i,

535 5470 763 5545 repefies
783 5471 1157 5545 distinctionem,
1178 5479 1366 5531 scilicet
1400 5481 1599 5532 visionis
1636 5470 2119 5545 intellectualis,'spi1

536 5531 739 5596 tibialis.
766 5540 821 5596 et
840 5539 1117 5596 corporalis.

598 5592 900 5671 {Qljcletaﬁ
922 5592 1163 5671 vocabant
1194 5602 1497 5664 expiationes
1541 5610 1592 5656 et
1625 5606 1855 5658 sacriﬁcia
1898 5603 2119 5671 quaedam

535 5653 775 5720 perfecta,
795 5653 972 5720 quibus
993 5661 1110 5711 nihil
1133 5653 1352 5714 deesset.

600 5716 672 5780 (c)
695 5716 859 5780 Forte,

1606 357 1695 414 DE
1731 354 2053 413 CIVITATE
2093 355 2226 423 DEI,
2265 352 2322 413 S.
2364 357 2726 419 AUGUSTINI

3725 374 3831 436 ξ88

2246 474 2485 535 CAPUT
2526 479 2593 534 X.
2623 510 2696 522 -
2722 479 2800 534 De
2844 479 3092 552 thenrgia,
3123 500 3235 553 qum
3263 485 3447 557 falsam
3478 491 3829 563 purgationem

2456 572 2643 626 animis
2670 572 2956 627 daemonum
2995 574 3311 632 invocatione
3347 581 3612 647 promittit.

2312 685 2452 740 Ecce
2476 701 2619 741 nunc
2661 688 2796 741 alius
2842 687 3166 758 Platonicus,
3212 707 3369 763 quem
3412 693 3707 751 doctiorem
3756 697 3832 753 fe-

2238 785 2384 844 runt,
2409 777 2755 850 Porphyrius,
2783 794 2879 848 per
2907 781 3087 836 nescio
3110 796 3269 852 quam
3296 785 3623 855 theurgicam
3657 788 3825 844 disci-

2238 868 2437 938 plinam
2475 869 2635 924 etiam
2681 870 2827 939 ipsos
2872 870 3003 925 deos
3057 873 3343 929 obstrictos
3388 875 3729 945 passionibus
3775 889 3832 934 et

2238 958 2723 1027 perturbationibus
2763 960 2929 1016 dicit:
2960 962 3211 1032 quoniam
3244 966 3416 1021 sacris
3456 968 3704 1036 precibus
3730 968 3830 1024 ad-

2231 1052 2398 1122 jurari
2449 1054 2745 1124 terrerique
2797 1064 3103 1124 potuerunt,
3155 1071 3221 1112 ne
3265 1067 3583 1127 praestarent
3633 1061 3841 1141 aninth

2235 1144 2624 1212 purgationem,
2655 1154 2710 1199 et
2736 1145 2806 1200 ita
2837 1147 3025 1202 terreri
3067 1147 3134 1201 ab
3183 1163 3249 1203 eo
3273 1150 3362 1220 qui
3394 1150 3687 1220 imperabat
3716 1167 3831 1206 ma-

2237 1231 2371 1301 lum,
2414 1245 2473 1288 ut
2513 1234 2581 1289 ab
2618 1234 2710 1290 illo
2737 1237 2825 1307 qui
2882 1238 3135 1307 poscebat
3180 1238 3400 1308 bonum,
3447 1256 3540 1311 per
3580 1242 3828 1297 eamdem

2234 1334 2403 1382 artem
2429 1326 2755 1398 tbeurgicam
2785 1329 2920 1384 solvi
2945 1330 3036 1385 illo
3062 1331 3258 1388 timore
3280 1348 3386 1388 non
3415 1344 3658 1405 possent,
3678 1343 3735 1394 et
3757 1335 3851 1413 ad;

2234 1418 2465 1475 dandum
2494 1420 2810 1476 beneficium
2837 1423 3053 1479 liberari
3076 1424 3176 1496 (a).
3198 1423 3329 1493 Quis
3376 1442 3482 1483 non
3514 1431 3687 1486 videat
3714 1411 3841 1488 haec.

2233 1512 2413 1569 omnia
2444 1510 2713 1570 fallaciam
2739 1514 3042 1572 dzemonum
3087 1534 3209 1575 esse
3240 1532 3565 1585 commenta,
3599 1524 3699 1578 nisi
3724 1539 3824 1580 eo-

2233 1620 2350 1660 rum
2382 1606 2713 1662 miserrimus
2754 1622 2944 1663 servus
2997 1618 3052 1665 et
3093 1612 3317 1681 agratia
3357 1613 3471 1667 veri
3522 1614 3830 1672 liberatoris

2232 1695 2475 1750 alienus?
2508 1696 2639 1752 Nam
2686 1698 2732 1753 si
2778 1698 2893 1754 haec
2927 1699 3066 1768 apud
3113 1700 3245 1757 deos
3294 1713 3579 1774 agerentur
3633 1706 3828 1772 bonos,

2233 1786 2355 1858 plus
2397 1787 2471 1841 ibi
2522 1789 2703 1858 utique
2746 1790 2947 1845 valeret
3001 1790 3274 1848 beneﬁcus
3320 1808 3573 1864 purgator
3607 1798 3827 1874 animae,

2234 1891 2392 1947 quam
2433 1878 2727 1936 malevolus
2775 1880 3078 1951 impeditor.
3124 1884 3230 1937 Aut
3253 1884 3296 1938 si
3336 1884 3439 1939 diis
3458 1886 3615 1954 justis
3642 1874 3827 1954 homo,

2234 1982 2331 2038 pro
2357 1983 2463 2038 quo
2488 1971 2763 2041 agebatur,
2788 1972 3102 2043 purgatione
3127 1974 3405 2029 videbatur
3426 1976 3693 2047 indignus,
3720 1996 3831 2034 non

2235 2057 2420 2127 utique
2443 2059 2512 2113 ab
2535 2059 2714 2116 invido
2740 2062 2930 2128 territi,
2955 2077 3071 2129 nec,
3104 2063 3242 2118 sicut
3265 2065 3377 2134 ipse
3404 2065 3568 2130 dicit,
3596 2083 3688 2136 per
3718 2085 3832 2148 ipe-

2233 2159 2347 2206 tum
2371 2151 2679 2209 valentioris
2701 2156 2938 2212 numinis
2961 2157 3228 2228 impediti,
3251 2159 3344 2214 sed
3362 2159 3564 2229 judicio
3590 2138 3832 2216 libero'id

2232 2259 2430 2313 negare
2457 2244 2779 2302 debuerunt.
2812 2248 3002 2304 Mirum
3029 2260 3112 2306 est
3139 2261 3317 2306 autem
3352 2294 3368 2318 ,
3395 2252 3539 2323 quod
3566 2253 3832 2324 benignus

2231 2332 2325 2390 ille
2352 2334 2654 2403 Chaldaeus,
2700 2340 2792 2409 qui
2830 2340 3122 2412 theurgicis
3148 2343 3317 2398 sacris
3339 2345 3574 2399 animam
3600 2361 3833 2416 purgare

2230 2429 2497 2499 cupiebat,
2529 2446 2635 2486 non
2667 2433 2872 2489 invenit
2895 2435 3126 2502 aliquem
3164 2437 3496 2507 superiorem
3524 2436 3702 2503 deum,
3736 2441 3832 2509 qui

2230 2521 2314 2576 vel
2341 2521 2460 2591 plus
2488 2530 2714 2578 terreret
2736 2534 2896 2595 atque
2913 2524 2978 2580 ad
3004 2525 3446 2583 benefaciendum
3474 2538 3693 2599 cogeret
3722 2538 3831 2584 ter-

2230 2612 2363 2667 ritos
2388 2612 2538 2680 deos,
2565 2614 2649 2668 vel
2670 2615 2738 2670 ab
2760 2616 2840 2670 eis
2856 2625 3146 2672 terrentem
3163 2628 3531 2688 compesceret
3548 2630 3630 2687 ,ut
3652 2620 3832 2676 libere

2230 2706 2606 2764 benefacerent
2644 2711 2725 2764 :si
2755 2712 2771 2742 ι
2805 2719 2981 2766 tamen
3030 2711 3253 2782 theurgo
3279 2713 3421 2767 bono
3460 2729 3611 2768 sacra
3638 2713 3833 2773 defue-
3865 2774 3875 2786 α

2229 2808 2372 2867 runt,
2390 2801 2743 2873 quibusipsos
2768 2802 2917 2868 deos,
2945 2819 3079 2874 quos
3105 2804 3385 2859 invocabat
3408 2805 3601 2860 anima:
3626 2821 3832 2877 purga-

2231 2900 2394 2959 tores,
2422 2894 2570 2963 prius
2598 2894 2666 2948 ab
2692 2894 2780 2948 illa
2808 2895 3014 2949 timoris
3034 2906 3184 2964 peste
3219 2905 3486 2966 purgaret.
3512 2896 3651 2964 Quid
3681 2898 3830 2953 enim

2223 2999 2405 3039 causa:
2439 2993 2539 3050 est,
2587 3001 2683 3041 cur
2727 2985 2861 3041 deus
2889 2988 3156 3056 potentior
3184 2988 3426 3043 adhiberi
3467 2992 3636 3058 possit
3662 3005 3693 3043 a
3720 2995 3859 3060 quo"-

2229 3081 2554 3143 terreantur,
2585 3089 2683 3130 nec
2710 3077 2877 3146 possit
2896 3092 2925 3131 a
2951 3092 3057 3147 quo
3087 3078 3425 3148 purgentur?
3450 3080 3529 3133 An
3559 3080 3834 3137 invenitur

2229 3164 2361 3220 deus
2383 3167 2473 3238 qui
2499 3166 2748 3222 exaudiat
2772 3168 3028 3235 invidum,
3056 3178 3111 3224 et
3128 3170 3371 3224 timorem
3396 3169 3502 3225 diis
3522 3171 3743 3227 incutiat
3759 3189 3833 3229 ne

2229 3258 2591 3324 benefaciant;
2619 3275 2718 3316 nec
2746 3261 3009 3317 invenitur
3032 3263 3171 3317 Deus
3195 3263 3285 3333 qui
3312 3264 3560 3318 exaudiat
3589 3264 3833 3321 benevo-

2228 3349 2354 3418 lum,
2382 3358 2438 3405 et
2458 3351 2698 3407 timorem
2728 3352 2831 3408 diis
2857 3355 3060 3410 auferat
3096 3364 3153 3410 ut
3173 3354 3548 3411 benefaciant?
3575 3357 3621 3411 0
3652 3359 3843 3414 ώσω-⁷

2225 3442 2309 3511 gia
2346 3443 2597 3512 praeclara
2622 3444 2635 3498 l
2665 3459 2698 3498 ο
2720 3445 2910 3499 anima:
2936 3446 3271 3516 prmdieanda
3290 3449 3567 3518 purgatio!
3593 3450 3679 3504 ubi
3707 3451 3831 3520 plus

2228 3536 2453 3606 imperat
2492 3537 2763 3593 immunda
2805 3537 3115 3604 invidentia,
3138 3554 3296 3609 quam
3319 3541 3834 3611 impetratpurabe—

2227 3627 2511 3683 neftcentia
2542 3645 2557 3683 :
2588 3629 2694 3684 imo
2725 3644 2858 3684 vero
2897 3629 3250 3699 malignorum
3280 3631 3558 3700 Spirituum
3586 3634 3830 3689 cavenda

2225 3729 2280 3775 et
2302 3719 2611 3776 detestanda
2633 3721 2863 3785 fallacia,
2884 3730 2939 3776 et
2961 3721 2982 3752 ¹
2998 3722 3247 3776 salutaris
3264 3723 3525 3778 audienda
3548 3724 3826 3781 doctrina.

2226 3811 2376 3879 Quod
2402 3813 2542 3867 enim
2570 3812 2660 3883 qui
2690 3812 2786 3868 has
2807 3813 3049 3868 sordidas
3077 3815 3420 3884 purgationes
3441 3817 3719 3887 sacrilegis
3743 3820 3828 3872 ri-

2228 3904 2368 3958 tibus
2393 3913 2702 3974 operantur,
2731 3904 2987 3975 quasdam
3019 3906 3338 3961 mirabiliter
3358 3907 3608 3977 pulchras
3635 3952 3651 3975 ,
3679 3911 3829 3967 sicut

2226 3995 2327 4051 iste
2391 4006 2820 4063 commemorat,
2874 3998 2960 4052 vel
3012 3998 3335 4068 Angelorum
3408 4000 3670 4070 imagines
3738 4006 3827 4060 vel

2225 4087 2444 4142 deorum
2476 4129 2492 4154 ,
2526 4096 2774 4158 tanquam
2815 4097 3041 4159 purgato
3091 4089 3285 4160 spiritu
3314 4090 3497 4145 vident
3523 4092 3608 4162 (si
3638 4092 3829 4151 tamen

2224 4178 2310 4233 vel
2351 4178 2455 4232 tale
2496 4178 2698 4249 aliquid
2749 4179 2995 4250 vident),
3043 4180 3175 4235 illud
3214 4191 3296 4236 est
3341 4181 3483 4252 quod
3530 4185 3831 4255 Apostolus

2225 4268 2371 4333 dicit,
2400 4270 2651 4340 quoniam
2697 4279 2902 4325 satanas
2934 4271 3263 4349 transﬁgurat
3305 4288 3360 4327 se
3404 4272 3537 4327 velut
3577 4272 3829 4345 angelum

2226 4360 2353 4421 lucis
2384 4359 2466 4433 (ll
2496 4359 2616 4416 Cor.
2668 4377 2748 4430 ιι,
2782 4362 2848 4416 14
2870 4360 2910 4434 ).
2971 4362 3101 4432 Ejus
3138 4362 3280 4418 enim
3312 4370 3436 4417 sunt
3478 4363 3567 4417 illa
3595 4365 3831 4434 phantao

2224 4461 2416 4516 smata,
2458 4451 2551 4522 qui
2599 4454 2824 4508 miseras
2866 4453 3072 4508 animas
3116 4454 3406 4509 multorum
3456 4452 3831 4526 falsorumque

2224 4543 2445 4600 deorum
2493 4543 2769 4601 fallacibus
2804 4545 2971 4600 sacris
3015 4545 3237 4615 cupiens
3263 4546 3498 4613 irretire,
3524 4555 3581 4602 et
3628 4562 3657 4600 a
3690 4563 3828 4603 vero

2228 4636 2341 4691 veri
2369 4636 2462 4691 Dei
2484 4638 2649 4705 cultu,
2678 4652 2784 4707 quo
2810 4637 2926 4691 solo
2951 4637 3272 4693 mundantur
3286 4648 3340 4695 ct
3364 4648 3641 4707 sanantur,
3666 4655 3831 4696 aver-

2226 4738 2361 4800 tere,
2394 4730 2533 4786 sicut
2558 4728 2627 4786 de
2652 4730 2849 4785 Proteo
2877 4730 3080 4786 dictum
3105 4740 3207 4797 est,

2503 4847 2692 4892 Formas
2713 4854 2772 4892 se
2794 4843 2944 4891 vertit
2959 4844 3010 4891 in
3031 4854 3219 4901 omnes,

2711 4904 2729 4968 (
2755 4902 2923 4967 Virgil.
2943 4912 3111 4969 Georg.
3134 4902 3215 4953 lib.
3238 4902 3285 4965 4,
3307 4914 3427 4953 vers.
3454 4902 3603 4966 411.)

2224 5009 2489 5067 hostiliter
2524 5010 2831 5081 insequens,
2860 5008 3121 5065 fallaciter
3144 5008 3468 5064 subveniens
3490 5049 3505 5074 ,
3537 5007 3832 5079 utrobique

2225 5122 2446 5163 nocens.

2221 5219 2448 5278 CAPUT
2485 5218 2580 5275 XI.
2610 5247 2684 5259 —
2708 5216 2787 5272 De
2830 5216 3043 5286 epistola
3090 5213 3369 5284 Porphyrii
3416 5213 3484 5266 ad
3513 5213 3831 5268 Anebontem

2296 5312 2627 5384 ﬂgyptium,
2665 5312 2717 5365 in
2755 5326 2854 5382 qua
2882 5310 3004 5381 petit
3027 5309 3091 5363 de
3138 5308 3431 5362 diversitate
3454 5305 3749 5387 maritorium
3777 5322 3835 5360 se

2296 5406 2487 5461 doceri.

2298 5500 2349 5553 l.
2382 5496 2567 5552 Melius
2592 5494 2767 5565 sapuit
2792 5494 2892 5549 iste
2917 5490 3265 5563 Porphyrius,
3306 5505 3426 5546 cum
3455 5488 3828 5555 ad‘Anebon:

2226 5602 2334 5651 tem
2387 5589 2600 5660 scripsit
2644 5585 2989 5659 Egyptium,
3035 5583 3125 5641 ubi
3178 5581 3475 5641 consulenti
3532 5579 3739 5637 similis
3772 5590 3832 5641 et

2291 5706 2310 5739 ι
2344 5702 2482 5761 Editi,
2499 5700 2588 5752 sic.
2613 5706 2668 5748 At
2690 5705 2818 5758 Mss,
2836 5695 2897 5747 si.

2290 5769 2311 5800 ²
2343 5765 2450 5814 Sola
2471 5763 2619 5824 editio
2640 5767 2768 5818 I.ov.,
2796 5770 2959 5824 quam.

2296 5827 2370 5891 (η)
2394 5824 2496 5880 vid.
2519 5822 2660 5886 intra,
2684 5835 2791 5885 cap.
2810 5822 2895 5892 tl,
2920 5843 2971 5880 n.
2995 5828 3044 5881 2.
