4064 6468
221 366 325 426 289

217 476 500 549 quazrenti,
548 482 601 530 et
627 473 805 546 prodit
839 481 984 528 artes
1009 472 1292 541 sacrilegas
1333 478 1387 524 et
1416 469 1626 525 evertit.
1650 469 1719 522 Et
1743 467 1812 522 ibi

226 569 438 639 quidem
478 581 672 621 omnes
699 565 972 620 daemones
997 561 1269 632 reprobat,
1310 575 1446 631 quos
1473 559 1601 614 dicit
1624 559 1694 613 ob
1715 559 1813 613 im-

223 661 560 732 prudentiam
600 657 815 714 trahere
855 655 1132 710 humidum
1156 669 1408 724 vaporem
1428 693 1446 720 ,
1478 661 1534 707 et
1557 651 1679 707 ideo
1708 665 1814 706 non

223 754 272 808 in
294 753 524 819 aethere,
549 750 648 807 sed
679 752 732 805 in
761 764 888 804 aere
917 763 1036 804 esse
1059 749 1161 804 sub
1189 747 1311 802 luna
1332 788 1348 815 ,
1376 753 1535 817 atque
1573 745 1627 799 in
1653 744 1670 776 ¹
1699 743 1815 813 ipso

223 845 354 900 lume
383 845 551 914 globo
585 861 599 897 :
628 850 1002 898 verumtamen
1031 855 1136 895 non
1163 839 1324 894 audet
1363 850 1550 893 omnes
1579 835 1815 890 fallacias

219 947 270 994 et
299 937 537 992 malitias
556 944 614 992 et
632 935 879 1005 ineptias,
908 933 1100 1004 quibus
1127 932 1319 987 merito
1348 937 1613 993 movetur,
1636 926 1814 982 omni-

221 1031 314 1085 bus
351 1028 699 1084 daemonibus
751 1026 900 1081 dare.
953 1024 1226 1093 Quosdam
1276 1035 1508 1092 namque
1554 1019 1814 1090 benignos

221 1121 492 1176 daemones
533 1133 687 1174 more
715 1117 952 1188 appellat
992 1115 1242 1181 aliorum,
1270 1128 1393 1168 cum
1421 1127 1608 1167 omnes
1651 1124 1814 1181 gene-

220 1214 398 1269 raliter
423 1212 793 1282 imprudentes
815 1225 935 1266 esse
962 1210 1208 1264 fateatur.
1230 1207 1451 1262 Miratur
1477 1213 1654 1260 autem
1671 1203 1815 1274 quod

221 1319 316 1359 non
338 1303 521 1358 solum
549 1303 624 1358 dii
650 1302 953 1356 alliciantur
972 1299 1223 1366 victimis,
1258 1297 1353 1355 sed
1373 1298 1537 1352 etiam
1567 1294 1812 1364 compel-

221 1394 391 1449 lantur
430 1402 599 1464 atque
623 1401 884 1464 cogantur
909 1391 1084 1446 facere
1125 1389 1266 1461 quod
1297 1389 1541 1444 homines
1583 1387 1809 1442 volunt:

223 1495 269 1540 et
293 1485 337 1539 si
365 1499 600 1554 corpore
637 1492 692 1539 et
722 1483 1156 1554 incorporalitate
1179 1480 1252 1536 dii
1277 1497 1308 1533 a
1335 1477 1667 1534 daemonibus
1696 1476 1810 1532 dis-

223 1577 514 1646 tinguntur,
553 1573 824 1644 quomodo
861 1573 992 1628 deos
1017 1586 1140 1628 esse
1169 1568 1582 1626 existimandum
1621 1568 1692 1623 sit
1718 1581 1812 1624 so-

222 1669 314 1722 lem
341 1678 398 1722 et
429 1667 640 1731 lunam,
673 1676 729 1722 et
756 1665 982 1720 visibilia
1018 1671 1217 1719 cetera
1247 1661 1301 1716 in
1346 1661 1504 1729 caelo,
1535 1675 1655 1730 qua:
1691 1673 1813 1715 cor-

223 1773 338 1828 pora
368 1773 494 1813 esse
541 1773 649 1812 non
687 1756 932 1823 dubitat;
962 1765 1020 1811 et
1048 1755 1094 1811 si
1137 1755 1213 1811 dii
1251 1762 1396 1821 sunt,
1425 1752 1695 1824 quomodo
1723 1751 1811 1806 alii

222 1851 460 1914 beneﬁci,
493 1850 586 1904 alii
608 1849 838 1904 maleﬁci
877 1862 998 1904 esse
1024 1847 1306 1913 dicantur;
1338 1855 1393 1902 et
1421 1844 1691 1916 quomodo
1730 1845 1811 1898 in-

221 1940 679 2011 corporabilibus,
731 1955 851 1994 cum
907 1940 1014 1994 sint
1067 1937 1340 2007 corporei,
1398 1937 1808 2006 coniungantur.

223 2032 413 2100 Qumrit
437 2033 604 2086 etiam
632 2030 794 2085 veluti
839 2029 1090 2085 dubitans
1113 2071 1128 2096 ,
1163 2037 1340 2084 utrum
1373 2028 1423 2082 in
1451 2026 1810 2082 divinantibus

224 2134 266 2177 et
288 2122 540 2193 quaedam
565 2121 698 2176 mira
723 2121 1038 2176 facientibus
1067 2120 1259 2174 anima:
1281 2119 1388 2174 sint
1415 2118 1742 2188 potentiores
1762 2120 1805 2184 ',

222 2230 279 2268 an
306 2215 475 2284 aliqui
502 2215 724 2282 Spiritus
763 2214 1097 2269 extrinsecus
1135 2210 1371 2277 veniant,
1415 2226 1513 2282 per
1539 2212 1810 2282 quoshzee

222 2309 440 2362 valeant.
467 2306 540 2362 Et
558 2307 735 2378 potius
750 2306 934 2361 venire
960 2309 1299 2361 extrinsecus
1315 2304 1553 2375 conjicit,
1576 2319 1641 2360 eo
1663 2303 1810 2375 quod

223 2399 478 2470 lapidibus
500 2409 557 2454 et
600 2398 783 2454 herbis
811 2397 1081 2464 adhibitis,
1115 2407 1166 2453 et
1192 2398 1412 2469 alligent
1446 2396 1727 2466 quosdam,
1753 2406 1810 2452 et

222 2491 454 2562 aperiant
478 2491 659 2546 clausa
687 2491 842 2553 ostia,
871 2489 952 2544 vel
979 2489 1174 2560 aliquid
1198 2488 1459 2560 ejusmodi
1493 2487 1810 2542 mirabiliter

223 2594 525 2654 operentur.
571 2583 724 2638 Unde
766 2583 897 2638 dicit
933 2582 1068 2638 alios
1114 2583 1322 2652 epinari
1368 2595 1490 2636 esse
1541 2579 1806 2650 quoddam

223 2692 394 2746 genus,
423 2677 511 2732 cui
542 2676 799 2732 exaudire
826 2675 894 2729 sit
922 2675 1220 2745 proprium,
1265 2682 1452 2727 natura
1477 2671 1657 2738 fallax,
1689 2687 1808 2726 om—

223 2771 460 2836 niforme,
490 2769 886 2835 multiinodum,
919 2768 1176 2823 simulans
1207 2767 1337 2822 deos
1369 2777 1423 2821 et
1451 2767 1724 2821 daemones
1752 2773 1809 2820 et

222 2864 412 2917 animas
443 2861 858 2925 defunctorum;
903 2870 957 2914 et
993 2859 1096 2914 hoc
1124 2872 1244 2913 esse
1278 2857 1421 2928 quod
1469 2856 1664 2912 efﬁciat
1694 2856 1808 2911 hrec

222 2955 386 3008 omnia
414 2969 538 3024 quae
564 2953 810 3007 videntur
853 2951 992 3006 bona
1027 2963 1149 3004 esse
1195 2948 1280 3003 vel
1312 2963 1504 3018 prava;
1554 2957 1807 3002 czeterum

223 3045 346 3098 circa
375 3060 442 3099 ea
463 3059 586 3114 qute
608 3059 735 3098 vere
757 3042 893 3096 bona
924 3051 1048 3096 sunt
1076 3039 1206 3094 nihil
1233 3039 1506 3109 opitulari,
1543 3040 1650 3094 imo
1680 3053 1808 3094 vero

223 3135 308 3188 ista
338 3150 442 3189 nec
471 3148 654 3198 nosse,
685 3131 780 3187 sed
819 3141 873 3186 et
900 3131 1039 3186 male
1063 3129 1348 3185 conciliare
1367 3169 1383 3195 ,
1419 3138 1474 3183 et
1500 3129 1810 3184 insimulare

222 3235 362 3295 atque
390 3224 654 3294 impedire
681 3237 1058 3292 nonnunquam
1095 3220 1306 3275 virtutis
1344 3218 1559 3275 sedulos
1587 3227 1810 3274 sectato-

223 3330 313 3379 res,
359 3324 417 3369 et
463 3315 678 3384 plenum
724 3327 844 3366 esse
896 3311 1210 3367 temeritatis
1252 3320 1307 3366 et
1353 3309 1545 3380 fastus,
1575 3309 1808 3380 gaudere

224 3407 510 3471 nidoribus,
544 3405 939 3460 adulationibus
969 3403 1086 3474 capi
1113 3445 1128 3472 ,
1153 3412 1206 3459 et
1236 3411 1433 3460 caetera
1462 3419 1581 3473 quae
1608 3401 1674 3458 de
1706 3403 1808 3457 hoc

221 3514 403 3570 genere
473 3498 742 3553 fallacium
811 3497 1273 3568 malignorumque
1337 3495 1654 3564 Spirituum,
1721 3495 1808 3566 qui

224 3592 549 3645 extrinsecus
591 3590 643 3643 in
672 3589 905 3643 animam
936 3587 1178 3654 veniunt,
1206 3585 1577 3656 immanesque
1619 3601 1810 3642 sensus

223 3686 411 3755 sopitos
437 3682 786 3753 vigilantesve
834 3679 1111 3747 deludunt,
1136 3693 1244 3734 non
1274 3687 1525 3748 tanquam
1557 3676 1658 3731 sibi
1689 3692 1812 3746 per-

224 3791 366 3831 suasa
395 3775 706 3840 confirmat,
737 3772 830 3828 sed
875 3781 981 3827 tam
1005 3771 1236 3827 tenuiter
1262 3771 1563 3841 suspicatur
1591 3778 1684 3824 aut
1711 3767 1811 3823 du«

225 3867 362 3934 bitat,
409 3879 466 3924 ut
504 3867 620 3923 haec
644 3868 780 3923 alios
829 3874 1036 3922 asserat
1084 3864 1312 3938 opinari.
1364 3863 1588 3919 Difﬁcile
1616 3864 1812 3935 quippe

225 3959 306 4015 fuit
330 3973 480 4016 tanto
504 3959 825 4032 philosopho
861 3968 1108 4014 cunctam
1144 3956 1459 4012 diabolieam
1493 3957 1808 4012 societatem

227 4056 298 4109 vel
335 4070 517 4119 nosse,
550 4055 636 4108 vel
681 4053 904 4108 ﬁdenter
931 4065 1174 4121 arguere,
1218 4064 1379 4120 quam
1407 4048 1657 4118 quaelibet
1697 4049 1810 4103 ani-

226 4146 330 4200 cula
359 4144 655 4200 christiana
678 4157 778 4196 nec
798 4156 956 4197 nosse
974 4148 1254 4194 cunctatur
1276 4139 1318 4207 ³,
1343 4149 1399 4194 et
1424 4139 1700 4194 liberrime
1718 4138 1811 4194 de-

228 4245 467 4295 testatur.
494 4234 610 4290 Nisi
644 4233 780 4288 forte
818 4233 949 4297 iste,
984 4241 1038 4286 et
1079 4232 1282 4300 ipsum,
1314 4228 1381 4284 ad
1412 4244 1568 4303 quem
1603 4229 1810 4296 scribit,

226 4327 552 4382 Anebontem
601 4335 852 4396 tanquam
913 4323 1097 4377 talium
1147 4336 1422 4375 sacrorum
1463 4321 1812 4390 prmclarissi-

227 4433 358 4473 mum
388 4418 708 4481 antistitem,
739 4424 795 4471 et
819 4415 955 4469 alios
979 4413 1161 4468 talium
1191 4427 1419 4481 operum
1449 4421 1700 4482 tanquam
1726 4411 1812 4466 di-

228 4511 460 4566 vinorum
491 4519 547 4565 et
575 4510 641 4564 ad
671 4509 800 4564 deos
831 4506 1086 4563 colendos
1110 4505 1489 4577 pertinentium
1525 4505 1814 4559 admirato-

229 4615 303 4656 res
327 4601 718 4657 verecundatur
741 4599 1029 4655 offendere.
1681 4583 1690 4588 ’

286 4693 339 4747 2.
381 4692 639 4764 Sequitur
690 4700 889 4755 tamen,
944 4702 996 4745 et
1031 4704 1092 4744 ea
1128 4689 1269 4744 velut
1312 4687 1629 4758 inquirendo
1676 4701 1816 4742 com-

227 4793 500 4850 memorat,
551 4798 670 4852 qua:
712 4781 890 4836 sobrie
932 4779 1267 4836 considerata
1322 4779 1479 4834 tribui
1528 4795 1632 4832 non
1688 4793 1814 4848 pos-

225 4886 340 4930 sunt
387 4877 490 4930 nisi
521 4874 768 4944 malignis
807 4883 860 4929 et
905 4873 1180 4928 fallacibus
1216 4873 1585 4942 potestatibus.
1617 4871 1816 4939 Quaerit

225 4971 362 5022 enim
389 4985 487 5023 cur
532 4975 784 5036 tanquam
827 4966 1140 5021 melioribus
1174 4965 1465 5029 invocatis,
1499 4962 1649 5034 quasi
1679 4963 1818 5032 pejo-

229 5060 370 5113 ribus
400 5061 731 5128 imperetur,
764 5065 819 5111 ut
859 5056 1054 5126 injusta
1095 5055 1329 5110 hominis
1364 5063 1628 5125 praecepta
1663 5068 1816 5108 exse-

224 5161 449 5220 quantur
486 5168 499 5203 :
530 5164 628 5203 cur
653 5155 994 5202 attrectatum
1038 5162 1097 5201 re
1120 5161 1348 5201 venerea
1389 5161 1494 5200 non
1533 5144 1818 5199 exaudiant

225 5241 632 5310 imprecantem,
664 5255 785 5294 cum
817 5238 915 5308 ipsi
943 5237 1007 5292 ad
1035 5238 1266 5293 incestos
1298 5251 1538 5306 quosque
1565 5235 1819 5290 concubi~

225 5342 306 5389 tus
359 5334 628 5405 quoslibet
665 5332 862 5387 ducere
911 5345 1016 5385 non
1060 5339 1334 5384 morentur
1375 5345 1507 5384 :cur
1536 5329 1819 5382 animanti-

227 5425 321 5480 bus
383 5441 505 5482 suos
547 5423 813 5480 antistites
872 5429 1120 5492 oportere
1164 5421 1430 5476 abstinere
1480 5420 1814 5484 dentmtienl,

284 5633 299 5658 ι
344 5627 488 5676 editio
509 5633 622 5674 Lov.
648 5623 844 5681 omittit,
864 5621 952 5682 in;
991 5634 1182 5672 necnon
1206 5617 1348 5683 paulo
1366 5626 1491 5684 post,
1515 5623 1560 5669 et
1589 5616 1816 5669 malitias.

223 5695 484 5750 Etrumqne
516 5689 700 5736 habent
721 5688 888 5750 θεωριιὶ
914 5686 1040 5750 libri.

285 5753 306 5782 ι
345 5739 467 5810 Mss,
497 5749 620 5806 loco,
642 5745 943 5811 potentiores,
969 5747 1169 5803 habent,
1195 5742 1452 5811 passiones.
1469 5769 1528 5781 ——
1551 5739 1736 5793 Melius.
1758 5748 1816 5792 Μ.

286 5814 307 5847 ⁸
342 5820 469 5877 uss,
487 5825 574 5862 nec
598 5809 854 5861 cunctatur
875 5822 996 5862 esse.
1021 5833 1081 5848 —
1105 5809 1292 5859 Verius.
1349 5813 1408 5856 Μ.

1585 351 1788 410 LIBER
1830 351 2141 410 DECIMUS.

1920 482 1990 524 ne
2062 470 2348 540 vaporibus
2410 474 2646 544 profecto
2707 477 2980 549 corporeis
3034 480 3368 550 polluantur,
3405 483 3509 556 ipsi

1920 573 2049 614 vero
2105 570 2160 614 et
2233 563 2351 619 aliis
2419 568 2704 636 vaporibus
2771 570 3058 627 illiciantur
3108 583 3164 628 et
3231 575 3510 634 nidoribus

1921 650 2251 719 hostiarum;
2289 669 2516 726 cumque
2543 673 2575 712 a
2615 661 2891 718 cadaveris
2936 669 3188 721 contactu
3217 667 3510 737 prohibea-

1921 750 2007 797 tur
2062 743 2352 815 inspector,
2419 748 2730 822 plerumque
2803 755 2892 809 illa
2967 758 3317 816 cadaveribus
3366 762 3514 818 cele-

1917 832 2140 889 brentur
2188 837 2367 906 :quid
2424 838 2532 907 sit,
2589 843 2731 912 quod
2777 860 2885 901 non
2937 847 3168 905 dzemoui
3224 852 3309 907 vel
3347 854 3509 911 alicui

1918 927 2110 1018 anima:
2135 927 2390 997 defuncti,
2431 933 2526 988 sed
2555 934 2654 1004 ipsi
2679 938 2779 992 soli
2814 947 2870 994 et
2897 939 3037 998 lunae
3077 953 3168 999 aut
3191 946 3510 1018 cuicumque

1917 1017 2254 1086 caelestium,
2303 1020 2465 1077 homo
2511 1025 2641 1080 vitio
2690 1028 2912 1084 cuilibet
2960 1032 3221 1090 obnoxius
3279 1017 3510 1094 intendit

1919 1109 2113 1175 minas,
2140 1126 2341 1182 eosque
2364 1114 2570 1170 territat
2591 1117 2748 1183 falso,
2782 1129 2840 1174 ut
2859 1121 2938 1175 eis
2964 1135 3277 1194 extorqueat
3298 1129 3504 1184 verita-

1920 1207 2048 1255 tem.
2076 1201 2207 1256 Nam
2237 1212 2291 1258 et
2315 1205 2512 1259 ccelum
2541 1221 2602 1262 se
2632 1208 2887 1266 collidere
2919 1217 3291 1283 comminatur,
3315 1228 3371 1273 et
3397 1234 3507 1276 cae-

1918 1299 2032 1348 tera
2062 1294 2255 1349 similia
2309 1297 2910 1371 hominiimpossibilia,
2952 1313 3011 1359 ut
3035 1305 3110 1360 illi
3136 1307 3210 1363 dii
3255 1319 3510 1382 tanquam

1916 1385 2338 1456 insipientissimi
2370 1391 2520 1460 pueri
2547 1392 2690 1447 falsis
2721 1402 2773 1448 et
2815 1395 3054 1452 ridiculis
3082 1400 3510 1458 comminationio

1916 1477 2017 1533 bus
2043 1480 2232 1546 territi,
2259 1481 2401 1551 quod
2432 1483 2722 1554 imperatur
2746 1486 2980 1543 efﬁciant
3027 1489 3124 1562 (a).
3170 1491 3308 1548 Dicit
3347 1495 3509 1552 etiam

1913 1569 2194 1638 scripsisse
2207 1570 2606 1630 Cbzeremonem
2623 1579 2930 1646 quemdam,
2946 1581 3126 1635 talium
3139 1597 3410 1642 sacrorum
3426 1589 3512 1646 vel

1918 1664 2096 1732 potius
2123 1666 2524 1736 sacrilegiorum
2555 1673 2800 1739 peritum,
2831 1687 2893 1727 ea
2916 1689 3037 1743 quae
3057 1676 3196 1746 apud
3225 1676 3511 1751 Egyptios

1915 1765 2041 1812 sunt
2085 1759 2353 1814 celebrata
2389 1763 2710 1828 rumoribus,
2760 1765 2843 1819 vel
2873 1765 2940 1820 de
2965 1767 3102 1823 Iside
3126 1809 3141 1834 ,
3175 1770 3264 1825 vel
3293 1771 3364 1827 de
3388 1771 3512 1828 Osi-

1915 1850 2032 1906 ride
2052 1853 2243 1906 marito
2269 1853 2406 1924 ejus,
2437 1856 2724 1911 maximam
2747 1857 2850 1912 vim
2882 1858 3081 1916 habere
3105 1864 3325 1934 cogendi
3354 1865 3506 1935 deos,

1916 1948 1974 1996 ut
2002 1943 2197 1998 faciant
2223 1944 2504 2014 imperata,
2531 1947 2745 2016 quando
2762 1949 2852 2005 ille
2877 1951 2969 2021 qui
2993 1954 3321 2012 carminibus
3340 1958 3506 2028 cogit,

1914 2048 1978 2088 ea
2007 2048 2067 2090 se
2093 2037 2319 2105 prodere
2347 2038 2434 2093 vel
2463 2048 2709 2096 evertere
2734 2043 3112 2111 comminatur,
3143 2046 3235 2102 ubi
3260 2062 3320 2103 se
3343 2050 3509 2106 etiam

1913 2122 2137 2180 Osiridis
2192 2128 2431 2184 membra
2483 2130 2860 2202 dissipaturum
2913 2135 3222 2192 terribiliter
3261 2139 3409 2206 dicit,
3459 2140 3510 2198 si

1913 2217 2091 2274 facere
2117 2218 2266 2288 jussa
2297 2222 2646 2292 neglexerint.
2679 2225 2807 2280 [hec
2847 2235 3007 2296 atque
3036 2227 3342 2300 hujusmodi
3372 2247 3508 2290 vana

1913 2318 1968 2365 et
1988 2310 2171 2365 insana
2195 2311 2464 2370 hominem
2492 2315 2593 2370 diis
2641 2317 2871 2388 minari,
2902 2336 2999 2376 nec
3041 2322 3382 2392 quibuslibet,
3409 2325 3509 2382 sed

1915 2403 2044 2472 ipsis
2065 2403 2374 2460 caelestibus
2403 2415 2458 2462 et
2494 2407 2701 2463 siderea
2738 2408 2858 2465 luce
2881 2409 3237 2483 fulgentibus,
3264 2429 3364 2471 nec
3387 2415 3508 2473 sine

1913 2494 2125 2560 eifectu,
2183 2495 2278 2550 sed
2319 2496 2549 2552 violenta
2597 2506 2858 2567 potestate
2899 2512 3212 2572 cogentem,
3238 2513 3397 2577 atque
3423 2506 3509 2563 his

1915 2586 2208 2642 terroribus
2255 2587 2323 2642 ad
2360 2586 2604 2643 facienda
2653 2605 2774 2660 qua:
2820 2591 3051 2647 voluerit
3093 2594 3506 2666 perducentem,

1914 2679 2106 2733 merito
2138 2679 2471 2751 Porphyrius
2505 2680 2839 2737 admiratur:
2884 2684 2994 2738 imo
3021 2699 3148 2740 vero
3188 2687 3288 2742 sub
3329 2688 3510 2756 specie

1913 2771 2157 2826 mirantis
2185 2783 2238 2827 et
2259 2787 2449 2829 causas
2478 2789 2658 2829 rerum
2688 2775 2872 2830 talium
2918 2777 3240 2847 requirentis
3261 2819 3277 2846 ,
3318 2777 3411 2833 dat
3436 2780 3512 2834 in-

1913 2864 2076 2935 telligi
2106 2863 2228 2920 illos
2256 2865 2370 2920 haec
2409 2881 2566 2937 agere
2605 2868 2824 2938 spiritus
2843 2911 2857 2934 ,
2891 2885 3119 2940 quorum
3148 2887 3318 2941 genus
3343 2887 3507 2943 supe-

1912 2954 2024 3010 rius
2064 2954 2166 3010 sub
2195 2955 2421 3010 aliorum
2463 2958 2773 3028 opinatione
2802 2959 3117 3030 descripsit,
3149 2976 3276 3027 non,
3303 2971 3360 3017 ut
3391 2963 3510 3034 ipse

1914 3045 2110 3116 posuit,
2143 3056 2353 3113 natura,
2387 3047 2481 3102 sed
2517 3049 2646 3103 vitio
2681 3048 2931 3118 fallaces,
2965 3051 3056 3122 qui
3085 3053 3340 3108 simulant
3376 3054 3509 3112 deos

1913 3146 1970 3193 et
1997 3139 2205 3194 animas
2233 3138 2612 3196 defunctorum
2631 3183 2644 3205 ,
2672 3142 2946 3198 daemones
2971 3156 3148 3200 autem
3180 3163 3286 3202 non
3305 3189 3319 3213 ,
3349 3157 3408 3204 ut
3432 3150 3511 3206 ait

1914 3231 2056 3300 ipse,
2088 3229 2378 3298 simulant,
2419 3231 2513 3285 sed
2555 3233 2712 3302 plane
2753 3243 2897 3288 sunt.
2932 3235 3002 3288 Et
3027 3236 3167 3304 quod
3217 3239 3265 3292 ei
3297 3238 3510 3295 videtur

1914 3321 2096 3376 herbis
2124 3330 2180 3376 et
2205 3321 2470 3392 lapidibus
2496 3331 2551 3377 et
2577 3323 2940 3380 animantibus
2959 3335 3012 3380 et
3037 3327 3186 3382 sonis
3206 3329 3369 3383 certis
3392 3331 3510 3399 qui-

1913 3412 2137 3470 busdam
2159 3429 2223 3470 ac
2242 3414 2483 3483 vocibus,
2513 3423 2568 3471 et
2597 3415 3000 3488 figurationibus
3023 3427 3184 3490 atque
3209 3419 3502 3491 ﬁgmentis,

1913 3507 2233 3578 quibusdam
2261 3509 2426 3563 etiam
2447 3508 2746 3566 observatis
2773 3511 2825 3565 in
2855 3512 2979 3567 emli
3009 3515 3360 3570 conversione
3389 3531 3510 3571 mo-

1917 3601 2058 3655 tibus
2087 3601 2324 3656 siderum
2343 3643 2359 3668 ,
2390 3602 2636 3659 fabricari
2667 3603 2720 3657 in
2751 3612 2891 3659 terra
2922 3605 2990 3659 ab
3020 3605 3324 3662 hominibus
3354 3617 3510 3677 pote-

1915 3702 2082 3748 states
2115 3694 2334 3749 idoneas
2376 3694 2540 3749 variis
2583 3694 2861 3750 effectibus
2888 3698 3282 3768 exsequendis;
3338 3707 3511 3756 totum

1918 3783 2018 3840 hoc
2045 3785 2110 3839 ad
2140 3785 2357 3841 eosdem
2391 3786 2534 3856 ipsos
2562 3786 2836 3842 daamones
2865 3791 3097 3859 pertinet
3151 3789 3513 3848 ludiﬁcatores

1916 3878 2210 3933 animarum
2235 3879 2447 3935 sibimet
2467 3879 2822 3948 subdilarum,
2851 3890 2906 3936 et
2929 3881 3262 3952 voluptuaria
3291 3883 3392 3938 sibi
3421 3883 3512 3939 lu-

1916 3971 2084 4027 dibria
2126 3971 2194 4026 de
2225 3972 2498 4028 hominum
2533 3974 2810 4030 erroribus
2855 3975 3191 4030 exhibentes.
3242 3977 3350 4032 Aut
3375 3991 3510 4048 ergo

1917 4079 2107 4119 revera
2131 4063 2384 4119 dubitans
2408 4075 2464 4120 et
2508 4065 2783 4136 inquirens
2815 4067 2914 4120 ista
2951 4067 3302 4139 Porphyrius,
3339 4084 3402 4124 ea
3436 4077 3517 4125 ta-

1918 4174 2039 4213 men
2093 4170 2516 4223 commemorat,
2561 4159 2756 4229 quibus
2795 4160 3180 4216 convincantur
3217 4170 3274 4216 et
3329 4161 3516 4218 redar-

1918 4259 2166 4321 guantur,
2200 4265 2298 4306 nec
2319 4250 2384 4304 ad
2426 4266 2520 4306 eas
2541 4259 2835 4320 potestates
2869 4267 2988 4322 quae
3019 4253 3172 4308 nobis
3195 4253 3262 4308 ad
3302 4253 3516 4311 beatam

1919 4341 2080 4395 vitam
2105 4342 2489 4412 capessendam
2518 4341 2719 4408 favent,
2751 4343 2846 4398 sed
2873 4343 2939 4398 ad
2967 4344 3284 4414 deceptores
3308 4345 3507 4401 dzemo-

1920 4448 2015 4489 nes
2044 4434 2312 4504 pertinere
2334 4444 2697 4489 monstrentur
2723 4452 2736 4488 :
2775 4444 2885 4501 aut,
2925 4445 2986 4490 ut
3015 4437 3232 4491 meliora
3258 4436 3328 4492 de
3346 4437 3518 4508 philo-

1919 4522 2090 4593 sopbo
2141 4523 2506 4592 su5picemur,
2539 4539 2605 4578 eo
2635 4523 2794 4577 modo
2823 4524 2991 4579 voluit
3029 4523 3300 4580 hominem
3343 4525 3512 4598 Egy-

1923 4617 2088 4686 ptium
2116 4615 2311 4669 talibus
2336 4615 2610 4669 erroribus
2639 4613 2876 4670 deditum
2899 4657 2914 4683 ,
2943 4625 2998 4671 et
3025 4617 3202 4688 aliqua
3233 4634 3422 4689 magna
3453 4633 3514 4674 se

1922 4707 2058 4762 scire
2083 4715 2390 4776 opinantem
2418 4747 2432 4771 ,
2464 4722 2570 4760 non
2618 4707 2846 4776 superba
2877 4708 3029 4778 quasi
3079 4710 3396 4764 auctoritate
3422 4710 3519 4765 do-

1922 4801 2086 4856 ctoris
2127 4799 2422 4865 oﬁ‘cndere,
2451 4814 2552 4855 nec
2578 4810 2763 4870 aperte
2787 4800 3124 4856 adversantis
3166 4801 3520 4858 altercatione

1924 4892 2159 4958 turbare,
2189 4891 2283 4946 sed
2306 4891 2454 4960 quasi
2490 4891 2778 4961 quaerentis
2805 4902 2860 4946 et
2899 4891 3108 4948 discere
3136 4892 3398 4961 cupientis
3421 4890 3520 4945 hu-

1923 4983 2146 5038 militate
2204 4981 2270 5036 ad
2320 4997 2380 5037 ea
2431 4981 2708 5052 cogitanda
2753 4992 3086 5048 convertere,
3118 4991 3172 5036 et
3208 4997 3366 5050 quam
3413 4981 3520 5038 sint

1922 5074 2307 5133 contemnenda
2351 5075 2431 5129 vel
2485 5075 2646 5130 etiam
2683 5074 2961 5130 devitanda
3002 5081 3322 5129 monstrare.
3358 5075 3520 5131 [leni-

1923 5185 2028 5239 que
2057 5182 2220 5238 prope
2258 5167 2324 5220 ad
2355 5166 2598 5236 epistolae
2641 5167 2800 5221 ﬁnem
2833 5165 2966 5234 petit
3008 5179 3068 5219 se
3092 5163 3160 5217 ab
3203 5179 3269 5219 eo
3312 5165 3518 5234 doceri,

1925 5275 2043 5330 quae
2083 5260 2153 5313 sit
2178 5257 2244 5312 ad
2288 5257 2671 5311 beatitudinem
2718 5256 2800 5310 via
2846 5271 2916 5311 ex
2959 5253 3209 5325 Azlgyptia
3235 5257 3520 5327 sapientia.

1928 5352 2193 5407 Caeterum
2244 5350 2362 5403 illos
2389 5349 2581 5419 quibus
2626 5347 2963 5403 conversatio
3007 5363 3129 5403 cum
3159 5347 3264 5403 diis
3311 5351 3379 5407 ad
3420 5353 3523 5406 hoc

1924 5452 2089 5510 esset,
2143 5453 2197 5495 ut
2247 5440 2316 5495 ob
2371 5438 2748 5494 inveniendum
2803 5437 3086 5509 fugitivum
3128 5440 3214 5498 vel
3256 5441 3516 5511 prxedium

1925 5534 2364 5604 comparandum,
2397 5532 2480 5585 vel
2527 5540 2743 5601 propter
2786 5531 2997 5600 nuptias
3032 5531 3113 5587 vel
3163 5543 3519 5589 mercaturam

1931 5628 2008 5681 vel
2062 5625 2186 5695 quid
2221 5623 2542 5694 bujnsmodi,
2584 5631 2816 5676 mentem
2860 5623 3093 5679 divinam
3142 5626 3519 5695 inquietarent,

1991 5739 2061 5799 (α)
2085 5736 2215 5801 Conf.
2253 5735 2424 5801 Euseb.
2451 5741 2680 5801 _tji‘aepar.
2712 5748 2890 5801 evang.
2922 5735 3007 5787 lib.
3033 5738 3078 5799 5,
3115 5751 3220 5801 cap.
3267 5737 3399 5801 8-10,
3425 5734 3522 5788 Βέ-

1927 5795 2260 5853 "omnem
2282 5795 2635 5860 éenngéliqucs,
2657 5804 2775 5849 tom.
2805 5795 2865 5849 l.‘
2951 5807 3008 5850 at.
