4064 6472
539 361 639 418 νη

538 477 741 535 frustra
765 490 861 533 eos
884 472 1052 530 videri
1078 468 1210 527 dicit
1235 466 1465 525 coluisse
1487 464 1824 535 sapientiam.
1847 460 1937 516 Illa
1959 461 2120 516 etiam

539 574 654 639 ipsa
676 569 892 626 numina
917 582 1037 623 cum
1076 563 1268 635 quibus
1306 566 1779 624 conversarentur,
1805 556 1906 612 etsi
1928 554 1997 611 de
2016 569 2128 610 ca:-

541 673 673 718 terts
721 660 882 715 rebus
915 672 1039 712 vera
1086 654 1474 726 praedicerent,
1507 649 1761 721 quoniam
1817 656 1995 702 tamen
2064 644 2133 700 de

538 751 869 813 beatitudine
914 747 1048 802 nihil
1096 753 1311 801 cautum
1357 758 1458 799 nec
1504 742 1635 796 satis
1664 739 1915 795 idoneum
1944 751 2130 792 mone-

540 851 683 909 rent,
716 856 814 896 nec
833 840 964 896 deos
990 839 1107 893 illos
1132 851 1274 903 esse,
1312 848 1413 891 nec
1438 833 1698 903 benignos
1722 829 2014 894 daemones,
2037 828 2133 883 sed

541 943 636 989 aut
663 933 813 988 illum
836 932 928 1004 qui
957 930 1151 987 dicitur
1171 928 1354 997 fallax,
1376 935 1468 983 aut
1483 925 1776 980 humanum
1802 936 1962 977 omne
1980 934 2130 976 com-

546 1033 812 1080 mentum.

536 1115 765 1172 CAPUT
812 1113 952 1170 XIII.
981 1143 1056 1155 —-
1104 1112 1185 1167 De
1240 1107 1503 1165 miraculis
1540 1122 1655 1178 qua:
1697 1122 1787 1176 per
1836 1113 2132 1160 sanctorum

714 1205 1022 1279 Angetorum
1038 1204 1368 1259 ministerium
1380 1199 1519 1255 Deus
1537 1214 1679 1253 uerus
1692 1206 1951 1267 operatur.

544 1328 548 1347 ι
606 1298 806 1354 Verum
832 1298 956 1369 quia
989 1303 1136 1351 tanta
1165 1301 1219 1350 et
1256 1293 1381 1349 talia
1423 1299 1684 1363 geruntur
1704 1289 1788 1345 his
1815 1287 2041 1353 artibus,
2072 1294 2130 1340 ut

537 1390 847 1446 universum
891 1387 1108 1443 modum
1172 1388 1420 1441 humanae
1475 1381 1742 1438 facultatis
1804 1378 2069 1436 excedant
2112 1395 2126 1434 :

536 1480 665 1551 quid
686 1488 872 1547 restat,
900 1478 1001 1534 nisi
1027 1484 1089 1534 ut
1110 1491 1175 1533 ea
1200 1489 1320 1546 quae
1343 1472 1570 1529 mirifice
1595 1480 1847 1543 tanquam
1870 1469 2130 1525 divinitus

536 1570 756 1643 praedici
784 1571 870 1626 vel
916 1569 1030 1625 ﬁeri
1067 1567 1331 1631 videntur,
1361 1578 1463 1620 nec
1493 1572 1673 1619 tamen
1714 1561 1783 1618 ad
1826 1562 1986 1617 unius
2031 1559 2129 1616 Dei

536 1662 741 1718 cultum
771 1661 1095 1726 referuntur,
1137 1656 1224 1713 cui
1252 1654 1567 1727 simpliciter
1590 1653 1877 1720 inhaerere,
1910 1652 2126 1708 fatenti-

542 1752 643 1807 bus
668 1755 881 1822 quoque
907 1748 1196 1806 Platonicis
1222 1757 1277 1803 et
1303 1745 1570 1817 permulta
1592 1744 1927 1811 testantibus,
1952 1742 2129 1801 solum

536 1844 841 1909 beatificum
869 1844 1068 1899 bonum
1097 1849 1183 1897 est
1205 1882 1222 1909 ,
1250 1839 1606 1911 malignorum
1644 1837 1950 1894 daemonum
1981 1837 2123 1892 ludi-

537 1936 652 2003 bria
700 1944 757 1990 et
796 1933 1100 1990 seductoria
1143 1931 1548 2003 impedimenta,
1598 1944 1720 2001 quae
1742 1943 1882 2010 .vera
1929 1928 2127 1999 pietate

533 2025 770 2081 cavenda
796 2033 956 2090 sunt,
986 2023 1281 2095 prudenter
1304 2021 1706 2093 intelligantur?
1736 2018 1900 2093 [XIL]
1957 2019 2127 2075 Porro

535 2124 713 2175 autem
740 2130 1092 2187 quaecumque
1132 2114 1407 2180 miracula,
1451 2113 1564 2169 sive
1590 2127 1686 2183 per
1713 2111 1969 2182 Angelos,
2011 2110 2128 2166 sive

530 2223 868 2278 quocumque
896 2207 1056 2263 modo
1075 2207 1147 2262 ita
1173 2206 1429 2262 divinitus
1450 2205 1601 2270 liunt,
1633 2213 1693 2260 ut
1724 2204 1818 2260 Dei
1849 2203 2028 2271 unius,
2062 2204 2117 2258 in

532 2314 640 2368 quo
668 2300 786 2354 solo
829 2299 984 2355 beata
1007 2298 1115 2354 vita
1162 2308 1264 2365 est,
1308 2297 1509 2354 cultum
1539 2296 1960 2368 religionemque
1986 2310 2129 2352 com-

532 2390 790 2447 mendent
810 2433 824 2458 ,
850 2407 912 2448 ea
940 2407 1065 2447 vere
1093 2393 1162 2447 ab
1191 2391 1270 2447 eis
1299 2391 1382 2447 vel
1413 2406 1510 2461 per
1535 2405 1630 2447 eos
1652 2432 1666 2457 ,
1692 2390 1783 2460 qui
1808 2404 1906 2444 nos
1929 2405 2127 2445 secun-

530 2480 658 2536 dum
686 2481 966 2536 veritatem
997 2482 1359 2552 pietatemque
1383 2479 1634 2550 diligunt,
1680 2480 1818 2547 lieri,
1852 2480 1970 2551 ipso
2014 2479 2127 2534 Deo

534 2572 589 2641 in
635 2574 743 2629 illis
783 2582 1061 2644 operante,
1114 2572 1443 2629 credendum
1485 2582 1591 2628 est.
1643 2571 1827 2641 Neque
1853 2571 1997 2628 enim
2026 2587 2126 2626 au-

530 2666 711 2721 diendi
751 2677 875 2722 sunt
915 2666 1005 2736 qui
1047 2666 1217 2721 Deum
1247 2665 1568 2721 invisibilem
1612 2665 1839 2720 visibiiia
1867 2664 2127 2719 miracula

533 2761 745 2829 operari
776 2768 1011 2831 negant;
1044 2775 1165 2816 eum
1210 2760 1326 2831 ipse
1349 2759 1510 2814 etiam
1548 2756 1842 2814 secundum
1870 2758 2017 2827 ipsos
2046 2757 2123 2813 fe-

530 2852 667 2907 cerit
708 2851 964 2908 mundum
988 2890 1006 2919 ,
1052 2867 1214 2921 quem
1264 2858 1412 2907 certe
1463 2850 1728 2907 visibilem
1779 2862 1974 2919 negare
2017 2861 2127 2904 non

532 2952 777 3014 possunt.
813 2942 1080 3014 Quidquid
1112 2942 1273 3013 igitur
1295 2941 1541 2998 mirabile
1571 2940 1632 2995 tit
1674 2942 1728 2995 in
1772 2939 1875 2995 hoc
1901 2938 2123 3004 mundo,

533 3038 778 3106 proiecto
829 3037 1008 3091 minus
1053 3043 1139 3098 est
1174 3050 1335 3106 quam
1377 3041 1520 3089 totus
1544 3032 1632 3088 hic
1660 3031 1910 3097 mundus,
1942 3030 1998 3086 id
2042 3038 2127 3086 est

529 3128 726 3185 caelum
755 3138 809 3183 et
849 3136 989 3183 terra
1017 3137 1073 3183 et
1096 3126 1276 3182 omnia
1305 3141 1427 3196 quae
1464 3126 1518 3180 in
1546 3125 1626 3180 eis
1657 3132 1803 3190 sunt,
1831 3137 1953 3194 quae
1979 3131 2125 3179 certe

530 3221 674 3279 Deus
698 3221 841 3277 fecit.
868 3219 1018 3277 Sicut
1038 3228 1218 3275 autem
1244 3221 1358 3288 ipse
1391 3217 1481 3288 qui
1513 3216 1662 3281 fecit,
1693 3216 1762 3270 ita
1804 3214 1995 3270 modus
2018 3229 2127 3285 quo

528 3312 656 3368 fecit
670 3312 911 3368 occultus
922 3319 1006 3367 est
1022 3319 1076 3366 et
1097 3307 1653 3379 incomprehensibilis
1672 3305 1898 3361 homini.
1916 3305 2116 3373 Quam-

534 3405 616 3473 vis
669 3404 848 3472 itaque
900 3401 1158 3457 miracula
1204 3399 1491 3456 visibilium
1551 3410 1861 3455 naturarum
1908 3397 2125 3453 videndi

528 3496 840 3552 assiduitate
876 3495 1165 3559 viluerint;
1201 3503 1379 3548 tamen
1414 3506 1537 3547 cum
1568 3506 1631 3547 ea
1656 3489 2124 3560 sapicnterintue-

530 3604 672 3654 ritur,
700 3586 1119 3642 inusitatissimis
1139 3583 1535 3653 rarissimisque
1591 3583 1792 3651 majora
1819 3590 1962 3637 sunt.
1988 3579 2123 3635 Nam

530 3690 586 3736 et
609 3680 752 3733 omni
784 3678 1044 3734 miraculo
1063 3676 1206 3749 quod
1228 3676 1288 3732 tit
1305 3691 1402 3747 per
1430 3675 1728 3742 hominem,
1760 3674 1930 3744 majus
1955 3673 2121 3728 mira-

529 3774 710 3827 culum
737 3782 821 3827 est
845 3772 1007 3827 homo
1053 3771 1153 3841 (a).
1184 3770 1523 3840 Quapropter
1546 3768 1691 3823 Deus
1710 3767 1801 3838 qui
1841 3766 1970 3822 fecit
1996 3766 2125 3821 visi-

530 3864 657 3918 bilia
704 3864 896 3919 caelum
933 3872 1236 3926 et-terram,
1287 3878 1394 3916 non
1428 3860 1745 3930 dedignatur
1786 3858 1961 3915 facere
1993 3858 2123 3914 visi-

531 3956 657 4010 bilia
690 3955 944 4010 miracula
979 3956 1031 4009 in
1059 3955 1197 4011 caelo
1237 3955 1327 4010 vel
1361 3954 1414 4008 in
1447 3963 1615 4020 terra,
1641 3954 1836 4023 quibus
1864 3952 1929 4007 ad
1962 3968 2020 4007 se
2043 3954 2123 4007 in-

530 4047 791 4103 visibilem
819 4046 1103 4103 colendum
1140 4046 1338 4103 excitet
1356 4047 1590 4103 animam
1619 4046 1799 4102 adhuc
1823 4045 2123 4101 visibilibus
2155 4085 2163 4092 .

528 4140 763 4195 deditam
810 4160 825 4196 :
866 4143 952 4197 ubi
979 4158 1109 4197 vero
1137 4151 1194 4197 et
1216 4141 1430 4212 quando
1478 4142 1653 4205 faciat,
1686 4139 2123 4197 incommutabile

529 4231 813 4293 consilium
838 4247 1004 4301 penes
1037 4233 1211 4301 ipsum
1236 4242 1340 4299 est,
1370 4232 1424 4287 in
1451 4233 1603 4302 cujus
1627 4231 1978 4300 dispositione
2008 4232 2119 4301 jam

529 4328 774 4390 tempora
823 4320 960 4376 facta
1006 4331 1133 4376 sunt
1177 4337 1530 4393 quaecumque
1581 4321 1754 4376 futura
1798 4330 1940 4376 sunt.
1988 4321 2120 4376 Nam

531 4413 850 4482 temporalia
883 4428 1126 4480 movens,
1159 4414 1525 4485 temporaliter
1548 4429 1655 4469 non
1700 4422 1986 4477 movetur;
2017 4428 2120 4468 nec

528 4505 685 4560 aliter
711 4505 859 4559 novit
881 4505 1141 4570 facienda,
1174 4521 1333 4577 quam
1363 4504 1532 4571 facta;
1558 4520 1655 4560 nec
1682 4506 1837 4559 aliter
1866 4505 2117 4560 invocan-

530 4605 612 4651 tes
649 4595 887 4660 exaudit,
936 4611 1095 4666 quam
1141 4595 1481 4652 invocatnros
1525 4594 1690 4651 videt.
1732 4595 1864 4651 Nam
1896 4604 1950 4651 et
1994 4611 2119 4652 eum

527 4687 819 4742 exaudiunt
860 4688 1047 4757 Angeli
1072 4688 1210 4756 ejus,
1256 4689 1371 4758 ipse
1398 4688 1449 4742 in
1491 4688 1568 4743 eis
1594 4687 1831 4754 exaudit,
1865 4697 2118 4758 tanquam

525 4779 581 4834 in
604 4796 750 4842 vero,
782 4794 881 4835 nec
909 4778 1213 4834 tnanufacto
1243 4779 1443 4849 templo
1471 4794 1592 4846 suo,
1626 4780 1765 4835 sicut
1804 4780 1857 4833 in
1886 4778 2120 4834 homini-

525 4871 625 4927 bus
646 4870 843 4926 sanctis
864 4870 1014 4934 suis;
1043 4871 1265 4941 ejusqnc
1314 4870 1680 4941 temporaliter
1714 4871 1848 4925 fiunt
1874 4870 2022 4940 iussa
2054 4871 2070 4902 ¹
2097 4912 2113 4937 ,

526 4972 726 5019 aeterna
742 4962 859 5032 ejus
884 4963 1002 5033 lege
1020 4971 1329 5032 conSpeeta.
1632 4954 1635 4957 ’

526 5073 752 5132 CAPUT
778 5075 994 5130 XIII.—-
1014 5074 1090 5128 De
1117 5075 1351 5129 invisibili
1382 5074 1506 5139 Deo,
1529 5076 1616 5146 qui
1641 5091 1696 5131 se
1723 5077 1962 5131 visibilem
1981 5093 2118 5146 serpe

534 5206 537 5213 .
601 5154 917 5232 praestiterit,
949 5183 1050 5221 non
1077 5166 1351 5221 secundum
1394 5167 1531 5238 quod
1569 5179 1672 5234 est,
1722 5168 1811 5223 sed
1841 5169 2117 5223 secundum

597 5258 733 5324 quod
760 5268 989 5328 poterant
1014 5264 1146 5330 ferre
1170 5270 1444 5315 cernentes.

597 5387 707 5440 Nec
728 5403 942 5443 movere
972 5389 1169 5456 debet,
1208 5389 1351 5460 quod
1379 5406 1499 5445 cum
1526 5388 1595 5445 sit
1626 5389 1904 5445 invisibiEis
1923 5433 1938 5457 ,
1970 5405 2115 5462 saepe

524 5477 801 5533 visibiliter
820 5477 1065 5534 Patribus
1086 5482 1395 5551 apparuisse
1422 5490 1770 5536 memoratur.
1794 5481 1943 5537 Sicut
1969 5482 2112 5537 enim

529 5582 695 5622 sonus
721 5583 827 5636 quo
854 5566 1068 5623 auditur
1111 5572 1373 5627 sententia
1410 5572 1464 5627 in
1502 5572 1713 5627 silentio
1754 5573 2114 5645 intelligentia:

590 5701 606 5730 ι
641 5703 713 5747 ste
734 5707 841 5748 uss.
874 5708 934 5769 fit
975 5699 1128 5769 editio
1150 5707 1281 5769 tam.
1305 5705 1435 5758 sicut
1472 5704 1521 5760 in
1547 5705 1764 5759 cautibus
1798 5703 1979 5759 sanctis
2006 5704 2113 5769 ejus

523 5773 633 5826 qm:
654 5760 978 5834 temporctﬂer
989 5759 1120 5875 (iam
1131 5759 1291 5824 jussu.

590 5832 663 5875 (at
689 5825 790 5874 κω.
809 5836 960 5875 serui.
1018 5824 1092 5875 ΞΒ.
1119 5839 1167 5875 u.
1195 5826 1243 5875 4.

590 5832 663 5887 (τι)
689 5825 790 5874 \id.
809 5836 960 5875 serui.
989 5824 1092 5889 ΗΒ,
1119 5839 1167 5875 u.
1195 5826 1243 5877 4.

1595 349 1683 406 DE
1722 344 2042 404 CIVI'I‘ATE
2082 342 2218 409 DEI,
2257 344 2314 401 S.
2355 343 2723 402 AUGUSTINI

3727 347 3836 406 293

2237 456 2548 523 constituta,
2578 471 2682 513 non
2709 462 2793 512 est
2821 453 2924 512 hoc
2950 455 3093 527 quod
3128 455 3280 527 ipsa;
3307 457 3379 513 ita
3403 466 3459 513 et
3496 459 3710 529 species
3731 474 3833 531 qua

2238 552 2384 606 visus
2407 558 2490 606 est
2531 550 2673 606 Deus
2702 551 2758 605 in
2798 558 2986 605 natura
3025 549 3278 607 invisibili
3317 551 3639 609 constitutus
3662 593 3680 620 ,
3723 569 3834 610 non

2237 653 2355 699 erat
2372 642 2517 715 quod
2552 644 2665 713 ipse
2694 643 2796 714 (a).
2828 642 3204 701 Verumtamen
3226 645 3339 715 ipse
3364 645 3418 702 in
3443 647 3628 704 eadem
3651 650 3834 719 specie

2235 736 2499 806 corporali
2527 736 2838 804 videbatur,
2878 736 3017 793 sicut
3044 736 3134 791 illa
3162 739 3426 793 sententia
3455 739 3568 809 ipsa
3599 740 3656 795 in
3696 757 3832 797 sono

2235 829 2385 885 vocis
2408 828 2662 884 auditur:
2691 843 2793 884 nec
2820 828 2896 884 illi
2935 828 3270 900 ignorabant,
3301 829 3626 887 invisibilem
3658 832 3830 887 Deum

2239 918 2294 974 in
2331 919 2511 991 specie
2534 920 2838 990 corporali,
2866 920 3010 990 quod
3049 920 3165 990 ipse
3193 936 3301 975 non
3330 931 3483 990 erat,
3525 937 3586 979 se
3622 922 3830 980 videre.

2234 1009 2368 1065 Nam
2394 1022 2449 1067 et
2475 1011 2793 1082 loquebatur
2813 1026 2935 1067 cum
2958 1011 3211 1082 loquente
3230 1011 3440 1085 Moyses
3453 1055 3469 1079 ,
3496 1014 3623 1069 etei
3649 1024 3829 1071 tamen

2234 1101 2471 1172 diccbat,
2491 1102 2554 1159 Si
2579 1103 2633 1158 in
2643 1104 2754 1158 veni
2775 1104 2996 1175 gratiam
3021 1113 3139 1159 ante
3165 1112 3245 1172 te,
3273 1105 3481 1161 ostende
3504 1106 3628 1161 mihi
3655 1115 3833 1161 temet-

2232 1193 2436 1265 ipsum,
2480 1195 2692 1250 scienter
2727 1203 2783 1249 ut
2819 1194 3015 1250 videam
3047 1204 3095 1250 te
3116 1193 3192 1268 (ὁ)
3220 1194 3415 1267 (Exod.
3468 1212 3636 1252 xxxtn
3659 1239 3678 1265 ,
3709 1199 3829 1269 l3).

2232 1284 2367 1341 Cum
2393 1285 2554 1357 igitur
2576 1296 2852 1357 oporteret
2882 1287 2972 1343 Dei
3003 1288 3173 1359 legem
3204 1287 3261 1343 in
3284 1288 3474 1344 edictis
3496 1290 3828 1360 Augelorum

2233 1376 2547 1433 terribiliter
2565 1378 2701 1445 dari,
2725 1392 2830 1433 non
2854 1379 2942 1433 uni
2964 1378 3165 1434 homini
3195 1380 3443 1450 paucisve
3467 1379 3829 1449 sapientibus,

2231 1469 2327 1525 sed
2355 1469 2620 1526 universae
2647 1471 2790 1541 genti
2819 1481 2874 1525 et
2903 1471 3102 1541 populo
3138 1471 3338 1542 ingenti
3360 1511 3376 1535 ,
3424 1487 3605 1527 coram
3631 1472 3829 1528 eodem

2231 1560 2430 1632 pepulo
2458 1576 2646 1633 magna
2670 1561 2806 1617 facta
2834 1571 2960 1618 sunt
2986 1564 3038 1617 in
3071 1573 3285 1632 monte,
3311 1565 3397 1621 ubi
3420 1564 3505 1620 lex
3536 1579 3631 1635 per
3654 1580 3827 1621 unum

2229 1653 2456 1709 dabatur
2479 1694 2495 1719 ,
2536 1654 2901 1725 conspiciente
2926 1655 3267 1712 multitudine
3302 1656 3589 1712 metuenda
3617 1672 3681 1713 ac
3712 1666 3828 1715 tre-

2230 1745 2423 1803 menda
2466 1761 2586 1818 quae
2628 1746 2847 1803 fiebant.
2905 1747 3021 1803 Non
3065 1748 3209 1804 enim
3263 1749 3493 1819 populus
3535 1748 3698 1805 Israel
3746 1750 3829 1807 sic

2230 1837 2400 1911 Moysi
2430 1839 2695 1907 credidit,
2743 1840 3193 1911 quemadmodum
3236 1856 3336 1897 suo
3377 1842 3619 1913 Lycurgo
3652 1841 3829 1898 Lace-

2231 1928 2517 1999 daemonii,
2546 1931 2688 2002 quod
2714 1946 2745 1986 a
2769 1930 2902 1987 Jove
2925 1946 3021 1988 seu
3048 1932 3294 2002 Apolline
3321 1932 3467 2003 leges
3486 1974 3501 2000 ,
3529 1947 3665 2002 quas
3688 1947 3826 1988 eon-

2188 2060 2195 2066 ο
2230 2023 2397 2089 didit,
2430 2026 2746 2095 accepisset.
2775 2025 2909 2080 Cum
2940 2025 3084 2081 enim
3115 2024 3200 2080 lex
3227 2024 3453 2080 dabatur
3476 2025 3694 2095 populo,
3717 2040 3825 2095 qua

2228 2116 2332 2171 coli
2366 2132 2500 2171 unus
2525 2116 2813 2186 jubebatur
2835 2117 2993 2183 Deus,
3028 2116 3081 2171 in
3103 2125 3393 2186 conspectu
3419 2117 3587 2187 ipsius
3617 2116 3824 2186 pepuli,

2229 2217 2485 2277 quantum
2511 2206 2760 2263 sufficere
2782 2207 2961 2263 divina
2990 2207 3320 2278 providentia
3344 2207 3634 2278 judicabat,
3660 2208 3827 2261 mira-

2227 2297 2423 2353 bilibus
2450 2314 2630 2354 rerum
2659 2299 2827 2369 signis
2858 2314 2923 2354 ac
2949 2299 3183 2354 motibus
3211 2299 3536 2369 apparebat,
3576 2299 3645 2353 ad
3670 2315 3827 2355 eam-

2228 2388 2353 2444 dem
2379 2389 2550 2461 lcgem
2575 2389 2809 2445 dandam
2841 2391 2857 2422 ¹
2885 2390 3129 2447 Creatori
3152 2390 3358 2446 servire
3381 2401 3706 2446 creaturam.

2228 2503 2453 2559 CAPUT
2492 2503 2630 2559 XIV.
2672 2534 2745 2545 —
2782 2502 2862 2558 De
2908 2520 3009 2558 uno
3048 2503 3157 2559 Deo
3212 2504 3459 2569 colendo,
3501 2521 3603 2558 non
3652 2504 3822 2559 solum

2298 2606 2502 2667 prapter
2538 2605 2755 2661 (eterna,
2784 2594 2872 2650 sed
2909 2596 3061 2651 etiam
3098 2605 3304 2666 propter
3348 2595 3644 2664 temporalia
3670 2594 3828 2648 bene-

2301 2686 2420 2755 ﬁcia
2438 2726 2455 2753 ,
2485 2688 2606 2756 quia
2645 2687 2878 2741 universa
2921 2686 2976 2740 in
3016 2686 3177 2758 ipsius
3218 2685 3543 2757 providentia:
3580 2696 3827 2756 potestate

2296 2780 2597 2834 consistunt.

2300 2874 2450 2929 Sicut
2489 2885 2671 2929 autem
2711 2874 2869 2929 unius
2909 2871 3177 2943 hominis,
3221 2873 3293 2929 ita
3323 2872 3542 2929 humani
3580 2875 3820 2945 generis.

2227 2965 2370 3037 quod
2414 2963 2483 3019 ad
2525 2964 2624 3021 Dei
2676 2965 2928 3035 populum
2974 2964 3243 3034 pertinet,
3289 2973 3431 3019 recta
3460 2964 3695 3019 eruditio
3726 2980 3826 3035 per

2227 3057 2486 3128 quosdam
2525 3057 2783 3113 articulos
2828 3066 3127 3127 temporum
3154 3064 3405 3128 tanquam
3446 3067 3665 3112 aetatum
3695 3074 3826 3129 pro-

2228 3150 2355 3208 fecit
2401 3151 2742 3219 accessibus,
2794 3160 2854 3215 ut
2889 3166 2919 3206 a
2962 3150 3346 3221 temporalibus
3374 3149 3442 3205 ad
3494 3160 3697 3206 aeterna
3728 3167 3822 3207 ea-

2227 3240 2421 3315 pienda
2445 3254 2501 3300 et
2525 3259 2556 3299 a
2593 3243 2891 3301 visibilibus
2917 3244 2986 3299 ad
3029 3243 3311 3299 invisibilia
3349 3252 3699 3315 surgeretur;
3749 3244 3823 3299 ita

2227 3353 2359 3394 sane
2385 3348 2441 3393 ut
2466 3337 2627 3393 etiam
2659 3337 2753 3393 illo
2782 3347 3023 3409 tempore
3044 3351 3150 3407 quo
3179 3336 3406 3392 visibilia
3435 3338 3825 3406 promitteban-

2228 3437 2313 3484 tur
2333 3428 2588 3483 divinitus
2615 3426 2833 3499 praemia
2853 3470 2868 3494 ,
2904 3442 3043 3482 unus
3065 3437 3241 3482 tamen
3263 3426 3520 3482 colendus
3543 3442 3826 3483 commcn-

2226 3518 2442 3575 daretur
2471 3520 2641 3585 Deus,
2671 3534 2741 3576 ne
2768 3533 2920 3576 mens
2942 3519 3170 3575 humana
3200 3519 3282 3575 vel
3310 3535 3410 3590 pro
3435 3520 3565 3590 ipsis
3589 3522 3823 3578 terrenis

2225 3610 2350 3665 vitae
2390 3611 2709 3665 transitoria:
2751 3609 3025 3666 beneficiis
3053 3611 3302 3680 cuiquam
3331 3610 3433 3664 nisi
3461 3624 3589 3665 vero
3618 3612 3822 3667 animae

2225 3701 2464 3759 Creatori
2495 3717 2557 3759 ac
2597 3702 2826 3759 Domino
2868 3701 3206 3758 subderetur.
3254 3701 3443 3757 Omnia
3472 3702 3669 3773 quippe
3696 3720 3823 3774 qua:

2227 3804 2481 3865 prmstare
2509 3794 2815 3851 hominibus
2841 3795 2926 3850 vel
2964 3793 3152 3864 Angeli
3182 3794 3263 3848 vel
3300 3792 3546 3848 homines
3569 3806 3821 3863 possunt,

2227 3890 2278 3943 in
2312 3889 2467 3943 unius
2491 3903 2610 3943 esse
2631 3887 3026 3957 Omnipotentis
3056 3895 3320 3956 potestate
3345 3886 3585 3956 quisquis
3614 3886 3826 3942 difﬁte-

2226 3990 2331 4044 tur,
2361 3980 2574 4035 insanit.
2602 3979 2678 4034 De
2711 3979 3040 4049 providentia
3071 3988 3219 4033 certe
3243 3977 3487 4033 Plotinus
3510 3978 3824 4034 Platonicus

2225 4071 2490 4141 disputat,
2536 4085 2761 4141 eamque
2785 4085 2813 4124 a
2842 4085 3053 4125 summo
3085 4069 3225 4136 Deo,
3268 4068 3421 4139 cujus
3450 4078 3534 4124 est
3558 4069 3822 4141 intelligi-

2225 4163 2348 4218 bilis
2376 4173 2534 4233 atque
2554 4162 2839 4218 inell'abilis
2868 4162 3209 4233 pulchritudo
3233 4204 3248 4227 ,
3280 4178 3449 4233 usque
3472 4161 3539 4217 ad
3562 4161 3679 4218 ha-c
3712 4172 3825 4220 ter—

2224 4268 2353 4311 rena
2384 4263 2437 4309 et
2467 4256 2568 4309 ima
2608 4256 2914 4325 pertingere
2934 4296 2948 4320 ,
3002 4255 3345 4310 ﬂosculorum
3374 4266 3532 4326 atque
3562 4255 3822 4315 foliorum

2225 4346 2618 4415 pulchritudine
2662 4346 3016 4416 comprobat:
3045 4363 3163 4416 quae
3204 4347 3384 4401 omnia
3412 4347 3563 4417 quasi
3603 4346 3821 4417 adjecta

2224 4449 2279 4494 et
2329 4438 2665 4494 velocissime
2718 4440 2995 4507 pereuntia
3050 4438 3461 4493 decentissimos
3518 4436 3821 4495 formarum

2223 4543 2441 4583 suarmn
2471 4543 2721 4583 numeros
2752 4528 2949 4584 habere
2994 4544 3097 4583 non
3140 4544 3298 4599 posse
3336 4528 3657 4595 confirmat,
3714 4530 3824 4585 nisi

2226 4622 2348 4678 inde
2371 4622 2697 4687 formentur,
2731 4621 2818 4675 ubi
2849 4621 3017 4675 forma
3048 4621 3396 4691 intelligibilis
3426 4631 3479 4675 ct
3506 4622 3822 4677 incommu-

2224 4714 2399 4769 tabilis
2442 4714 2598 4769 simul
2644 4713 2844 4767 habens
2885 4712 3062 4766 omnia
3109 4721 3412 4782 perseverat
3455 4709 3747 4784 (Enneadis
3790 4714 3825 4769 5

2223 4806 2309 4861 lib.
2340 4805 2395 4871 2,
2429 4823 2544 4875 cap.
2579 4802 2690 4875 15).
2731 4805 2842 4859 Hoc
2866 4804 3122 4858 Dominus
3149 4803 3308 4858 Jesus
3335 4803 3404 4857 ibi
3435 4803 3689 4868 ostendit,
3730 4804 3823 4859 ubi

2220 4900 2295 4953 ait
2329 4919 2340 4953 :
2368 4898 2691 4953 Considerate
2720 4897 2829 4951 lilia
2847 4898 2959 4968 agri
2986 4899 3006 4928 ¹
3029 4939 3044 4963 ,
3072 4914 3170 4950 non
3198 4898 3448 4963 laborant,
3479 4913 3638 4963 neque
3667 4909 3820 4952 nent.

2224 4992 2349 5045 Dico
2388 5002 2555 5045 autem
2595 4991 2764 5058 vobis,
2806 4991 2923 5061 quia
2964 5007 3052 5045 nec
3089 4990 3335 5046 Salomon
3371 4991 3422 5044 in
3465 5002 3604 5045 tanta
3645 4993 3823 5063 gloria

2220 5101 2315 5138 sua
2342 5084 2414 5138 sic
2442 5084 2654 5137 amictus
2697 5095 2767 5137 est
2795 5083 2923 5136 sicut
2959 5099 3117 5136 unum
3143 5099 3203 5136 ea:
3228 5082 3320 5136 eis.
3380 5081 3531 5147 Quod
3560 5084 3603 5137 si
3637 5086 3824 5153 fenum

2220 5176 2364 5246 agri,
2394 5175 2527 5245 quod
2553 5175 2701 5228 ltodic
2729 5184 2801 5229 est
2832 5184 2877 5229 et
2915 5192 3027 5228 cras
3049 5175 3101 5228 iu
3122 5175 3378 5228 clibanum
3406 5176 3641 5242 mittitur,
3671 5175 3824 5233 Deus

2220 5269 2291 5323 sic
2320 5269 2499 5331 vestit;
2526 5278 2712 5338 quanto
2751 5268 2911 5339 magis
2943 5283 3029 5322 vos
3048 5309 3064 5334 ,
3104 5267 3318 5321 modica:
3339 5268 3461 5337 ﬁdei
3487 5268 3705 5340 (Matth.
3744 5287 3821 5339 vi,

2218 5360 2410 5430 28-50)
2430 5361 2456 5413 ?
2484 5359 2692 5430 Optime
2718 5359 2877 5430 igitur
2910 5361 3085 5414 anima
3116 5359 3344 5414 humana
3377 5359 3550 5414 adhuc
3582 5366 3824 5415 terrenis

2283 5521 2300 5551 ι
2335 5524 2465 5577 tov.,
2491 5516 2704 5567 dandam
2740 5516 3001 5567 docmtem.
3044 5517 3209 5578 Abest,
3249 5516 3524 5579 docentem,
3561 5517 3625 5566 ab
3667 5518 3825 5568 editis

2217 5580 2323 5631 aliis
2345 5588 2397 5628 et
2423 5593 2453 5628 a
2476 5587 2648 5630 nostris
2669 5580 3017 5641 manuset-iptis.

2280 5646 2301 5711 ξ
2336 5649 2400 5691 tta
2422 5647 2529 5711 Mss.
2568 5643 2685 5711 miti
2709 5640 2929 5711 ve_ro_hic
2963 5640 3160 5711 addunt,
3178 5642 3422 5711 quomodo
3442 5648 3665 5693 cresctmt
3705 5653 3729 5692 :
3767 5649 3823 5693 ct

2219 5703 2340 5757 inira
2375 5718 2478 5765 pro.
2509 5705 2557 5753 in
2579 5709 2738 5765 tanta,
2764 5703 2964 5755 habent.
2990 5702 3040 5753 in
3056 5702 3205 5754 omni.

2281 5766 2353 5828 (a)
2378 5765 2510 5816 Conf.
2535 5772 2709 5828 quaest.
2738 5765 2816 5814 101
2842 5768 2891 5813 in
2914 5765 3060 5813 Exod.

2285 5825 2356 5892 (ὁ)
2380 5835 2447 5879 tte
2470 5825 2738 5892 his’qua'st.
2760 5828 2839 5878 ίδι
2871 5830 2918 5877 in
2942 5827 3110 5889 Exod,
3130 5835 3182 5879 et
3207 5827 3350 5890 epist.
3380 5826 3480 5888 l-i't',
3507 5840 3559 5877 n.
3581 5825 3663 5877 εο.
