4064 6468
247 345 348 404 ωδ

247 466 524 522 desideriis
555 465 787 532 inﬁrma,
829 481 892 522 ea
929 466 1042 536 ipsa
1075 481 1192 537 quce
1235 467 1600 536 temporaliter
1626 477 1840 534 exoptat

248 561 378 615 bona
407 559 594 612 inﬁma
625 569 786 630 atque
823 568 1036 616 terrena
1065 559 1187 614 vita:
1229 559 1355 614 huic
1391 561 1712 615 transitoriae
1743 577 1840 616 ne-

247 649 470 703 cessaria
497 691 513 716 ,
567 660 622 703 et
675 665 784 720 pra:
831 649 972 705 illius
1013 650 1136 704 vitae
1175 650 1522 719 sempiternis
1566 651 1842 708 beneﬁciis

245 742 661 806 contemnenda,
690 757 794 795 non
822 751 999 796 tamen
1034 741 1135 796 nisi
1164 742 1232 796 ab
1257 757 1366 796 uno
1391 743 1498 797 Deo
1525 753 1842 813 exspectare

245 836 582 900 consuescit,
630 845 688 888 ut
727 835 798 889 ab
825 835 965 890 illius
991 835 1138 890 cultu
1164 837 1325 891 etiam
1367 837 1418 892 in
1450 836 1670 894 istorum
1696 837 1841 891 desi—

245 925 388 980 derio
419 942 530 980 non
571 928 790 982 recedat
810 970 824 992 ,
857 928 922 982 ad
953 944 1112 999 quem
1140 939 1450 1001 contemptu
1479 945 1666 985 eorum
1697 937 1750 984 et
1774 929 1842 985 ab

245 1021 318 1074 eis
341 1021 634 1076 aversione
663 1021 964 1092 perveniat.

245 1151 470 1208 CAPUT
511 1151 629 1207 XV.
655 1181 728 1192 —
761 1153 837 1207 De
865 1154 1144 1208 ministerio
1177 1163 1467 1208 sanctorum
1495 1153 1840 1226 Angelorum,

628 1261 728 1314 quo
756 1243 1084 1312 providentia
1105 1245 1200 1300 Dei
1225 1246 1466 1300 serviunt.

310 1378 400 1436 Sic
451 1379 640 1450 itaque
697 1379 891 1436 divina:
937 1381 1288 1452 providentia:
1331 1381 1530 1452 placuit
1589 1382 1840 1438 ordinare

247 1479 547 1539 temporum
593 1485 810 1526 cursum
837 1512 852 1539 ,
905 1481 960 1527 ut
1007 1473 1456 1542 quemadmodum
1499 1473 1644 1542 dixi,
1686 1483 1740 1529 et
1785 1475 1838 1530 in

231 1560 462 1624 ,Aetibus
487 1564 868 1632 Apostolorum
915 1565 1138 1634 legitur,
1179 1565 1265 1619 lex
1303 1565 1354 1620 in
1385 1565 1573 1620 edictis
1613 1564 1842 1634 Angelo-

245 1666 356 1705 rum
381 1651 608 1706 daretur
627 1651 696 1708 de
725 1653 881 1708 unius
911 1655 1020 1708 veri
1056 1655 1148 1708 Dei
1175 1655 1320 1710 cultu
1354 1654 1486 1726 (Act.
1517 1671 1611 1722 vn,
1643 1655 1760 1726 53),
1785 1655 1838 1709 in

245 1743 432 1812 quibus
459 1753 516 1797 et
545 1759 775 1812 persona
821 1743 989 1814 ipsius
1027 1745 1154 1810 Dei,
1197 1761 1304 1800 non
1327 1745 1542 1814 quidem
1565 1761 1662 1816 per
1687 1759 1838 1800 suam

245 1833 594 1887 substantiam
617 1875 631 1899 ,
677 1851 796 1904 qua:
839 1851 1053 1904 semper
1091 1835 1526 1906 corruptibilibus
1561 1835 1728 1890 oculis
1757 1835 1840 1888 in-

245 1927 462 1980 visibilis
494 1936 808 1996 permanet,
853 1927 948 1982 sed
975 1927 1136 1982 certis
1171 1927 1384 1982 indiciis
1421 1943 1514 1998 per
1538 1927 1834 1996 subjectam

245 2015 482 2070 Creatori
529 2027 830 2072 ercaturam
861 2017 1140 2073 visibiliter
1181 2029 1500 2089 appareret,
1525 2028 1578 2075 ct
1607 2019 1838 2090 syllaba-

247 2111 330 2160 tim
383 2125 482 2177 per
539 2109 875 2164 transitorias
933 2118 1233 2180 temporum
1289 2111 1526 2166 morulas
1583 2111 1832 2166 humana:

247 2201 432 2270 lingua:
481 2202 710 2257 vocibus
755 2203 1066 2272 loqueretur
1090 2245 1105 2268 ,
1158 2203 1248 2272 qui
1289 2203 1343 2258 in
1381 2217 1476 2258 sua
1505 2213 1690 2258 natura
1729 2221 1834 2259 non

241 2294 593 2361 corporaliter
616 2335 630 2360 ,
663 2293 758 2349 sed
789 2295 1167 2365 Spiritualiter;
1215 2311 1320 2351 non
1343 2298 1672 2353 scnsibiliter
1693 2341 1708 2364 ,
1741 2299 1836 2354 sed

247 2383 684 2455 intelligibiliter;
716 2401 824 2441 non
851 2388 1216 2456 temporaliter
1239 2429 1256 2454 ,
1293 2388 1420 2454 sed,
1465 2397 1524 2443 ut
1551 2390 1622 2442 ita
1652 2389 1828 2444 dicam

247 2477 600 2542 :eternaliter,
645 2493 746 2532 nec
774 2477 958 2548 incipit
981 2479 1160 2548 loqui,
1193 2493 1294 2534 nec
1313 2479 1510 2534 desinit
1537 2479 1612 2549 (ιι)
1645 2499 1660 2534 :
1691 2480 1832 2550 quod

247 2569 372 2638 apud
399 2570 554 2624 illum
585 2569 849 2625 sincerius
875 2571 1130 2638 audiunt,
1161 2587 1268 2626 non
1295 2573 1538 2643 corporis
1557 2589 1710 2640 aure,
1739 2574 1836 2629 sed

249 2663 432 2716 tuentis
453 2702 470 2725 ,
513 2661 748 2716 ministri
773 2663 890 2732 ejus
915 2673 966 2716 et
991 2663 1198 2728 nuntii,
1239 2663 1330 2732 qui
1356 2663 1471 2734 ejus
1501 2664 1728 2720 veritate
1749 2664 1832 2718 in-

247 2751 604 2806 eommutabili
633 2752 980 2820 perfruuntur
1003 2753 1267 2808 immortal
1283 2753 1379 2808 iter
1405 2753 1546 2810 beati
1569 2771 1584 2820 ;
1615 2763 1668 2810 et
1691 2754 1834 2824 quod

251 2843 542 2898 faciendum
577 2844 750 2898 modis
797 2843 1150 2900 ineffabilibus
1188 2844 1444 2912 audiunt,
1492 2854 1546 2900 et
1589 2861 1758 2916 usque
1781 2845 1834 2902 in

250 2934 336 2986 ista
367 2934 598 2988 visibilia
645 2945 804 3002 atque
849 2933 1122 2988 seusibilia
1161 2934 1596 3003 perducendum,
1641 2936 1836 2990 incun-

249 3037 442 3082 ctanter
481 3037 646 3096 atque
681 3025 1018 3082 indifﬁcultcr
1057 3025 1314 3082 efﬁciunt.
1369 3026 1496 3081 Haec
1527 3037 1704 3082 autem
1749 3031 1834 3082 lex

249 3120 614 3178 distributione
648 3129 946 3188 temporum
987 3119 1110 3174 data
1139 3127 1222 3174 est
1247 3117 1320 3191 (b)
1343 3159 1358 3184 ,
1395 3135 1514 3188 (tum
1555 3119 1700 3190 prius
1739 3119 1835 3174 ha-

251 3211 408 3274 beret,
439 3221 499 3264 ut
523 3211 725 3264 dictum
749 3219 852 3276 est,
885 3210 1144 3279 promissa
1174 3219 1404 3275 terrena,
1435 3209 1628 3280 quibus
1653 3219 1828 3266 tamen

251 3303 672 3372 signiﬁcarentur
713 3311 914 3356 interna
936 3343 950 3367 ,
991 3317 1112 3370 quae
1146 3300 1446 3356 visibilibus
1483 3303 1836 3356 sacramentis

251 3394 574 3448 Celebrarent
601 3393 795 3458 multi,
829 3393 1188 3462 intelligerent
1225 3393 1399 3461 pauci.
1457 3392 1628 3450 Unius
1657 3403 1832 3450 tamen

253 3485 524 3540 Deicultus
545 3485 885 3554 apertissima
911 3485 1016 3540 illic
1033 3493 1088 3540 et
1115 3500 1302 3540 vocum
1320 3493 1374 3540 et
1399 3501 1576 3542 rerum
1596 3487 1834 3542 omnium

253 3577 632 3630 contestatione
653 3575 980 3644 praecipitur,
1005 3591 1110 3630 non
1139 3576 1296 3630 unius
1321 3574 1388 3630 de
1415 3576 1588 3642 turba,
1621 3577 1716 3632 sed
1743 3579 1834 3648 qui

255 3669 366 3723 fecit
393 3671 408 3700 ¹
431 3669 632 3724 caelum
653 3677 708 3722 et
726 3677 943 3734 terram,
971 3677 1026 3722 et
1039 3683 1253 3723 omnem
1273 3669 1526 3734 animam,
1547 3679 1600 3724 et
1619 3685 1832 3724 omnem

254 3762 486 3832 spiritum
517 3761 609 3830 qui
641 3775 748 3814 non
779 3769 860 3814 est
885 3759 1028 3830 quod
1054 3761 1186 3830 ipse.
1233 3760 1327 3815 Ille
1351 3760 1494 3814 enim
1521 3759 1646 3814 fecit
1669 3803 1686 3826 ,
1719 3763 1835 3816 haec

255 3851 378 3906 facta
417 3863 546 3908 sunt
575 3870 588 3906 :
619 3863 782 3921 atque
820 3859 878 3905 ut
905 3851 1012 3904 sint
1045 3860 1100 3906 et
1141 3851 1279 3908 bene
1319 3866 1379 3908 se
1415 3850 1684 3918 habeant,
1715 3851 1832 3923 ejus

255 3943 477 4014 indigent
504 3960 536 3998 a
567 3959 674 4012 quo
697 3944 832 3996 facta
861 3951 1004 3996 sunt.

255 4075 466 4132 CAPUT
505 4075 648 4129 XVI.
677 4105 746 4116 --
783 4073 864 4128 An
889 4075 952 4128 de
976 4075 1308 4145 promerendo
1337 4075 1480 4130 beata
1505 4077 1606 4131 vita
1634 4077 1712 4132 his
1733 4093 1832 4131 an-

317 4167 436 4236 gelis
459 4168 526 4220 sit
542 4165 873 4230 credendum,
892 4167 978 4235 qui
1001 4165 1162 4220 δεδοιὶ
1181 4167 1382 4237 exigunt
1412 4170 1602 4221 honore
1629 4169 1832 4232 divino;

316 4275 378 4310 an
431 4274 548 4310 vero
587 4257 728 4321 illis,
785 4255 873 4328 qui
905 4271 1005 4308 non
1061 4255 1190 4320 sibi,
1241 4257 1328 4310 sed
1384 4259 1474 4310 uni
1507 4255 1618 4311 Deo
1656 4267 1834 4312 sancta

319 4351 620 4420 praecipiunt
661 4349 903 4421 religione
927 4351 1124 4404 sarriri.

319 4489 368 4541 l.
411 4487 622 4553 Quibus
663 4487 824 4554 igitur
871 4485 1086 4554 Angelis
1115 4484 1182 4538 de
1229 4483 1382 4538 beata
1413 4493 1468 4538 cl
1509 4484 1833 4554 sempiterna

257 4581 350 4633 vita
393 4579 724 4634 credendmn
775 4593 896 4632 esse
940 4575 1259 4632 censemus?
1309 4585 1485 4628 utrum
1525 4576 1604 4630 eis
1649 4577 1736 4646 qui
1775 4592 1833 4632 sc

257 4673 514 4743 religionis
555 4671 750 4726 ritibus
781 4671 882 4725 coli
911 4669 1128 4734 volunt,
1172 4669 1274 4724 sibi
1311 4683 1460 4723 sacra
1489 4677 1542 4722 et
1572 4669 1832 4725 sacriﬁcia

257 4765 540 4834 ﬂagitantes
585 4779 616 4816 a
663 4763 975 4816 mortalibus
1017 4761 1292 4825 exhiberi;
1343 4776 1409 4814 an
1449 4760 1526 4814 eis
1565 4761 1654 4829 qui
1691 4760 1832 4816 hunc

255 4875 452 4914 omnem
493 4859 699 4912 cultum
739 4856 830 4909 nni
861 4855 971 4910 Deo
1000 4853 1230 4908 creatori
1255 4852 1494 4906 omnium
1535 4851 1719 4907 deberi
1751 4853 1833 4906 di-

254 4962 390 5013 cunt,
421 4951 576 5018 eique
607 4945 936 5001 reddendum
955 4960 1077 4999 vera
1105 4944 1299 5014 pietate
1324 4943 1654 5012 prsccipiunt,
1679 4943 1830 5014 cujus

253 5051 298 5094 ct
323 5041 414 5111 ipsi
445 5036 1072 5116 contemplationetbeati
1100 5046 1244 5100 sunt,
1272 5043 1328 5089 et
1357 5051 1454 5089 nos
1486 5035 1690 5088 futuros
1711 5049 1832 5088 esse

255 5131 600 5200 promittunt?
627 5129 721 5184 Illa
752 5144 982 5198 namque
1004 5128 1138 5182 visio
1167 5127 1261 5182 Dei
1295 5136 1454 5181 tanta:
1479 5127 1830 5196 pulchritudi-

253 5225 332 5277 nis
352 5224 485 5278 visio
512 5231 596 5278 est
619 5263 633 5288 ,
662 5231 716 5277 et
742 5229 890 5274 tanto
917 5235 1100 5274 amore
1121 5219 1431 5290 dignissima
1454 5261 1466 5282 ,
1500 5227 1556 5271 ut
1583 5217 1700 5272 sine
1731 5218 1830 5273 hac

252 5318 570 5387 quibuslibet
611 5315 731 5370 aliis
757 5315 913 5371 bonis
941 5313 1220 5384 praeditum
1257 5321 1416 5382 atque
1443 5309 1826 5375 abundantem,

308 5527 323 5556 ι
363 5533 460 5573 am.
483 5530 558 5572 Er.
585 5529 638 5573 et
663 5529 795 5582 t.ov.,
818 5521 904 5572 sed
937 5521 1042 5582 ejus
1064 5519 1146 5582 qui
1169 5517 1299 5582 fecit.
1325 5519 1489 5580 Abest,
1515 5517 1638 5580 ejus,
1661 5531 1690 5567 a
1724 5531 1827 5568 ma-

244 5587 499 5647 nuscriptis
521 5593 574 5636 et
594 5598 621 5633 a
634 5585 782 5636 .vind.

305 5649 376 5710 (ιι)
403 5639 502 5710 huc
521 5653 782 5710 recurrunt
797 5643 996 5710 pulchre
1010 5643 1144 5710 dicta
1161 5648 1324 5710 Eatur.
1345 5639 1533 5710 iu_tjsal.
1559 5655 1686 5699 mv,
1705 5655 1756 5690 ιι.
1774 5642 1824 5691 5.

305 5702 376 5770 (b)
401 5716 470 5757 De
493 5709 583 5758 hac
606 5707 724 5770 lege
741 5702 1044 5758 concinnavit
1081 5707 1373 5769 Augastinus
1395 5702 1572 5752 librum
1601 5713 1825 5766 quartum

243 5789 276 5820 ε
287 5783 404 5820 »ιιι-η
429 5777 666 5821 Faustum.

1592 347 1794 404 LIBER
1831 345 2144 407 DECIMUS.

3421 375 3532 435 29}

1950 483 2056 522 non
2085 469 2290 526 dubitet
2317 473 2556 530 Plotinus
2585 477 3008 537 infelicissimum
3035 484 3218 542 dicere
3239 487 3536 563 (Enneadis

1951 561 1974 655 l
2017 563 2110 655 lib.
2129 562 2202 655 76,
2231 581 2346 634 cap.
2379 567 2474 648 7).|
2508 569 2641 624 Cum
2685 587 2813 644 ergo
2853 576 2920 631 ad
2961 577 3100 634 hunc
3127 561 3287 636 unum
3313 586 3530 655 quidam

1948 653 2387 750 Angeli,_qnidam
2411 675 2538 715 vero
2565 662 2630 716 ad
2657 679 2716 720 se
2741 667 2884 735 ipsos
2905 669 3058 726 Iatria
3086 653 3343 733 colendos
3367 680 3537 750 signis

1949 745 2278 842 mirabilibus
2313 751 2576 818 excitent;
2605 763 2658 808 et
2687 755 2788 814 hoc
2827 761 2896 815 ita
2925 772 2982 817 nt
3009 765 3085 820 illi
3115 767 3248 824 istos
3279 772 3380 826 coli
3411 745 3536 842 pro-

1949 833 2198 903 hibeant,
2247 838 2334 892 isti
2375 851 2552 896 autem
2595 845 2742 902 illum
2787 851 3070 918 prohibere
3115 873 3222 914 non
3258 833 3532 930 audeant;

1947 925 2140 994 quibus
2163 929 2339 1024 potius
2363 931 2434 986 sit
2459 935 2784 993 credendum
2803 983 2815 1004 ,
2862 949 3220 1014 respondeant
3245 925 3527 1024 Platonici,

1947 1019 2320 1113 respondeant
2359 1024 2682 1097 quicumque
2754 1033 3100 1105 phil050phi,
3171 1019 3532 1113 respondeant

1949 1105 2156 1179 theurgi
2180 1153 2195 1177 ,
2245 1112 2325 1166 vel
2357 1115 2534 1183 potius
2577 1119 2812 1190 periurgi
2845 1125 2860 1154 ³
2893 1143 2906 1178 :
2945 1125 3049 1184 hoc
3077 1131 3218 1186 enim
3255 1105 3380 1191 sunt
3421 1139 3530 1194 illas

1945 1211 2132 1300 otnnes
2173 1213 2316 1259 artes
2357 1208 2615 1264 vocabulo
2644 1211 2935 1283 digniores.
2991 1219 3267 1280 Postremo
3307 1245 3530 1300 respon-

1945 1289 2106 1347 deant
2149 1293 2428 1366 homines,
2469 1301 2514 1354 si
2557 1303 2696 1360 ullus
2721 1307 2742 1337 ²
2773 1317 2978 1366 natura:-
3017 1327 3129 1368 sum
3166 1289 3527 1393 sensus,.quo

1943 1384 2231 1441 rationales
2261 1392 2428 1446 creati
2466 1403 2624 1460 sunt,
2657 1413 2723 1452 ex
2777 1399 2952 1470 aliqua
2983 1414 3134 1472 parte
3167 1410 3294 1464 vivit
3323 1384 3382 1466 in
3399 1384 3478 1470 eis
3511 1433 3526 1471 :

1945 1478 2320 1546 respondeant,
2351 1483 2586 1552 inquam,
2620 1487 2770 1544 eisne
2788 1493 3194 1552 sacriﬁcandum
3223 1499 3294 1554 sit
3323 1503 3422 1559 diis
3449 1507 3528 1562 vel

1945 1567 2149 1665 angelis
2175 1571 2264 1640 qui
2291 1573 2392 1628 sibi
2423 1577 2712 1634 sacriﬁcari
2738 1580 2959 1650 jubent,
2991 1603 3059 1641 an
3091 1589 3166 1644 illi
3191 1593 3303 1657 uni,
3335 1595 3418 1648 cui
3441 1597 3524 1665 ju-

1945 1655 2072 1711 bent
2099 1657 2150 1711 hi
2177 1661 2266 1730 qui
2293 1671 2347 1716 et
2371 1663 2468 1718 sibi
2497 1676 2551 1720 et
2593 1669 2708 1724 istis
2744 1672 3064 1740 prohibent?
3099 1679 3155 1732 Si
3191 1655 3297 1737 nec
3322 1683 3398 1738 illi
3427 1655 3528 1743 nec

2070 1751 2173 1806 ulla
2207 1755 2462 1812 miracula
2489 1759 2760 1830 facerent,
2795 1767 2890 1822 sed
2923 1779 3124 1826 tantum
3153 1777 3525 1848 praeciperent,

1941 1840 2030 1896 alii
2069 1843 2282 1912 quidem
2331 1856 2386 1902 ut
2425 1850 2524 1904 sibi
2551 1855 2974 1928 sacriﬁcaretur,
3017 1863 3104 1918 alii
3137 1840 3339 1924 veroid
3379 1840 3529 1932 vcta.

1943 1943 2081 2000 rent,
2109 1936 2204 1992 sed
2235 1941 2322 1993 uni
2355 1949 2554 1998 tantum
2573 1945 2824 2014 juberent
2848 1951 2984 2018 Deo;
3013 1959 3142 2011 satis
3169 1960 3387 2018 deberet
3415 1967 3528 2035 pie-

1945 2033 2027 2126 tas
2053 2029 2188 2126 ipsa
2216 2031 2522 2090 discernere
2561 2039 2686 2107 quid
2729 2041 2918 2098 horum
2947 2047 3012 2102 de
3056 2047 3194 2104 fastu
3235 2029 3521 2126 superbim,

1941 2118 2064 2186 quid
2095 2120 2164 2176 de
2203 2137 2324 2178 vera
2373 2127 2634 2198 religione
2673 2131 3046 2194 descenderet.
3105 2143 3229 2198 Plus
3256 2118 3415 2203 etiam
3443 2118 3526 2204 di;

1939 2225 2056 2265 enm
2091 2231 2104 2266 :
2137 2215 2180 2268 si
2213 2225 2414 2272 tantum
2443 2219 2496 2274 hi
2538 2224 2868 2284 mirabilibus
2915 2229 3069 2289 factis
3111 2235 3370 2296 humanas
3401 2259 3526 2311 pcr-

1941 2315 2222 2360 movercnt
2271 2319 2476 2366 mentes
2502 2353 2517 2378 ,
2551 2317 2636 2384 qui
2668 2319 2926 2375 sacriﬁcia
2974 2325 3074 2380 sibi
3114 2339 3405 2400 expetunt,
3449 2335 3525 2392 illi

1939 2405 2116 2450 autem
2147 2401 2236 2468 qui
2271 2401 2371 2460 hoc
2405 2406 2716 2476 prohibent,
2751 2421 2806 2466 et
2835 2415 2922 2468 uni
2955 2426 3158 2474 tantum
3185 2423 3292 2478 Deo
3316 2429 3522 2482 sacriﬁ~

1939 2487 2046 2540 cari
2071 2488 2275 2558 jubent,
2305 2509 2638 2566 nequaquam
2671 2501 2768 2554 ista
2803 2503 3032 2562 visibilia
3061 2512 3314 2568 miracula
3345 2515 3522 2574 facere

1939 2578 2320 2673 dignarentur;
2381 2591 2618 2657 profecto
2665 2609 2768 2648 non
2813 2611 2972 2653 sensu
3010 2607 3252 2672 corporis
3276 2649 3290 2673 ,
3325 2611 3418 2664 sed
3447 2627 3524 2666 ra-

1942 2669 2084 2726 tione
2127 2678 2322 2730 tnentis
2365 2685 2726 2749 prreponcnda
2771 2703 2956 2743 eorum
3001 2669 3146 2749 esset
3185 2669 3472 2756 auctoritas
3507 2723 3520 2756 :

1938 2775 2060 2817 cum
2101 2781 2226 2820 vero
2269 2768 2406 2823 Deus
2455 2772 2504 2826 id
2549 2777 2720 2842 egerit
2747 2778 2814 2832 ad
2853 2787 3272 2842 connuendanda
3312 2791 3524 2862 eloquia

1939 2857 2178 2910 veritatis
2203 2873 2347 2924 sum,
2379 2871 2438 2915 ut
2469 2879 2564 2932 per
2603 2868 2734 2921 istos
2773 2869 3103 2930 immortales
3136 2881 3348 2934 nuntios
3369 2925 3383 2946 ,
3415 2857 3523 2938 non

1939 2946 2018 3000 sui
2042 2946 2256 3014 fastum,
2289 2954 2380 3006 sed
2406 2957 2736 3026 maiestatem
2761 2962 2901 3018 illius
2924 2968 3292 3038 prtedicantes,
3326 2973 3524 3032 faceret

1939 3038 2168 3134 majora,
2205 3045 2436 3098 certiora
2463 3089 2476 3112 ,
2505 3048 2732 3105 clariora
2758 3055 3035 3122 miracula,
3071 3075 3138 3114 ne
3168 3062 3392 3118 inﬁrmis
3421 3067 3524 3134 piis

1939 3127 2012 3182 illi
2033 3130 2122 3198 qui
2147 3133 2406 3187 sacriﬁcia
2437 3137 2538 3190 sibi
2565 3151 2852 3209 expetunt,
2887 3145 3075 3201 falsam
3105 3127 3524 3221 religionem-fa-

1938 3221 2092 3276 cilius
2133 3226 2550 3294 persuaderent,
2603 3245 2670 3284 co
2712 3234 2852 3301 quod
2892 3238 3139 3292 sensibus
3169 3257 3351 3296 eormn
3385 3261 3524 3316 quae.

1939 3311 2060 3368 dam
2091 3316 2350 3384 stupenda
2395 3331 2784 3388 Inonstrarent;
2831 3341 2988 3396 quem
3031 3331 3241 3386 tandem
3287 3335 3358 3387 ita
3388 3311 3522 3392 desi-

1941 3419 2066 3471 pere
2089 3406 2250 3461 libeat
2273 3451 2288 3474 ,
2333 3419 2386 3462 ut
2415 3425 2520 3464 non
2553 3428 2674 3467 vera
2705 3415 2866 3486 eligat
2905 3433 3022 3488 quze
3051 3431 3320 3491 sectetur,
3351 3427 3438 3482 ubi
3465 3440 3521 3485 et

1937 3499 2195 3568 ampliora
2227 3501 2422 3557 invenit
2443 3521 2560 3574 qure
2593 3509 2847 3564 miretur?

2007 3593 2062 3646 2.
2107 3594 2198 3648 Illa
2244 3599 2442 3666 quippe
2492 3599 2754 3656 miracula
2779 3603 2998 3660 deorum
3053 3609 3366 3676 gentilium,
3400 3627 3520 3681 qua:

1937 3687 2274 3742 commendat
2304 3689 2546 3756 historia,
2571 3707 2676 3748 non
2705 3705 2764 3747 ea
2795 3695 2916 3750 dico
2939 3713 3058 3767 qua:
3079 3699 3368 3755 intervallis
3385 3713 3519 3758 tem-

1939 3795 2126 3850 porum
2173 3783 2396 3838 occultis
2445 3785 2612 3853 ipsius
2653 3787 2836 3842 mundi
2884 3791 3092 3858 causis,
3153 3807 3520 3852 verumtamen

1937 3872 2036 3926 sub
2058 3871 2234 3926 divina
2265 3875 2592 3942 providentia
2623 3879 2927 3934 constitutis
2951 3891 3007 3936 et
3033 3883 3292 3940 ordinatis
3331 3903 3518 3944 mons-

1938 3973 2080 4020 trosa
2107 3968 2457 4036 contingunt;
2487 3971 2670 4038 quales
2701 3981 2826 4027 sunt
2852 3973 3088 4029 inusitati
3120 3981 3518 4045 partusanima-

1937 4063 2066 4117 lium
2093 4103 2105 4124 ,
2135 4069 2189 4113 et
2233 4061 2372 4114 cmlo
2411 4069 2656 4134 terraque
2686 4079 2862 4119 rerum
2923 4067 3132 4123 insolita
3179 4068 3376 4140 facies,
3409 4076 3522 4134 sive

1939 4163 2140 4210 tantum
2193 4167 2397 4211 terrens
2421 4197 2435 4216 .
2469 4158 2580 4210 sive
2618 4157 2777 4210 etiam
2830 4173 3059 4226 nocens,
3087 4180 3206 4234 quae
3248 4171 3522 4236 procurari

1938 4258 2098 4317 atque
2123 4249 2350 4318 mitigari
2379 4249 2744 4303 dmmoniacis’l
2767 4249 2954 4305 ritibus
2983 4253 3312 4311 fallacissima
3333 4275 3520 4314 eorum

1938 4341 2128 4394 astutia
2155 4341 2534 4409 perhibentur:
2567 4341 2659 4395 sed
2688 4356 2745 4394 ea
2771 4341 2919 4406 dico,
2952 4360 3069 4413 que
3099 4345 3150 4399 vi
3177 4357 3522 4418 acpotestate

1937 4447 2120 4486 eorum
2155 4433 2266 4486 ﬁeri
2297 4433 2427 4486 satis
2450 4432 2728 4487 evidenter
2754 4445 2972 4503 apparet
2995 4479 3007 4500 ,
3037 4447 3094 4490 ut
3121 4449 3204 4492 est
3230 4440 3369 4509 quod
3395 4441 3513 4496 efﬁ-

1935 4527 2048 4596 gies
2073 4525 2294 4580 deorum
2327 4525 2603 4579 Penatium
2627 4541 2755 4595 quas
2803 4527 2870 4580 de
2895 4529 3050 4594 Troja
3083 4529 3284 4587 Encas
3315 4533 3520 4603 fugiens

1937 4619 2182 4682 advexit,
2211 4617 2419 4671 deloco
2447 4618 2496 4670 in
2527 4619 2696 4671 locum
2749 4619 3011 4689 migrasse
3061 4625 3363 4681 referuntur
3405 4629 3519 4698 (a);

1936 4709 2076 4779 quod
2106 4715 2277 4761 cotem
2325 4707 2642 4776 Tarquinius
2695 4711 2949 4764 novacula
3005 4714 3174 4766 secuit
3222 4713 3334 4786 (b);
3377 4717 3518 4786 quod

1939 4799 2258 4870 Epidaurius
2283 4813 2503 4867 serpens
2533 4797 2840 4869 .‘Esculapio
2881 4805 3146 4873 naviganti
3181 4805 3400 4860 Romam
3429 4823 3520 4861 co-

1937 4907 2050 4946 mes
2079 4891 2300 4946 adhaesit
2335 4889 2428 4961 (c);
2459 4891 2598 4960 quod
2633 4892 2808 4946 navim
2834 4911 2934 4963 qua
2957 4897 3298 4950 simulacrum
3330 4901 3516 4954 matris

1939 4983 2180 5055 Phrygiae
2203 4981 2513 5046 vehebatur,
2547 4983 2706 5038 tantis
2747 4983 3022 5038 hominum
3055 4986 3318 5054 boumque
3345 5003 3480 5042 cona

2003 5150 2016 5178 ¹
2056 5144 2274 5196 Nonnulli
2319 5145 2528 5204 codices,
2572 5144 2806 5207 perltn'gi.
2853 5143 3064 5202 Quidam,
3108 5144 3368 5208 pertcnrgi.
3412 5145 3494 5196 Ali‘

1933 5209 2166 5278 ρεζίωῑιιί-
2224 5276 2231 5278 Α
2261 5276 2297 5278 η

1997 5275 2018 5336 s
2052 5266 2239 5336 aliquot
2260 5276 2388 5328 Mss,
2421 5266 2592 5336 iuius.-
2755 5326 2766 5335 .
2803 5326 2813 5336 .

1999 5335 2019 5366 ³
2055 5328 2185 5381 ι’ἱιιῐΙ.
2208 5343 2304 5378 am.
2333 5343 2384 5380 et
2406 5337 2533 5386 Μδεη
2559 5328 2852 5378 ιίιΡηιοηὶσιζς.

1998 5395 2070 5460 ((1)
2096 5403 2263 5460 Supra,
2285 5391 2437 5460 lib._l.
2461 5405 2566 5460 cap.
2590 5391 2638 5440 5.
2665 5452 2691 5460 __
2757 5459 2763 5460 ί
2812 5450 2840 5460 Α
2950 5455 2978 5460 __
3043 5450 3054 5460 _

1997 5450 2069 5517 (lt)
2094 5450 2334 5517 Tarquinii
2367 5456 2503 5517 jussu
2543 5452 2700 5500 secuit
2745 5450 2904 5517 Aetius
2947 5450 3134 5517 (iuvius,
3161 5453 3239 5517 uti
3273 5460 3512 5517 testantur

1932 5510 2113 5576 Cicero,
2140 5510 2223 5565 Ith'.
2247 5517 2265 5563 l
2291 5510 2600 5572 dehivinat"
2626 5525 2732 5576 cap.
2761 5513 2836 5576 l7,
2863 5519 2915 5561 et
2951 5510 3036 5562 lib.
3077 5512 3107 5562 2
3143 5513 3206 5562 de
3231 5523 3330 5564 Nat.
3351 5516 3514 5572 deor.,

1934 5573 2123 5630 necnon
2147 5579 2316 5631 Livius,
2337 5577 2422 5625 lib.
2453 5577 2496 5634 1,
2520 5588 2626 5636 cap.
2651 5575 2728 5636 55)",
2753 5573 2952 5636 aliique.

1998 5640 2196 5704 (c)r\‘id.
2219 5639 2426 5704 Livium1
2451 5638 2664 5697 epitome
2697 5635 2925 5704 librili;
2959 5635 3116 5704 0vi_d.,
3151 5635 3239 5704 Iil_i_._
3279 5639 3337 5704 lii
3371 5645 3518 5688 Meta-

1933 5697 2149 5764 morpln,
2186 5715 2311 5752 vers.
2337 5697 2428 5748 6:22
2457 5707 2506 5748 et
2535 5712 2675 5761 seqq.
2701 5713 2713 5758 ;
2749 5697 2905 5748 Valer.
2941 5699 3154 5760 Maxilla,
3194 5699 3278 5749 lib.
3319 5701 3375 5760 l,
3403 5713 3511 5761 cap.

1937 5765 2114 5828 ψει).
