4064 6476
452 457 590 511 tibus
610 451 938 510 immobilem
968 448 1228 506 redditam
1247 485 1261 508 ,
1281 457 1383 497 una
1409 438 1719 494 muliercula
1751 451 1884 490 zona
1915 433 2036 488 alli-

449 560 626 619 gatam
661 549 700 612 ¹,
751 545 817 600 ad
857 561 968 598 sua:
1006 538 1274 612 pudicitiae
1317 531 1678 589 testimonium
1752 527 1922 582 movit
1985 532 2041 580 ct

451 642 611 696 traxit
633 639 742 711 (a);
774 635 914 708 quod
945 636 1093 703 virgo
1124 627 1352 685 Vestalis
1393 626 1500 696 (b),
1543 624 1610 678 de
1646 621 1799 690 cujus
1848 633 2038 711 corru-

451 709 881 804 ptione—qiuaistio
907 725 1234 789 vertebatur,
1254 735 1389 791 aqua
1416 717 1635 786 impleto
1657 715 1834 770 cribro
1855 711 1921 767 de
1944 709 2039 764 Ti-

455 803 601 892 beri,
631 838 804 892 neque
831 819 1129 890 perﬁuente
1148 856 1164 882 ,
1193 812 1410 869 abstulit
1437 806 1879 864 controversiam.
1912 803 2038 858 Haec

453 934 581 988 ergo
607 925 764 985 atque
812 914 915 968 alia
944 907 1250 980 hujusmodi
1299 916 1634 974 nequaquam
1682 899 1784 954 illis
1827 911 1947 988 qua;
1984 894 2039 948 in

456 986 650 1079 populo
709 1005 800 1060 Dei
851 1002 992 1058 facta
1040 998 1302 1071 legimus,
1334 996 1530 1050 virtute
1572 1006 1637 1046 ac
1678 986 2043 1058 magnitudine

455 1097 778 1156 conferenda
801 1103 961 1150 sunt:
989 1099 1188 1162 quanto
1218 1089 1394 1143 minus
1419 1100 1481 1139 ea
1511 1099 1631 1154 qua:
1668 1080 1876 1135 illorum
1905 1091 2042 1147 quo-

452 1208 556 1262 que
604 1188 959 1260 populorum,
990 1185 1080 1255 qui
1135 1182 1266 1236 tales
1291 1179 1422 1234 deos
1476 1177 1788 1238 coluerunt,
1839 1170 2044 1241 legibus

447 1283 686 1354 judicata
712 1289 837 1336 sunt
891 1274 1223 1348 prohibenda
1273 1281 1432 1342 atque
1479 1266 1795 1340 plectenda,
1837 1263 2045 1333 magica

453 1376 662 1432 scilicet
687 1374 771 1428 vel
798 1369 1110 1440 theurgica?
1136 1379 1362 1437 quorum
1391 1363 1643 1433 pleraque
1670 1357 1850 1428 specie
1891 1365 2045 1410 tenus

456 1465 762 1522 mortalium
791 1476 984 1518 sensus
1011 1457 1320 1529 imaginaria
1352 1451 1710 1508 ludiﬁcatione
1737 1446 2043 1518 decipiunt,

455 1558 614 1628 quale
664 1563 748 1610 est
799 1553 980 1608 lunam
1032 1550 1330 1620 deponere,
1354 1545 1514 1598 donec
1538 1540 1829 1612 suppositas
1847 1579 1865 1606 ,
1888 1548 1947 1593 ut
1972 1536 2048 1590 ait

456 1649 723 1712 Lucanus,
748 1647 955 1717 prapior
975 1644 1234 1713 despumet
1255 1642 1309 1694 in
1335 1637 1511 1692 herbas
1533 1635 1746 1706 (Phars.
1769 1634 1806 1687 ι.
1829 1633 1884 1699 6,
1914 1647 2043 1686 vers.

456 1741 563 1798 503
586 1741 605 1813 )
630 1739 872 1811 quaedam
919 1750 1046 1791 vero
1097 1733 1198 1789 etsi
1247 1729 1521 1785 nonnullis
1553 1728 1762 1798 piorum
1794 1723 1946 1779 factis
1969 1723 2048 1777 vi-

458 1833 685 1887 deantur
698 1843 860 1899 opere
873 1824 1159 1896 comquari,
1176 1823 1295 1878 linis
1311 1823 1425 1891 ipse
1435 1835 1540 1890 quo
1551 1819 1948 1882 discernuntur,
1965 1816 2046 1870 in-

456 1922 886 1993 comparabiliter
903 1919 1018 1974 bace
1031 1926 1212 1972 nostra
1229 1913 1463 1970 ostendit
1478 1911 1758 1968 excellere.
1773 1909 1883 1963 Illis
1903 1908 2046 1963 enim

457 2015 610 2070 multi
626 2023 771 2069 tanto
796 2013 970 2066 minus
998 2007 1275 2064 sacriﬁciis
1299 2004 1512 2062 colendi
1537 2012 1683 2070 sunt,
1709 2009 1912 2073 quanto
1929 2014 2046 2054 ma-

455 2105 538 2176 gis
563 2107 678 2159 hare
703 2110 980 2173 expetunt:
1003 2100 1085 2154 his
1111 2113 1238 2153 vero
1265 2112 1402 2152 unus
1431 2093 1848 2151 commendatur
1869 2093 2044 2159 Deus,

455 2196 548 2267 qui
573 2211 632 2251 se
671 2194 834 2249 nullis
865 2192 1059 2248 talibus
1084 2190 1325 2261 indigere
1347 2228 1363 2256 ,
1391 2195 1446 2243 et
1474 2187 1875 2258 Seripturarum
1919 2199 2046 2240 sua-

456 2302 576 2342 rum
604 2285 999 2350 testiﬁcatione,
1027 2290 1082 2338 et
1107 2280 1422 2337 eorumdem
1449 2286 1637 2350 postea
1659 2276 2047 2333 sacriﬁciorum

451 2380 756 2435 remotione
785 2377 1138 2433 demonstrat.
1172 2373 1230 2430 Si
1272 2389 1400 2444 ergo
1426 2372 1599 2442 angeli
1645 2371 1747 2428 sibi
1789 2377 2050 2440 expetunt

454 2471 808 2537 sacriﬁcium,
839 2466 1187 2540 pratponendi
1225 2466 1304 2522 eis
1335 2473 1461 2519 sunt
1498 2463 1574 2519 illi
1600 2463 1692 2534 qui
1741 2477 1852 2518 non
1897 2461 2043 2528 sibi,

455 2564 551 2620 sed
579 2565 690 2619 Deo
714 2563 944 2619 creatori
973 2560 1255 2632 omnium,
1285 2559 1372 2614 cui
1423 2558 1687 2613 serviunt.
1720 2556 1857 2613 Hinc
1897 2556 2044 2612 enim

454 2655 746 2711 ostendunt
772 2669 932 2725 quam
961 2653 1172 2707 sincero
1191 2666 1376 2706 amore
1405 2665 1503 2706 nos
1544 2649 1808 2719 diligunt,
1831 2648 2047 2718 quando

456 2761 554 2817 per
579 2745 899 2800 sacrilicium
930 2759 1032 2798 non
1063 2741 1206 2810 sibi,
1233 2741 1328 2796 sed
1352 2741 1402 2796 ei
1429 2756 1528 2795 nos
1561 2739 1790 2796 subdere
1824 2739 2044 2808 volunt,

455 2840 608 2911 cujus
633 2849 686 2895 et
713 2839 812 2910 ipsi
839 2837 1304 2908 contemplatione
1355 2835 1495 2892 beati
1526 2843 1685 2899 sunt,
1708 2842 1765 2890 et
1807 2834 1875 2890 ad
1921 2849 2046 2890 eum

457 2947 558 2987 nos
585 2931 865 3002 pervenire
887 2971 905 3000 ,
935 2947 968 2986 a
997 2945 1103 3001 quo
1127 2929 1227 3000 ipsi
1250 2939 1356 2984 non
1377 2936 1734 2984 recesserunt.
1762 2927 1820 2983 Si
1865 2937 2044 2982 autem

458 3023 630 3094 angeli
657 3023 747 3094 qui
773 3038 877 3077 non
901 3022 1009 3086 uni,
1031 3021 1126 3076 sed
1156 3020 1398 3090 plurimis
1412 3019 1672 3074 sacrilicia
1693 3019 1807 3074 ﬁeri
1827 3019 2044 3083 volunt,

457 3131 566 3173 non
590 3115 729 3182 sibi,
751 3114 845 3169 sed
866 3114 946 3170 eis
971 3113 1074 3169 diis
1099 3112 1284 3168 volunt
1305 3151 1322 3178 ,
1351 3126 1579 3182 quorum
1607 3110 1830 3166 deorum
1873 3109 2048 3180 angeli

457 3219 617 3274 sunt;
648 3209 810 3265 etiam
836 3208 914 3262 sic
938 3207 1016 3262 eis
1065 3205 1413 3277 przeponendi
1456 3213 1580 3258 sunt
1623 3204 1697 3257 illi
1745 3203 1837 3274 qui
1889 3203 2049 3258 unius

456 3300 550 3356 Dei
576 3299 796 3355 deorum
823 3298 1010 3370 Augeli
1029 3308 1176 3364 sunt,
1201 3297 1287 3351 cui
1311 3295 1603 3351 sacriﬁcari
1630 3296 1710 3350 sic
1731 3295 1959 3365 jnbent,
1991 3305 2049 3350 ut

457 3390 613 3446 alicui
635 3389 786 3444 alteri
837 3398 1058 3453 vetent;
1089 3403 1208 3443 eum
1241 3403 1427 3444 eorum
1461 3387 1643 3441 nullus
1696 3386 1820 3441 huic
1862 3395 2044 3452 vetet,

457 3483 544 3537 cui
572 3482 661 3537 uni
689 3481 774 3536 isti
801 3479 1092 3536 sacriﬁcari
1115 3479 1325 3549 jubent.
1354 3478 1522 3532 l’orro
1568 3478 1655 3544 si,
1685 3476 1826 3547 quod
1878 3478 2048 3548 magis

457 3575 657 3631 indicat
684 3589 871 3629 eorum
897 3571 1126 3641 superba
1151 3571 1356 3625 fallacia
1383 3610 1400 3637 ,
1430 3584 1527 3624 nec
1554 3570 1679 3624 boni
1701 3611 1717 3635 ,
1746 3584 1845 3624 nec
1870 3569 2041 3625 bono-

459 3683 578 3724 rum
600 3668 822 3723 deorum
855 3664 1032 3735 angeli
1059 3674 1182 3719 sunt
1201 3703 1217 3728 ,
1243 3662 1338 3719 sed
1362 3662 1638 3717 daemones
1657 3662 1803 3726 mali,
1827 3663 1916 3733 qui
1940 3678 2048 3719 non

461 3776 624 3816 unum
648 3759 822 3814 solum
848 3772 911 3812 ac
929 3771 1198 3812 summum
1219 3756 1408 3822 Deum,
1428 3753 1520 3809 sed
1535 3755 1753 3823 seipsos
1771 3754 2048 3809 sacriﬁciis

460 3853 564 3905 coli
594 3850 777 3904 volunt
799 3866 814 3916 ;
839 3848 983 3920 quod
1012 3849 1188 3918 majus
1212 3849 1234 3880 ³
1261 3862 1420 3918 quam
1439 3847 1596 3901 unius
1622 3845 1716 3900 Dei
1743 3854 1928 3900 contra
1955 3860 2050 3902 eos

461 3941 762 4013 eligendum
785 3949 868 3996 est
897 3939 1204 4009 pra-sidium
1232 3977 1250 4006 ,
1281 3938 1366 3992 cui
1391 3938 1633 3996 serviunt
1663 3937 1852 4007 Angeli
1882 3937 2008 3991 boni
2029 3978 2046 4004 ,

462 4037 555 4106 qui
584 4050 692 4089 non
719 4034 853 4098 sibi,
885 4033 982 4089 sed
1006 4032 1080 4087 illi
1104 4031 1295 4102 jubent
1320 4037 1380 4085 ut
1419 4029 1686 4085 sacriﬁcio
1715 4030 2047 4096 serviamus,

463 4129 616 4197 cujus
645 4143 744 4181 nos
774 4127 873 4196 ipsi
901 4125 1221 4181 sacriﬁcium
1251 4139 1373 4179 esse
1396 4123 1698 4178 debemus?

461 4215 688 4278 CAPUT
740 4216 900 4271 XVII.
940 4245 1012 4256 ——
1050 4215 1128 4270 De
1170 4231 1290 4268 arca
1338 4213 1646 4269 Testamenti
1695 4214 2052 4286 miracult'sque

534 4310 817 4380 signorum,
845 4323 958 4378 qua:
981 4307 1048 4359 ad
1077 4305 1527 4360 commendandam
1553 4304 1702 4376 Legis
1730 4321 1791 4360 ac
1835 4307 2052 4378 promis-

535 4401 694 4455 sionis
720 4400 1065 4453 auctoritatem
1094 4397 1335 4451 divinitus
1359 4401 1496 4466 facta
1523 4406 1662 4451 sunt.

536 4491 768 4548 Proinde
793 4490 877 4545 lex
905 4489 1020 4555 Dei,
1043 4505 1160 4560 qua:
1182 4489 1234 4542 in
1262 4486 1449 4543 edictis
1469 4486 1591 4541 data
1607 4496 1689 4542 est
1704 4487 2050 4558 Angelorum,

467 4585 519 4640 iu
545 4599 649 4654 qua
677 4596 814 4637 unus
839 4582 977 4636 Deus
1005 4579 1226 4634 deorum
1268 4578 1527 4648 religione
1552 4592 1825 4633 sacrorum
1872 4577 2054 4648 jussus

466 4687 548 4734 est
589 4676 727 4745 coli,
756 4675 847 4730 alii
893 4689 1020 4730 vero
1065 4673 1285 4744 quilibet
1324 4671 1612 4742 prohibiti,
1662 4671 1716 4725 in
1751 4673 1889 4726 Area
1938 4681 2055 4727 erat

467 4769 672 4842 posita,
709 4782 828 4838 quae
867 4767 1002 4820 Area
1031 4764 1317 4819 testimonii
1345 4773 1645 4833 nuncupata
1672 4771 1774 4818 est.
1807 4762 1925 4830 Quo
1953 4778 2053 4818 no-

467 4865 610 4918 mine
629 4862 759 4916 satis
785 4858 1130 4930 signiﬁcatur,
1165 4872 1269 4911 non
1298 4858 1461 4912 Deum
1481 4899 1495 4922 ,
1519 4858 1609 4927 qui
1642 4873 1736 4928 per
1755 4858 1842 4911 illa
1874 4857 2054 4912 omnia

467 4954 760 5019 colebatur,
794 4949 1135 5007 circumcludi
1163 4949 1336 5004 solere
1356 4949 1440 5005 vel
1461 4950 1723 5005 contineri
1761 4951 1900 5016 loco,
1932 4964 2053 5006 cum

467 5062 722 5118 reSponsa
752 5046 866 5116 ejus
892 5053 946 5099 et
969 5042 1211 5114 quaedam
1241 5041 1488 5096 humanis
1518 5042 1764 5097 sensibus
1803 5042 2057 5097 darentur

467 5143 618 5212 signa
672 5156 739 5196 ex
768 5139 911 5194 illius
953 5143 1105 5192 Area:
1149 5139 1300 5203 loco,
1333 5136 1427 5192 sed
1451 5136 1739 5191 voluntatis
1785 5137 1900 5206 ejus
1932 5136 2057 5192 hinc

468 5233 771 5290 testimonia
802 5231 1092 5303 perhiberi.
1114 5229 1267 5299 Quod
1304 5231 1466 5284 etiam
1499 5229 1612 5299 ipsa
1639 5229 1721 5283 lex
1750 5228 1941 5283 eratin
1972 5238 2056 5283 ta-

468 5325 609 5382 bulis
636 5326 936 5394 conscripta
974 5323 1196 5394 lapideis
1214 5363 1230 5390 ,
1259 5329 1315 5377 et
1343 5322 1394 5375 in
1419 5322 1556 5374 Area
1577 5363 1592 5387 ,
1613 5330 1670 5374 ut
1697 5318 1835 5385 dixi,
1862 5319 2055 5390 posita;

533 5465 549 5494 ι
586 5461 657 5510 sic
681 5457 815 5509 \‘iud.
844 5467 939 5507 Am.
961 5464 1036 5508 Er.
1061 5456 1322 5507 eteodices
1341 5461 1452 5506 Mss.
1489 5461 1546 5504 Αι
1581 5460 1710 5514 Lov.,
1747 5451 1962 5516 alligata.

531 5526 552 5558 ²
586 5522 773 5586 aliquot
803 5527 930 5586 Mss,
959 5518 1129 5586 magis.

529 5585 609 5649 (α)
629 5575 734 5634 Fuit
751 5575 926 5649 mulier
953 5575 1242 5649 illa'qlaudia
1257 5580 1461 5639 Quintia,
1490 5592 1552 5629 ex
1577 5577 1749 5649 Ericen,
1770 5575 1834 5625 de
1858 5576 2053 5649 harusp.

471 5638 750 5710 nesp'onsis;
774 5647 930 5710 οινὶιι.³
956 5645 1040 5694 lib.
1065 5644 1097 5692 4
1117 5650 1383 5703 Fastorum,
1421 5638 1553 5691 vers.
1576 5641 1669 5690 9.95
1692 5647 1745 5689 et
1765 5651 1903 5700 seqq.
1923 5651 1936 5699 ;
1957 5638 2054 5688 Liv.

471 5709 657 5768 ὶίῠζῖξ),
681 5724 786 5772 cap.
817 5709 890 5758 14.

475 5773 740 5903 “cygneo
775 5772 945 5822 'I‘watia
976 5773 1174 5820 vocatur
1204 5779 1233 5818 a
1263 5763 1452 5818 Valerio
1489 5766 1718 5825 Maximo,
1752 5761 1834 5815 lib.
1861 5761 1922 5827 8,
1947 5774 2054 5825 cap.

512 5875 667 5903 »δυ’

1537 327 1624 382 DE
1671 321 1992 380 CIVITA'I‘E
2033 318 2165 388 DEI,
2204 319 2262 375 S.
2304 318 2672 377 AUCUS’I‘INI

3265 253 3312 266 εκ

2148 447 2306 502 quam
2356 441 2596 502 tempore
2635 432 3078 505 peregrinationis
3108 432 3164 488 In
3210 445 3582 500 eremo,»cum
3635 431 3738 488 'I‘a-

2146 527 2433 581 bcrnaculo
2476 526 2620 596 quod
2647 526 2895 581 similiter
2932 525 3258 596 appellatum
3287 532 3372 580 est
3398 523 3740 580 Tabernacu-

2147 619 2256 673 ιιιιιι
2303 618 2626 685 testimonii,
2655 633 2777 675 cum
2821 618 3000 674 debita
3033 617 3340 674 sacerdotes
3393 618 3742 674 veneratione

2147 709 2465 780 portabant:
2499 710 2818 780 signumque
2869 719 3019 778 erat,
3049 708 3191 780 quod
3238 724 3335 780 per
3384 707 3526 764 diem
3571 708 3743 764 nubes

2145 802 2452 873 apparebat,
2476 818 2594 872 qua:
2621 802 2761 858 sicut
2788 802 2925 873 ignis
2943 811 3099 857 nocte
3123 801 3362 873 fulgebat
3387 800 3586 871 (Exod.
3618 816 3740 870 xut,

2145 895 2237 965 2|)
2261 911 2379 966 qua:
2396 895 2562 950 nubes
2579 910 2699 950 cum
2721 903 3053 961 moveretur,
3077 903 3253 950 castra
3281 893 3664 960 movebantur;
3685 901 3746 948 et

2147 986 2234 1040 ubi
2257 994 2443 1052 staret,
2463 993 2634 1040 castra
2661 985 2991 1056 ponebantur
3011 984 3122 1057 (Id.
3147 1001 3235 1052 ιιι..
3256 986 3348 1054 5i,
3375 985 3494 1050 55).
3511 984 3743 1041 Reddita

2147 1087 2270 1132 sunt
2297 1086 2475 1133 autem
2503 1078 2576 1132 illi
2599 1078 2700 1150 legi
2725 1078 2904 1149 magni
2925 1078 3166 1134 miraculi
3193 1077 3515 1143 testimonia,
3544 1086 3743 1147 pratter

2149 1169 2247 1224 ista
2267 1185 2385 1240 quae
2402 1169 2531 1233 dixi,
2564 1178 2618 1224 et
2647 1178 2842 1240 praeter
2862 1184 3020 1226 voces
3039 1185 3158 1240 qua:
3181 1184 3247 1226 ex
3277 1169 3419 1226 illius
3446 1171 3600 1226 Area:
3622 1170 3744 1226 loco

2147 1261 2462 1317 edebantur.
2489 1260 2624 1316 Nam
2653 1277 2774 1318 cum
2802 1271 2997 1317 terram
3024 1262 3395 1333 promissionis
3421 1262 3744 1318 intrantibus

2148 1351 2333 1407 eadem
2353 1355 2488 1407 Area
2516 1352 2764 1408 transiret
2783 1352 3090 1418 Iordanem,
3110 1352 3300 1418 fluvius
3315 1368 3379 1408 ex
3401 1363 3551 1424 parte
3574 1367 3743 1423 supe-

2149 1444 2292 1499 riore
2317 1444 2632 1512 subsistens,
2661 1453 2716 1500 et
2739 1459 2803 1500 ex
2834 1444 3088 1500 inferiore
3113 1445 3403 1502 decurrens
3421 1486 3437 1513 ,
3482 1456 3538 1501 et
3557 1445 3660 1516 ipsi
3683 1454 3748 1502 et

2149 1535 2345 1604 pepulo
2373 1536 2574 1592 siccum
2622 1538 2848 1607 prmbuit
2899 1537 3206 1593 transeundi
3255 1538 3429 1592 locum
3461 1537 3739 1606 (Josuettt,

2149 1624 2240 1692 16,
2273 1626 2384 1696 I7).
2412 1626 2614 1682 Deinde
2628 1627 2873 1694 civitatis,
2898 1643 3016 1698 quae
3044 1628 3212 1697 prima
3248 1625 3456 1683 hostilis
3484 1628 3743 1695 occurrit,

2149 1730 2299 1771 more
2327 1715 2575 1772 Gentium
2615 1717 2746 1774 deos
2773 1719 3030 1790 plurimos
3080 1718 3264 1774 colens
3284 1759 3300 1784 ,
3322 1718 3521 1788 septies
3550 1719 3744 1775 eadem

2149 1811 2291 1866 Area
2335 1811 2690 1879 circumacta,
2734 1813 2872 1866 mttri
2922 1822 3145 1882 repente
3194 1811 3537 1879 ceciderunt,
3595 1812 3746 1868 nulla

2149 1918 2310 1959 manu
2356 1904 2665 1976 oppugnati,
2721 1904 2866 1959 nullo
2909 1905 3078 1960 ariete
3127 1904 3361 1975 percussi
3385 1902 3499 1976 (ld.
3521 1919 3592 1970 vt,
3615 1903 3743 1974 20).

2149 1995 2278 2050 Post
2328 1996 2445 2052 hate
2532 1997 2693 2055 etiam
2759 2011 2881 2053 cum
2921 1997 3032 2068 jam
3077 1997 3131 2052 in
3182 2008 3320 2053 terra
3374 1997 3746 2068 promissionis

2147 2096 2365 2154 essent,
2395 2096 2451 2143 ct
2479 2089 2668 2144 eadem
2694 2090 2831 2144 Area
2855 2100 3076 2160 propter
3102 2104 3289 2147 eorum
3317 2101 3530 2160 peccata
3553 2090 3746 2148 luisset

2149 2179 2218 2235 ab
2261 2179 2503 2235 hostibus
2527 2189 2719 2250 capta,
2759 2180 2816 2236 hi
2841 2182 2929 2252 qui
2957 2197 3075 2238 eam
3115 2193 3403 2253 ceperant,
3435 2183 3490 2237 in
3542 2183 3746 2254 templo

2150 2283 2245 2338 Dei
2268 2282 2384 2350 sui,
2410 2296 2570 2353 queat
2599 2296 2708 2352 prae
2731 2280 2943 2336 caeteris
2970 2280 3252 2348 colebant,
3291 2279 3584 2336 honoriﬁce
3620 2280 3744 2336 col-

2149 2375 2425 2442 locarunt,
2455 2373 2818 2444 abeuntcsque
2843 2372 3181 2438 clauserunt,
3209 2379 3499 2441 apertoque
3547 2370 3747 2440 postrio

2148 2465 2235 2521 die
2254 2507 2270 2534 ,
2293 2465 2635 2522 simulacrum
2657 2465 2744 2521 cui
2799 2465 3172 2535 supplicabant
3187 2504 3202 2528 ,
3225 2463 3542 2518 invenerunt
3569 2463 3742 2518 colla-

2149 2573 2302 2628 psum
2323 2558 2740 2629 deformitcrque
2760 2557 3111 2613 confractum.
3142 2555 3342 2612 Deinde
3363 2554 3461 2625 ipsi
3485 2554 3743 2626 prodigiis

2147 2654 2284 2721 acti,
2335 2652 2734 2723 deformiusquc
2773 2651 2982 2723 puniti,
3013 2653 3206 2707 Arcam
3245 2649 3410 2704 divini
3449 2648 3740 2704 testimonii

2146 2748 2344 2819 populo
2362 2789 2378 2815 ,
2406 2746 2546 2802 unde
2565 2755 2848 2816 ceperant,
2871 2743 3234 2801 reddiderunt.
3266 2742 3382 2814 Ipsa
3406 2757 3584 2800 autem
3616 2741 3746 2798 red-

2147 2841 2281 2897 ditio
2310 2842 2482 2912 qualis
2524 2841 2655 2895 fuit?
2705 2839 3081 2910 Imposucrunt
3127 2852 3246 2894 eam
3285 2837 3557 2908 plaustro,
3581 2835 3745 2907 eique

2145 2934 2437 3005 iuvencas,
2469 2948 2498 2986 a
2546 2931 2740 3002 quibus
2784 2931 2982 2985 vitulos
3025 2938 3276 3000 sugentcs
3327 2927 3740 2993 abstraxerant,

2153 3028 2543 3098 subjunxerunt
2561 3068 2576 3092 ,
2606 3034 2661 3080 et
2697 3038 2790 3080 eas
2809 3039 2916 3094 quo
2945 3023 3146 3079 vellent
3175 3023 3253 3078 ire
3276 3021 3548 3084 siverunt,
3575 3020 3743 3076 etiam

2152 3119 2275 3173 hinc
2307 3119 2322 3150 ¹
2350 3118 2453 3171 vim
2484 3117 2717 3171 divinam
2743 3115 3022 3187 explorare
3057 3114 3352 3183 cupientes.
3377 3114 3447 3167 At
3469 3112 3576 3167 illa:
3621 3111 3749 3168 sino

2151 3212 2365 3267 homine
2381 3210 2515 3265 duce
2531 3220 2689 3279 atque
2709 3217 2937 3274 rectore,
2957 3206 3024 3261 ad
3061 3206 3314 3262 llebrmos
3336 3204 3474 3259 viam
3507 3202 3746 3274 pertina-

2149 3305 2282 3359 citer
2301 3301 2626 3373 gradientes,
2650 3315 2747 3354 nec
2786 3307 3048 3354 revocatae
3079 3297 3366 3368 mugitibus
3392 3294 3744 3350 esurientium

2150 3397 2378 3451 ﬁliorum
2400 3437 2415 3461 ,
2436 3409 2683 3465 magnum
2711 3400 3102 3447 sacramentum
3120 3390 3232 3444 suis
3247 3387 3538 3443 cultoribus
3552 3399 3743 3456 repor-

2152 3485 2395 3558 tarunt(l
2427 3484 2550 3556 Reg.
2573 3483 2750 3552 tv-vt).
2775 3482 2902 3538 llaec
2925 3490 3087 3551 atque
3111 3479 3409 3549 hujusmodl
3439 3478 3548 3533 Deo
3580 3489 3742 3546 parva

2151 3589 2305 3644 sunt,
2341 3578 2436 3634 sed
2458 3591 2644 3648 magna
2677 3575 2940 3632 terrendis
2995 3572 3283 3630 salubriter
3327 3568 3744 3638 erudiendisque

2151 3671 2485 3727 mortalibus.
2501 3670 2556 3724 Si
2573 3670 2716 3725 enim
2731 3665 3056 3740 phil050phi,
3072 3665 3441 3736 pnecipueque
3459 3657 3740 3724 Platonici,

2150 3764 2350 3820 rectius
2378 3761 2585 3818 caeteris
2610 3762 2850 3832 sapuisse
2880 3757 3184 3823 laudantur,
3228 3757 3364 3810 sicut
3411 3753 3570 3824 paulo
3619 3761 3745 3808 ante

2153 3859 2591 3923 commemoravi,
2620 3857 2760 3928 quod
2791 3856 3035 3911 deviuam
3057 3851 3445 3923 providentiam
3476 3848 3588 3903 ha'c
3605 3863 3744 3919 quo-

2152 3969 2256 4026 que
2268 3969 2445 4009 rerum
2473 3951 2680 4007 inﬁrma
2705 3958 2864 4020 atque
2895 3958 3102 4003 terrena
3131 3944 3508 4002 administrare
3534 3940 3747 3995 docue-

2153 4055 2278 4102 runt
2301 4088 2316 4113 ,
2349 4057 2751 4100 numerosarum
2777 4041 3080 4097 testimonio
3104 4035 3560 4110 pulchritudimtm
3582 4075 3598 4100 ,
3621 4046 3745 4102 «pta:

2156 4152 2261 4192 non
2282 4137 2455 4193 solum
2486 4136 2539 4191 in
2565 4133 2881 4204 corporibus
2903 4131 3229 4195 animalium,
3246 4143 3432 4183 verum
3459 4125 3511 4180 in
3563 4121 3745 4178 herbis

2155 4229 2314 4286 etiam
2342 4227 2569 4297 fenoque
2585 4226 2904 4296 gignuntur:
2934 4231 3133 4292 quanto
3155 4218 3456 4277 evidentius
3504 4216 3618 4272 haec
3657 4221 3744 4270 at-

2157 4328 2418 4376 testantur
2456 4315 2756 4381 divinitati,
2796 4329 2915 4386 qua:
2958 4312 3026 4368 ad
3091 4310 3278 4366 horam
3350 4305 3744 4381 przedieationis

2155 4410 2270 4482 ejus
2310 4411 2472 4478 liqut,
2500 4408 2586 4462 ubi
2613 4422 2675 4462 ca
2721 4407 2906 4476 religio
2931 4401 3472 4471 commcndaturqute
3496 4396 3746 4454 oumibus

2156 4503 2494 4568 cmlestibus,
2543 4498 2922 4564 terrestribus,
2974 4495 3197 4552 inlernis
3247 4491 3534 4549 sacrilicari
3565 4498 3744 4553 vetat,

2158 4599 2246 4653 uni
2283 4598 2394 4652 Deo
2417 4605 2623 4650 tantum
2646 4593 2841 4664 jubens
2860 4632 2877 4658 ,
2903 4590 2994 4661 qui
3023 4589 3172 4644 solus
3199 4588 3425 4658 diligens
3445 4595 3499 4641 et
3517 4583 3749 4639 dilectus

2157 4693 2340 4748 beatos
2371 4689 2530 4754 facit,
2555 4700 2850 4757 eorumque
2877 4682 3263 4740 sacriﬁciorum
3296 4692 3532 4750 tempora
3571 4679 3747 4749 impe-

2159 4794 2270 4839 rata
2302 4782 2643 4854 pmeﬁniens,
2673 4793 2842 4849 eaque
2869 4791 2965 4847 per
2989 4775 3266 4831 meliorem
3316 4771 3644 4827 sacerdotem
3691 4770 3748 4824 in

2160 4877 2349 4932 melius
2372 4875 2624 4930 mutanda
2674 4870 3008 4944 praedicens,
3046 4884 3155 4923 non
3197 4867 3295 4921 ista
3343 4880 3402 4920 se
3456 4872 3745 4934 appetere,

2159 4967 2253 5022 sed
2282 4981 2378 5037 per
2408 4965 2522 5020 hare
2549 4965 2653 5019 alia
2679 4963 2886 5034 potiora
2912 4958 3216 5031 signiﬁcare
3244 4964 3498 5020 testatur;
3547 4968 3650 5007 non
3693 4962 3754 5004 ut

2161 5061 2274 5131 ipse
2328 5059 2410 5114 his
2459 5057 2752 5114 honoribus
2796 5054 3134 5119 sublitnctur,
3165 5049 3258 5106 sed
3297 5059 3356 5103 ut
3393 5063 3493 5102 nos
3533 5045 3598 5100 ad
3625 5060 3750 5099 eum

2159 5152 2472 5217 colendum,
2505 5151 2660 5221 eique
2685 5147 3062 5204 coluercndum
3094 5146 3214 5216 igne
3243 5142 3444 5198 amoris
3495 5141 3612 5210 ejus
3656 5154 3751 5194 ac-

2161 5246 2337 5308 censi,
2366 5245 2509 5314 quod
2552 5232 2739 5310 nobis,
2772 5257 2879 5296 non
2910 5241 3021 5306 illi,
3049 5240 3249 5294 bonum
3297 5245 3410 5300 est,
3433 5236 3732 5292 excitemur.

2160 5335 2388 5392 CAPUT
2418 5333 2604 5388 XVIII.
2636 5363 2708 5374 -—
2736 5332 2924 5388 Contra
2953 5349 3037 5386 eos
3056 5332 3143 5402 qui
3173 5329 3236 5384 de
3259 5327 3540 5392 miraculis,
3572 5325 3753 5394 quibus

2236 5427 2330 5480 Dei
2356 5425 2574 5496 populus
2597 5424 2824 5479 eruditus
2845 5432 2922 5478 est
2941 5465 2956 5492 ,
2987 5432 3173 5495 negant
3212 5417 3560 5477 ecclesiasticis
3589 5415 3757 5470 Libri:

2235 5537 2340 5574 esse
2369 5518 2699 5573 credendum.

2233 5617 2317 5670 An
2345 5614 2485 5668 dicet
2512 5612 2705 5682 aliquis
2732 5612 2830 5667 ista
2859 5609 2989 5666 falsa
3006 5625 3125 5667 esse
3148 5610 3399 5666 miracula
3423 5651 3436 5673 ,
3463 5619 3563 5662 uec
3593 5603 3763 5659 fuisse

2164 5709 2299 5764 facta
2319 5749 2332 5770 ,
2363 5707 2455 5761 sed
2485 5704 2813 5760 mendaciter
2841 5705 3080 5774 scripta?
3122 5703 3375 5775 Quisquis
3401 5701 3501 5756 hoc
3520 5699 3652 5755 dicit
3671 5741 3686 5768 ,
3712 5697 3764 5753 si

2233 5825 2249 5854 ι
2286 5819 2418 5871 \‘iud.
2444 5826 2494 5870 et
2516 5816 2740 5882 plerique
2765 5822 2892 5879 alt-33.,
2916 5813 3014 5866 hic.
