4064 6486
257 395 358 452 297

257 511 326 566 de
354 508 433 564 his
461 507 627 564 rebus
659 517 819 580 negat
843 507 1062 564 omnino
1088 506 1213 562 ullis
1242 506 1435 562 litteris
1459 521 1581 562 esse
1609 507 1836 562 creden-

259 603 382 656 dum
403 643 417 667 ,
448 611 626 670 potest
656 604 819 655 etiam
845 601 1024 655 dicere
1045 614 1143 654 nec
1170 599 1299 654 deos
1319 599 1454 654 ullos
1483 614 1670 653 curare
1694 611 1843 652 mor-

258 695 400 750 talia.
429 694 542 748 Non
571 696 717 749 enim
739 709 796 748 se
821 694 975 748 aliter
1002 693 1255 748 colendos
1275 707 1396 748 esse
1427 700 1840 762 persuaserunt,

261 792 358 846 nisi
381 789 714 845 mirabilium
741 804 964 860 operum
993 788 1270 844 ellectibus
1289 821 1306 856 ,
1334 801 1559 858 quorum
1581 794 1636 840 et
1676 785 1845 840 hist0¢

258 884 335 940 ria
360 884 602 954 gentium
629 883 779 938 testis
806 891 889 938 est
908 923 925 948 ,
953 897 1174 952 quarum
1199 880 1271 934 dii
1295 895 1355 936 se
1382 889 1653 934 ostentare
1684 879 1844 933 mira-

260 976 388 1029 biles
418 975 598 1042 potius
633 990 792 1042 quam
839 973 996 1028 utiles
1025 972 1308 1027 ostendere
1360 979 1663 1041 potuerunt.
1693 970 1846 1026 Unde

260 1064 357 1119 hoc
379 1079 552 1134 Opere
578 1075 766 1119 nostro
785 1106 800 1132 ,
827 1063 978 1134 cujus
1005 1063 1145 1118 hunc
1186 1063 1293 1132 jam
1331 1062 1594 1117 decimum
1653 1061 1844 1116 librum

261 1155 524 1212 habemus
555 1154 608 1208 in
639 1155 884 1208 manibus
906 1195 923 1221 ,
957 1169 1060 1209 non
1096 1168 1191 1207 eos
1216 1154 1548 1222 suscepimus
1594 1149 1841 1205 refellen.

262 1246 389 1312 dos,
426 1245 523 1315 qui
562 1245 649 1300 vel
700 1245 863 1299 ullam
906 1258 1028 1299 esse
1074 1245 1182 1298 vim
1229 1243 1461 1297 divinam
1510 1249 1730 1310 negant,
1763 1240 1846 1295 vel

265 1337 493 1392 humana
526 1350 636 1391 non
663 1351 855 1390 curare
879 1334 1242 1400 contendunt;
1266 1333 1358 1388 sed
1389 1348 1484 1388 eos
1533 1333 1623 1403 qui
1663 1340 1847 1386 nostro

264 1427 367 1482 Deo
393 1425 668 1481 conditori
693 1435 892 1482 sancta:
918 1434 972 1480 et
998 1424 1397 1495 gloriosissima:
1444 1423 1672 1478 civitatis
1717 1421 1848 1477 deos

265 1531 385 1572 suos
405 1517 732 1588 prmierunt,
782 1517 1082 1570 nescientes
1120 1530 1243 1570 eum
1296 1514 1466 1583 ipsum
1519 1527 1639 1568 esse
1686 1513 1848 1568 etiam

267 1610 448 1666 mundi
479 1609 643 1679 hujus
664 1609 888 1664 visibilis
913 1618 966 1662 et
996 1607 1264 1662 mutabilis
1304 1606 1620 1662 invisibilem
1671 1612 1727 1659 et
1769 1603 1852 1658 in-

265 1701 701 1757 commutabilem
730 1700 1059 1755 conditorem
1077 1742 1092 1764 ,
1121 1708 1176 1755 et
1197 1701 1320 1754 vita:
1350 1699 1520 1754 beatas
1541 1713 1646 1753 non
1676 1697 1744 1752 de
1766 1697 1852 1753 his

266 1808 382 1863 quae
405 1791 680 1856 condidit,
703 1791 797 1846 sed
824 1791 891 1846 de
918 1806 977 1845 se
1000 1791 1114 1860 ipso
1140 1789 1476 1845 verissimum
1520 1788 1843 1858 largitorem.

270 1886 394 1954 Ejus
419 1885 568 1940 enim
593 1886 852 1954 propheta
870 1881 1242 1936 veracissimus
1270 1881 1366 1946 ait,
1397 1879 1532 1932 Mihi
1560 1890 1730 1932 autem
1766 1878 1854 1931 ad-

268 1976 453 2030 lnzrere
467 1973 602 2038 Deo,
624 1975 806 2028 bonum
817 1972 1236 2044 est(Psal.Lxxn,
1258 1971 1376 2041 28).
1403 1971 1477 2024 De
1499 1970 1604 2025 ﬁne
1623 1983 1852 2038 namque

267 2067 383 2123 boni
402 2067 548 2121 inter
561 2065 906 2136 philosophos
921 2064 1195 2134 qumritur,
1214 2062 1278 2117 ad
1292 2061 1431 2132 quod
1451 2061 1851 2130 adipiscendum

267 2160 440 2215 omnia
473 2157 651 2213 olﬁcia
669 2157 946 2214 referenda
959 2167 1104 2211 sunt.
1118 2155 1226 2211 Nec
1241 2155 1374 2210 dixit
1395 2156 1516 2221 iste,
1532 2155 1655 2209 Mihi
1672 2162 1850 2209 autem

268 2250 462 2304 divitiis
480 2249 774 2314 abundare,
805 2248 1000 2304 bonum
1027 2258 1128 2312 est;
1157 2257 1250 2302 aut
1272 2246 1515 2316 insigniri
1537 2260 1767 2316 purpura
1797 2253 1853 2300 et

267 2351 507 2409 sceptro,
535 2340 620 2394 vel
646 2339 946 2395 diademate
965 2339 1260 2401 excellere;
1292 2345 1404 2404 aut,
1436 2336 1578 2406 quod
1608 2336 1851 2391 nonnulli

267 2434 420 2488 etiam
468 2431 914 2504 philosophorum
955 2430 1138 2489 dicere
1174 2445 1282 2485 non
1332 2431 1697 2495 erubuerunt,
1723 2429 1852 2485 Mihi

268 2523 512 2594 voluptas
536 2525 777 2595 corporis
802 2523 998 2578 bonum
1027 2532 1109 2578 est
1135 2538 1152 2588 ;
1184 2530 1295 2589 aut,
1324 2521 1465 2593 quod
1492 2521 1684 2577 melius
1708 2521 1853 2576 velut

269 2618 516 2672 meliores
544 2616 724 2671 dicere
755 2603 850 2670 visi
882 2625 1039 2681 sunt,
1070 2615 1192 2669 Mihi
1223 2616 1391 2669 virtus
1421 2615 1584 2669 animi
1615 2614 1718 2670 mei
1751 2614 1850 2669 bo.

269 2714 388 2763 num
406 2719 529 2764 est:
559 2709 676 2774 sed,
708 2706 858 2773 Mihi,
884 2708 1076 2778 inquit,
1108 2708 1368 2762 adhaerere
1396 2705 1526 2774 Deo,
1552 2709 1734 2762 bonum
1756 2711 1848 2764 est.

268 2795 374 2854 Hoc
402 2807 530 2854 eum
551 2797 827 2861 docuerat,
850 2799 935 2852 cui
959 2799 1046 2852 uni
1067 2798 1432 2856 tantummodo
1447 2798 1848 2853 sacriﬁcandum

269 2892 428 2946 sancti
460 2906 678 2960 quoque
699 2889 889 2960 Angeli
938 2890 1054 2960 ejus
1085 2891 1460 2946 miraculorum
1511 2892 1673 2945 etiam
1723 2907 1853 2946 con-

269 2982 552 3036 testatione
581 2981 961 3036 monuerunt‘.
996 2975 1148 3037 Unde
1169 2991 1221 3036 et
1250 2983 1363 3050 ipse
1389 2983 1705 3038 sacriﬁcium
1734 2985 1854 3054 ejus

270 3066 782 3141 iactuserat,cujus
826 3071 946 3141 igne
997 3071 1318 3141 intelligibili
1369 3084 1645 3142 correptus
1693 3074 1851 3130 arde-

269 3159 384 3227 bat,
420 3170 476 3216 et
502 3161 556 3215 in
585 3161 703 3230 ejus
731 3159 1052 3215 ineﬁ’ahilem
1084 3162 1569 3232 ineorporeumque
1616 3165 1852 3233 comple-

269 3265 389 3307 nm
412 3259 604 3307 sancto
623 3250 890 3308 desiderio
917 3250 1204 3306 ferebatur.
1234 3253 1404 3308 Porro
1431 3263 1607 3309 autem
1635 3256 1679 3310 si
1711 3256 1850 3311 mul-

275 3349 441 3397 torum
485 3342 710 3396 deorum
751 3341 988 3396 cultores
1037 3341 1487 3413 (qualescumque
1549 3343 1681 3399 deos
1723 3359 1852 3402 suos

270 3442 382 3488 esse
433 3431 798 3503 arbitrentur)
840 3433 907 3487 ab
945 3433 1023 3488 eis
1065 3432 1205 3488 facta
1258 3448 1379 3489 esse
1422 3435 1716 3500 miracula,
1762 3436 1850 3493 vel

269 3523 496 3578 civilium
540 3539 723 3578 rerum
781 3523 1052 3590 historiae,
1080 3525 1165 3579 vel
1214 3525 1368 3580 libris
1392 3526 1640 3596 magicis,
1697 3527 1846 3596 sive,

269 3615 406 3684 quod
472 3615 756 3670 honestius
809 3624 1032 3684 putant,
1081 3614 1371 3685 theurgieis
1415 3616 1674 3682 credunt;
1720 3618 1847 3688 quid

270 3720 438 3760 causae
457 3715 570 3772 est,
595 3721 694 3760 cur
714 3706 819 3760 illis
844 3705 1060 3761 Litteris
1088 3707 1256 3760 nolint
1279 3705 1501 3761 credere
1522 3746 1536 3770 ,
1571 3708 1666 3762 ista
1711 3709 1847 3764 facta

271 3810 415 3863 esse,
445 3797 641 3867 quibus
670 3806 816 3851 tanto
844 3797 1014 3866 major
1039 3797 1263 3853 debetur
1286 3797 1436 3864 ﬁdes,
1464 3804 1662 3868 quanto
1686 3815 1849 3870 super

270 3901 451 3943 omnes
478 3897 564 3943 est
592 3889 957 3959 magnus,cui
1011 3888 1099 3943 uni
1126 3888 1226 3944 soli
1274 3887 1678 3944 sacriﬁcandum
1727 3905 1848 3947 esse

269 3981 578 4050 praecipiunt
602 3980 626 4034 ἶ

270 4067 489 4131 CAPUT
528 4069 671 4127 XIX.
695 4101 767 4112 —
797 4070 923 4137 Qua
946 4071 1076 4125 ratio
1105 4071 1167 4126 sit
1196 4067 1402 4132 visibilis
1423 4071 1685 4146 saeriﬁeii,
1713 4076 1848 4145 quod

333 4167 420 4225 uni
447 4186 566 4226 vero
592 4173 642 4224 et
668 4162 902 4223 invisibili
931 4160 1040 4221 Deo
1067 4161 1240 4232 olferri
1266 4166 1408 4221 docet
1435 4181 1552 4221 vera
1574 4169 1771 4238 religio.

336 4263 435 4330 Qui
460 4270 644 4316 autem
674 4268 864 4331 putant
894 4260 1011 4314 haec
1041 4259 1271 4314 visibilia
1319 4259 1576 4315 sacriﬁcia
1601 4261 1702 4315 diis
1729 4263 1848 4319 aliis

271 4367 584 4423 congruere,
628 4351 705 4407 illi
731 4365 860 4406 vero
887 4359 1134 4420 tanquam
1164 4349 1415 4405 invisibili
1441 4349 1747 4420 invisibilia,
1792 4362 1847 4409 et

271 4445 464 4515 majora
485 4443 716 4514 majori,
759 4442 1076 4512 meliorique
1098 4441 1341 4508 meliora,
1359 4442 1534 4512 qualia
1555 4451 1678 4496 sunt
1698 4457 1846 4512 purae.

270 4536 456 4590 mentis
475 4544 533 4590 et
553 4534 708 4588 bonae
727 4533 1015 4588 voluntatis
1058 4530 1231 4586 ofﬁcia
1269 4547 1284 4597 ;
1322 4533 1561 4602 profecto
1581 4534 1842 4603 nesciunt,

270 4624 378 4682 haec
407 4623 478 4681 ita
510 4637 634 4682 esse
654 4627 802 4695 signa
829 4625 1062 4691 illorum,
1085 4625 1224 4679 sicut
1242 4622 1404 4678 verba
1426 4624 1671 4680 sOnantia
1694 4626 1844 4697 signa

271 4725 389 4773 sunt
417 4729 622 4773 rerum.
655 4718 934 4784 Quocirca,
963 4715 1102 4770 sicut
1127 4723 1344 4769 orantes
1371 4725 1530 4785 atque
1569 4715 1845 4774 laudantes

269 4811 334 4864 ad
363 4822 487 4865 eum
518 4809 796 4879 dirigimus
825 4807 1188 4879 signiﬁcantes
1227 4822 1404 4873 voces,
1448 4804 1533 4862 cui
1575 4824 1662 4863 res
1703 4809 1846 4879 ipsas

271 4903 322 4957 in
349 4901 514 4959 corde
542 4916 677 4972 quas
704 4895 1066 4972 signiﬁcamus
1093 4899 1405 4956 ollerimus:
1439 4899 1509 4956 ita
1536 4900 1843 4958 sacriﬁcan-

271 5003 351 5048 tes
376 5009 482 5048 non
534 4993 692 5048 alteri
738 4993 949 5047 visibile
992 4991 1308 5047 sacriﬁcium
1354 4989 1684 5047 oﬁ‘erendum
1727 5007 1846 5050 esse

271 5085 598 5149 noverimus,
628 5097 788 5152 quam
829 5081 905 5136 illi
930 5081 1080 5151 cujus
1107 5082 1158 5135 in
1189 5080 1439 5136 cordibus
1470 5083 1665 5137 nostris
1706 5084 1844 5137 invi-

268 5173 420 5228 sibile
456 5171 776 5226 sacriﬁcium
803 5184 900 5226 nos
926 5171 1024 5242 ipsi
1065 5185 1184 5226 esse
1209 5170 1489 5226 debemus.
1521 5167 1668 5227 Tunc
1692 5173 1846 5229 nobis

269 5265 467 5330 favent,
515 5264 777 5335 nobisque
822 5263 1175 5333 congaudent,
1217 5271 1375 5334 atque
1413 5253 1478 5317 ad
1524 5263 1626 5319 hoc
1669 5266 1845 5335 ipsum

269 5373 370 5414 nos
394 5373 494 5432 pro
541 5357 655 5411 suis
686 5356 888 5411 viribus
930 5355 1184 5426 adjuvant
1212 5355 1398 5426 Angeli
1439 5357 1634 5426 quique
1667 5356 1845 5412 Virtu-

267 5457 456 5517 tesque
481 5447 787 5519 superiores
815 5455 865 5500 et
897 5445 1006 5514 ipsa
1041 5445 1277 5499 bonitate
1309 5460 1371 5499 ac
1410 5446 1607 5514 pietate
1656 5455 1847 5515 poten-

266 5542 454 5594 tiores.
488 5539 546 5594 Si
589 5550 766 5592 autem
799 5536 900 5591 illis
939 5536 1054 5591 haec
1080 5536 1333 5592 exhibere
1360 5538 1706 5600 voluerimus,
1741 5554 1847 5593 non

265 5633 499 5690 libenter
518 5632 806 5700 accipiunt,
841 5640 895 5686 et
919 5645 1039 5684 eum
1070 5629 1138 5684 ad
1173 5629 1416 5684 homines
1444 5630 1513 5684 ita
1543 5630 1846 5698 mittuntur,

331 5766 351 5797 ¹
389 5766 460 5813 sic
478 5771 586 5812 uss.
613 5769 668 5811 At
686 5761 822 5820 editi,
849 5759 1013 5824 angeli
1036 5758 1263 5823 legalium
1297 5759 1647 5826 sacriﬁciorum
1685 5762 1844 5810 cattle-

261 5825 466 5878 ualion?
487 5828 785 5874 nwnuerunt.
902 5872 905 5875 _

551 5911 776 5971 Sascr.
825 5909 1102 5967 Aucusr.
1151 5906 1284 5966 \ll.

1569 385 1767 449 LlBER
1809 391 2121 450 DECIMUS.

3425 401 3530 458 398

1953 515 2012 562 ut
2053 521 2241 565 eorum
2288 511 2569 580 praesentia
2613 513 2894 579 sentiatur,
2944 513 3281 583 apertissime
3325 524 3524 572 vetant.

1951 597 2085 652 Sunt
2115 599 2358 668 exempla
2389 601 2440 655 in
2468 601 2685 658 Litteris
2713 605 2934 660 sanctis.
2961 604 3288 660 Putaverunt
3309 605 3526 675 quidam

1951 686 2296 744 deferendum
2328 693 2543 762 Angelis
2574 694 2853 762 honorem,
2885 697 2968 752 vel
2997 697 3292 762 adoranda,
3327 697 3409 752 vel
3439 712 3530 752 sa-

1951 780 2259 849 crilicaudo,
2275 785 2364 853 qui
2385 784 2609 841 debetur
2621 787 2808 853 Deo,ct
2823 804 3006 844 eorum
3025 799 3149 845 sunt
3168 783 3534 846 admonitione

1956 870 2482 946 prohibiti,jussique
2497 876 2598 932 hoc
2607 878 2654 932 ei
2671 877 2902 946 deferre,
2921 882 3006 934 cui
3026 882 3114 935 uni
3130 880 3209 936 fas
3224 896 3348 938 esse
3365 895 3534 937 nove-

1953 969 2077 1014 runt
2095 961 2291 1034 (ludio.
2311 980 2424 1030 aut,
2445 965 2544 1033 £6;
2573 968 2729 1037 Apoc.
2745 970 2933 1037 xxn,8,
2953 971 3236 1040 9.)lmitati
3263 981 3388 1028 sunt
3415 973 3534 1027 An-

1953 1050 2101 1120 gelos
2135 1062 2348 1108 sanctos
2373 1055 2532 1110 etiam
2555 1059 2723 1112 sancti
2738 1057 2980 1114 homines
2993 1061 3104 1116 Dei.
3120 1061 3250 1116 Nam
3269 1063 3463 1116 Paulus
3475 1069 3533 1118 et

1953 1139 2225 1198 Barnabas
2251 1144 2304 1198 in
2335 1144 2599 1216 Lycaonia
2619 1147 2758 1202 facto
2776 1150 3004 1218 quodam
3021 1152 3278 1208 miraculo
3290 1153 3536 1209 sanitatis

1955 1233 2124 1303 putati
2136 1245 2257 1291 sunt
2271 1237 2551 1309 dii,eisque
2565 1239 2816 1311 Lycaonii
2834 1243 3110 1298 immolare
3124 1245 3368 1302 victimas
3384 1245 3538 1300 volu-

1955 1333 2132 1388 erunt;
2152 1326 2335 1394 quoda
2353 1343 2412 1382 se
2425 1327 2608 1384 humili
2628 1331 2821 1399 pietate
2833 1343 3190 1400 removentes,
3209 1334 3288 1389 eis
3305 1335 3359 1389 in
3371 1349 3535 1405 quem

1954 1414 2239 1470 crederent
2256 1420 2702 1475 annuntiaverunt
2715 1421 2880 1476 Deum
2896 1423 3145 1495 (Act.xrv)
3157 1464 3171 1478 .
3188 1424 3295 1480 Nec
3310 1425 3379 1480 ob
3391 1426 3537 1482 aliud

1955 1503 2172 1562 fallaces
2189 1509 2263 1564 illi
2277 1513 2503 1581 superbe
2517 1513 2612 1568 sibi
2635 1514 2737 1570 hoc
2759 1515 2998 1586 exigunt,
3020 1517 3120 1571 nisi
3139 1519 3260 1586 quia
3277 1535 3405 1574 vero
3428 1521 3538 1575 Deo

1957 1597 2138 1654 deberi
2169 1602 2363 1658 sciunt.
2401 1603 2517 1660 Non
2539 1607 2680 1661 enim
2702 1623 2912 1673 revera,
2943 1617 3003 1663 ut
3029 1609 3102 1663 ait
3133 1610 3460 1683 Porphyrius
3485 1621 3542 1666 et

1959 1693 2198 1746 nonnulli
2245 1703 2449 1763 putant,
2495 1697 2826 1754 cadaverinis
2869 1701 3167 1769 nidoribus,
3211 1703 3307 1758 sed
3346 1703 3540 1759 divinis

1960 1779 2252 1837 honoribus
2277 1785 2528 1853 gaudent.
2558 1787 2775 1857 Copiam
2821 1804 2953 1844 vero
2997 1791 3245 1846 nidorum
3291 1809 3540 1863 magnam

1959 1871 2157 1928 habent
2179 1876 2430 1946 undique,
2459 1879 2579 1933 etsi
2607 1881 2836 1950 amplius
2863 1883 3082 1951 vellent,
3117 1885 3215 1955 ipsi
3253 1885 3355 1940 sibi
3381 1895 3540 1958 pote-

1958 1973 2076 2018 rant
2099 1966 2371 2021 exhibere.
2400 1968 2500 2036 Qui
2521 1985 2648 2040 ergo
2673 1971 2998 2028 divinitatem
3027 1975 3125 2029 sibi
3157 1988 3406 2047 arrogant
3426 1979 3542 2048 spi-

1959 2055 2113 2123 ritus,
2145 2072 2249 2112 non
2290 2059 2572 2129 cujuslibet
2600 2065 2840 2133 corporis
2867 2064 3034 2130 fumo,
3075 2066 3167 2121 sed
3191 2068 3542 2136 supplicantis

1959 2150 2137 2205 animo
2165 2149 2518 2220 delectantur,
2546 2155 2631 2208 cui
2651 2155 2875 2225 decepto
2897 2157 3242 2228 suhjeetoque
3260 2159 3544 2215 dominen-

1958 2247 2066 2307 tur,
2094 2241 2508 2300 intercludentes
2530 2247 2629 2300 iter
2655 2247 2719 2302 ad
2751 2249 2913 2302 Deum
2941 2265 3146 2314 verum,
3187 2264 3254 2306 ne
3280 2251 3350 2306 sit
3381 2252 3542 2307 homo

1961 2330 2105 2386 illius
2146 2336 2484 2403 sacriﬁcium,
2533 2337 2659 2392 dum
2701 2339 3032 2397 sacriﬁcatur
3070 2342 3300 2413 cuipiam
3348 2355 3543 2415 [ιι-αξιοι·

1959 2423 2128 2478 illum.

1956 2555 2184 2617 CAPUT
2222 2558 2341 2615 XX.
2383 2591 2453 2602 ——
2494 2561 2572 2616 De
2599 2581 2794 2619 summa
2838 2583 3048 2638 veroque
3089 2571 3359 2639 sacriﬁcio,
3407 2572 3543 2642 quod

2121 2651 2230 2724 ipse
2251 2651 2344 2708 Dei
2365 2664 2412 2710 et
2432 2657 2692 2711 hominum
2723 2657 2775 2711 Μ
2783 2659 2977 2714 ediator
3001 2660 3206 2728 eﬂ'eclus
3237 2673 3326 2716 est.

2029 2787 2181 2845 Unde
2207 2805 2365 2846 verus
2387 2791 2478 2847 ille
2501 2792 2775 2861 Mediator,
2798 2793 2850 2848 in
2873 2805 3128 2864 quantum
3151 2796 3373 2851 formam
3397 2799 3542 2854 servi

1958 2881 2222 2950 accipiens
2248 2882 2510 2938 mediator
2526 2883 2748 2940 ell‘ectus
2768 2894 2849 2941 est
2877 2887 2969 2941 Dei
2992 2896 3046 2942 et
3075 2887 3350 2942 hoininum
3379 2889 3542 2945 homo

1956 2969 2201 3025 Christus
2237 2970 2413 3038 Jesus,
2455 2989 2576 3028 cum
2624 2975 2676 3029 in
2707 2975 2873 3030 lorma
2916 2977 3010 3032 Dei
3055 2980 3375 3035 sacriﬁcium
3417 2996 3540 3036 cum

1958 3059 2118 3116 Patre
2146 3072 2342 3128 sumat,
2373 3079 2493 3118 cum
2522 3080 2629 3134 quo
2665 3076 2719 3121 et
2766 3083 2903 3121 unus
2943 3068 3084 3124 Deus
3119 3079 3222 3135 est,
3266 3080 3441 3126 tamen
3486 3071 3541 3128 in

1957 3150 2126 3206 l'orma
2156 3154 2295 3207 servi
2327 3155 2645 3208 sacriﬁcium
2677 3156 2863 3210 maluit
2885 3172 3002 3212 esse
3022 3175 3182 3228 quam
3211 3175 3446 3227 sumere,
3471 3177 3541 3217 ne

1955 3242 2040 3297 vel
2070 3241 2169 3297 hac
2197 3243 2477 3299 occasione
2506 3245 2785 3315 quisquam
2829 3249 3158 3304 existimaret
3197 3251 3416 3306 cuilibet
3448 3268 3540 3308 sa-

1956 3335 2301 3390 criﬁcandum
2341 3352 2462 3393 esse
2489 3347 2767 3394 creatum.
2800 3339 2902 3395 Per
2937 3340 3039 3397 hoc
3076 3351 3131 3398 et
3156 3326 3405 3400 sacerdos
3431 3355 3536 3414 est,

1957 3425 2072 3495 ipse
2103 3427 2355 3495 offerens,
2386 3429 2500 3499 ipse
2522 3438 2576 3484 et
2602 3429 2817 3486 oblatio.
2848 3431 3011 3503 Cujus
3037 3437 3112 3488 rei
3143 3445 3539 3493 sacramentum

1956 3519 2320 3590 quotidianum
2351 3535 2472 3576 esse
2511 3521 2678 3578 voluit
2706 3523 2961 3580 Ecclesiae
2996 3527 3315 3584 sacriﬁcium
3359 3545 3372 3581 :
3417 3545 3538 3600 quae

1955 3625 2074 3666 cum
2107 3611 2274 3680 ipsius
2301 3615 2490 3682 capitis
2518 3630 2715 3685 corpus
2739 3618 2826 3680 sit,
2861 3633 2920 3674 se
2942 3619 3109 3690 ipsam
3141 3637 3237 3690 per
3261 3623 3432 3691 ipsum
3455 3623 3537 3677 die

1954 3701 2056 3756 scit
2096 3701 2290 3758 oﬁ‘erre
2318 3704 2355 3756 ι.
2399 3704 2565 3775 Hujus
2593 3707 2707 3762 veri
2735 3711 2981 3765 sacriﬁcii
3021 3712 3327 3780 multiplicia
3355 3715 3537 3769 varia-

1953 3809 2056 3864 que
2076 3795 2225 3866 signa
2257 3806 2410 3851 erant
2433 3798 2689 3854 sacriﬁcia
2721 3802 2892 3870 prisca
2917 3811 3241 3868 sanctorum,
3271 3819 3390 3860 cum
3432 3805 3536 3863 hoc

1951 3899 2118 3941 unum
2151 3903 2236 3957 pet
2281 3891 2446 3945 multa
2477 3890 2810 3961 ﬁguraretur,
2847 3901 3094 3962 tanquam
3133 3895 3311 3950 verbis
3351 3897 3536 3953 multis

1953 3992 2042 4037 res
2066 3994 2170 4036 una
2202 3981 2486 4049 diceretur,
2517 3991 2576 4036 ut
2602 3981 2719 4037 sine
2761 3982 2972 4038 fastidio
3006 3986 3228 4040 multum
3256 4001 3536 4042 commeno

1952 4071 2173 4128 daretur
2217 4073 2316 4145 (a).
2349 4071 2482 4129 lluic
2509 4088 2720 4128 summo
2763 4089 2996 4145 veroque
3039 4078 3301 4135 sacriﬁcio
3343 4089 3535 4135 cuncta

1953 4165 2212 4220 sacriﬁcia
2240 4164 2372 4221 falsa
2400 4178 2700 4222 cesserunt.

1953 4297 2179 4355 CAPUT
2216 4293 2359 4354 XXI.
2390 4330 2461 4341 ——
2489 4290 2568 4354 De
2597 4303 2746 4356 modo
2777 4296 3033 4373 petestatis
3060 4304 3368 4360 (immanibus
3403 4308 3537 4363 datin

2023 4391 2090 4445 ad
2111 4387 2470 4464 glariﬁcandos
2499 4403 2699 4448 sanctos
2727 4411 2816 4464 per
2840 4395 3153 4450 tolerantiam
3184 4389 3532 4468 parsionum’,

2021 4483 2107 4552 qui
2147 4484 2310 4537 aerios
2342 4483 2551 4552 spiritus
2591 4500 2692 4538 non
2721 4485 2972 4554 placando
3011 4487 3168 4556 ipsos,
3211 4487 3300 4542 sed
3341 4489 3394 4542 in
3425 4487 3531 4542 Deo

2023 4569 2358 4645 permanentia
2389 4577 2626 4632 vicerunt.

2024 4702 2308 4759 Moderatis
2348 4712 2526 4760 autem
2564 4704 2944 4779 prmﬁnitisque
2989 4714 3339 4782 temporibus,
3369 4717 3528 4769 etiam

1951 4806 2188 4868 potestas
2233 4799 2491 4866 permissa
2533 4799 2899 4866 daemonibus,
2947 4813 3006 4858 ut
3054 4804 3354 4860 hominibus
3397 4818 3530 4873 quos

1955 4889 2226 4960 possident
2255 4891 2519 4956 excitatis,
2556 4892 2860 4948 inimicitias
2905 4895 3164 4950 adversus
3205 4896 3296 4950 Dei
3340 4897 3530 4951 civita-

1956 4989 2059 5034 tem
2083 4982 2358 5050 tyrannice
2384 4992 2685 5046 exerceant,
2715 4984 2920 5054 sibique
2941 4986 3196 5040 sacriﬁcia
3226 5001 3332 5040 non
3355 4987 3531 5042 solum

1953 5072 2021 5126 ab
2047 5072 2391 5129 olferentibus
2417 5086 2648 5140 sumant,
2678 5085 2730 5131 et
2753 5092 2782 5129 a
2812 5078 3109 5132 volentibus
3135 5088 3405 5145 expetant.
3435 5096 3533 5135 ve-

1952 5180 2069 5218 rum
2097 5165 2252 5218 etiam
2297 5166 2364 5218 ah
2407 5166 2582 5221 invitis
2642 5166 3010 5235 persequendo
3048 5167 3310 5223 violenter
3346 5181 3531 5226 extor-

1951 5265 2165 5326 queant,
2199 5271 2305 5310 non
2331 5257 2502 5312 solum
2536 5258 2828 5327 perniciosa
2856 5273 2959 5312 non
2987 5267 3089 5326 est,
3108 5259 3200 5314 sed
3231 5261 3389 5316 etiam
3423 5265 3529 5319 uti-

2017 5392 2034 5423 ι
2071 5390 2205 5457 Vind.
2233 5391 2524 5457 Am.,.Cujus
2545 5391 3013 5457 reihsacrameutum
3035 5393 3384 5457 quotidianum.
3432 5402 3529 5457 ἢν..

1952 5464 2054 5524 esse
2076 5450 2221 5524 voluit
2252 5450 2476 5524 ecclesia:
2496 5450 2822 5524 sacri/ictam;
2845 5465 2956 5524 cum
2995 5450 3146 5515 ipsius
3182 5457 3400 5524 corporis
3427 5450 3533 5523 ipse

1951 5519 2012 5590 ξπ
2035 5519 2195 5576 carm:
2231 5519 2282 5590 ei
2306 5519 2897 5590 .irstwssatetrssrt
2910 5527 3126 5590 ,εονίπιξέ
3166 5519 3275 5589 tam
3305 5519 3410 5590 ίηεα
3443 5519 3531 5590 iter

1950 5571 2286 5699 gumépm
2302 5571 2402 5637 ipse
2421 5586 2507 5637 per
2529 5571 2682 5633 ipsam
2697 5571 2857 5624 suetus
2874 5571 3054 5638 oﬂ'erri.
3081 5571 3234 5641 Hujus
3255 5571 3358 5631 veri
3375 5571 3533 5632 aucti-

2021 5698 2030 5699 ,
2054 5669 2069 5694 ο
2094 5649 2142 5699 εἴ
2173 5670 2190 5699 r
2495 5697 2504 5699 _
2675 5695 2685 5699 _

2016 5642 2203 5753 5,83%,
2215 5701 2408 5767 sanctos.
2424 5697 2505 5759 qui
2529 5695 2824 5760 pertulerunt
2834 5699 2944 5760 jam
2957 5699 3240 5764 passionem.
3266 5704 3530 5754 amendan-

1954 5766 2032 5809 tur
2053 5769 2081 5804 a
2106 5764 2453 5818 manuscriptis.

2010 5818 2092 5884 ἴα)
2114 5817 2244 5867 Conf.
2270 5816 2358 5867 lib.
2376 5819 2398 5866 1
2426 5825 2591 5869 contra
2615 5820 2809 5872 Advers.
2833 5829 2949 5884 Le'g.
2973 5830 3024 5871 et
3047 5823 3290 5882 Prothet.,
3317 5838 3367 5873 η.
3391 5825 3475 5879 38.

2960 5905 3182 5987 (om)
