4064 6474
469 396 574 454 299

471 506 812 564 lisinveuitur
825 502 1237 573 Ecclesize(a),ut
1253 508 1541 571 martyrum
1563 517 1812 557 numerus
1838 503 2050 573 implea-

475 599 853 676 tur(Auoc.VI,l
870 599 1080 667 I):quos
1095 595 1278 650 civitas
1295 594 1389 648 Dei
1405 603 1548 648 tanto
1558 595 1810 649 clariores
1828 595 2052 650 ethono—

475 695 700 745 ratiores
719 690 860 743 cives
877 687 1054 752 habet,
1071 693 1267 756 quanto
1286 685 1472 739 fortius
1488 685 1741 740 adversus
1764 686 2050 754 impietatis

476 791 747 849 peccatum
771 781 788 811 ¹
827 778 987 834 etiam
1017 791 1182 847 usque
1215 776 1281 831 ad
1322 777 1634 846 sanguinem
1671 785 1896 831 certant.
1943 776 2050 831 llos

478 872 644 925 multo
664 869 973 940 elegantius,
1003 869 1047 922 si
1074 867 1430 922 ecclesiastica
1453 866 1700 936 loquendi
1722 866 2052 920 consuetudo

478 969 766 1031 pateretur,
798 967 1013 1014 nostros
1051 958 1250 1012 Ileroas
1280 972 1608 1012 vocaremus.
1641 957 1751 1011 [Ioc
1785 958 1925 1011 enim
1954 971 2050 1011 no-

479 1070 599 1109 men
629 1068 657 1106 a
686 1052 892 1108 Junonc
918 1051 1110 1106 dicitur
1144 1058 1389 1112 tractum,
1417 1049 1556 1120 quod
1583 1065 1755 1119 grmce
1782 1049 1920 1104 Juno
1951 1036 2052 1120 ὗρα

478 1146 809 1216 appellatur;
853 1153 905 1198 et
931 1143 1050 1198 ideo
1079 1143 1261 1198 nescio
1299 1144 1416 1212 quis
1445 1144 1584 1197 ﬁlius
1619 1144 1733 1212 ejus
1761 1143 2050 1198 secundum

479 1237 782 1291 Graecorum
811 1235 1032 1297 fabulas,
1073 1235 1241 1288 Ileros
1269 1235 1420 1289 fuerit
1451 1245 1780 1303 nuncupatus
1805 1253 1816 1288 :
1852 1237 1951 1289 hoc
1974 1235 2053 1287 vi-

479 1329 669 1383 delicet
703 1329 862 1382 veluti
893 1329 1170 1398 mysticum
1202 1326 1530 1397 signiﬁcante
1570 1327 1761 1391 fabula,
1792 1327 1929 1396 quod
1960 1342 2050 1381 aer

479 1419 672 1473 Junoni
699 1420 1000 1488 deputetur,
1031 1417 1118 1472 ubi
1150 1419 1326 1473 volunt
1350 1433 1468 1471 cum
1499 1417 1827 1473 dminoziibus
1864 1419 2051 1474 heroas

482 1510 739 1575 habitare,
784 1525 890 1579 quo
927 1511 1142 1562 nomine
1170 1508 1438 1577 appellant
1463 1509 1688 1578 alicujus
1730 1511 1900 1564 meriti
1939 1510 2053 1564 ani-

483 1616 598 1654 mas
620 1600 1016 1654 defunctorum.
1057 1598 1160 1652 Sed
1205 1614 1234 1651 a
1274 1600 1542 1653 contrario
1585 1612 1843 1671 martyres
1884 1601 2053 1656 nostri

482 1690 675 1744 heroes
707 1698 1154 1758 nuncuparentur,
1182 1689 1247 1754 si,
1279 1697 1335 1742 ut
1361 1688 1492 1754 dixi,
1542 1705 1666 1743 usus
1707 1690 2054 1746 ecclesiastici

481 1781 741 1835 sermonis
768 1780 1068 1834 admitteret
1099 1796 1113 1844 ;
1162 1794 1264 1832 non
1290 1778 1429 1848 quod
1476 1779 1554 1833 eis
1598 1789 1740 1834 esset
1789 1795 1909 1835 cum
1941 1781 2054 1834 da:-

483 1873 728 1928 monibus
753 1871 803 1926 in
830 1887 954 1926 aere
981 1870 1327 1934 societas,sed
1358 1870 1496 1940 quod
1524 1871 1738 1925 eosdem
1761 1871 2051 1939 daemones,

482 1965 536 2019 id
561 1974 660 2032 cst,
691 1964 861 2019 aerias
891 1965 1162 2018 vincerent
1187 1971 1514 2033 potestates;
1557 1972 1611 2018 et
1648 1965 1700 2018 in
1739 1964 1818 2019 eis
1861 1965 2051 2034 ipsam,

481 2057 731 2128 quidquid
764 2065 975 2127 putatur
1003 2055 1323 2126 signiﬁcare,
1355 2055 1640 2121 Junonem,
1686 2071 1803 2125 quat
1833 2069 1936 2110 non
1964 2072 2055 2110 us-

482 2163 793 2218 quequaque
819 2148 1257 2202 inconvenienter
1282 2163 1310 2200 a
1345 2149 1514 2217 poetis
1546 2148 1811 2202 inducitur
1841 2150 2052 2202 inimica

481 2241 788 2306 virtutibus,
817 2248 870 2293 et
897 2241 1089 2294 cteltun
1128 2241 1426 2308 petentibus
1452 2241 1579 2293 viris
1605 2239 1830 2294 fortibus
1858 2239 2052 2295 invida.

481 2331 588 2386 Sed
617 2347 801 2386 rursus
821 2331 869 2385 ei
892 2331 1186 2386 succumbit
1212 2329 1489 2386 infeliciter
1514 2331 1759 2402 ceditque
1782 2331 2052 2402 Virgilius,

484 2432 542 2478 ut
565 2438 684 2478 cum
710 2423 846 2492 apud
878 2439 996 2477 eum
1028 2423 1114 2476 illa
1138 2422 1300 2486 dicat,

1125 2573 1144 2636 (
1162 2520 1344 2625 Αῖηεὶιίῗ
1361 2513 1811 2638 ὶῇῗοᾶῗὲείξηὲῗοῗ)

485 2661 656 2727 ipsum
683 2656 888 2712 IEnean
931 2657 1210 2712 admoneat
1238 2659 1466 2712 Helenus
1491 2659 1641 2727 quasi
1673 2659 1900 2713 consilio
1926 2659 2054 2716 reli-

485 2750 654 2819 gioso,
682 2759 732 2802 et
761 2748 923 2813 dicat,

545 2842 714 2905 iunoni
737 2853 858 2905 cane
882 2847 989 2890 vota
1007 2840 1182 2905 libens,
1205 2841 1539 2904 dominamque
1563 2848 1814 2905 potentem

545 2902 842 2964 SUppIicibus
862 2915 1038 2964 supera
1061 2903 1213 2951 donis.

975 2964 1192 3024 (amid.
1218 2962 1301 3012 lib.
1318 2965 1366 3025 5,
1391 2977 1511 3014 vers.
1538 2965 1645 3024 43x9,
1669 2963 1816 3027 459.)

485 3048 564 3104 Ex
601 3063 702 3118 qua
743 3049 992 3119 Opinione
1041 3049 1384 3120 Porphyrius,
1417 3051 1654 3118 quamvis
1699 3065 1804 3103 non
1851 3064 1917 3105 ex
1960 3063 2053 3103 sua

483 3140 765 3204 sententia,
797 3139 888 3193 sed
915 3155 979 3192 ex
1002 3139 1244 3205 aliorum,
1277 3140 1471 3192 bontun
1507 3140 1638 3193 dicit
1665 3139 1822 3194 deum
1854 3140 1934 3193 vel
1961 3155 2056 3208 ge-

487 3231 631 3285 nium
661 3245 765 3284 non
805 3231 987 3284 venire
1023 3229 1075 3282 in
1105 3229 1399 3294 hominem,
1427 3230 1529 3283 nisi
1557 3230 1726 3283 malus
1753 3229 1909 3284 fuerit
1933 3240 2055 3283 ante

485 3323 719 3392 placatus
750 3319 826 3392 (ὁ)
851 3337 864 3374 :
894 3329 1142 3390 tanquam
1175 3320 1391 3374 fortiora
1429 3320 1534 3374 sint
1563 3319 1698 3387 apud
1725 3334 1818 3372 eos
1841 3318 2054 3372 numina

484 3414 621 3467 mala
644 3427 801 3482 quam
825 3412 995 3474 bona;
1025 3410 1449 3480 quandoquidem
1479 3410 1613 3464 mala
1647 3409 1934 3478 impediunt
1957 3408 2056 3462 ad-

482 3504 678 3575 jutoria
707 3503 990 3566 bonorum,
1022 3503 1121 3555 nisi
1152 3500 1231 3556 eis
1260 3501 1464 3570 placata
1488 3500 1617 3554 dent
1645 3502 1841 3564 locum,
1875 3499 2055 3553 malis-

483 3611 587 3666 que
624 3593 923 3649 nolentibus
958 3593 1092 3647 bona
1133 3592 1384 3662 prodesse
1424 3607 1526 3644 non
1575 3600 1830 3661 possunt;
1863 3605 2057 3645 nocere

483 3699 658 3744 autem
697 3687 835 3742 mala
883 3696 1127 3757 possunt,
1170 3702 1274 3740 non
1315 3685 1418 3739 sibi
1462 3684 1759 3739 valentibus
1802 3685 2054 3738 resistere

484 3779 657 3834 bouis.
684 3778 799 3833 Non
829 3787 910 3832 est
939 3779 1039 3832 ista
1061 3793 1200 3831 vera:
1227 3776 1589 3845 veraciterque
1615 3782 1812 3829 sancta:
1846 3773 2057 3842 religio-

486 3869 570 3924 nis
599 3868 716 3922 via:
763 3883 867 3922 non
899 3869 975 3922 sic
1007 3867 1293 3931 Junoncm,
1326 3866 1424 3920 hoc
1453 3873 1535 3919 est
1568 3865 1738 3919 aerias
1765 3872 2055 3932 potestates

486 3962 694 4029 piorum
713 3959 994 4014 virtutibus
1013 3957 1327 4020 invidentes.
1351 3957 1513 4012 nostri
1538 3967 1796 4027 martyres
1817 3956 2051 4009 vincunt.

483 4051 601 4106 Non
639 4051 878 4118 omnino,
926 4051 973 4104 si
1017 4051 1121 4106 dici
1166 4049 1356 4103 usitate
1405 4056 1604 4116 posset,
1654 4047 1844 4101 heroes
1887 4047 2055 4101 nostri

485 4141 810 4212 supplicibus
837 4141 1010 4204 donis,
1057 4140 1150 4194 sed
1179 4139 1461 4194 virtutibus
1489 4138 1682 4192 divinis
1726 4137 1917 4192 Herem
1961 4152 2052 4191 su-

485 4239 691 4300 perant.
720 4229 1062 4284 Commodius
1103 4230 1296 4298 quippe
1331 4226 1511 4296 Scipio
1541 4225 1820 4280 Africanus
1849 4237 1927 4281 est
1964 4241 2056 4281 co-

483 4324 840 4393 gnominatus,
885 4320 1024 4392 quod
1069 4321 1261 4374 virtute
1298 4318 1531 4373 Africam
1563 4318 1766 4384 vicerit,
1810 4334 1966 4388 quam
2008 4319 2053 4373 si

488 4413 666 4467 hostes
685 4412 839 4467 ἀοιιῑε
867 4412 1148 4482 placasset,
1178 4418 1234 4463 ut
1263 4418 1558 4480 parcerent.

484 4501 706 4558 CAPUT
745 4501 908 4557 XXII.
927 4532 997 4542 —
1024 4501 1171 4556 Unde
1197 4502 1259 4555 sit
1289 4500 1472 4554 sanctis
1512 4499 1773 4554 adversum
1803 4499 2053 4553 dwmones

723 4603 938 4662 potestas
959 4635 971 4656 ,
1000 4603 1044 4646 et
1074 4593 1208 4647 unde
1235 4592 1398 4645 cordis
1426 4606 1542 4645 vera
1572 4592 1822 4662 purgatio.

557 4685 694 4740 Vera
725 4685 918 4754 pietate
961 4684 1201 4737 homines
1228 4683 1321 4737 Dei
1357 4681 1554 4736 aeriam
1586 4690 1900 4751 potestatem
1944 4681 2046 4735 ini-

489 4776 680 4831 micam
723 4774 1149 4842 contrariamque
1191 4771 1372 4841 pietati
1413 4771 1770 4826 exorcizando
1813 4771 2044 4840 ejiciunt,

486 4883 592 4923 non
644 4866 946 4937 placando;
1003 4879 1299 4934 omnesque
1345 4863 1666 4920 tentationes
1718 4863 2052 4920 adversitatis

482 4959 599 5026 ejus
623 4960 643 4990 ¹
670 4957 887 5012 vincunt
913 4953 1145 5019 orando,
1188 4968 1296 5009 non
1341 4955 1531 5023 ipsam,
1577 4953 1669 5009 sed
1697 4967 1851 5008 suum
1885 4955 2050 5009 Deum

547 5073 565 5104 ι
601 5070 735 5130 Fditi,
747 5069 975 5119 adversus
988 5064 1273 5130 unpietatem
1283 5069 1581 5130 potestatum.
1592 5063 1706 5130 Alia,
1718 5077 1828 5126 quae
1840 5065 2051 5113 omnium

483 5141 560 5182 est
581 5126 1005 5192 manuscriptorum
1041 5126 1202 5192 lectio,
1227 5126 1416 5192 videtur
1438 5126 1770 5192 praeferenda;
1796 5139 1906 5174 nam
1938 5140 2052 5192 per-

481 5195 649 5253 spicue
681 5187 848 5240 alludit
872 5191 1164 5254 Augustinus
1184 5188 1243 5237 ad
1277 5187 1412 5254 illud
1431 5189 1576 5254 Hebr.
1615 5202 1700 5245 xu,
1731 5187 1798 5236 4:
1834 5187 2052 5237 Nondum

480 5249 608 5303 enim
646 5267 792 5314 usque
815 5251 879 5301 ad
902 5249 1179 5314 sanguinem
1201 5249 1437 5302 restitistis
1457 5249 1686 5299 adversus
1708 5254 1954 5311 peccatum
1976 5262 2054 5298 re-

547 5369 569 5442 ἴ
598 5380 668 5442 sic
689 5383 793 5424 Mss.
819 5382 873 5424 Αι
893 5375 1028 5434 Editi,
1041 5386 1203 5442 gnum
1223 5369 2047 5442 tentationesgdversitatesqne_ejus.

547 5437 621 5498 (a)
644 5444 874 5498 (:oqurrus
894 5432 1232 5498 Tertullianum
1251 5436 1326 5485 hic
1342 5437 1458 5485 citat
1478 5433 1723 5498 dicentem
1748 5434 1796 5480 in
1817 5432 2049 5498 Apologe-

483 5495 734 5559 tico,'cap.‘
750 5496 811 5546 50
838 5509 850 5544 :
885 5513 907 5542 ι
933 5495 1100 5559 Plures,
1118 5497 1366 5554 etiicimur,
1385 5497 1579 5557 quoties
1592 5495 1818 5559 metimur
1835 5505 1862 5559 ε)
1885 5495 2047 5555 vobis;

487 5555 702 5626 gsemen
728 5564 805 5626 est
826 5559 1023 5619 sanguis
1058 5555 1446 5626 Christianorum.
1471 5572 1493 5626 ξ
1524 5562 1575 5603 Et
1595 5557 1660 5626 in“
1687 5555 1769 5626 lib.
1797 5555 1854 5626 ad
1876 5561 2049 5615 Scapu-

484 5614 592 5676 lnn,
609 5630 713 5680 cap.
737 5619 769 5669 5
792 5631 804 5666 :
831 5636 852 5664 α
870 5614 1052 5667 sectam
1073 5619 1195 5667 hanc
1213 5627 1329 5668 tunc
1367 5619 1521 5679 magis
1541 5615 1761 5664 aediﬁcari
1782 5617 1923 5674 scias,
1939 5614 2049 5665 cum

486 5681 942 5748 uecedivideturn-
986 5688 1040 5728 tu.
1234 5739 1262 5748 Α
1319 5740 1331 5748 _
1419 5739 1452 5748 __
1502 5739 1534 5748 Α
1639 5739 1669 5748 Α·
1805 5738 1816 5748 ι
1899 5737 1927 5748 υ

544 5740 613 5802 (1))
614 5741 774 5851 530111⁸.
811 5741 1068 5805 Porpher
1106 5740 1191 5790 lib.
1233 5739 1264 5789 2
1302 5740 1366 5790 de
1405 5739 1702 5790 Abstinentia
1741 5737 2046 5797 animalium,

544 5815 580 5851 υ.
675 5834 695 5851 .

1525 392 1609 445 DE
1649 391 1964 447 CIVITATE
2006 391 2134 460 Diei,
2173 390 2230 448 S.
2273 392 2635 450 AUGUSTINI

3625 404 3734 461 300

2157 503 2412 559 adversus
2442 506 2632 575 ipsam.
2665 507 2779 563 Non
2810 510 2952 564 enim
2984 511 3214 582 aliquem
3255 514 3449 581 vincit,
3480 525 3572 571 aut
3600 519 3733 572 sub-

2150 595 2319 666 jugat,
2358 597 2458 650 nisi
2507 599 2763 655 societate
2808 604 3034 670 peccati.
3081 604 3134 657 lu
3180 604 3295 674 ejus
3341 622 3468 676 ergo
3513 609 3733 664 nomine

2156 687 2403 752 vincitur,
2431 689 2520 758 qui
2566 691 2836 747 hominem
2863 696 3184 764 assumpsit,
3215 697 3426 768 egitque
3451 700 3567 754 sine
3608 716 3735 770 pec-

2156 789 2296 843 cato,
2326 789 2378 834 ut
2403 780 2454 834 in
2487 781 2599 851 ipso
2625 783 2902 840 sacerdote
2929 800 2991 840 ac
3017 787 3278 841 sacriﬁcio
3307 788 3459 844 ﬁeret
3483 791 3732 845 remissio

2159 878 2498 934 peccatorum
2517 913 2530 936 ,
2566 872 2617 925 id
2647 880 2728 926 est
2758 888 2850 942 per
2876 875 3218 932 Mediatorem
3248 878 3338 934 Dei
3368 888 3422 934 et
3449 880 3731 938 hominum

2158 957 2427 1015 hominem
2453 961 2721 1018 Christum
2755 965 2961 1033 Jesum,
2991 981 3087 1038 per
3111 985 3268 1038 quem
3310 971 3447 1027 facta
3474 983 3732 1042 peccato-

2156 1063 2272 1102 rum
2309 1053 2617 1120 purgatione
2657 1057 3064 1112 reconciliamur
3103 1059 3233 1114 Deo.
3276 1059 3394 1116 Non
3439 1063 3583 1117 enim
3627 1063 3732 1118 nisi

2158 1142 2391 1209 peccatis
2423 1143 2664 1199 homines
2709 1159 3022 1216 separantur
3057 1165 3087 1204 a
3119 1151 3258 1215 Deo,
3290 1166 3512 1221 quorum
3545 1155 3596 1208 in
3632 1154 3734 1209 hac

2158 1232 2263 1285 vita
2308 1247 2411 1287 non
2459 1234 2518 1287 ﬁt
2564 1246 2745 1290 nostra
2789 1239 3016 1304 virtute,
3050 1241 3142 1296 sed
3183 1242 3358 1296 divina
3389 1244 3732 1298 miseratione

2160 1325 2436 1393 purgatio;
2486 1342 2586 1396 per
2615 1328 2988 1399 indulgentiam
3019 1333 3160 1387 illius
3182 1376 3195 1398 ,
3230 1351 3333 1389 non
3363 1350 3460 1406 per
3491 1347 3730 1392 nostrain

2162 1418 2469 1483 potentiam.
2499 1419 2630 1486 Quia
2661 1429 2714 1475 et
2741 1422 2851 1490 ipsa
2881 1425 3360 1495 quantulacumque
3387 1428 3576 1492 virtus,
3609 1444 3734 1497 quze

2157 1503 2353 1560 dicitur
2400 1518 2612 1575 nostra,
2657 1511 2798 1565 illius
2843 1522 2925 1566 est
2975 1515 3127 1568 nobis
3169 1514 3408 1571 bonitate
3451 1533 3731 1574 concessa.

2159 1597 2377 1653 Multum
2404 1609 2580 1656 autem
2621 1604 2775 1658 nobis
2808 1605 2859 1658 in
2890 1604 2989 1659 hac
3015 1621 3176 1662 carne
3205 1608 3587 1675 tribueremus,
3629 1609 3734 1665 nisi

2162 1705 2327 1761 usque
2370 1693 2437 1747 ad
2479 1694 2596 1763 ejus
2641 1695 3028 1766 depositionem
3071 1699 3170 1754 sub
3213 1701 3366 1755 venia
3408 1703 3732 1757 viveremus.

2161 1780 2446 1850 Propterea
2485 1799 2615 1854 ergo
2653 1787 2807 1841 nobis
2849 1803 2941 1857 per
2984 1789 3326 1846 Mediatorem
3369 1794 3604 1862 praestita
3649 1803 3736 1848 est

2159 1872 2348 1940 gratia,
2379 1881 2436 1927 ut
2462 1876 2646 1943 polluti
2673 1892 2836 1932 carne
2864 1881 3064 1946 peccati
3105 1882 3280 1939 carnis
3307 1884 3507 1952 peccati
3537 1884 3733 1938 simili-

2162 1965 2342 2021 tudine
2389 1968 2786 2024 muudaremur.
2842 1969 2952 2049 Hac
3000 1973 3093 2027 Dei
3139 1976 3328 2043 gratia,
3379 1991 3482 2044 qua
3537 1976 3588 2030 in
3634 1993 3736 2032 nos

2161 2059 2391 2112 ostendit
2420 2076 2662 2130 magnam
2694 2063 3111 2120 misericordiam
3139 2082 3309 2132 suam,
3341 2078 3394 2124 et
3420 2069 3472 2124 in
3500 2071 3598 2125 hac
3623 2072 3735 2126 vita

2161 2161 2259 2217 per
2291 2149 2444 2203 ﬁdem
2487 2139 2736 2221 regimur,
2782 2164 2836 2209 et
2875 2165 2994 2226 post
3043 2155 3178 2212 hanc
3222 2161 3383 2214 vitam
3428 2177 3522 2231 per
3564 2161 3736 2232 ipsam

2161 2240 2394 2307 Speciem
2450 2241 2898 2301 incommutabilis
2949 2249 3188 2304 veritatis
3236 2250 3302 2306 ad
3355 2254 3737 2322 perfectionem

2165 2328 2522 2398 plenissimam
2552 2334 2925 2403 perducemur.

2161 2442 2386 2499 CAPUT
2425 2445 2611 2500 XXIII.
2641 2478 2713 2487 —
2737 2447 2814 2502 De
2852 2450 3143 2522 principiis,
3175 2453 3228 2506 in
3265 2453 3442 2526 quibus
3479 2453 3738 2510 Platonici

2425 2541 2772 2608 purgationem
2797 2541 2980 2595 anima:
3007 2559 3112 2596 esse
3140 2545 3458 2612 proﬁtentur.

2233 2647 2368 2704 Dicit
2405 2651 2564 2706 etiam
2596 2653 2924 2726 Porphyrius
2951 2655 3148 2711 divinis
3189 2660 3418 2714 oraculis
3459 2658 3623 2716 fuisse
3650 2677 3735 2716 re-

2161 2753 2438 2810 sponsum,
2469 2758 2575 2797 non
2617 2761 2714 2800 nos
2744 2747 2954 2816 purgari
2995 2747 3133 2802 luna:
3172 2749 3341 2805 teletis
3371 2759 3527 2816 atque
3555 2753 3686 2806 solis
3716 2768 3733 2806 :

2161 2840 2219 2883 ut
2248 2830 2372 2886 hinc
2409 2834 2782 2890 ostenderetur
2811 2837 3076 2892 nullorum
3105 2838 3324 2894 deorum
3355 2842 3526 2896 teletis
3556 2841 3736 2898 homi~

2162 2937 2283 2977 nem
2323 2938 2480 2994 posse
2519 2927 2749 2996 purgari.
2797 2927 2957 2998 Cujus
3002 2929 3144 2984 enim
3186 2931 3360 2986 teletae
3400 2941 3660 3002 purgant,
3687 2934 3736 2988 si

2162 3011 2302 3067 lunae
2331 3015 2565 3085 solisque
2595 3032 2701 3071 non
2731 3027 2976 3088 purgant,
3005 3034 3139 3088 quos
3169 3020 3306 3075 inter
3329 3023 3576 3078 caelestes
3601 3023 3738 3079 deos

2161 3104 2455 3173 praecipuos
2481 3105 2722 3161 habent?
2762 3108 2996 3178 Denique
3026 3110 3212 3164 eodem
3244 3111 3370 3165 dicit
3393 3113 3609 3169 oraculo
3635 3129 3738 3168 ει-

2162 3209 2443 3264 pressum,
2496 3198 2748 3266 principia
2797 3213 2954 3266 posse
2998 3215 3258 3268 purgare;
3309 3216 3377 3256 ne
3429 3201 3564 3258 forte
3609 3219 3734 3259 cum

2159 3286 2356 3340 dictum
2390 3297 2534 3342 esset
2574 3305 2678 3342 non
2709 3305 2931 3360 purgare
2969 3292 3159 3346 teletas
3186 3293 3315 3348 solis
3345 3303 3399 3348 et
3441 3295 3600 3361 lunas,
3629 3296 3736 3350 ali-

2161 3377 2311 3446 cujus
2335 3379 2556 3433 alterius
2582 3379 2666 3434 dei
2689 3380 2755 3434 de
2785 3381 2934 3436 turba
2955 3382 3133 3438 valere
3158 3385 3224 3438 ad
3252 3384 3576 3454 purgandum
3605 3385 3737 3440 tele-

2162 3477 2228 3522 tre
2256 3469 2619 3524 crederentur.
2648 3469 2776 3538 Quae
2804 3481 2980 3526 autem
3005 3472 3148 3528 dicat
3181 3489 3301 3529 esse
3328 3476 3584 3545 principia
3616 3484 3737 3530 tan-

2161 3575 2314 3629 quam
2344 3560 2664 3628 Platonicus,
2695 3562 2961 3618 novimus.
2993 3564 3128 3618 Dicit
3155 3567 3296 3620 enim
3329 3567 3492 3620 Deum
3519 3567 3733 3622 Patrem

2160 3661 2213 3706 et
2238 3653 2400 3706 Deum
2431 3653 2620 3708 Filium
2643 3695 2656 3720 ,
2688 3669 2844 3724 quem
2871 3671 3043 3725 graece
3071 3657 3301 3726 appellat
3329 3667 3606 3726 paternum
3646 3659 3735 3712 in-

2161 3744 2428 3799 tellectum
2449 3787 2463 3812 ,
2488 3746 2569 3800 vel
2600 3754 2872 3815 paternam
2902 3757 3135 3803 mentem
3163 3747 3238 3819 (a)
3272 3766 3284 3802 :
3313 3748 3380 3804 de
3404 3749 3604 3818 Spiritu
3633 3765 3735 3804 au-

2161 3841 2265 3887 tem
2293 3843 2474 3888 sancto
2494 3875 2510 3900 ,
2538 3843 2629 3889 aut
2664 3835 2798 3889 nihil
2821 3877 2834 3900 ,
2865 3844 2955 3890 aut
2990 3852 3096 3891 non
3131 3847 3313 3906 aperte
3341 3838 3538 3907 aliquid
3562 3839 3692 3893 dicit
3716 3857 3732 3894 :

2159 3926 2399 3994 quamvis
2427 3940 2581 3994 quem
2609 3925 2770 3980 alium
2799 3925 2941 3981 dicat
2979 3927 3168 3982 horum
3210 3927 3440 3982 medium
3463 3970 3477 3993 ,
3507 3943 3612 3983 non
3644 3931 3734 3984 in-

2161 4016 2361 4086 telligo.
2390 4016 2444 4071 Si
2472 4016 2612 4070 enim
2645 4017 2874 4083 tertiam,
2905 4019 3044 4073 sicut
3070 4019 3328 4086 Plotinus,
3355 4020 3440 4074 ubi
3465 4019 3532 4074 de
3559 4020 3738 4075 tribus

2161 4107 2536 4176 principalibus
2564 4107 2874 4164 substantiis
2903 4109 3133 4178 disputat
3167 4108 3446 4177 (Enneadis
3472 4111 3504 4165 5
3533 4111 3621 4165 lib.
3655 4111 3732 4181 I),

2159 4199 2348 4250 anima:
2379 4206 2617 4251 naturam
2647 4199 2807 4252 etiam
2837 4200 2935 4253 istc
2955 4199 3120 4253 vellet
3148 4182 3385 4267 intelligi,
3419 4216 3522 4254 non
3551 4201 3737 4271 utique

2158 4285 2361 4340 diceret
2388 4285 2575 4340 horum
2600 4288 2855 4354 medium,
2885 4288 2936 4342 id
2964 4298 3044 4343 est
3069 4288 3237 4344 Patris
3260 4298 3313 4343 ct
3333 4289 3451 4343 Filii
3475 4291 3734 4347 medium.

2160 4377 2436 4446 Postponit
2475 4379 2669 4448 quippe
2713 4379 2952 4434 Plotinus
2999 4381 3189 4434 anima:
3227 4390 3467 4434 naturam
3511 4391 3736 4451 paterno

2159 4470 2448 4524 intellectui
2496 4469 2680 4542 (Ibid.,
2712 4487 2827 4540 cap.
2857 4472 2888 4525 6
2910 4512 2925 4536 ,
2957 4481 3001 4524 et
3038 4472 3192 4540 alibi)
3223 4489 3236 4524 :
3270 4474 3368 4526 iste
3395 4481 3572 4527 autem
3613 4489 3736 4528 cum

2158 4559 2286 4614 dicit
2307 4560 2562 4627 medium,
2586 4576 2692 4614 non
2718 4561 3006 4630 postponit,
3036 4562 3129 4615 sed
3155 4562 3463 4631 interponit.
3488 4564 3553 4617 Et
3579 4565 3737 4618 nimi-

2157 4665 2274 4706 rum
2321 4651 2423 4706 hoc
2467 4653 2600 4727 dixit
2646 4662 2702 4707 ut
2741 4655 2938 4723 potuit,
2984 4655 3097 4708 sive
3141 4663 3198 4708 ut
3238 4657 3433 4723 voluit,
3463 4657 3604 4726 quod
3635 4672 3737 4712 nos

2157 4743 2410 4814 Spiritum
2438 4754 2678 4800 sanctum
2698 4785 2714 4812 ,
2747 4761 2844 4800 nec
2867 4746 3038 4801 Patris
3067 4755 3267 4801 tantum
3288 4789 3304 4815 ,
3337 4763 3437 4803 nec
3461 4748 3581 4803 Filii
3611 4758 3733 4804 tan-

2159 4845 2305 4901 tum,
2338 4836 2430 4891 sed
2474 4837 2747 4906 utriusque
2777 4837 3031 4906 Spiritum
3061 4837 3304 4893 dicimus.
3346 4839 3552 4894 Liberis
3586 4840 3732 4894 enim

2157 4926 2334 4980 verbis
2382 4926 2668 4996 loquuntur
2707 4927 3038 4997 phil050phi,
3069 4944 3167 4983 nec
3196 4929 3246 4983 in
3279 4930 3439 4984 rebus
3467 4928 3533 4984 ad
3572 4929 3734 4984 intel-

2159 5018 2425 5089 Iigendum
2439 5019 2763 5074 difﬁcillimis
2779 5019 3121 5076 offensionem
3141 5023 3502 5093 religiosarum
3517 5024 3727 5079 aurium

2157 5109 2554 5177 pertimescunt.
2597 5109 2760 5164 Nobis
2787 5120 2964 5165 autem
2995 5112 3060 5165 ad
3087 5122 3288 5167 certam
3317 5113 3552 5183 regulam
3583 5115 3729 5186 loqui

2156 5199 2238 5252 fas
2265 5210 2364 5265 est,
2399 5215 2464 5254 ne
2487 5199 2770 5255 verborum
2800 5203 3009 5257 licentia
3042 5205 3198 5258 etiam
3226 5205 3291 5260 de
3315 5207 3472 5262 rebus
3501 5223 3621 5278 qua:
3649 5209 3734 5265 his

2155 5289 2550 5358 signiﬁcantur,
2580 5291 2792 5360 impiam
2819 5292 2997 5362 gignat
3023 5295 3346 5364 opinionem.

2154 5402 2380 5457 CAPUT
2423 5403 2608 5457 XXIV.
2637 5431 2710 5444 ---
2742 5404 2818 5458 De
2859 5421 2961 5460 uno
3007 5423 3216 5478 veroque
3256 5409 3545 5481 principio,
3592 5412 3734 5478 quod

2296 5491 2459 5545 solum
2481 5494 2495 5524 ¹
2522 5503 2755 5547 naturam
2776 5495 3045 5549 humanam
3071 5508 3253 5569 purgat
3279 5509 3328 5553 et
3359 5511 3584 5555 renovat.

2222 5604 2329 5660 Nos
2359 5606 2535 5676 itaque
2565 5607 2634 5661 ita
2666 5623 2774 5662 non
2813 5608 3040 5665 dicimus
3068 5609 3172 5667 duo
3199 5613 3281 5669 vel
3317 5613 3414 5669 tria
3443 5613 3731 5685 principia,

2216 5738 2231 5800 ε
2268 5735 2402 5800 editi,
2425 5735 2592 5800 solam.
2617 5738 2786 5800 verius
2805 5744 2930 5800 atss.,
2954 5737 3121 5790 solum.

2215 5797 2286 5858 (a)
2310 5800 2440 5846 conf.
2460 5799 2600 5859 infra,
2617 5811 2721 5861 cup.
2745 5799 2822 5848 28.
