4064 6486
272 424 367 486 301
1646 410 1849 476 [Μιεῆ
1888 417 2180 478 DECIMUS

276 555 388 598 cum
413 538 483 595 de
515 539 627 594 Deo
653 538 939 609 loquimur,
973 535 1108 592 sieut
1151 549 1250 590 nec
1291 533 1425 589 duos
1460 532 1590 588 deos
1616 531 1701 586 vel
1743 544 1850 586 tres

275 630 424 687 nobis
452 629 661 685 licitum
689 638 772 684 est
811 628 990 682 dicere
1020 643 1034 680 ε
1066 625 1305 696 quamvis
1335 623 1400 678 de
1425 637 1740 692 unoquoque
1767 623 1850 675 lo-

271 730 518 793 quentes,
567 721 657 777 vel
696 720 765 776 de
793 719 969 786 Patre,
1001 719 1083 773 vel
1118 717 1186 771 de
1228 715 1387 781 Filio,
1433 715 1513 770 vel
1543 714 1611 768 de
1649 713 1849 782 Spiritu

271 821 476 879 sancto,
507 811 674 866 etiam
715 810 979 879 singulum
1019 821 1284 878 quemque
1330 806 1493 860 Deum
1522 818 1641 859 esse
1683 805 1848 857 latea-

270 916 420 969 mur;
446 918 549 959 nec
568 903 807 958 dicamus
829 905 1008 955 tamen
1028 900 1167 970 quod
1189 897 1427 952 haeretici
1442 897 1728 953 Sabelliaui
1750 896 1846 965 (α),

271 993 520 1048 eumdem
549 1007 672 1049 esse
701 994 910 1047 Patrem
931 1032 946 1057 ,
976 991 1064 1060 qui
1091 998 1175 1044 est
1199 995 1254 1044 et
1282 987 1444 1042 Filius
1464 1029 1478 1052 ,
1509 994 1564 1041 et
1602 986 1848 1041 eumdem

273 1084 534 1155 Spiritum
562 1091 842 1148 sanctum,
887 1081 975 1149 qui
1015 1089 1099 1135 est
1136 1088 1191 1135 et
1233 1079 1390 1133 Pater
1416 1087 1470 1134 et
1511 1078 1706 1142 Filius;
1751 1076 1847 1133 sed

273 1173 483 1229 Patrem
516 1187 640 1229 esse
681 1171 798 1226 Filii
829 1171 1064 1237 Patrem,
1109 1179 1163 1225 et
1198 1169 1391 1224 Filium
1433 1169 1603 1223 Patris
1631 1168 1844 1234 Filium,

271 1273 323 1320 et
347 1264 526 1320 Patris
561 1272 619 1319 et
662 1263 781 1317 Filii
810 1262 1064 1332 Spiritum
1091 1269 1331 1316 sanctum
1361 1274 1460 1315 nec
1487 1260 1699 1315 Patrem
1729 1272 1849 1313 esse

269 1366 368 1411 nec
393 1354 610 1409 Filium.
643 1353 841 1408 Verum
887 1355 1064 1423 itaque
1106 1352 1304 1406 dictum
1345 1361 1460 1416 est,
1493 1366 1598 1404 non
1638 1351 1847 1420 purgari

271 1444 544 1500 hominem
570 1444 674 1500 nisi
706 1443 985 1512 principio,
1012 1443 1252 1512 quamvis
1280 1441 1550 1510 pluraliter
1577 1441 1683 1495 sint
1707 1439 1847 1508 apud

269 1548 359 1593 eos
385 1536 531 1591 dicta
563 1535 842 1606 principia.
868 1522 1104 1605 [XXIV]
1127 1533 1230 1588 Sed
1261 1531 1500 1586 subditus
1524 1530 1846 1602 Porphyrius

270 1624 460 1680 invidis
484 1624 864 1694 potestatibus,
887 1621 954 1677 de
978 1622 1168 1691 quibus
1198 1629 1250 1676 et
1277 1621 1645 1685 erubescebat,
1674 1629 1727 1674 et
1753 1633 1846 1674 eas

271 1713 432 1770 libere
463 1713 789 1783 redarguere
833 1711 1170 1774 formidabat,
1204 1711 1375 1766 noluit
1421 1710 1716 1779 intelligere
1745 1710 1847 1764 Do-

271 1806 467 1860 minum
489 1803 766 1858 Christum
791 1813 912 1858 esse
939 1801 1276 1872 principium,
1305 1801 1457 1870 cujus
1481 1801 1846 1856 incarnatione

270 1909 579 1966 purgamur.
614 1895 751 1949 Eum
793 1896 988 1964 quippe
1039 1894 1092 1948 in
1141 1894 1254 1963 ipsa
1301 1908 1460 1948 carne
1501 1892 1842 1962 contempsit,

271 2001 423 2055 quam
460 1993 685 2055 propter
713 1985 1032 2040 sacriﬁcium
1063 1993 1258 2038 nostra:
1288 1983 1614 2053 purgationis
1641 1998 1848 2037 assum-

269 2077 406 2147 psit;
438 2091 695 2146 magnum
726 2076 929 2130 scilicet
957 2088 1348 2132 sacramentum
1375 2090 1437 2131 ea
1463 2075 1710 2144 superbia
1737 2089 1845 2130 non

271 2169 595 2239 intelligens,
647 2179 806 2239 quam
852 2183 946 2222 sua
991 2169 1080 2224 ille
1122 2168 1434 2224 humilitate
1465 2168 1658 2239 dejecit
1686 2175 1846 2224 verus

269 2259 639 2330 benignusque
663 2259 940 2324 Mediator,
969 2259 1019 2314 in
1047 2274 1108 2313 ea
1131 2274 1190 2314 se
1215 2259 1504 2315 ostendens
1523 2260 1844 2316 mortalitate

269 2350 603 2416 mortalibus,
629 2366 788 2421 quam
815 2351 1028 2421 maligni
1052 2350 1370 2420 fallacesque
1391 2350 1715 2407 mediatores
1736 2365 1846 2406 non

270 2445 519 2501 habendo
555 2460 615 2500 se
648 2445 930 2515 superbius
959 2444 1280 2510 extulerunt,
1326 2443 1640 2513 miserisque
1669 2442 1844 2498 homi-

269 2538 422 2592 nibus
446 2535 776 2606 adjutorium
800 2535 1160 2604 deceptorium
1184 2535 1326 2591 velut
1350 2532 1677 2591 immortales
1701 2547 1848 2590 mor-

271 2627 460 2682 talibus
485 2625 869 2696 promiserunt.
900 2625 1078 2680 Bonus
1104 2627 1282 2695 itaque
1306 2641 1565 2695 verusque
1586 2625 1846 2681 Mediator

268 2719 498 2773 ostendit
538 2727 812 2787 peccatum
841 2717 1183 2778 essemalum
1204 2758 1220 2784 ,
1253 2733 1356 2772 non
1386 2717 1564 2773 carnis
1591 2717 1842 2771 substan-

267 2810 388 2865 tiam
412 2809 496 2865 vel
525 2818 767 2864 naturam
791 2824 806 2872 ;
834 2825 951 2879 qua:
973 2824 1091 2862 cum
1114 2809 1288 2863 anima
1309 2808 1540 2863 hominis
1567 2817 1622 2863 et
1645 2807 1844 2878 suscipi

265 2903 378 2958 sine
404 2912 624 2973 peccato
653 2904 846 2973 potuit,
876 2912 928 2958 et
958 2902 1160 2968 haberi,
1189 2913 1243 2958 et
1268 2913 1439 2957 morte
1464 2902 1680 2972 deponi,
1711 2901 1844 2957 etin

269 2995 454 3050 melius
500 2995 898 3050 resurrectione
946 2995 1141 3048 mutari
1181 3011 1195 3048 :
1235 3002 1336 3049 nec
1377 2993 1547 3063 ipsam
1592 3000 1840 3059 mortem,

269 3086 507 3155 quamvis
533 3094 678 3141 esset
709 3096 863 3154 pinna
901 3086 1136 3155 peccati,
1167 3099 1324 3155 quam
1351 3093 1525 3138 tamen
1567 3098 1662 3152 pro
1692 3083 1843 3139 nobis

268 3176 378 3230 sine
407 3185 628 3246 peccato
659 3175 774 3245 ipse
803 3173 1371 3251 persolvit,_peceaudo
1401 3188 1519 3228 esse
1540 3173 1840 3238 vitandam;

270 3267 355 3322 sed
386 3267 565 3337 potius
585 3307 601 3332 ,
642 3267 688 3321 si
729 3266 949 3321 facultas
975 3265 1166 3332 datur,
1194 3279 1295 3336 pro
1332 3264 1536 3334 justitia
1568 3264 1840 3334 perferen-

269 3357 404 3412 dam.
452 3357 580 3414 ideo
623 3357 765 3414 enim
812 3358 1021 3413 solvere
1065 3358 1236 3427 potuit
1281 3357 1560 3413 moriendo
1605 3366 1839 3427 peccata,

269 3450 382 3518 quia
413 3459 468 3504 et
497 3458 744 3505 mortuus
769 3459 884 3516 est,
911 3459 961 3504 et
989 3464 1095 3504 non
1127 3463 1223 3519 pro
1252 3463 1349 3504 suo
1379 3457 1594 3518 peccato
1621 3450 1658 3502 ‘.
1691 3449 1844 3504 Hunc

269 3541 351 3596 ille
392 3542 700 3598 Platonicus
728 3558 835 3597 non
873 3542 1123 3613 cognovit
1159 3555 1280 3597 esse
1320 3542 1671 3612 principium;
1719 3552 1842 3595 nam

268 3640 612 3702 cognosceret
654 3633 1036 3702 purgatorium.
1080 3631 1262 3700 Neque
1304 3631 1448 3686 enim
1485 3641 1610 3685 caro
1641 3629 1840 3700 princi-

269 3723 405 3790 pium
431 3730 546 3789 est,
573 3723 668 3776 aut.
691 3723 866 3776 anima
895 3721 1163 3789 humana;
1202 3720 1294 3776 sed
1324 3720 1555 3776 Verbum
1583 3735 1676 3790 per
1701 3721 1843 3790 quod

268 3809 398 3868 facta
426 3821 556 3867 sunt
593 3813 792 3867 omnia.
821 3811 935 3866 Non
964 3827 1092 3882 ergo
1119 3827 1245 3868 caro
1275 3827 1373 3883 per
1397 3826 1456 3866 se
1483 3811 1651 3880 ipsum
1682 3826 1840 3865 muné

267 3902 384 3968 dat,
431 3902 531 3958 sed
574 3918 672 3972 per
701 3902 932 3958 Verbum
961 3918 990 3956 a
1021 3918 1125 3973 quo
1154 3910 1398 3971 suscepta
1428 3909 1528 3966 est,
1558 3915 1678 3955 eum
1711 3899 1841 3955 Ver-

268 3988 375 4047 bum
395 4011 518 4049 caro
545 3996 734 4064 factum
758 4003 852 4059 est,
881 4001 928 4047 et
957 3993 1196 4047 habitauit
1219 3995 1273 4046 in
1299 3991 1441 4047 nobis
1465 3989 1641 4062 (Joan.
1666 4007 1704 4055 ι,
1730 3992 1838 4060 i4).

269 4083 391 4139 Nam
420 4085 488 4140 de
513 4098 678 4138 carne
699 4098 793 4138 sua
815 4083 1177 4138 manducauda
1200 4083 1424 4156 mystice
1449 4085 1693 4153 loquens,
1721 4097 1841 4137 cum

270 4173 318 4228 hi
341 4175 432 4244 qui
460 4189 569 4228 non
600 4173 982 4228 intellexerunt
1009 4171 1195 4227 oil‘ensi
1221 4171 1552 4235 recederent,
1581 4171 1838 4238 dicentes,

268 4262 435 4319 Durus
459 4272 535 4319 est
564 4264 648 4317 hic
683 4280 867 4331 sermo,
895 4265 1004 4334 quis
1033 4278 1144 4317 eum
1171 4271 1332 4332 potest
1359 4261 1581 4315 audire?
1618 4274 1842 4331 respon-

269 4357 336 4412 dit
362 4356 708 4412 manentibus
736 4355 965 4422 castoris,
998 4355 1220 4424 Spiritus
1249 4363 1320 4408 est
1346 4355 1431 4424 qui
1459 4353 1694 4420 vivi/ient,
1724 4366 1842 4406 caro

269 4458 426 4501 autem
455 4463 560 4501 non
590 4446 793 4518 prodest
818 4446 1090 4518 quidquam
1119 4443 1228 4516 (Id.
1259 4459 1334 4511 Vt,
1361 4443 1450 4507 6i,
1479 4441 1590 4512 64).
1635 4441 1841 4496 Princi-

269 4539 403 4606 pium
432 4552 572 4608 ergo
612 4545 860 4606 suscepta
902 4536 1077 4590 anima
1103 4544 1156 4590 et
1182 4549 1342 4590 carne
1383 4543 1437 4588 et
1465 4535 1693 4586 animam
1721 4548 1842 4587 cre-

268 4629 499 4685 dentium
540 4627 766 4684 mundat
806 4636 861 4683 et
902 4641 1139 4682 carnem.
1190 4625 1313 4681 Ideo
1354 4625 1715 4695 qumrentilius
1743 4623 1841 4677 Ju-

268 4721 390 4776 dzeis
409 4721 533 4790 quis
554 4728 718 4784 esset,
740 4718 1016 4788 respondit
1036 4732 1094 4772 se
1113 4731 1232 4772 esse
1252 4715 1566 4789 principium
1594 4713 1700 4785 (Id.
1725 4729 1840 4778 vui,

268 4811 374 4883 25).
412 4811 567 4881 Quod
594 4811 775 4882 utique
801 4810 1061 4875 carnales,
1094 4808 1310 4872 infirmi.
1344 4807 1576 4877 peccatis
1602 4805 1839 4873 obnoxii,

269 4912 317 4958 ct
341 4903 656 4974 ignorantia:
683 4900 917 4957 tenebris
941 4899 1178 4956 obvoluti
1211 4913 1539 4969 nequaquam
1569 4898 1842 4967 percipere

269 5009 566 5065 possemus,
593 4992 699 5049 nisi
727 4993 796 5049 ab
820 5007 886 5048 eo
916 4992 1296 5047 mundaremur
1324 4999 1480 5060 atque
1508 5003 1840 5053 sanarentur,

268 5101 358 5156 per
401 5087 508 5142 huc
552 5085 694 5156 quod
723 5097 938 5140 eramus
966 5093 1020 5140 et
1048 5098 1154 5140 non
1184 5098 1416 5138 eramus.
1448 5066 1672 5137 Eramus
1700 5083 1841 5136 enim

266 5176 508 5232 homines
528 5217 545 5243 ,
587 5176 685 5232 sed
710 5175 837 5246 justi
866 5189 972 5230 non
1018 5189 1232 5230 eramus
1268 5170 1340 5246 (b)
1375 5191 1388 5228 :
1419 5173 1470 5228 in
1497 5173 1637 5228 illius
1665 5180 1842 5226 autem

268 5267 636 5323 incarnatione
661 5276 848 5320 natura
874 5267 1104 5320 humana
1129 5272 1263 5330 erat,
1287 5264 1377 5318 sed
1400 5262 1562 5334 justa,
1587 5277 1692 5316 non
1719 5276 1844 5330 ρεαδ

263 5400 346 5508 ι)ιῖ
378 5404 431 5448 ιιι
444 5405 593 5508 ἔξω
616 5402 662 5449 et
677 5408 769 5447 non
791 5408 881 5460 pro
900 5399 1126 5460 peccato;
1146 5394 1232 5444 ubi
1253 5391 1574 5456 supplendum
1596 5389 1845 5453 relinque-

345 5473 423 5508 lll'.
533 5494 548 5508 .

345 5473 423 5509 lll'.
444 5472 548 5509 suo.

328 5494 675 5583 έῶῖιίειιδ,
694 5519 758 5583 de
773 5519 865 5583 hac
879 5517 1059 5567 haeresi
1080 5517 1346 5583 disserens,
1364 5514 1471 5565 haec
1487 5516 1614 5583 inter
1629 5511 1719 5563 alia
1736 5511 1844 5583 plu-

263 5576 395 5630 rima
409 5576 557 5632 habet
579 5596 594 5631 :
629 5576 954 5630 (Existimant
986 5591 1156 5628 omnes
1172 5576 1428 5626 sabellium
1451 5578 1654 5638 primum
1676 5581 1843 5638 aucto:

271 5659 295 5688 ι
318 5657 428 5692 rem
466 5642 616 5692 fuisse
641 5642 786 5703 hujus
805 5640 1028 5703 haeresis.
1066 5640 1353 5701 Epiphanius
1388 5635 1552 5688 tanien
1581 5637 1758 5703 haeresi
1781 5635 1842 5703 57

271 5719 294 5748 ι
316 5705 490 5762 refert,
511 5697 749 5760 Noctium,
769 5700 962 5751 sabellii
986 5697 1354 5763 praceptorem,
1373 5707 1486 5749 aute
1505 5711 1617 5746 eum
1634 5697 1772 5757 hanc,
1791 5702 1846 5746 ut

272 5781 296 5810 ι
317 5764 442 5836 alias
462 5765 722 5836 plerasque
745 5763 1327 5836 hyeseskexoogitasse.
1353 5776 1376 5806 ι
1480 5767 1537 5807 Μ.

329 5824 402 5889 (b)
423 5821 552 5876 coni.
575 5821 722 5888 epist.
742 5823 848 5884 “0,
874 5837 926 5874 n.
949 5821 1022 5874 i0.

3428 447 3534 507 5M

1961 533 2312 629 cauis-erat.
2363 537 2488 595 Kree
2531 550 2616 597 est
2658 544 2942 614 mediatio,
2985 561 3088 620 qua
3131 567 3319 611 manus
3368 559 3530 629 lapsis

1954 622 2360 697 jacentibusque
2401 641 2641 698 porrecta
2671 645 2794 690 est:
2826 637 2926 693 hoc
2953 651 3034 695 est
3077 657 3262 699 semen
3299 622 3532 717 disposi-

1958 722 2068 768 tum
2095 730 2192 786 per
2215 717 2469 788 Angelos,
2512 722 2564 776 in
2594 733 2815 794 quurum
2851 728 3039 787 edictis
3082 743 3136 788 et
3181 737 3264 792 lex
3307 739 3534 796 dabatur

1959 805 2154 902 (Quiut.
2186 823 2262 875 ιιι,
2293 811 2553 882 19),ο‹ιιιθ
2583 825 2637 870 et
2667 832 2800 873 unus
2830 821 2966 876 Deus
2992 825 3094 880 coli
3128 827 3446 902 jubebatur,
3478 845 3534 890 et

1959 898 2043 953 hic
2073 901 2331 958 Mediator
2360 915 2614 963 venturus
2645 913 3064 981 promittebatur.
3190 919 3195 924 ’

1954 1008 2187 1110 CAPU'P
2211 1011 2375 1071 XXV.
2398 1048 2470 1059 —-
2494 1019 2678 1077 Omnes
2701 1036 2897 1083 sanctos
2924 1039 2971 1083 et
2995 1032 3085 1085 sub
3111 1033 3257 1105 Legis
3278 1045 3518 1110 tempore,

2028 1115 2087 1198 et
2110 1108 2198 1159 sub
2226 1109 2476 1178 prioribus
2502 1116 2727 1181 sa'culis,
2758 1119 2810 1172 in
2839 1128 3148 1179 sacramento
3175 1131 3224 1182 et
3247 1125 3349 1198 ﬁde
3375 1108 3526 1187 Citri-

2024 1195 2088 1250 sli
2103 1197 2412 1268 jttsti/icatos
2444 1202 2619 1271 fuisse.

2024 1305 2188 1375 Hujus
2217 1314 2531 1368 sacramenti
2572 1315 2675 1370 fide
2703 1318 2860 1374 etiam
2894 1321 3020 1391 justi
3048 1327 3249 1398 antiqui
3280 1333 3524 1390 mundari

1955 1395 2039 1466 pie
2072 1400 2296 1455 vivendo
2323 1415 2630 1474 potuerunt,
2665 1425 2768 1464 non
2795 1413 2967 1468 solum
2992 1395 3272 1488 antequam
3306 1424 3390 1478 lex
3423 1442 3524 1494 po-

1953 1490 2076 1578 pulo
2126 1491 2351 1546 liehrzeo
2389 1496 2607 1571 daretur
2654 1499 2862 1570 (neque
2905 1507 3045 1560 enim
3086 1510 3166 1564 eis
3208 1490 3527 1579 pra'diea-tor

1953 1579 2091 1635 Deus
2119 1583 2199 1679 vel
2227 1579 2414 1658 Augeli
2443 1582 2725 1647 defuerunt
2745 1593 2794 1661 ),
2826 1587 2919 1651 sed
2963 1597 3128 1668 ipsius
3151 1612 3361 1674 quoque
3385 1604 3522 1679 legis

1951 1674 2297 1762 temporibus,
2342 1681 2579 1746 quamvis
2623 1682 2674 1736 in
2717 1683 2897 1754 ﬁguris
2944 1704 3122 1744 rerum
3167 1674 3521 1762 spiritualium

1952 1760 2444 1858 habere-videretur
2471 1770 2487 1801 ί
2517 1773 2770 1839 promissa
2816 1779 3047 1834 carnalia
3068 1823 3083 1849 ,
3126 1760 3343 1853 propter
3381 1785 3525 1858 quod

1949 1863 2102 1906 vetus
2140 1853 2333 1910 dicitur
2361 1855 2782 1918 Testamentum.
2815 1865 2944 1920 Nam
2992 1877 3045 1922 et
3087 1869 3366 1942 Prophetas
3398 1853 3525 1934 iunc

1949 1951 2117 2006 erant,
2149 1957 2249 2014 per
2273 1962 2426 2016 quos,
2457 1947 2594 2004 sicut
2623 1967 2717 2021 per
2744 1956 2991 2025 Angelos,
3023 1960 3208 2016 eadem
3242 1967 3524 2032 promissio

1949 2036 2230 2104 praedicata
2259 2049 2339 2093 cst
2370 2059 2382 2094 ε
2411 2052 2463 2095 et
2489 2059 2551 2097 ex
2584 2044 2792 2102 illorum
2823 2064 3044 2106 numero
3073 2064 3208 2121 erat,
3238 2057 3389 2128 cujus
3414 2067 3520 2117 tam

1947 2142 2190 2198 magnam
2247 2130 2584 2204 divinumque
2645 2142 2960 2195 sententiam
3009 2143 3076 2198 de
3127 2144 3255 2202 boui
3304 2148 3522 2206 immani

1950 2217 2052 2272 ﬁne
2081 2221 2237 2289 paulo
2263 2231 2390 2279 ante
2426 2229 2837 2283 commemoravi
2858 2271 2872 2294 ,
2903 2231 3035 2286 Mihi
3063 2245 3227 2289 autem
3261 2239 3521 2297 adhaerere

1949 2305 2077 2372 Deo,
2111 2309 2293 2365 bonum
2322 2321 2414 2366 est.
2447 2312 2500 2368 in
2529 2330 2633 2384 quo
2665 2317 2818 2385 plane
2849 2321 3053 2388 psalmo
3078 2323 3301 2381 duorum
3331 2328 3522 2385 Testa-

1949 2406 2272 2464 mentorum,
2315 2417 2434 2471 quae
2475 2402 2725 2459 dicuntur
2761 2416 2912 2462 vetus
2941 2420 2994 2464 et
3020 2427 3244 2480 novum,
3275 2418 3404 2472 satis
3439 2429 3525 2474 est

1948 2485 2216 2542 declarata
2241 2489 2527 2546 distinctio.
2559 2486 2788 2564 Propter
2812 2501 3056 2555 carnales
3078 2497 3220 2557 enim
3251 2514 3524 2563 terrenas-

1947 2591 2053 2646 que
2079 2579 2490 2648 promissiones,
2522 2599 2640 2638 cum
2669 2601 2759 2640 eas
2800 2587 2975 2658 impiis
3015 2588 3284 2649 abundare
3312 2600 3519 2668 perspi-

1948 2675 2126 2734 ceret,
2158 2669 2285 2724 dicit
2332 2671 2491 2742 pedes
2538 2689 2661 2728 suos
2711 2692 2845 2746 pene
2893 2679 3057 2735 fuisse
3103 2694 3436 2752 commOtos,
3468 2694 3525 2742 et

1952 2757 2150 2813 effusos
2197 2760 2250 2814 in
2297 2762 2500 2829 lapsqu
2534 2767 2915 2834 propemodum
2961 2784 3176 2839 gressus
3205 2789 3364 2840 suos,
3407 2785 3526 2833 tan~

1947 2865 2104 2919 quam
2146 2849 2333 2905 frustra
2367 2853 2476 2908 Deo
2522 2856 2633 2924 ipse
2676 2859 2956 2926 servisset,
2998 2877 3122 2916 cum
3150 2879 3209 2919 ea
3250 2865 3522 2937 felicitate,

1947 2955 2105 3009 quam
2133 2942 2201 2997 de
2243 2942 2335 2997 illo
2361 2948 2731 3016 exspectabat.
2764 2959 3160 3020 contemptores
3185 2959 3298 3024 eius
3331 2957 3524 3017 ﬂorere

1949 3035 2310 3102 perspiceret;
2359 3053 2521 3108 seque
2567 3041 2615 3092 in
2665 3041 2740 3095 rei
2793 3040 2948 3110 hujus
2987 3044 3327 3114 inquisitione
3371 3045 3530 3108 labe?

1946 3139 2115 3190 rasse,
2145 3127 2409 3182 volentem
2456 3145 2552 3183 cur
2581 3131 2649 3185 ita
2699 3144 2841 3187 esset
2882 3135 3304 3204 apprehendere,
3353 3141 3525 3199 donec

1946 3219 2169 3274 intraret
2212 3221 2262 3274 in
2294 3224 2652 3277 sanctuariqu
2687 3225 2800 3290 Dei,
2833 3235 2885 3278 et
2913 3227 3229 3298 intelligeret
3261 3231 3310 3284 in
3340 3233 3525 3288 novis-

1945 3311 2078 3366 sima
2121 3321 2326 3378 eorum,
2373 3315 2461 3384 qui
2513 3315 2693 3370 felices
2741 3309 3055 3372 videbantur
3105 3321 3325 3374 erranti.
3371 3319 3524 3379 Tunc

1950 3417 2044 3458 eos
2070 3405 2326 3460 intellexit
2355 3405 2407 3460 in
2453 3421 2516 3462 eo
2545 3407 2684 3476 quod
2713 3420 2771 3462 se
2817 3409 3142 3475 extulerunt,
3192 3411 3329 3466 sicut
3371 3411 3520 3481 dicit,

1945 3496 2108 3552 fuisse
2150 3496 2405 3567 dejectos,
2451 3508 2503 3553 et
2530 3497 2790 3555 deiecisse
2816 3511 2879 3554 ac
2907 3501 3107 3570 perisse
3155 3512 3372 3572 propter
3415 3504 3524 3559 ini-

1945 3590 2175 3659 quitales
2225 3605 2387 3655 suas;
2444 3598 2719 3661 tutumque
2774 3589 2903 3646 illud
2953 3593 3166 3648 culmen
3219 3595 3524 3663 temporalis

1947 3679 2212 3734 felicitatis
2238 3680 2307 3734 ita
2325 3681 2402 3734 eis
2427 3680 2621 3736 factum
2644 3692 2890 3752 tanquam
2918 3684 3182 3737 somnium
3203 3681 3528 3754 evigilantis,’

1945 3775 2035 3841 qui
2061 3787 2119 3826 se
2145 3779 2366 3840 repente
2393 3772 2598 3826 invenit
2627 3773 2739 3826 suis
2766 3788 2883 3841 quae
2912 3774 3207 3828 somniabat
3250 3773 3523 3832 fallacibus

1944 3864 2149 3934 gaudiis
2195 3862 2526 3920 destitutum.
2584 3865 2648 3920 Et
2692 3865 2942 3935 quOniam
2992 3867 3044 3920 iu
3097 3865 3195 3921 hac
3245 3875 3385 3944 terra
3437 3869 3523 3925 vel

1945 3954 2159 4010 civitate
2200 3965 2410 4010 terrena
2441 3955 2616 4025 magni
2648 3955 2747 4010 sibi
2778 3956 3090 4010 videbantur
3110 3998 3124 4022 ,
3161 3955 3411 4027 Domine,
3441 3959 3522 4013 in-

1944 4047 2078 4116 quit,
2109 4046 2162 4099 in
2191 4047 2390 4100 civitate
2416 4056 2502 4099 tua
2537 4047 2806 4116 imaginem
2833 4059 3006 4100 eorum
3044 4046 3112 4099 ad
3155 4047 3367 4101 nihilum
3403 4049 3524 4103 red-

1945 4138 2071 4207 iges.
2090 4136 2242 4204 Quod
2273 4135 2396 4191 huic
2425 4145 2600 4190 tamen
2632 4137 2758 4191 utile
2789 4135 2964 4202 fuerit,
2989 4137 3149 4190 etiam
3179 4136 3289 4205 ipsa
3314 4145 3524 4192 terrena

1945 4229 2159 4284 nonnisi
2188 4229 2255 4282 ab
2283 4244 2388 4284 uno
2415 4241 2544 4284 vero
2573 4229 2683 4284 Deo
2707 4243 2966 4299 quaerere,
2996 4228 3046 4282 in
3077 4228 3230 4298 cujus
3260 4239 3524 4299 potestate

1945 4331 2068 4378 sunt
2093 4321 2291 4385 omnia,
2321 4321 2454 4376 satis
2479 4322 2729 4387 ostendit,
2758 4321 2844 4375 ubi
2876 4321 2969 4385 ait,
3001 4309 3155 4374 Velut
3183 4336 3331 4392 pecus
3358 4324 3522 4390 factus

1946 4429 2060 4467 sum
2085 4411 2224 4482 apud
2253 4421 2330 4476 te,
2357 4421 2404 4464 et
2434 4427 2523 4480 ego
2562 4421 2755 4481 sernper
2780 4419 2959 4464 tecum.
2997 4407 3145 4464 Velut
3187 4426 3336 4479 pecus
3365 4409 3518 4475 dixit,

1946 4504 2128 4573 utique
2173 4518 2279 4558 non
2325 4501 2645 4571 intelligens.
2698 4500 2770 4554 Ea
2819 4502 3015 4570 quippe
3053 4517 3082 4554 a
3123 4510 3172 4555 te
3215 4500 3521 4554 desiderare

1946 4595 2126 4662 debui,
2159 4609 2278 4664 qua:
2305 4593 2437 4647 mihi
2465 4607 2586 4645 cum
2622 4591 2797 4659 impiis
2830 4607 2933 4645 nou
2978 4600 3199 4660 possunt
3229 4607 3348 4647 esse
3375 4607 3522 4645 com-

1947 4686 2158 4751 munia;
2205 4699 2310 4738 non
2336 4699 2396 4738 ea
2425 4683 2615 4752 quibus
2641 4695 2734 4736 eos
2765 4696 2884 4736 eum
2924 4681 3194 4737 abundare
3220 4697 3519 4749 cernerem,

1944 4776 2122 4847 putavi
2165 4789 2250 4829 me
2277 4774 2542 4828 incassum
2572 4771 2665 4826 tibi
2695 4771 2946 4836 servisse,
2979 4771 3188 4841 quando
3220 4781 3274 4827 et
3304 4772 3374 4825 illi
3404 4771 3520 4824 lucc

1947 4866 2230 4930 haberent,
2251 4863 2340 4934 qui
2370 4863 2459 4918 tibi
2488 4862 2693 4918 servire
2713 4859 3026 4916 noluissent.
3056 4862 3252 4915 Tamen
3277 4877 3366 4930 ego
3391 4876 3524 4913 sem.

1946 4976 2035 5030 per
2059 4967 2250 5021 tecum,
2278 4956 2365 5026 qui
2391 4954 2550 5010 etiam
2598 4954 2649 5008 in
2680 4954 2866 5008 talium
2899 4968 3072 5007 rerum
3100 4951 3366 5006 desiderio
3390 4949 3523 5005 deos

1948 5050 2080 5104 alios
2129 5063 2235 5102 non
2274 5047 2512 5117 quaesivi.
2557 5048 2632 5100 Ac
2673 5061 2768 5114 per
2813 5045 2913 5097 hoc
2961 5035 3197 5111 sequitur
3239 5059 3253 5095 :
3297 5039 3524 5095 Tenuisti

1949 5156 2153 5194 manum
2181 5139 2400 5194 dextera:
2428 5139 2620 5201 meat”,
2653 5142 2700 5190 et
2739 5135 2790 5188 in
2837 5133 3093 5188 voluntate
3135 5140 3220 5183 tua
3268 5130 3523 5186 deduxisti

1949 5247 2027 5285 me
2046 5272 2059 5295 ,
2088 5241 2133 5286 et
2172 5246 2285 5284 cum
2314 5229 2477 5299 gloria
2506 5226 2823 5295 assumpsiin
2853 5241 2931 5278 me
2955 5235 2974 5278 :
3001 5231 3248 5292 tanquam
3287 5223 3354 5278 ad
3393 5225 3524 5280 siui-

1949 5332 2113 5378 stram
2139 5331 2328 5376 cuncta
2359 5320 2445 5375 illa
2471 5319 2788 5388 pertineant,
2820 5329 2935 5383 quae
2960 5312 3230 5370 abundare
3257 5315 3395 5384 apud
3423 5316 3524 5370 im-

1949 5415 2064 5484 pios
2093 5427 2211 5467 cum
2233 5411 2471 5473 vidisset,
2501 5421 2633 5477 pene
2658 5406 2921 5474 collapsus
2948 5412 3047 5458 est.
3076 5404 3212 5469 Quid
3236 5407 3370 5459 enim
3397 5406 3523 5459 mihi

1951 5514 2052 5571 est,
2081 5504 2282 5572 inquit,
2311 5501 2362 5552 in
2389 5499 2554 5553 caelo?
2596 5507 2638 5550 et
2668 5513 2698 5549 α
2725 5507 2771 5550 te
2798 5495 2918 5565 quid
2949 5497 3082 5548 volui
3110 5514 3260 5561 super
3291 5497 3522 5550 terram?

2013 5691 2028 5723 ¹
2065 5696 2140 5738 Er.
2167 5694 2219 5737 et
2257 5692 2388 5741 Lov.,
2420 5678 2712 5730 viderentur.
2759 5675 2842 5724 Alii
2868 5673 2997 5734 libri,
3041 5674 3300 5735 rideretur,
3337 5673 3522 5722 scilicet

1950 5755 2059 5843 10ξῖ
2070 5819 2197 5870 t.ov.,
2225 5806 2475 5856 dexteram
2498 5811 2684 5860 meum;
2703 5799 3101 5849 dissentientibus
3124 5797 3316 5846 caeteris
3337 5793 3490 5843 libris.
