4064 6476
472 407 578 462 505

474 516 833 588 Reprehendit
857 531 915 570 se
945 514 1146 584 ipsum,
1173 510 1419 579 justeque
1449 508 1550 562 sibi
1576 507 1843 576 displicuit
1873 525 1887 560 :
1919 506 2042 576 quia

475 627 595 665 cum
625 621 727 663 tam
754 623 998 677 magnum
1026 605 1223 658 bonum
1245 600 1466 656 haberet
1496 600 1547 653 in
1573 599 1711 654 cmlo
1737 597 1899 667 (quod
1927 602 2045 666 post

477 696 781 770 intellexit),
817 713 924 752 rem
959 694 1313 749 transitoriam
1336 732 1349 756 ,
1393 691 1666 760 fragilem,
1695 698 1749 743 et
1786 688 2043 758 quodam-

476 790 632 844 modo
661 791 852 842 luteam
884 785 1188 840 felicitatem
1211 797 1240 836 a
1268 795 1364 836 suo
1391 782 1498 835 Deo
1523 779 1767 849 quaesivit
1795 780 1848 831 in
1881 786 2040 832 terra.

473 879 686 950 Defecit,
733 876 922 945 inquit,
972 890 1058 928 cor
1096 888 1259 927 meum
1298 879 1348 924 et
1377 886 1494 923 caro
1535 885 1667 935 mea,
1714 867 1850 922 Deus
1878 866 2043 920 cordis

473 970 570 1022 mei
595 984 612 1024 :
637 967 843 1021 defectu
871 967 1054 1035 utique
1078 964 1218 1019 bono
1244 963 1310 1017 ab
1335 959 1672 1015 inferioribus
1699 959 1764 1013 ad
1791 972 2038 1027 superna.

474 1058 626 1113 Unde
653 1059 703 1111 in
740 1059 844 1110 alio
866 1057 1073 1126 psalmo
1101 1054 1296 1108 dicitur
1323 1070 1336 1105 :
1370 1051 1633 1105 Desiderat
1660 1059 1706 1104 et
1735 1048 1903 1117 deﬁcit
1931 1047 2044 1100 ani-

469 1165 552 1201 ma
577 1163 686 1200 mea
715 1148 766 1199 in
797 1147 928 1198 atria
955 1143 1164 1197 Domini
1193 1141 1384 1214 (Psal.
1416 1156 1610 1195 LXXXI"
1631 1179 1646 1204 ,
1688 1141 1721 1192 3
1741 1137 1782 1209 ).
1829 1137 1955 1191 Item
1991 1137 2043 1191 in

471 1237 577 1291 alio
607 1255 619 1289 :
649 1236 836 1305 Defecit
857 1235 908 1287 in
935 1235 1155 1287 salutare
1174 1242 1314 1284 tuum
1335 1232 1502 1284 anima
1524 1247 1633 1283 mea
1664 1229 1831 1301 (Psal.
1859 1241 2040 1292 CXVIII,

470 1329 585 1398 8|).
616 1327 818 1382 Tamen
847 1341 966 1380 cum
997 1326 1064 1379 de
1091 1335 1310 1393 utroque
1335 1323 1574 1387 dixisset,
1600 1319 1649 1374 id
1680 1329 1760 1374 est
1789 1319 1853 1373 de
1881 1317 2042 1373 corde

469 1431 522 1475 et
552 1436 713 1475 carne
738 1419 1038 1483 deﬁciente,
1073 1434 1178 1470 non
1207 1415 1451 1484 subjecit,
1483 1415 1621 1467 Deus
1644 1412 1820 1467 cordis
1849 1419 1902 1465 et
1927 1425 2043 1465 car-

470 1513 555 1566 nis
582 1527 748 1576 meae;
781 1510 874 1565 sed
894 1553 908 1576 ,
941 1509 1074 1562 Deus
1105 1508 1269 1561 cordis
1298 1507 1412 1559 mei.
1447 1506 1548 1558 Per
1573 1520 1665 1558 cor
1694 1505 1886 1573 quippe
1916 1516 2042 1556 caro

471 1606 776 1662 Inundatur.
823 1601 976 1658 Unde
1006 1601 1134 1656 dicit
1162 1600 1415 1654 Dominus
1445 1616 1457 1650 :
1489 1597 1734 1650 Mundate
1769 1611 1882 1666 qua'
1908 1594 2041 1648 intus

472 1704 604 1758 sunt,
629 1703 675 1746 et
699 1708 809 1762 qua:
833 1692 957 1760 foris
982 1701 1096 1745 sunt
1122 1689 1310 1743 munda
1334 1697 1480 1743 erunt
1509 1687 1722 1758 (Matth.
1748 1701 1898 1751 xxut,
1921 1684 2036 1754 26).

467 1785 678 1840 Partem
709 1783 899 1837 deinde
923 1796 1070 1836 suam
1104 1781 1230 1836 dicit
1262 1781 1434 1849 ipsum
1465 1779 1630 1832 Deum
1651 1820 1665 1844 ,
1697 1792 1804 1831 non
1843 1775 2039 1846 aliquid

466 1880 535 1934 ab
559 1895 644 1945 eo,
677 1877 768 1932 sed
796 1878 968 1946 ipsum
1003 1893 1016 1928 :
1046 1872 1185 1929 Deus
1211 1916 1224 1938 ,
1257 1875 1457 1943 inquit,
1493 1871 1660 1925 cordis
1685 1871 1780 1924 mei
1799 1911 1812 1934 ,
1846 1879 1891 1924 et
1921 1884 2040 1940 pars

466 1988 577 2024 mea
605 1970 739 2023 Deus
763 1973 816 2022 in
843 1969 1029 2022 swcula
1055 1981 1074 2020 :
1102 1965 1241 2037 quod
1275 1966 1411 2020 inter
1439 1966 1602 2018 multa
1627 1979 1743 2033 qttze
1770 1960 1836 2016 ab
1865 1961 2036 2015 homi-

463 2062 622 2116 nibus
648 2062 952 2130 eliguntur,
1002 2059 1116 2128 ipse
1164 2057 1237 2111 illi
1282 2056 1537 2126 placuerit
1578 2053 1871 2123 eligendus.
1907 2053 2039 2119 Quia

462 2169 594 2216 ecce,
624 2152 812 2220 inquit,
839 2151 922 2220 qui
952 2149 1096 2219 longe
1123 2165 1175 2202 se
1200 2148 1390 2219 faciunt
1414 2165 1444 2200 a
1471 2155 1536 2212 te,
1570 2145 1797 2217 peribunt
1827 2161 1845 2197 :
1872 2143 2040 2215 perdi-

464 2243 585 2296 disti
614 2259 807 2296 onmem
837 2241 921 2310 qui
947 2240 1226 2310 fornicatur
1255 2238 1342 2292 abs
1368 2247 1454 2302 te;
1501 2237 1603 2293 hoc
1638 2245 1739 2303 est,
1784 2237 1873 2306 qui
1905 2235 2040 2290 mul-

462 2341 638 2388 torum
663 2331 885 2384 deorum
917 2330 1030 2385 vult
1056 2343 1176 2384 esse
1207 2327 1576 2398 prostibulum.
1608 2326 1760 2382 Unde
1798 2326 2038 2395 sequitur

461 2422 612 2486 illud,
644 2433 860 2493 propter
893 2420 1034 2491 quod
1065 2429 1118 2474 et
1158 2429 1347 2474 czetera
1393 2419 1458 2473 de
1488 2417 1674 2473 eodem
1712 2417 1916 2486 psalmo
1957 2416 2038 2470 di-

461 2515 630 2570 cenda
673 2515 784 2569 visa
831 2524 956 2568 sunt
987 2531 1000 2567 :
1033 2511 1166 2565 Mihi
1198 2522 1364 2566 autem
1392 2508 1649 2564 adhaerere
1680 2509 1784 2563 Deo
1809 2551 1822 2572 ,
1856 2510 2038 2563 bonum

463 2617 580 2661 est:
610 2621 713 2660 non
754 2607 911 2676 longe
944 2605 1021 2660 ire
1045 2646 1060 2673 ,
1103 2620 1207 2659 non
1239 2621 1331 2674 per
1360 2604 1580 2673 plurima
1626 2601 1894 2656 fornicari.
1926 2597 2037 2654 Ad-

464 2696 670 2751 hmrere
698 2706 872 2750 autem
900 2695 1009 2749 Deo
1040 2704 1163 2748 tunc
1205 2693 1496 2764 perfectum
1544 2692 1665 2757 erit,
1710 2707 1830 2745 cum
1871 2698 2037 2744 totum

463 2785 606 2857 quod
636 2784 964 2841 liberandum
994 2793 1105 2852 est,
1133 2782 1294 2838 fuerit
1321 2783 1621 2838 liberatum.
1651 2779 1802 2835 Nunc
1831 2795 1955 2834 vero
1979 2779 2039 2834 ﬁt

464 2878 592 2934 illud
623 2877 764 2948 quod
789 2877 1028 2947 sequitur
1054 2895 1067 2931 :
1097 2876 1295 2930 Ponere
1319 2875 1371 2928 in
1397 2874 1502 2928 Deo
1532 2889 1671 2942 spem
1694 2888 1873 2924 meum.
1908 2870 2037 2939 Spes

463 2970 596 3024 enim
624 2985 735 3038 qua:
760 2967 972 3032 videtur,
1004 2983 1104 3020 non
1135 2974 1207 3019 est
1235 2981 1349 3037 spes
1374 2979 1394 3019 :
1422 2963 1557 3034 quod
1585 2963 1716 3015 enim
1745 2961 1872 3014 videt
1901 2960 2033 3029 quis,

462 3062 586 3132 quid
612 3061 825 3131 sperat?
869 3060 942 3114 ait
964 3058 1266 3130 Apostolus.
1301 3056 1362 3114 Si
1404 3067 1572 3109 autem
1598 3055 1730 3126 quod
1764 3071 1862 3106 non
1902 3052 2037 3106 ride-

461 3172 575 3208 mus
605 3169 887 3222 speramus,
917 3169 1005 3222 per
1033 3150 1323 3222 patientiam
1356 3159 1698 3220 exspectamus
1725 3145 1894 3218 (Rom.
1920 3141 2044 3210 VIII,

461 3245 552 3309 24,
579 3242 694 3315 25).
743 3243 797 3297 In
826 3243 926 3296 hac
968 3250 1144 3295 autem
1187 3255 1281 3309 spe
1324 3254 1465 3293 nunc
1507 3237 1775 3292 constituti
1820 3250 2035 3304 agamus

461 3335 604 3404 quod
630 3335 892 3404 sequitur,
921 3340 974 3386 et
1001 3333 1166 3386 simus
1205 3345 1302 3384 nos
1327 3345 1537 3400 quoque
1568 3345 1665 3398 pro
1692 3327 1905 3381 modulo
1936 3341 2034 3379 no-

461 3437 576 3484 stro
601 3427 775 3497 angeli
809 3425 898 3479 Dei
921 3465 934 3489 ,
968 3424 1018 3478 id
1050 3433 1130 3478 est
1157 3423 1326 3477 nuntii
1357 3423 1492 3491 ejus,
1521 3421 1894 3475 annuntiantcs
1921 3417 2036 3488 ejus

461 3521 786 3575 voluntatem
814 3558 829 3582 ,
859 3525 913 3571 et
937 3515 1158 3584 gloriam
1185 3515 1516 3584 gratiamque
1547 3513 1840 3567 laudantes.
1885 3511 2036 3566 Unde

464 3624 585 3665 cum
612 3607 875 3673 dixisset,
904 3605 1103 3660 Ponere
1127 3606 1178 3658 in
1207 3603 1316 3658 Deo
1344 3620 1483 3673 spem
1519 3620 1680 3658 meum
1713 3619 1730 3656 :
1756 3612 1809 3654 ut
1837 3615 2037 3654 annun-

462 3702 616 3764 tiem,
646 3697 836 3768 inquit,
881 3707 1054 3750 omnes
1095 3694 1273 3749 laudes
1317 3702 1429 3748 tuas
1457 3693 1510 3746 in
1550 3694 1706 3762 portis
1756 3692 1878 3760 filim
1911 3687 2036 3744 Sion

465 3789 641 3861 (Psal.
669 3790 857 3859 Lxxn).
885 3787 1009 3843 Ilaec
1033 3795 1113 3841 est
1137 3785 1518 3856 gloriosissima
1547 3783 1733 3837 civitas
1763 3783 1850 3837 Dei
1876 3797 1891 3848 ;
1921 3781 2036 3834 haec

463 3897 628 3938 unum
668 3880 834 3934 Deum
877 3879 1022 3933 novit
1051 3885 1105 3931 et
1147 3876 1312 3930 colit:
1344 3875 1479 3929 hanc
1508 3873 1692 3942 Angeli
1736 3873 1902 3927 sancti
1941 3887 2038 3926 an-

465 3972 874 4036 nuntiaverunt,
915 3970 1004 4038 qui
1052 3983 1150 4022 nos
1177 3966 1242 4021 ad
1273 3965 1389 4036 ejus
1433 3965 1739 4021 societatem
1785 3966 2038 4019 invitave-

466 4071 613 4130 runt,
661 4063 911 4132 civesque
954 4073 1080 4114 suos
1123 4058 1174 4112 in
1203 4056 1290 4111 illa
1334 4070 1452 4110 esse
1485 4055 1801 4121 voluerunt;
1848 4055 2038 4124 quibus

465 4169 574 4209 non
619 4153 792 4223 placet
834 4159 891 4206 ut
932 4165 1026 4205 eos
1070 4149 1309 4203 colamus
1358 4155 1606 4216 tanquam
1650 4155 1859 4200 nostros
1886 4146 2035 4211 deos,

464 4244 561 4300 sed
601 4257 724 4298 cum
752 4242 831 4296 eis
857 4248 911 4295 et
953 4239 1161 4314 illorum
1206 4245 1257 4291 et
1299 4243 1537 4289 nostrum
1568 4235 1773 4298 Deum;
1823 4249 1920 4289 nec
1961 4235 2039 4290 eis

465 4335 830 4390 sacriﬁcemus
853 4371 870 4398 ,
911 4330 1006 4385 sed
1036 4345 1155 4384 cum
1203 4328 1331 4399 ipsis
1369 4326 1684 4381 sacriﬁcium
1711 4326 1822 4380 Deo
1851 4327 2036 4380 simus.

465 4426 624 4482 Nullo
669 4425 847 4494 itaque
890 4421 1202 4487 dubitante,
1252 4419 1341 4489 qui
1369 4418 1484 4473 haec
1526 4417 1764 4487 deposita
1812 4417 2041 4486 maligna

467 4515 830 4572 obstinatione
881 4512 1222 4578 considerat,
1270 4525 1458 4564 omnes
1505 4508 1833 4564 immortales
1876 4509 2037 4576 beati,

469 4608 563 4679 qui
587 4606 741 4662 nobis
769 4619 877 4660 non
917 4604 1156 4660 invident
1188 4601 1395 4675 (neque
1425 4602 1564 4657 enim
1587 4641 1602 4667 ,
1631 4601 1674 4656 si
1717 4601 2040 4667 inviderent,

467 4705 654 4755 essent
680 4696 869 4765 beati),
900 4694 993 4750 sed
1021 4695 1202 4764 potius
1231 4708 1328 4746 nos
1356 4692 1596 4762 diligunt,
1634 4699 1769 4745 utet
1795 4705 1891 4745 nos
1920 4705 2039 4744 cum

471 4789 604 4861 ipsis
626 4787 771 4844 beati
801 4787 1006 4852 simus;
1056 4783 1175 4854 plus
1201 4783 1354 4837 nobis
1397 4782 1594 4847 favent,
1625 4781 1742 4849 plus
1768 4780 2041 4848 adjuvant,

471 4877 686 4950 quando
715 4891 880 4932 unum
923 4875 1090 4930 Deum
1130 4889 1250 4927 cum
1295 4873 1399 4927 illis
1438 4872 1661 4927 colimus
1685 4913 1700 4939 ,
1741 4871 1951 4925 Patrem
1993 4878 2047 4926 et

471 4970 664 5026 Filium
689 4977 743 5024 et
782 4965 1038 5038 Spiritum
1064 4971 1326 5032 sanctum,
1367 4979 1526 5034 quam
1552 4962 1596 5018 si
1635 4977 1728 5020 eos
1769 4962 1912 5033 ipsos
1949 4977 2046 5033 per

473 5059 734 5116 sacriﬁcia
776 5058 1096 5114 coleremus.

466 5209 692 5266 CAPUT
727 5208 996 5264 XXVl.-—
1012 5205 1086 5261 De
1111 5207 1444 5260 inconstantia
1466 5205 1740 5276 Porphyrii
1776 5207 1904 5260 inter
1925 5223 2047 5260 con-

536 5302 802 5373 fessionem
835 5299 1046 5354 veriDei
1074 5309 1119 5352 et
1145 5299 1334 5352 cultant
1358 5298 1638 5354 daemonum
1665 5300 1976 5368 ﬂuctuantis.

542 5432 733 5489 Nescio
758 5431 1024 5502 quomodo
1066 5431 1353 5503 (quantum
1385 5432 1514 5487 mihi
1543 5432 1786 5502 videtur)
1813 5433 1996 5489 amicis
2028 5434 2044 5468 ³

467 5526 581 5580 suis
599 5525 835 5593 theurgis
854 5524 1196 5580 erubescebat
1218 5524 1562 5595 Porphyrius.
1579 5524 1706 5578 Nam
1725 5524 1821 5578 ista
1843 5535 2050 5580 utcum-

468 5634 577 5690 que
621 5617 888 5686 sapiebat,
930 5615 1025 5672 sed
1061 5625 1245 5672 contra
1285 5617 1576 5671 multorum
1601 5615 1817 5673 deorum
1846 5618 2044 5674 cultum

533 5815 550 5844 ι
585 5809 725 5872 Editi,
749 5823 837 5875 pro
859 5808 1045 5861 amicis.
1073 5810 1236 5870 Abest,
1267 5822 1370 5871 pro,
1395 5817 1423 5857 a
1444 5813 1548 5859 Mss.

1532 397 1620 452 DE
1659 393 1976 452 ClVlTATE
2015 391 2145 458 DEI,
2187 391 2244 447 S.
2286 393 2643 449 AUCUSTlNl

3618 394 3726 452 304

2153 519 2259 558 non
2289 504 2452 559 libere
2479 505 2796 561 defendebat
2827 508 2842 540 ¹
2871 507 2970 579 (a).
3005 508 3070 563 Et
3104 509 3320 580 angelos
3356 509 3550 580 quippe
3586 509 3725 565 alios

2149 610 2268 651 esse
2287 597 2445 663 dixit,
2476 597 2568 669 qui
2591 600 2843 656 deorsum
2869 601 3254 658 descendentes
3275 603 3577 658 hominibus
3606 603 3724 658 Ihe-

2150 687 2344 758 urgicis
2372 689 2547 744 divina
2587 693 2966 760 pronuntient;
2998 693 3132 748 alios
3155 695 3333 750 autem
3363 695 3454 764 qui
3482 695 3535 748 in
3564 696 3725 750 terris

2148 794 2209 834 ea
2235 795 2353 850 qua:
2382 780 2554 836 Patris
2591 790 2749 849 sunt,
2793 795 2846 838 et
2874 784 3206 839 altitudinem
3246 785 3361 854 ejus
3387 784 3722 854 profundita-

2147 879 2361 940 temque
2403 871 2695 928 declarent.
2736 873 2872 928 Num
2900 875 3056 944 igitur
3093 873 3190 929 hos
3219 876 3467 946 angelos,
3495 891 3724 946 quorum

2145 963 2498 1020 ministerium
2539 974 2623 1020 est
2656 965 2933 1022 declarare
2982 969 3305 1023 voluntatem
3360 968 3566 1035 Patris,
3607 983 3722 1024 cre-

2145 1053 2376 1109 dendum
2406 1064 2490 1109 est
2535 1055 2672 1110 velle
2721 1071 2819 1110 nos
2870 1057 3059 1124 subdi,
3093 1057 3222 1112 nisi
3262 1057 3311 1112 ei
3358 1057 3510 1127 cujus
3563 1057 3725 1112 nobis

2145 1146 2458 1201 annuntiant
2481 1147 2806 1203 voluntatem
2836 1150 2860 1202 ‘t
2882 1147 3036 1204 Unde
3062 1149 3262 1218 optime
3287 1149 3537 1205 admonet
3561 1152 3727 1205 etiam

2146 1237 2260 1308 ipse
2286 1238 2633 1305 Platonicus,
2685 1239 2970 1294 imitandos
3018 1254 3112 1294 eos
3155 1240 3332 1309 potius
3375 1255 3532 1310 quam
3572 1242 3725 1297 invo-

2144 1327 2361 1382 candos.
2380 1328 2494 1383 Non
2519 1329 2695 1398 itaque
2719 1329 2976 1384 debemus
2998 1337 3232 1385 metuere
3255 1371 3271 1396 ,
3303 1346 3370 1385 ne
3395 1331 3726 1388 immortales

2144 1427 2198 1473 ct
2221 1421 2406 1475 beatos
2430 1422 2519 1474 uni
2547 1421 2656 1476 Deo
2681 1421 2919 1476 subditos
2941 1436 3049 1476 non
3076 1423 3154 1476 eis
3179 1423 3524 1478 sacriﬁcando
3551 1423 3725 1479 oﬁ'en-

2143 1510 2349 1564 damus.
2366 1511 2514 1577 Quod
2539 1512 2679 1567 enim
2708 1512 2915 1566 nonnisi
2943 1513 3031 1566 uni
3051 1529 3175 1567 vero
3194 1514 3300 1569 Deo
3322 1515 3501 1570 deberi
3528 1517 3722 1582 sciunt,

2141 1601 2227 1654 eui
2258 1611 2312 1655 et
2340 1602 2435 1670 ipsi
2462 1601 2783 1655 adhaerendo
2809 1601 2946 1656 beati
2975 1611 3116 1668 sunt,
3151 1604 3332 1672 procul
3360 1604 3520 1659 dubio
3551 1620 3726 1674 neque

2141 1705 2237 1759 per
2260 1691 2418 1743 ullam
2445 1690 2825 1760 signiﬁcantem
2857 1690 3093 1760 ﬁguram,
3120 1707 3289 1761 neque
3310 1708 3404 1763 per
3422 1694 3586 1762 ipsam
3609 1709 3722 1750 rem

2142 1796 2259 1850 quin
2287 1784 2634 1835 sacramentis
2673 1780 3033 1849 signiﬁcatur,
3089 1782 3189 1836 sibi
3237 1782 3476 1838 exhiberi
3517 1784 3723 1838 volunt.

2141 1870 2450 1924 Darmonum
2471 1880 2553 1926 est
2571 1870 2687 1925 haec
2706 1873 3002 1941 arrogantia
3022 1872 3369 1942 superborum
3389 1883 3544 1943 atque
3565 1875 3729 1928 misc-

2141 1978 2342 2030 rorum,
2370 1979 2399 2017 a
2441 1965 2629 2034 quibus
2667 1964 2822 2034 longe
2847 1964 3052 2019 diversa
3097 1975 3178 2019 est
3199 1967 3365 2034 pietas
3391 1965 3726 2020 subditorum

2141 2052 2251 2107 Deo
2271 2094 2286 2119 ,
2321 2069 2420 2108 nec
2455 2055 2665 2109 aliunde
2689 2071 2846 2124 quam
2870 2055 2944 2109 illi
2972 2055 3288 2110 cohzerendo
3316 2056 3608 2110 beatorum.
3639 2056 3726 2110 Ad

2139 2145 2280 2216 quod
2320 2146 2514 2200 bonum
2545 2147 2936 2217 percipiendum
2963 2148 3121 2201 etiam
3151 2148 3301 2202 nobis
3325 2147 3530 2201 sincera
3569 2147 3726 2202 beni-

2138 2238 2336 2306 gnitate
2357 2247 2564 2307 oportet
2585 2247 2642 2293 ut
2675 2238 2903 2306 faveant,
2933 2254 3103 2309 neque
3127 2239 3224 2293 sibi
3251 2248 3497 2309 arrogenl
3521 2253 3626 2309 quo
3645 2240 3726 2293 eis

2139 2327 2500 2396 subjiciamur;
2537 2329 2629 2383 sed
2655 2344 2775 2384 eum
2798 2331 3132 2395 annuntient,
3156 2331 3256 2385 sub
3281 2345 3385 2399 quo
3399 2331 3478 2384 eis
3505 2330 3556 2384 in
3593 2345 3726 2401 pace

2139 2421 2422 2475 sociemur.
2439 2419 2571 2488 Quid
2591 2420 2764 2476 adhuc
2785 2421 3035 2492 trepidas,
3059 2436 3090 2475 ο
3115 2421 3445 2490 philosophe,
3468 2421 3728 2477 adversus

2139 2524 2430 2585 potestates
2467 2522 2521 2568 et
2557 2513 2699 2568 veris
2736 2514 3014 2568 virtutibus
3040 2523 3094 2568 et
3120 2513 3231 2567 veri
3280 2514 3371 2567 Del
3413 2513 3727 2568 muneribus

2139 2606 2344 2661 invidas
2371 2606 2563 2661 habere
2584 2606 2803 2661 liberam
2821 2606 3043 2660 vocem?
3063 2604 3178 2660 Jam
3200 2604 3484 2659 distinxisti
3506 2605 3727 2676 angelus

2139 2700 2224 2769 qui
2269 2699 2437 2754 Patris
2457 2700 2769 2753 aminntiant
2784 2698 3126 2762 voluntatem,
3147 2697 3214 2751 ab
3233 2698 3310 2752 eis
3327 2697 3530 2768 angelis
3544 2697 3631 2768 qui
3653 2697 3726 2754 ad

2141 2789 2391 2859 theurgos
2422 2789 2662 2844 homines
2687 2792 2729 2854 ³,
2764 2790 2944 2844 nescio
2964 2804 3064 2860 qua
3085 2788 3298 2843 deducti
3329 2797 3463 2852 arte,
3495 2789 3722 2844 descen-

2141 2881 2290 2935 dunt.
2322 2880 2456 2948 Quid
2501 2880 2672 2934 adhuc
2693 2895 2786 2935 eos
2817 2881 3049 2934 honoras
3074 2922 3088 2946 ,
3123 2889 3178 2932 ut
3205 2879 3352 2933 dicas
3374 2879 3724 2949 pronuntiare

2138 2972 2347 3028 divina?
2363 2973 2489 3040 Qua:
2502 2972 2710 3026 tandem
2730 2972 2902 3026 divina
2927 2971 3289 3042 pronuntiant,
3303 2971 3394 3041 qui
3421 2985 3524 3026 non
3540 2971 3727 3026 volun-

2138 3072 2299 3119 tatem
2339 3063 2510 3117 Patris
2543 3064 2822 3117 nuntiant?
2867 3062 3068 3132 Nempe
3095 3063 3168 3116 illi
3201 3072 3357 3128 sunt,
3395 3068 3528 3132 quos
3555 3063 3727 3130 sacris

2138 3156 2381 3228 precibus
2399 3155 2603 3210 invidus
2628 3155 2878 3225 alligavit,
2898 3169 2964 3221 ne
2991 3163 3304 3224 praestarent
3323 3154 3513 3208 animm
3532 3169 3726 3223 purga-

2136 3248 2368 3313 tionem;
2412 3261 2510 3301 nec
2535 3260 2564 3300 a
2591 3246 2763 3309 bono,
2795 3255 2853 3300 ut
2876 3245 3036 3311 dicis,
3068 3260 3293 3315 purgare
3333 3244 3582 3314 cupiente
3603 3243 3626 3274 ³
3654 3243 3727 3297 ab

2138 3338 2241 3393 illis
2281 3338 2500 3392 vinculis
2538 3337 2674 3392 solvi
2713 3345 2765 3392 et
2802 3351 2911 3391 suae
2957 3337 3209 3408 potestati
3241 3335 3386 3391 reddi
3414 3343 3722 3405 potuerunt.

2136 3427 2326 3482 Adhuc
2341 3427 2548 3482 dubitas
2570 3429 2682 3482 [nec
2703 3427 2928 3496 maligna
2948 3441 3065 3482 esse
3085 3426 3363 3491 daemonia;
3389 3427 3470 3480 vel
3491 3434 3544 3480 te
3567 3424 3728 3494 ﬁngis

2137 3519 2361 3573 fortasse
2391 3519 2596 3574 nescire
2621 3560 2636 3585 ,
2678 3519 2804 3572 dum
2853 3533 2959 3572 non
3005 3519 3084 3573 vis
3115 3519 3364 3588 theurgos
3407 3517 3677 3573 oﬁ'endere
3701 3555 3721 3584 ,

2137 3626 2168 3666 a
2195 3611 2386 3682 quibus
2423 3611 2727 3666 curiasitate
2749 3606 3004 3680 deceptus
3027 3651 3041 3676 ,
3074 3611 3168 3664 ista
3217 3609 3511 3678 perniciosa
3555 3617 3607 3662 et
3636 3608 3725 3661 in-

2139 3717 2265 3756 sana
2294 3715 2390 3771 pro
2435 3715 2627 3769 magno
2665 3700 2930 3755 beneﬁcio
2953 3699 3183 3754 didicisti
3215 3697 3330 3770 (tr)?
3355 3698 3532 3753 Audes
3563 3698 3726 3752 istam

2139 3791 2406 3856 invidam,
2452 3805 2556 3845 non
2597 3790 2922 3860 potentiam,
2963 3788 3054 3844 sed
3095 3789 3484 3858 pestilentiam,
3533 3795 3725 3842 etnon

2141 3882 2310 3936 dicam
2351 3880 2658 3948 dominam,
2691 3881 2786 3935 sed
2835 3895 2939 3951 quo
2986 3889 3040 3933 tu
3099 3879 3282 3933 fateris
3305 3919 3319 3943 ,
3348 3878 3595 3932 ancillam
3625 3892 3729 3948 po-

2141 3973 2245 4026 tius
2273 3971 2570 4027 invidorum
2588 4010 2605 4038 ,
2631 3971 2735 4025 isto
2754 3985 2878 4025 aere
2900 3977 3206 4024 transcenso
3227 3969 3403 4023 levare
3426 3970 3477 4022 in
3499 3967 3721 4032 caelum,

2141 4071 2195 4118 et
2223 4063 2360 4116 inter
2387 4061 2518 4116 deos
2554 4071 2768 4116 vestros
2805 4061 2963 4115 etiam
3009 4059 3249 4115 sidereos
3292 4059 3588 4126 collocare,
3639 4057 3724 4114 vel

2142 4153 2254 4223 ipsa
2283 4167 2491 4223 quoque
2519 4151 2697 4208 sidera
2739 4151 2820 4207 his
2857 4150 3156 4220 opprobriis
3199 4149 3496 4204 infamare?

2145 4259 2372 4315 CAPUT
2408 4257 2700 4313 XXVll.—
2715 4256 2792 4310 De
2837 4256 3096 4326 impietate
3123 4254 3421 4325 Porphyrii,
3445 4269 3546 4326 qua
3573 4255 3725 4309 etiam

2487 4348 2688 4418 Apuleii
2713 4346 3013 4401 transcendit
3042 4361 3278 4398 errorem.

2216 4439 2429 4509 Quanto
2492 4438 2772 4493 humanius
2835 4446 2889 4492 et
2952 4436 3274 4492 tolerabilius
3343 4443 3726 4492 consectaneus

2148 4538 2269 4586 tuus
2309 4530 2610 4585 Platonicus
2653 4528 2908 4598 Apuleius
2953 4527 3185 4589 erravit,
3227 4526 3314 4594 qui
3356 4524 3724 4581 tantummodo

2147 4621 2420 4676 dazmones
2459 4635 2490 4674 a
2539 4619 2661 4673 luna
2707 4625 2762 4672 et
2805 4618 2933 4670 intra
2963 4615 3236 4670 ordinatos
3279 4615 3467 4685 agitari
3519 4615 3724 4671 morbis

2146 4713 2450 4782 passionum
2474 4709 2770 4778 mentisque
2787 4707 3039 4772 turbellis,
3070 4706 3336 4760 honoratis
3366 4705 3578 4775 quidem
3608 4721 3725 4772 eos,

2149 4803 2245 4860 sed
2274 4803 2454 4858 volens
2479 4802 2772 4870 noleosque
2796 4799 3071 4853 confessus
3091 4805 3206 4862 est;
3239 4797 3369 4851 deos
3393 4805 3567 4850 tamen
3597 4796 3720 4851 coeli

2215 4937 2232 4967 ι
2264 4935 2400 4991 Editi,
2422 4932 2508 4982 sed
2543 4938 2707 4982 contra
2730 4930 2987 4980 multarunt
3025 4927 3224 4979 deorum
3261 4925 3442 4976 cultum
3470 4935 3619 4991 Deum
3644 4939 3726 4976 ve-

2150 5009 2260 5046 rum
2282 4987 2552 5056 non'libere
2589 4993 2889 5056 defendebat.
2915 4991 3057 5056 Istud,
3093 4998 3244 5039 Deum
3265 5002 3444 5056 rerum,
3478 4987 3728 5056 glossema

2152 5065 2246 5116 est,
2261 5056 2396 5119 quod
2419 5069 2515 5119 non
2537 5048 2719 5104 habent
2754 5054 3083 5119 manuscripti,
3106 5058 3242 5119 (Ergo,
3267 5048 3568 5119 defendebat,
3591 5048 3728 5098 refe-

2151 5111 2355 5167 rendum
2379 5117 2437 5164 ad
2462 5114 2550 5165 ista
2571 5127 2682 5175 qua“:
2706 5121 2955 5174 utcumque
2976 5111 3183 5175 sapiebat
3208 5111 3507 5175 Porphyrius.

2217 5181 2237 5210 ¹
2271 5179 2408 5238 Editi,
2435 5184 2544 5238 qam
2567 5169 2735 5238 diagisti
2756 5169 2946 5238 angelos
2983 5169 3064 5234 qui
3089 5169 3242 5238 Patris
3264 5169 3541 5238 annuntiant
3561 5169 3729 5238 volun-

2150 5245 2310 5292 tatem.
2334 5230 2477 5286 ab'eis
2491 5235 2680 5299 angelis
2701 5249 2801 5286 esse
2819 5230 3045 5294 Hiwrsos,
3070 5232 3151 5298 qui
3172 5230 3237 5281 ad
3271 5230 3540 5293 theurgicos
3577 5231 3732 5281 hami.

2151 5313 2253 5350 nes.
2279 5301 2360 5347 Hic
2377 5311 2464 5347 nos
2486 5298 2728 5346 haeremus
2751 5304 2854 5345 Mss.

2217 5363 2238 5394 ³
2269 5360 2404 5419 Editi,
2429 5357 2686 5421 cupientes.
2711 5357 3026 5406 Emendantur
3048 5368 3110 5404 ex
3134 5353 3485 5414 manuscriptis.

2219 5441 2290 5504 (ιζ)
2316 5441 2544 5488 mitiorem
2567 5439 2690 5504 hanc
2705 5438 2950 5504 Augustini
2973 5437 3036 5504 de
3058 5435 3312 5504 Porphyrio
3334 5433 3628 5504 sententiam
3655 5447 3731 5484 es.

2153 5516 2209 5553 se
2227 5497 2571 5550 demonstrant
2612 5497 2811 5561 plurima
2848 5499 3059 5561 historiae
3098 5497 3438 5561 ecclesiastica:
3475 5498 3652 5561 scripta
3678 5505 3732 5547 et

2153 5571 2460 5614 monumenta
2478 5598 2490 5620 ,
2533 5555 2817 5622 equuibus
2846 5558 3086 5622 colligitur
3119 5556 3434 5622 porphyrium
3469 5555 3606 5622 ultro
3635 5570 3732 5606 nec

2156 5638 2286 5673 vera:
2308 5617 2559 5683 religionis
2591 5617 2863 5682 dogmatum
2894 5617 2995 5683 ullo
3025 5617 3164 5683 modo
3200 5617 3403 5683 inst:ij
3441 5617 3732 5683 christianos

2155 5676 2473 5794 Lqeessit'ifsl'c.
2511 5676 2887 5740 conf.'60(:rat.,
2931 5679 3016 5728 lib.
3050 5679 3098 5740 3,
3140 5691 3246 5741 cap.
3289 5676 3380 5739 23;
3417 5678 3639 5739 Suidam,
3679 5687 3736 5735 et

2155 5760 2291 5794 ams.
2388 5775 2394 5790 .
2429 5780 2442 5793 .

2155 5749 2291 5796 alios.
2388 5752 2442 5793 Μ.

2219 5806 2291 5870 (b)
2315 5806 2443 5854 conf.
2466 5805 2642 5854 Euseb.
2663 5802 2748 5854 lib.
2773 5801 2803 5850 4
2827 5810 3030 5863 Praepar.
3057 5813 3250 5862 evang,
3276 5812 3413 5862 capp.
3436 5798 3485 5860 9,
3512 5799 3587 5850 10.
