4064 6482
279 403 380 460 305

277 516 576 583 superiores
605 513 684 570 ad
713 513 932 571 mtberia
961 513 1130 586 spatia
1180 512 1501 585 pertinentes
1520 555 1536 582 ,
1591 513 1704 568 sive
1732 513 1855 568 visi-

275 609 426 672 biles,
479 622 616 677 quos
663 607 979 676 conspicuos
1027 608 1212 661 lucere
1254 606 1526 670 cernebat,
1577 605 1744 660 solem
1793 619 1856 660 ac

275 698 448 752 lunam
479 707 534 752 et
564 704 761 752 caetera
793 697 986 751 ibidem
1015 697 1238 763 lumina,
1271 697 1384 751 sive
1435 695 1705 751 nvisibtles
1725 711 1856 765 quos

275 788 534 858 putabat,
589 789 655 844 ab
701 789 846 844 omni
898 789 1019 843 labe
1079 789 1297 842 istarum
1347 788 1798 858 perturbationum
1836 787 1853 818 ί

272 886 463 946 quanta
494 879 664 946 potuit
682 877 1038 945 disputatione
1067 876 1449 948 secrevit’we
1468 879 1560 931 deo
1585 875 1851 945 Socratis).

273 968 347 1022 'I‘u
365 979 544 1023 autem
580 969 681 1025 hoc
704 971 932 1025 didicisti
967 985 1072 1024 non
1104 985 1132 1023 a
1161 970 1397 1034 Platone,
1429 969 1522 1024 sed
1559 984 1588 1023 a
1610 968 1855 1023 Cbaldeis

271 1059 584 1129 magistris’,
616 1072 670 1114 ut
687 1059 742 1115 in
763 1060 1008 1116 .cthcrias
1025 1061 1107 1115 vel
1128 1075 1406 1130 ompyreas
1417 1059 1594 1113 mundi
1620 1059 1857 1113 sublimi-

273 1158 402 1203 tates
425 1160 482 1204 et
513 1151 842 1206 ﬁrmamenta
878 1152 1114 1206 ctelestia
1133 1151 1415 1205 extolleres
1441 1151 1564 1203 vitia
1588 1150 1813 1202 humana
1833 1190 1848 1216 ,

273 1250 324 1294 ut
343 1251 564 1309 possent
595 1240 668 1295 dii
691 1242 851 1296 vestri
879 1241 1111 1312 theurgis
1132 1241 1470 1311 pronuntiare
1501 1239 1706 1293 divina:
1735 1239 1854 1306 qui-

272 1329 366 1384 bus
404 1332 603 1386 divinis
631 1341 681 1386 te
725 1342 899 1387 tamen
940 1347 1041 1401 per
1080 1331 1482 1388 intellectualem
1528 1330 1687 1382 vitam
1729 1328 1856 1382 facis

272 1419 540 1484 altiorem,
572 1431 628 1474 ut
663 1422 754 1475 tibi
778 1421 1024 1476 videlicet
1048 1429 1295 1490 tauquam
1337 1417 1650 1490 phil050pho
1672 1418 1854 1472 theur-

270 1511 393 1581 gica:
410 1512 543 1565 artis
565 1512 902 1580 purgationes
930 1527 1257 1582 nequaquam
1283 1511 1598 1566 necessaria:
1632 1508 1854 1563 videan-

271 1609 383 1667 tur;
442 1602 537 1657 sed
567 1603 689 1658 aliis
725 1618 817 1658 eas
869 1611 1046 1658 tamen
1093 1603 1376 1672 importas,
1422 1611 1479 1655 ut
1522 1603 1655 1656 hanc
1695 1600 1854 1654 veluti

270 1693 568 1748 mercedem
597 1694 790 1749 reddas
813 1695 1078 1764 magistris
1102 1695 1224 1760 tuis,
1271 1694 1411 1764 quod
1443 1709 1536 1748 eos
1556 1693 1645 1763 qui
1677 1692 1854 1762 philo-

270 1784 477 1854 sophari
499 1800 608 1841 non
628 1795 865 1857 possunt,
883 1786 948 1840 ad
975 1787 1071 1841 ista
1091 1785 1318 1850 seducis,
1348 1801 1466 1855 qua:
1493 1785 1583 1839 tibi
1609 1793 1854 1853 tanquam

270 1877 598 1945 superiorum
654 1879 830 1947 capaci
870 1892 988 1933 esse
1025 1877 1224 1932 inutilia
1255 1876 1556 1942 conﬁteris;
1589 1885 1646 1930 ut
1672 1875 1855 1930 videli-

269 1976 350 2022 cet
373 1970 698 2040 quicumque
719 1986 750 2024 a
777 1969 1120 2040 philosOphia:
1143 1971 1336 2024 virtute
1356 1969 1546 2025 remoti
1565 1977 1707 2033 sunt,
1735 1984 1852 2035 quae

269 2058 428 2114 ardua
454 2059 616 2114 nimis
639 2069 796 2129 atque
823 2075 1108 2131 paucorum
1138 2071 1239 2128 est,
1271 2070 1322 2116 te
1359 2070 1574 2117 auctore
1605 2061 1854 2130 theurgos

271 2151 531 2219 homines,
559 2167 589 2207 a
620 2154 808 2223 quibus
838 2169 944 2208 non
965 2154 1176 2225 quidem
1207 2156 1259 2208 in
1289 2155 1463 2209 anhna
1490 2153 1850 2222 intellectuali,

271 2257 446 2298 verum
473 2246 664 2300 saltem
709 2244 763 2300 in
805 2245 981 2300 anima
1028 2246 1284 2316 Spirituali
1315 2257 1630 2316 purgentur,
1677 2245 1852 2316 inqui-

270 2347 420 2403 rant;
451 2347 509 2393 et
561 2339 812 2408 quoniam
843 2339 1064 2394 istorum
1105 2354 1240 2409 quos
1283 2338 1392 2410 phil
1418 2338 1648 2408 nophari
1678 2339 1848 2408 piget,

270 2430 756 2500 incomparabiliter
774 2431 942 2500 major
969 2441 1050 2486 est
1079 2431 1377 2496 multitudo,
1402 2431 1582 2501 plures
1593 2430 1655 2484 ad
1672 2445 1852 2485 secre-

272 2530 346 2574 tos
377 2530 433 2576 et
461 2521 679 2575 illicitos
709 2522 990 2592 magistros
1021 2530 1159 2586 tuos,
1191 2537 1348 2591 quam
1394 2521 1458 2574 ad
1490 2520 1699 2575 scholas
1729 2521 1850 2574 Pla-

272 2610 467 2664 lonicas
510 2611 694 2665 venire
735 2619 1009 2680 cogantur.
1074 2611 1184 2666 IIoc
1227 2613 1368 2665 enim
1417 2611 1508 2666 tibi
1542 2609 1853 2666 immundis-

273 2700 388 2754 simi
437 2699 752 2766 daemones,
805 2701 934 2755 deos
987 2701 1238 2756 aetherios
1277 2717 1334 2756 se
1382 2716 1502 2756 esse
1550 2702 1847 2771 fingentes,

276 2803 500 2858 quorum
542 2789 865 2859 praedicator
908 2799 963 2846 et
1004 2792 1223 2860 angelus
1266 2792 1432 2846 factus
1465 2806 1524 2846 es
1574 2790 1678 2861 (α),
1722 2806 1849 2862 pro-

271 2881 560 2946 miserunt;
613 2880 754 2948 quod
804 2881 868 2935 in-
899 2883 1074 2935 anima
1121 2882 1376 2952 Spirituali
1423 2882 1691 2952 theurgica
1737 2892 1852 2939 arte

270 2970 497 3039 purgati,
552 2970 620 3024 ad
649 2970 862 3025 Patrem
902 2972 1112 3041 quidem
1143 2987 1246 3025 non
1275 2972 1518 3038 redeunt,
1567 2973 1661 3028 scd
1689 2988 1850 3043 super

275 3061 443 3115 aerias
485 3060 669 3130 plagas
717 3061 855 3116 inter
897 3061 1027 3116 deos
1058 3062 1307 3116 aetherios
1358 3061 1686 3117 habitabant.
1731 3063 1847 3118 Non

269 3152 407 3206 audit
435 3153 537 3206 ista
570 3154 842 3208 hominum
867 3153 1170 3220 multitudo,
1199 3164 1413 3225 propter
1431 3171 1562 3225 quos
1587 3171 1617 3210 a
1648 3155 1850 3211 daemo-

270 3255 387 3295 num
431 3243 707 3298 dominatu
751 3244 1053 3299 liberandos
1077 3244 1325 3300 Christus
1371 3245 1608 3301 advenit.
1659 3245 1715 3301 In
1759 3247 1849 3302 illo

276 3332 408 3385 enim
434 3332 634 3386 habent
658 3333 1211 3390 misericordissimam
1239 3339 1604 3406 purgationem
1627 3348 1680 3394 et
1700 3353 1849 3394 men-

273 3422 336 3475 tis
364 3432 418 3476 et
467 3425 689 3492 spiritus
738 3432 793 3479 et
819 3427 1058 3496 corporis
1086 3427 1190 3482 sui.
1232 3428 1516 3499 Propterea
1544 3430 1737 3501 quippe
1762 3440 1848 3486 to-

271 3517 374 3565 tum
413 3511 685 3568 hominem
728 3513 845 3570 sine
882 3526 1100 3585 peccato
1145 3517 1234 3571 ille
1273 3519 1544 3589 suscepit,
1591 3531 1649 3574 ut
1679 3529 1848 3576 toturn

272 3615 372 3670 quo
417 3610 632 3656 constat
698 3603 894 3671 homo,
945 3620 977 3659 a
1025 3615 1362 3676 peccatorum
1420 3618 1568 3678 peste
1613 3619 1845 3666 sanaret.

271 3690 429 3758 Quem
451 3702 509 3747 tu
535 3709 746 3764 quoque
774 3697 973 3750 utinam
1003 3698 1361 3767 cognoxisses,
1392 3699 1546 3768 eique
1571 3709 1620 3756 te
1651 3705 1842 3770 potius,

271 3796 418 3851 quam
449 3785 532 3838 vel
557 3795 658 3838 tua:
683 3784 884 3853 virtuti,
912 3803 1028 3856 qua:
1059 3787 1305 3853 humana,
1333 3789 1530 3860 fragilis
1557 3799 1611 3845 et
1638 3792 1846 3848 inﬁrma

271 3883 364 3941 εει,
393 3875 478 3929 vel
523 3878 988 3946 perniciosissima:
1028 3881 1318 3936 curiositati
1346 3883 1638 3940 sanandum
1683 3890 1844 3942 tutius

271 3965 648 4020 commisisses.
698 3966 816 4021 Non
847 3969 990 4023 enim
1019 3979 1068 4024 te
1099 3971 1416 4042 decepisset,
1444 3989 1601 4044 quem
1647 3987 1843 4046 vestra,

271 4060 322 4106 ut
363 4063 422 4107 tu
462 4058 580 4125 ipse
608 4057 820 4124 scribis,
851 4062 1062 4115 oracula
1099 4073 1340 4117 sanetum
1388 4065 1846 4140 immortalemque

271 4146 505 4201 confessa
546 4156 674 4202 sunt
702 4149 797 4222 (ὁ).
846 4150 922 4207 De
949 4167 1054 4222 quo
1079 4154 1238 4208 etiam
1283 4165 1435 4225 poeta
1465 4158 1843 4230 nobilissimus,

269 4239 466 4306 poetice
511 4240 762 4310 quidem,
808 4243 931 4312 quia
979 4244 1033 4299 in
1080 4245 1300 4302 alterius
1342 4249 1654 4306 adumbrata
1706 4267 1833 4321 per-

270 4340 414 4397 sona,
456 4331 721 4387 veraciter
747 4341 940 4401 tamen,
993 4335 1134 4391 siad
1177 4336 1348 4408 ipsum
1392 4338 1624 4409 referas,
1671 4340 1840 4398 dixit:

326 4463 556 4534 reduce,
581 4464 620 4512 si
639 4477 734 4529 qua
756 4473 953 4534 manent
969 4465 1177 4534 sceleris
1196 4471 1406 4532 vestigia
1424 4475 1596 4534 nostri,

323 4525 453 4573 irrita
486 4525 729 4587 perpetua
750 4527 941 4578 solvent
962 4531 1216 4580 formidine
1237 4525 1409 4582 terras.

773 4607 968 4672 (Virgil.
994 4610 1154 4676 chog.
1179 4611 1227 4673 4,
1243 4625 1366 4663 vers.
1394 4615 1470 4674 I3,
1497 4613 1596 4678 14.)

268 4713 338 4769 Ea
379 4718 574 4788 quippe
612 4718 779 4786 dixit,
824 4736 942 4791 qua:
984 4723 1144 4777 etiam
1196 4724 1416 4780 multum
1457 4727 1840 4796 proficientium

268 4807 318 4862 in
360 4811 555 4866 virtute
592 4811 813 4882 justitite
855 4823 1094 4883 possunt,
1128 4825 1348 4887 propter
1401 4818 1558 4888 hujus
1603 4820 1724 4876 vitae
1760 4822 1841 4876 in-

267 4900 702 4969 ﬁrmitatem,etsi
731 4919 834 4960 non
860 4907 1084 4974 scelera,
1115 4910 1375 4964 scelerum
1402 4923 1580 4967 tamen
1618 4929 1835 4970 manere

269 4993 482 5063 vestigia
506 5034 523 5060 ,
567 5010 687 5064 qua:
713 4997 920 5051 nonnisi
943 4999 1010 5054 ab
1047 4999 1136 5054 illo
1163 4999 1436 5057 Salvatore
1474 5013 1746 5070 sanantur,
1770 5005 1837 5060 de

266 5097 368 5152 quo
393 5086 492 5140 iste
524 5101 716 5141 versus
743 5102 1026 5157 expressus
1054 5100 1155 5144 est.
1203 5091 1334 5146 Nam
1371 5094 1468 5148 hoc
1502 5095 1682 5164 utique
1729 5094 1835 5150 non

261 5187 290 5226 a
320 5190 376 5230 se
396 5176 512 5246 ipso
540 5192 600 5232 se
621 5177 821 5232 dixisse
850 5177 1101 5248 Virgilius
1130 5181 1184 5236 in
1214 5181 1424 5254 Eclogae
1453 5183 1618 5255 ipsius
1641 5197 1834 5256 quarto

260 5266 424 5324 ferme
451 5285 610 5324 versu
641 5269 872 5337 indicat,
900 5272 988 5326 llDI
1014 5273 1087 5327 ait
1110 5290 1123 5325 :

366 5379 535 5431 Ultima
557 5382 733 5434 Cumaei
753 5383 890 5432 venit
907 5384 1005 5446 jam
1021 5385 1244 5435 carminis
1260 5393 1391 5438 tetas.

529 5502 938 5567 perturbationum
967 5504 1165 5557 alienos.
1191 5509 1354 5570 Abest,
1385 5509 1579 5571 alienos,
1619 5526 1646 5562 a
1669 5526 1847 5564 manu-.

251 5571 602 5698 'crt'ptttlé'aostri
627 5632 810 5698 ll}
831 5632 902 5689 Βο,
926 5626 1167 5680 discrerit.
1209 5638 1264 5680 tu.

317 5685 341 5716 ³
372 5686 487 5735 [aditi
511 5687 709 5746 addunt,
732 5687 844 5738 tuis.

313 5769 390 5879 $2}
410 5767 739 5876 ξφιιῌλιεθι).
762 5778 968 5833 Praepar.
996 5785 1192 5858 evang,
1218 5774 1303 5828 lib.
1337 5776 1511 5842 4,,cap.
1534 5777 1580 5829 4.

451 5831 512 5879 Id.
539 5829 678 5879 infra.
702 5831 786 5879 ltb.
810 5833 882 5879 I9.
909 5847 1009 5879 cati.
1041 5834 1116 5879 IS.

325 5829 388 5891 Tb)
415 5838 434 5876 \
451 5831 512 5880 id.
539 5829 678 5892 infra,
702 5831 786 5882 lib.
810 5829 882 5893 I9,
909 5847 1009 5896 cap.
1038 5834 1116 5884 “23.

1611 399 1814 454 LIBER
1853 395 2160 456 DECIMUS.

3426 363 3533 461 306

1967 513 2114 569 Unde
2140 514 2242 570 hoc
2265 530 2293 570 a
2317 516 2526 572 Comma
2553 516 2758 590 Sybilla
2785 517 2983 573 dictum
3023 535 3141 574 esse
3171 519 3534 575 incunctanter

1957 615 2196 677 apparet.
2226 606 2458 678 'I'heurgi
2486 624 2612 663 vero
2634 609 2744 674 illi,
2767 611 2848 664 vel
2874 611 3044 681 potius
3067 610 3337 666 daemones
3355 650 3376 676 ,
3401 609 3534 664 dco—

1958 713 2075 753 rum
2127 699 2333 769 species
2378 699 2674 770 ﬁgurasque
2715 701 3001 771 ﬁngentes,
3050 703 3324 770 inquinant
3359 701 3534 771 potius

1957 806 2112 860 quam
2157 800 2379 861 purgant
2434 791 2722 846 humanum
2758 795 2997 862 spiritum
3045 794 3272 849 falsitate
3311 794 3536 864 phanta-

1957 889 2182 934 smatum
2212 889 2264 935 et
2292 880 2592 950 deceptoria
2639 898 2891 938 vanarum
2942 885 3298 942 Iudiﬁcatioue
3336 883 3534 940 forma.

1957 985 2095 1024 rum.
2123 970 2400 1038 Quomodo
2428 973 2570 1026 enim
2615 985 2845 1044 purgent
2878 975 3106 1031 hominis
3133 977 3377 1046 spiritum
3393 1017 3420 1042 ι
3442 975 3534 1046 qui

1957 1060 2286 1116 immundum
2334 1062 2532 1117 habent
2569 1066 2872 1133 premium?
2912 1065 3154 1136 Alioquin
3205 1067 3348 1122 nullo
3375 1065 3536 1124 mode:

1957 1151 2278 1206 carminibus
2300 1153 2459 1208 invidi
2493 1153 2720 1208 hominis
2746 1156 3048 1224 ligareutur,
3070 1157 3347 1227 ipsumque
3375 1157 3534 1212 inane

1957 1241 2272 1296 beneﬁcium
2321 1243 2459 1312 quod
2505 1246 2808 1313 praestaturi
2834 1246 2849 1276 ¹
2879 1245 3225 1312 videbantur,
3259 1256 3350 1301 aut
3386 1254 3534 1301 metu

1955 1344 2280 1402 premerent,
2306 1344 2398 1389 aut
2430 1335 2588 1389 simili
2631 1336 2916 1390 invidentia
2955 1335 3299 1406 denegarem.
3329 1336 3537 1392 Sufﬁcit

1958 1423 2098 1492 quod
2154 1426 2464 1494 purgatione
2527 1425 2831 1496 theurgica,
2887 1442 3061 1497 neque
3123 1426 3535 1481 intellectualem

1956 1515 2185 1569 animam
2212 1557 2224 1579 ,
2260 1516 2361 1571 hoc
2389 1525 2471 1572 est
2489 1527 2719 1572 mentem
2761 1527 3000 1572 nostram
3027 1559 3040 1581 ,
3071 1517 3204 1573 dicis
3225 1531 3381 1587 posse
3405 1533 3532 1587 pur—

1954 1605 2088 1675 gari,
2118 1613 2172 1661 et
2201 1606 2367 1676 ipsam
2394 1607 2743 1676 spiritualem,
2773 1608 2824 1662 id
2851 1617 2933 1663 est
2960 1617 3160 1663 nostra:
3188 1608 3380 1662 anima:
3410 1623 3534 1678 par-

1958 1706 2064 1752 tem
2097 1708 2274 1752 mente
2300 1698 2607 1755 inferiorem
2635 1740 2650 1766 ,
2680 1715 2836 1769 quam
2881 1700 2971 1754 tali
3002 1709 3117 1754 arte
3143 1699 3353 1770 purgari
3380 1712 3538 1770 posse

1955 1789 2150 1843 asseris
2174 1831 2188 1854 ,
2222 1790 2575 1844 immortalem
2618 1799 2795 1845 tamen
2825 1800 3187 1860 mternamquc
3227 1805 3333 1844 non
3379 1803 3539 1860 posse

1955 1880 2055 1935 hac
2102 1891 2217 1936 arte
2257 1881 2369 1936 ﬁeri
2406 1881 2700 1937 conﬁteris.
2741 1881 2986 1937 Christus
3015 1892 3192 1936 autem
3223 1882 3381 1936 vitam
3407 1895 3538 1950 pro-

1953 1973 2112 2027 mittit
2129 1981 2380 2027 :etcrnam
2402 1989 2416 2027 :
2439 1972 2580 2028 unde
2604 1973 2668 2027 ad
2701 1988 2822 2027 eum
2854 1972 3082 2028 mundus
3101 2013 3116 2039 ,
3142 1971 3294 2026 vobis
3319 1970 3534 2040 quidem

1958 2064 2453 2131 stomachantibus,
2505 2064 2820 2118 mirantibus
2870 2072 3045 2119 tamen
3096 2061 3535 2133 stupentibusque

1954 2155 2244 2209 concurrit.
2297 2153 2436 2222 Quid
2483 2154 2700 2224 prodest
2742 2153 2864 2224 quia
2916 2168 3112 2224 negare
3159 2168 3264 2208 non
3317 2151 3533 2223 potuisti

1954 2259 2134 2299 errare
2177 2245 2420 2299 homines
2461 2245 2730 2314 theurgica
2772 2244 3162 2315 disciplina,et
3204 2242 3532 2313 quampluri-

1957 2350 2076 2390 mos
2103 2334 2286 2390 fallere
2322 2351 2417 2406 per
2441 2350 2634 2390 czecam
2679 2335 3126 2408 insipientemqne
3172 2333 3488 2391 sententiam
3513 2373 3530 2398 ,

1952 2434 2111 2496 atque
2145 2441 2264 2481 esse
2303 2427 2659 2481 certissimum
2706 2442 2940 2482 errorem
2963 2468 2978 2494 ,
3021 2426 3227 2496 agendo
3250 2435 3304 2481 et
3332 2424 3524 2495 suppli-

1951 2518 2122 2572 cando
2141 2518 2206 2572 ad
2235 2519 2507 2588 principes
2533 2519 2857 2588 angelusque
2881 2517 3199 2584 decurrere;
3223 2528 3274 2572 et
3295 2532 3530 2582 rursum,

1952 2611 2103 2679 quasi
2133 2625 2199 2665 ne
2233 2625 2449 2680 cperam
2481 2610 2775 2680 perdidisse
2818 2610 3046 2665 videaris
3083 2610 3182 2664 ista
3202 2608 3454 2664 discendo
3478 2609 3530 2672 ’,

1951 2702 2118 2757 mittis
2146 2702 2390 2766 homines
2413 2702 2480 2756 ad
2511 2701 2761 2773 theurgos
2780 2742 2794 2766 ,
2824 2709 2881 2756 ut
2905 2717 3002 2773 per
3027 2716 3120 2756 eos
3143 2701 3321 2755 anima
3365 2699 3530 2768 Spiri-

1950 2791 2107 2845 tualis
2135 2800 2386 2862 purgetur
2422 2792 2636 2848 illorum
2657 2834 2672 2860 ,
2701 2791 2794 2863 qui
2826 2808 2931 2848 non
2969 2790 3266 2851 secundum
3318 2789 3529 2846 intelle-

1952 2884 2180 2940 ctualem
2205 2886 2435 2940 animam
2459 2884 2684 2941 vivunt?

1950 2996 2174 3054 CAPUT
2200 2997 2434 3057 XXVIII.
2455 3026 2528 3040 -—
2559 2998 2750 3066 Quibus
2779 2998 3185 3070 persuasionibus
3200 2996 3534 3067 Porphyrius

2021 3089 2300 3148 obcwcatus
2327 3107 2426 3144 non
2467 3091 2684 3161 potuerit
2725 3106 2894 3144 ueram
2935 3089 3267 3161 sapientiam,
3293 3088 3428 3159 quod
3456 3098 3531 3143 est

2021 3179 2246 3234 Christus
2264 3221 2279 3246 ,
2311 3196 2598 3251 agnoscere.

2021 3293 2178 3349 Mittis
2203 3308 2330 3365 ergo
2352 3293 2596 3350 homines
2617 3294 2926 3350 inerrorem
2948 3294 3324 3349 certissimum.
3345 3291 3530 3363 Neque

1950 3386 2052 3443 hoc
2073 3397 2274 3442 tantum
2297 3387 2492 3441 malum
2520 3394 2572 3442 te
2589 3385 2772 3457 pudet,
2791 3401 2912 3440 cum
2939 3385 3148 3440 vir-tutis
3177 3393 3231 3439 et
3255 3383 3530 3453 sapientiai

1949 3478 2250 3550 proﬁtearis
2301 3477 2654 3532 amatorem’.
2699 3476 2868 3544 Quam
2917 3476 2962 3530 si
3019 3491 3146 3531 vero
3191 3489 3263 3530 ac
3298 3472 3527 3529 ﬁdeliter

1949 3583 2185 3624 amasses
2211 3609 2224 3633 ,
2257 3568 2526 3623 Christum
2568 3568 2662 3623 Dei
2699 3569 2950 3622 virtutem
2990 3577 3044 3623 et
3074 3567 3164 3622 Dei
3208 3565 3528 3637 sapientiam

1949 3661 2292 3732 cognovisses
2311 3703 2326 3726 ,
2353 3675 2455 3716 nec
2489 3659 2558 3715 ab
2587 3659 2701 3730 ejus
2742 3660 3091 3716 saluberrima
3113 3658 3412 3712 humilitate
3442 3666 3528 3711 tu-

1947 3766 2097 3806 more
2121 3751 2334 3805 inﬂatus
2361 3765 2510 3804 vana:
2535 3749 2770 3805 scientia:
2798 3749 3098 3804 resiluisses
3120 3746 3218 3818 (α).
3239 3746 3522 3803 Conﬁtcris

1952 3853 2132 3899 tamen
2158 3843 2317 3898 etiam
2343 3841 2671 3911 spiritualem
2701 3840 2930 3896 animam
2956 3840 3073 3896 sine
3096 3839 3380 3909 theurgicis
3405 3839 3546 3893 arti~

1947 3935 2048 3991 bus
2081 3941 2135 3989 et
2173 3933 2292 3989 sine
2330 3932 2535 3999 teletis,
2564 3931 2756 4001 quibus
2796 3930 2995 3986 frustra
3028 3929 3318 3988 discendis,
3346 3927 3529 3984 elabo-

1945 4026 2076 4082 rasti
2101 4067 2116 4093 ,
2151 4039 2310 4095 posse
2358 4021 2699 4078 continentia:
2742 4022 2939 4077 virtute
2966 4021 3198 4091 purgari.
3220 4019 3524 4088 Aliquando

1949 4118 2111 4173 etiam
2141 4115 2310 4182 dicis,
2341 4113 2484 4185 quod
2521 4114 2697 4169 teletae
2739 4127 2846 4168 non
2895 4120 3014 4182 post
3059 4121 3287 4167 mortem
3313 4112 3526 4168 elevant

1914 4206 1917 4209 ’
1945 4208 2221 4270 animam;
2253 4212 2306 4260 ut
2349 4203 2458 4274 jam
2498 4201 2797 4259 nee-eidem
2829 4201 2963 4272 ipsi,
2993 4216 3153 4273 quam
3196 4201 3525 4271 spiritualem

1947 4313 2128 4364 vocas,
2152 4295 2350 4368 aliquid
2373 4305 2494 4366 post
2516 4295 2672 4364 hujus
2695 4294 2818 4349 vita:
2843 4293 3002 4349 finem
3031 4291 3286 4362 prodesse
3314 4291 3526 4347 videan-

1943 4398 2032 4445 tur
2059 4406 2073 4444 :
2105 4396 2162 4443 et
2187 4397 2365 4442 tamen
2402 4401 2590 4442 versas
2627 4386 2742 4442 haec
2780 4385 2961 4440 multis
2988 4384 3162 4440 modis
3199 4392 3254 4440 et
3283 4384 3481 4454 repetis
3502 4424 3522 4450 ,

1943 4479 2010 4535 ad
2063 4478 2193 4533 nihil
2245 4477 2409 4543 aliud,
2462 4486 2718 4546 quantum
2763 4474 3178 4554 existimo,nisi
3230 4482 3288 4529 ut
3334 4474 3522 4529 talium

1941 4583 2152 4640 quoque
2205 4583 2382 4624 rerum
2439 4566 2589 4636 quasi
2641 4565 2844 4634 peritus
2889 4580 3183 4635 appareas,
3215 4573 3269 4621 et
3306 4564 3518 4635 placeas

1940 4662 2242 4718 illicitarum
2293 4660 2487 4714 artium
2530 4661 2789 4726 curiosis,
2820 4661 2904 4715 vel
2947 4659 3014 4715 ad
3066 4674 3158 4716 eas
3200 4659 3364 4715 facias
3407 4660 3522 4730 ipse

1941 4752 2202 4810 curiosos.
2255 4751 2361 4807 Sed
2417 4752 2592 4817 bene,
2624 4749 2765 4820 quod
2818 4751 3161 4807 metuendam
3201 4751 3335 4806 dicis
3382 4749 3520 4805 hanc

1941 4853 2110 4899 artem
2165 4843 2247 4898 vel
2299 4843 2473 4912 legum
2513 4843 2793 4912 periculis,
2828 4844 2910 4898 vel
2969 4843 3134 4912 ipsius
3181 4840 3406 4896 actionis
3428 4840 3502 4910 (ὁ)

1939 4936 2112 5004 Atque
2141 4935 2340 4989 utinam
2373 4932 2474 4988 hoc
2512 4934 2698 4988 saltem
2735 4934 2832 4988 abs
2879 4944 2929 4989 te
2972 4934 3150 4988 miseri
3179 4931 3429 4996 audiant,
3459 4939 3516 4986 et

2001 5047 2019 5080 ⁸
2053 5045 2159 5096 Sola
2183 5046 2330 5094 editio
2350 5052 2480 5108 Lov.,
2504 5044 2782 5108 prwstititri.

1999 5110 2019 5140 ⁸
2051 5110 2122 5160 sic
2140 5115 2244 5156 Mss.
2266 5114 2322 5156 At
2344 5107 2475 5165 Fditi,
2503 5105 2724 5156 dicendo.

2000 5171 2021 5201 ³
2054 5169 2187 5227 aditi,
2213 5163 2528 5277 etlasapientia:
2549 5176 2594 5218 te
2630 5165 2900 5232 proﬁtearis
2935 5168 3212 5240 (maiorem.
3259 5163 3423 5225 Abest,
3447 5170 3514 5228 te,

2000 5243 2255 5277 manuscru
2299 5243 2339 5277 s.
2601 5263 2606 5266 -
3027 5255 3037 5265 -

1935 5243 1969 5282 a
1989 5232 2339 5282 tmnuscrittls.
2601 5263 2606 5266 .
3027 5255 3037 5265 .
3166 5238 3168 5240 τ

1998 5244 2376 5354 ῗιῖηιξῗξιᾜξιῗάθ
2395 5290 2541 5354 enim
2581 5263 2714 5354 prius
2748 5286 2837 5338 fuit
2859 5255 3162 5354 christianus,
3198 5294 3369 5354 postea
3392 5300 3515 5354 vero

1935 5348 2308 5462 prgeisdecsgtgg
2334 5359 2384 5400 et
2419 5348 2740 5400 adverSarius.
2773 5348 2901 5399 conf.
2926 5355 3125 5410 socrat.,
3155 5348 3273 5401 Hist.
3311 5348 3516 5410 eccles.,

1997 5447 2357 5540 ξὺῖέῗίὶεᾷὗῖη
2378 5469 2626 5540 periculis,
2644 5471 2756 5540 quia
2777 5468 3105 5540 legeseiviles
3127 5485 3296 5540 poenas
3306 5471 3510 5540 magica:

1934 5530 2024 5585 arti
2046 5530 2429 5592 constituerunt;
2464 5530 2537 5580 vel
2564 5530 2716 5595 ipsius
2754 5530 2969 5592 actionis,
2995 5546 3105 5582 nam
3129 5530 3414 5595 periculosa
3428 5545 3514 5581 res

1935 5605 2031 5656 est,
2047 5598 2145 5654 nisi
2167 5596 2262 5648 rite
2288 5600 2595 5656 exerceatur.
2643 5595 2890 5643 trritautur
2911 5596 3039 5642 enim
3063 5595 3311 5656 daemones
3335 5603 3386 5644 et
3408 5606 3512 5642 ma-

1933 5653 2028 5720 gna
2051 5657 2266 5720 inferunt
2287 5653 2412 5703 mala
2435 5655 2659 5720 imperite
2685 5657 2980 5720 exeantantj,
3003 5656 3130 5717 quod
3153 5655 3316 5707 multis
3337 5667 3513 5704 exem.

1933 5715 2026 5781 filis
2047 5715 2606 5781 ostenderunt:_qu_ippe
2641 5723 2801 5765 amant
2845 5715 3111 5781 perfectam
3143 5721 3458 5781 impietatem,
3483 5728 3510 5781 a

1933 5775 2028 5842 qua
2049 5777 2252 5842 difﬁcilis
2278 5777 2341 5842 sit
2371 5775 2687 5842 adjziemtem
2710 5775 2956 5830 recursus.
3005 5778 3117 5830 Ideo
3153 5775 3418 5830 terroribus
3450 5776 3510 5825 ad

1938 5793 2028 5842 qua
2049 5789 2252 5827 mincius
2278 5789 2341 5825 su
2371 5789 2429 5824 aa
2453 5789 2687 5884 pietatem
2710 5791 2893 5828 recurSI

1938 5854 2045 5891 eam
2063 5839 2286 5891 homines
2307 5835 2455 5900 impcl
2476 5844 2578 5888 unt.
2601 5845 2712 5890 ιω.
2737 5849 2893 5892 Vives.
