4064 6514
452 363 556 428 507

453 474 608 543 inde,
639 489 707 531 ne
737 474 845 533 illic
874 473 1257 530 absorbeantur
1275 514 1288 540 ,
1321 473 1646 542 abscedant,
1674 485 1766 532 aut
1790 492 1855 532 eo
1883 478 2033 549 peni-

457 577 543 621 tus
581 581 686 620 non
725 565 1002 621 accedant.
1037 564 1392 634 lgnorantiam
1418 576 1566 622 certe
1592 576 1645 622 et
1675 577 1889 639 propter
1913 583 2032 624 eam

457 658 624 713 multa
654 657 780 712 vitia
810 672 905 728 per
940 656 1109 710 nullas
1152 657 1337 710 teletas
1365 658 1573 727 purgari
1601 657 1767 724 dicis,
1814 659 1908 714 sed
1941 675 2034 730 per

453 751 627 805 solum
671 759 899 823 πατρικὸν
930 761 1060 815 νοῦν,
1094 748 1147 804 id
1175 759 1291 815 est,
1329 759 1602 820 paternam
1651 760 1886 810 mentem
1922 751 2034 807 sive

457 839 782 896 intellectum
803 881 818 908 ,
843 839 932 911 qui
962 847 1200 910 paterna:
1242 847 1325 896 est
1354 839 1638 896 voluntatis
1660 839 1908 895 conscius
1935 839 2031 912 (a).

456 932 609 987 Hunc
637 939 815 987 autem
857 931 1125 987 Christum
1171 944 1292 985 esse
1337 946 1442 984 non
1493 929 1666 986 credis
1696 948 1709 986 :
1739 933 2037 988 contemnis

454 1024 597 1078 enim
645 1038 766 1079 eum
816 1031 1036 1099 propter
1077 1035 1270 1092 corpus
1316 1037 1381 1080 ex
1425 1021 1619 1078 femina
1672 1031 1950 1092 acceptum
1984 1032 2038 1078 et

453 1124 672 1186 propter
712 1115 886 1174 crucis
941 1113 1286 1190 opprobrium
1310 1155 1324 1179 ,
1354 1113 1618 1168 excelsam
1658 1113 1906 1168 videlicet
1953 1127 2041 1172 sa-

454 1207 710 1275 pientiam
765 1205 958 1275 spretis
1009 1214 1166 1275 atque
1204 1205 1426 1274 abiectis
1466 1204 1662 1258 inﬁmis
1709 1203 1934 1266 idoneus
1971 1203 2037 1258 de

455 1297 822 1367 superioribus
850 1311 1087 1366 carpere.
1117 1297 1185 1350 At
1214 1297 1301 1356 ille
1328 1294 1544 1364 implet,
1572 1293 1713 1364 quod
1757 1293 2038 1363 Prophetas

459 1391 630 1445 Sancti
656 1390 725 1445 de
757 1389 848 1446 illo
869 1390 1129 1446 veraciter
1159 1388 1517 1458 praedixerunt
1542 1405 1554 1440 :
1585 1386 1802 1440 Perdam
1841 1388 2042 1457 sapien-r

461 1483 585 1535 tiam
610 1482 944 1552 sapientium,
973 1491 1019 1534 et
1046 1481 1363 1558 prudentiam
1401 1479 1726 1551 prudentium
1764 1477 2038 1548 reprobabo

460 1569 617 1641 (Isai.
652 1588 800 1639 xm,
827 1571 937 1642 M).
966 1571 1082 1630 Non
1112 1572 1253 1628 enim
1297 1586 1446 1636 suam
1477 1570 1529 1624 in
1561 1569 1638 1628 eis
1667 1569 1840 1640 perdit
1867 1578 1920 1623 et
1956 1584 2040 1623 re-

462 1665 675 1734 probat,
701 1679 858 1734 quam
911 1665 1023 1734 ipse
1061 1663 1314 1728 donavit;
1347 1663 1442 1718 sed
1469 1678 1625 1733 quam
1665 1662 1766 1717 sibi
1793 1669 2043 1732 arrogant

462 1755 556 1824 qui
584 1769 692 1820 non
720 1754 917 1810 habent
942 1755 1126 1837 ipsius.
1163 1753 1310 1816 Unde
1342 1763 1762 1810 commemorato
1791 1753 1892 1807 isto
1918 1768 2041 1822 pro-

464 1845 682 1916 phetico
714 1845 1017 1905 testimonio
1036 1887 1050 1912 ,
1079 1845 1319 1915 sequitur
1342 1854 1396 1900 et
1425 1845 1551 1900 dicit
1586 1844 1873 1914 Apostolus
1902 1863 1913 1898 :
1948 1842 2044 1902 Ubi

462 1937 708 2006 sapiens?
760 1937 844 1994 ubi
891 1937 1098 2004 scriba?
1139 1939 1221 1992 ubi
1272 1937 1576 2006 conquisitor
1626 1937 1778 2007 hujus
1829 1936 2046 1991 saeculi?

465 2026 656 2100 Nonne
714 2029 921 2084 stultam
963 2030 1078 2100 fecit
1124 2029 1262 2084 Deus
1303 2030 1602 2102 sapientiam
1635 2030 1785 2100 hujus
1828 2029 2046 2084 mundi?

468 2120 611 2175 Nam
648 2122 886 2193 quoniam
926 2123 979 2176 in
1007 2121 1103 2177 Dei
1127 2123 1375 2193 sapientia
1421 2139 1520 2177 non
1559 2123 1789 2194 cognovit
1830 2121 2046 2176 mundus

468 2227 560 2282 per
585 2212 883 2282 sapientiam
922 2211 1116 2278 Deum,
1153 2213 1345 2282 placuit
1375 2213 1484 2268 Deo
1505 2231 1593 2284 per
1619 2214 1883 2268 stultitiam
1911 2229 2043 2285 pra:-

471 2301 737 2363 dicationis
784 2303 948 2363 salvos
999 2306 1167 2376 facere
1206 2305 1480 2358 credentes.
1543 2303 1795 2370 Quoniam
1848 2305 2048 2374 quidem

471 2388 645 2444 Judaei
663 2391 808 2462 signa
837 2377 1012 2460 petunt
1029 2433 1044 2457 ,
1073 2402 1119 2448 et
1151 2391 1314 2454 Graeci
1336 2393 1631 2462 sapientiam
1659 2402 1884 2463 quarunt
1911 2409 1929 2447 :
1958 2410 2049 2450 nos

471 2492 678 2548 autem,
729 2483 929 2553 inquit,
974 2485 1308 2554 prazdicamus
1385 2484 1638 2538 Christum
1713 2485 2050 2553 cruciﬁxum;

471 2570 672 2627 Judteis
697 2574 895 2644 quidem
932 2575 1262 2640 scandalum,
1297 2572 1537 2633 Gentibus
1561 2585 1726 2628 autem
1746 2574 2048 2639 stultitiam;

475 2661 601 2731 ipsis
630 2679 745 2724 vero
771 2665 956 2717 vocatis
979 2663 1175 2726 Iudaeis
1203 2674 1250 2718 et
1281 2663 1470 2721 Gra’cis
1495 2663 1748 2719 Christum
1779 2663 1874 2720 Dei
1898 2665 2054 2720 virtu-.v

480 2765 578 2812 tem
627 2767 672 2810 et
722 2755 813 2809 Dei
841 2757 1140 2827 sapientiam
1167 2773 1185 2812 :
1215 2759 1454 2827 quoniam
1481 2758 1691 2812 stultum
1721 2756 1818 2812 Dei
1849 2759 2050 2830 sapieno

477 2844 576 2898 tius
615 2854 690 2899 est
731 2845 1017 2904 hominibus
1041 2888 1056 2913 ,
1097 2857 1143 2900 et
1186 2847 1444 2915 inﬁrmum
1469 2847 1564 2901 Dei
1587 2849 1767 2917 fortius
1797 2859 1867 2902 est
1893 2849 2055 2903 homi-

476 2934 622 2988 nibus
650 2935 691 3006 (l
709 2935 826 2991 Cor.
853 2936 1130 3007 1,49-25).
1157 2936 1269 2993 Hoc
1295 2938 1444 3007 quasi
1466 2938 1685 2992 stultum
1715 2948 1770 2994 et
1787 2938 2052 2994 inﬁrmum

487 3026 730 3096 linquam
755 3042 847 3083 sua
876 3028 1072 3084 virtute
1095 3029 1363 3099 sapientes
1391 3029 1659 3099 fortesque
1687 3040 2052 3086 contemnunt.

480 3115 587 3172 Sed
635 3117 751 3174 haec
793 3126 876 3174 est
917 3119 1122 3189 gratia,
1150 3135 1268 3190 qua:
1316 3129 1470 3180 sanat
1515 3120 1786 3188 inﬁrmos,
1820 3136 1924 3176 non
1963 3136 2053 3177 su-

480 3209 661 3279 perbae
686 3210 952 3280 jactantes
979 3211 1164 3266 falsam
1194 3212 1576 3268 beatitudinem
1617 3228 1795 3274 suam.
1824 3214 1918 3270 sed
1962 3215 2059 3272 ιιιιτ

483 3300 682 3360 militer
707 3302 883 3371 potius
911 3318 1092 3358 veram
1123 3304 1390 3358 miseriam
1417 3304 1753 3362 conﬁtentes.

484 3389 710 3452 CAPUT
754 3391 947 3459 XXIX.
973 3392 1131 3446 —De
1154 3393 1500 3448 incarnatione
1517 3392 1725 3460 Domini
1752 3395 1910 3449 nostri
1933 3394 2058 3454 Jesu

555 3481 761 3550 Christi,
781 3499 932 3554 quam
960 3484 1187 3553 conﬁteri
1212 3483 1591 3540 Platonicorum
1613 3483 1854 3543 erubescit
1878 3486 2060 3558 impie-

559 3582 656 3633 tas.

557 3667 614 3720 1.
643 3665 908 3722 Prin-dicas
928 3666 1138 3723 Patrem
1159 3675 1212 3723 et
1233 3667 1348 3738 ejus
1367 3668 1583 3737 Filium,
1604 3684 1763 3740 quem
1784 3684 1943 3726 vocas
1967 3685 2062 3741 pa-

490 3764 700 3811 ternum
724 3757 1048 3816 intellectum
1072 3774 1167 3814 seu
1210 3770 1462 3826 mentem;
1485 3769 1536 3815 et
1575 3759 1766 3815 horum
1793 3761 2058 3826 medium,

495 3860 657 3916 quem
682 3855 930 3915 putamus
955 3857 1009 3904 te
1037 3849 1216 3904 dicere
1244 3851 1499 3920 Spiritum
1530 3859 1774 3916 sanctum
1795 3892 1808 3916 ,
1831 3859 1886 3906 et
1913 3865 2061 3906 more

491 3946 680 3992 vostro
708 3938 943 4014 appellas
972 3949 1082 3996 tres
1101 3939 1229 3994 deos
1252 3940 1344 4011 (b).
1374 3940 1493 4007 Ubi,
1524 3941 1625 3996 etsi
1649 3941 1826 3996 verbis
1850 3940 2064 4003 indisci—

491 4029 704 4102 plinatis
726 4029 1148 4096 utimini,vidctis
1168 4039 1342 4086 tamen
1366 4032 1822 4103 qualitercumque
1841 4041 1894 4088 et
1913 4033 2062 4101 quasi

490 4135 589 4190 per
610 4121 852 4190 quadam
880 4123 1053 4179 tenuis
1074 4123 1459 4192 imaginationis
1481 4123 1787 4186 umbracula
1808 4165 1824 4193 ,
1851 4139 1955 4194 quo
1983 4125 2063 4178 ni-

494 4211 710 4266 tendum
739 4213 809 4266 sit
839 4231 852 4267 :
879 4213 970 4266 sed
1008 4213 1426 4275 incarnationem
1454 4212 1898 4270 incommutabilis
1943 4213 2063 4268 Filii

497 4299 631 4367 Dei,
661 4316 768 4370 qua
792 4302 1093 4369 salvamur,
1119 4312 1176 4357 ut
1201 4302 1267 4358 ad
1309 4303 1395 4358 illa
1422 4318 1541 4373 quae
1565 4303 1862 4370 credimus,
1889 4304 1972 4359 vel
1999 4320 2064 4368 ex

503 4391 988 4460 quantulacumque
1016 4403 1167 4462 parte
1193 4393 1554 4464 intelligimus,
1569 4395 1751 4450 venire
1777 4396 2061 4465 possimus,

497 4495 606 4538 non
629 4481 787 4544 vultis
814 4496 1122 4558 agnoscere.
1142 4483 1321 4554 itaque
1340 4485 1529 4543 videtis
1551 4493 1832 4558 utcumque
1848 4528 1863 4554 ,
1881 4486 1983 4542 etsi
2001 4486 2068 4543 de

497 4572 808 4643 longinquo,
827 4573 928 4630 etsi
955 4574 1070 4630 acie
1087 4575 1371 4645 caligante,
1390 4576 1612 4646 patriam
1641 4577 1690 4630 in
1713 4592 1814 4648 qua
1843 4592 2066 4632 manen-

497 4663 623 4718 dum
647 4672 762 4740 est;
785 4665 879 4727 sed
896 4667 1032 4720 viam
1057 4681 1160 4736 qua
1176 4668 1405 4722 eundum
1429 4679 1531 4734 est,
1552 4682 1657 4722 non
1676 4667 2068 4723 tenetis.Conﬁ-

456 4751 459 4754 ”
500 4757 632 4810 teris
684 4764 861 4812 tamen
918 4757 1175 4826 gratiam,
1205 4758 1630 4829 quandoquidem
1655 4761 1734 4814 ad’
1763 4760 1928 4816 Deum
1975 4775 2071 4830 per

497 4847 750 4911 virtutem
794 4848 1155 4918 intelligentia:
1207 4851 1520 4919 pervenire,
1557 4853 1737 4922 paucis
1779 4851 1912 4906 dicis
1948 4867 2070 4908 esse

495 4953 832 4997 concessum.
852 4939 970 5001 Non
994 4956 1133 4995 enim
1151 4941 1304 5007 dicis,
1331 4941 1516 4997 Paucis
1532 4943 1756 5012 placuit;
1782 4943 1890 5009 vel,
1912 4943 2071 4998 Pauci

497 5031 820 5094 voluerunt:
849 5030 943 5086 sed
986 5046 1106 5086 cum
1150 5031 1283 5086 dicis
1326 5047 1446 5090 esse
1489 5047 1799 5089 concessum
1826 5073 1844 5101 ,
1889 5033 2072 5103 procul

499 5121 662 5176 dubio
688 5122 782 5177 Dei
811 5125 1059 5194 gratiam,
1087 5139 1192 5179 non
1228 5124 1461 5178 hominis
1489 5123 1857 5179 sufﬁcientiam
1901 5123 2073 5179 conﬁ-

501 5211 650 5264 teris.
674 5212 852 5268 Uteris
873 5215 1032 5270 etiam
1061 5213 1164 5270 hoc
1191 5215 1357 5270 verbo
1383 5215 1616 5284 apertius
1641 5255 1656 5279 ,
1687 5215 1773 5270 ubi
1796 5256 1810 5278 ,
1839 5213 2074 5274 Platonis

503 5303 823 5356 sententiam
856 5303 926 5377 (ε)
954 5320 1187 5375 sequens
1215 5347 1231 5374 ,
1283 5321 1380 5362 nec
1428 5307 1539 5376 ipse
1577 5305 1785 5360 dubitas
1809 5347 1823 5372 ,
1871 5305 1925 5359 in
1973 5304 2076 5362 hac

503 5391 616 5444 vita
647 5390 915 5448 hominem
946 5395 1089 5450 nullo
1116 5395 1276 5452 modo
1305 5395 1368 5448 ad
1396 5393 1774 5464 perfectionem
1801 5394 2077 5464 sapientia:

555 5480 637 5591 δα)
660 5483 801 5544 Multa
817 5485 880 5533 de
896 5493 1063 5536 mente
1086 5495 1285 5549 paterna
1305 5500 1366 5537 ex
1386 5487 1634 5538 Platonicis
1647 5488 1936 5550 Eugnbinus,
1954 5485 2077 5533 libro

589 5557 618 5591 e
643 5547 848 5591 Perenni
880 5546 1194 5591 Philomuhia-
1219 5563 1329 5591 num
1351 5549 1448 5591 illis
1487 5550 1633 5591 etiam
1655 5562 1683 5591 η
1712 5547 1937 5591 eriekrirm
1960 5545 2076 5591 nmis

504 5542 625 5615 ide
643 5542 1197 5615 Perenniyhilosophia,
1219 5563 1329 5612 quae
1351 5549 1448 5615 illis
1487 5550 1633 5615 etiam
1655 5562 1683 5598 ο
1712 5542 1937 5615 Epeltcigm
1960 5545 2076 5605 notis

505 5604 700 5656 dicitur.
735 5607 978 5671 Porphyrii
1013 5604 1161 5671 ipsius
1182 5604 1473 5660 sententiam
1508 5604 1757 5661 demente
1794 5604 1954 5670 divina
1985 5604 2075 5658 seu

506 5674 706 5732 mter-na
731 5668 1133 5732 refert—incapite
1161 5673 1232 5721 ll.
1253 5679 1500 5726 coeamus.

567 5728 642 5852 in;
668 5731 780 5779 Vide
805 5729 944 5790 infra,
964 5728 1050 5781 lib.
1074 5732 1149 5804 l9,
1172 5745 1279 5805 cap.
1301 5732 1384 5796 23.,

579 5804 617 5852 ,ε
666 5799 715 5840 lu
740 5791 974 5843 Phaedone
996 5800 1049 5843 et
1073 5794 1369 5852 Eptnonude.

592 5791 642 5852 c)
666 5799 715 5840 lu
740 5791 974 5843 Phaedone
996 5800 1049 5843 et
1073 5791 1369 5856 Epinomide.

579 5842 587 5852 ι

1507 365 1596 430 DE
1631 365 1950 422 CIVITATE
1990 366 2123 436 DEI,
2162 367 2219 423 S.
2253 366 2613 424 AUGUSTINI

2138 477 2416 548 pervenire
2439 518 2456 545 ,
2485 475 2776 534 secundum
2827 474 3156 531 intellectum
3195 483 3372 532 tamen
3415 475 3716 534 viventibus

2138 583 2297 626 omne
2339 570 2482 640 quod
2531 569 2716 635 deest,
2748 567 3079 638 providentia
3125 568 3217 623 Dei
3262 577 3315 623 et
3360 567 3567 639 gratia,
3594 576 3719 638 post

2140 659 2280 716 hanc
2316 661 2476 715 vitam
2523 675 2681 732 posse
2721 659 2998 731 compleri.
3053 656 3098 714 Ο
3147 659 3192 713 si
3228 659 3573 730 cognovisses
3620 659 3718 716 Dei

2137 751 2362 821 gratiam
2409 766 2505 822 per
2543 750 2726 807 Iesum
2772 749 3042 817 Christum
3089 749 3369 806 Dominum
3423 758 3670 806 nostrum
3697 790 3718 820 ,

2140 843 2413 913 ipsamque
2441 841 2556 913 ejus
2587 841 3005 897 incarnationem
3025 882 3042 908 ,
3066 856 3168 912 qua
3211 841 3442 897 hominis
3481 841 3720 898 animam

2140 949 2438 1006 corpusque
2466 934 2720 1006 suscepit,
2753 949 3021 990 summum
3051 948 3174 989 esse
3193 933 3495 1004 exemplum
3527 934 3723 1004 gratiae

2139 1023 2309 1080 videri
2353 1024 2636 1094 potuisses.
2665 1024 2770 1080 Sed
2800 1023 2927 1094 quid
2968 1023 3199 1079 faciam?
3229 1022 3351 1079 Scio
3395 1037 3482 1080 me
3524 1021 3722 1078 frustra

2142 1116 2284 1187 loqui
2306 1125 2553 1172 mortuo:
2584 1116 2676 1177 sed
2705 1123 2960 1186 quantum
3007 1115 3076 1170 ad
3115 1123 3167 1170 te
3208 1115 3430 1180 attinet;
3460 1123 3720 1184 quantum

2142 1217 2318 1264 autem
2361 1206 2429 1266 ad
2455 1221 2578 1274 eos,
2602 1209 2690 1277 qui
2719 1217 2770 1262 te
2797 1207 3218 1277 magnipendunt
3235 1247 3253 1275 ,
3285 1216 3338 1262 et
3365 1215 3416 1262 te
3441 1206 3527 1262 vel
3547 1206 3726 1276 quali.

2143 1313 2372 1368 cumque
2418 1314 2602 1354 amore
2647 1299 2957 1370 sapientizn,
3007 1299 3096 1355 vel
3146 1298 3454 1355 curiositate
3489 1299 3721 1364 artium,

2143 1404 2274 1460 quas
2304 1405 2408 1444 non
2437 1389 2667 1455 debuisti
2709 1389 2950 1458 discere,
2977 1389 3204 1459 diligunt
3230 1430 3244 1455 ,
3276 1404 3409 1460 quos
3452 1389 3630 1458 potius
3667 1387 3728 1448 in

2145 1489 2230 1534 tua
2281 1481 2686 1550 compellatione
2737 1481 3014 1552 alloquor,
3062 1481 3291 1545 fortasse
3341 1495 3448 1535 non
3500 1478 3724 1534 frustra.

2145 1571 2328 1627 Gratia
2357 1572 2448 1626 Dei
2478 1589 2582 1626 non
2615 1572 2787 1642 potuit
2813 1573 3016 1642 gratius
3045 1571 3439 1639 commendari,
3468 1587 3628 1642 quam
3668 1579 3730 1626 ut

2147 1661 2260 1730 ipse
2291 1663 2476 1716 unicus
2503 1662 2596 1717 Dei
2622 1661 2788 1717 Filius
2818 1662 2870 1717 in
2898 1677 2956 1718 se
2980 1662 3482 1722 incommutabiliter
3502 1674 3729 1717 manens

2147 1753 2392 1809 indueret
2420 1753 2688 1819 hominem
2715 1757 2730 1785 ι
2752 1795 2768 1821 ,
2797 1763 2852 1809 et
2889 1768 3038 1824 spem
3086 1753 3388 1810 dilectionis
3431 1767 3542 1807 suae
3571 1751 3731 1806 daret

2149 1843 2450 1898 hominibus
2471 1885 2486 1911 ,
2531 1846 2746 1901 homine
2792 1845 2970 1900 medio
2997 1885 3013 1912 ,
3045 1860 3152 1915 quo
3180 1845 3246 1900 ad
3276 1845 3423 1900 illum
3451 1843 3519 1898 ab
3547 1843 3732 1899 homi-

2147 1939 2303 1993 nibus
2332 1939 2624 2004 veniretur,
2665 1938 2754 2009 qui
2807 1948 2913 1992 tam
2964 1938 3122 2008 longe
3169 1947 3284 1992 erat
3333 1935 3655 1991 immortalis
3698 1950 3734 1994 a

2151 2031 2489 2096 mortalibus,
2514 2030 2960 2085 incommutabilis
2986 2045 3015 2084 a
3044 2028 3532 2094 commutabilibus,
3554 2027 3735 2097 justus.

2149 2124 2216 2178 ab
2244 2123 2438 2192 impiis,
2466 2123 2651 2178 beatus
2677 2137 2708 2176 a
2737 2122 2966 2178 miseris.
3007 2122 3074 2176 Et
3098 2122 3221 2192 quia
3243 2119 3556 2175 naturaliter
3583 2117 3732 2174 indi-

2151 2213 2228 2269 dit
2274 2214 2463 2280 nobis,
2499 2221 2556 2267 ut
2601 2213 2739 2269 beati
2787 2212 3220 2282 immortalesque
3265 2225 3386 2266 esse
3431 2211 3734 2280 cupiamus,

2152 2319 2375 2364 manens
2404 2305 2592 2360 beatus
2616 2347 2630 2369 ,
2675 2304 3078 2374 suscipiensquc
3127 2303 3444 2369 mortalem,
3473 2311 3533 2356 ut
3578 2300 3738 2362 nobis

2155 2398 2412 2453 tribueret
2461 2398 2602 2468 quod
2646 2412 2922 2464 amamus,
2968 2395 3314 2468 perpetiendo
3361 2394 3544 2450 docuit
3605 2407 3741 2450 con-

2155 2500 2392 2548 temnere
2421 2489 2561 2560 quod
2591 2489 2857 2542 timemus.

2223 2582 2279 2636 2.
2311 2582 2415 2638 Sed
2464 2582 2586 2636 huic
2622 2581 2828 2636 veritati
2869 2588 2926 2634 ut
2961 2579 3187 2648 possetis
3217 2577 3558 2649 acquiescere
3581 2617 3594 2641 ,
3628 2574 3738 2629 hu-

2155 2674 2378 2728 militate
2418 2687 2552 2741 Opus
2595 2681 2742 2735 erat.
2787 2686 2904 2739 quae
2949 2671 3142 2726 cervici
3190 2678 3382 2724 vestrae
3428 2666 3742 2722 difﬁcillime

2157 2763 2462 2834 persuaderi
2490 2771 2682 2831 potest.
2706 2760 2843 2828 Quid
2865 2763 3005 2815 enim
3030 2759 3341 2815 incredibile
3363 2757 3577 2821 dicitur,
3597 2771 3745 2826 prae.

2156 2854 2340 2908 sertim
2367 2854 2519 2909 vobis
2543 2853 2629 2922 qui
2659 2852 2779 2906 talia
2809 2852 3024 2921 sapitis,
3050 2851 3240 2921 quibus
3277 2850 3343 2904 ad
3374 2849 3476 2904 hoc
3505 2847 3741 2904 credens

2157 2945 2286 3000 dum
2325 2958 2420 2998 vos
2467 2944 2612 3014 ipsos
2652 2943 2942 2998 admonere
2979 2941 3252 3007 debeatis;
3284 2939 3444 3010 quid,
3481 2940 3739 3010 inquam,

2158 3035 2310 3090 vobis
2350 3035 2656 3090 incredibile
2695 3033 2909 3100 dicitur,
2955 3048 3076 3096 cum
3118 3032 3258 3086 Deus
3297 3031 3490 3085 dicitur
3530 3045 3744 3085 assum-

2159 3126 2329 3196 psissc
2352 3126 2635 3184 humanam
2653 3125 2880 3188 animam
2899 3132 2955 3180 et
2982 3123 3212 3192 corpus?
3242 3121 3350 3176 Vos
3366 3130 3510 3176 certe
3535 3128 3745 3176 tantum

2161 3216 2390 3276 tribuitis
2416 3216 2606 3276 animus
2637 3214 2975 3269 intellectuali
2997 3255 3012 3280 ,
3043 3228 3161 3282 qum
3203 3212 3377 3266 anima
3409 3212 3589 3281 utique
3634 3209 3745 3264 hu-

2161 3321 2315 3360 mana
2340 3313 2450 3371 est,
2481 3313 2538 3358 ut
2566 3319 2682 3361 eam
2711 3303 3211 3367 consubstantialem
3241 3309 3476 3370 paternae
3502 3301 3575 3355 illi
3599 3316 3751 3356 men-

2164 3395 2238 3460 ti,
2269 3409 2424 3463 quem
2457 3395 2547 3448 Dei
2580 3394 2768 3448 Filium
2805 3392 3164 3458 conﬁtemini,
3205 3391 3320 3452 ﬁeri
3350 3406 3504 3461 posse
3530 3391 3744 3448 dicatis.

2162 3483 2299 3551 Quid
2327 3497 2455 3554 ergo
2485 3482 2792 3538 incredibile
2820 3492 2900 3537 est
2920 3524 2936 3548 ,
2960 3483 3004 3536 si
3034 3483 3204 3551 aliqua
3233 3496 3335 3536 una
3366 3482 3747 3537 intellectualis

2163 3574 2337 3632 anima
2360 3573 2519 3629 modo
2542 3573 2770 3645 quodam
2798 3571 3050 3627 ineffabili
3072 3581 3126 3626 et
3153 3570 3405 3643 singulari
3431 3586 3528 3642 pro
3551 3572 3751 3626 multo—

2163 3681 2281 3726 rum
2313 3667 2483 3721 salute
2506 3675 2751 3734 suscepta
2785 3663 2908 3719 est?
2933 3661 3136 3733 Corpus
3171 3678 3300 3718 vero
3333 3663 3524 3715 animas
3561 3660 3748 3716 colla:-

2163 3772 2283 3812 rere
2302 3798 2315 3821 ,
2340 3767 2395 3811 ut
2427 3757 2584 3812 homo
2615 3766 2756 3810 toms
2783 3765 2836 3811 et
2863 3755 3048 3824 plenus
3077 3755 3181 3820 sit,
3215 3763 3400 3810 natura
3426 3761 3605 3808 nostra
3629 3753 3746 3821 ipsa

2170 3857 2302 3904 teste
2321 3849 2712 3918 cognoscimus.
2735 3846 2886 3913 Quod
2911 3847 3009 3899 nisi
3035 3844 3430 3898 utitatissimum
3456 3851 3619 3906 esset,
3643 3841 3752 3898 hoc

2165 3941 2402 4011 profecto
2416 3948 2557 3995 esset
2577 3939 2930 4000 incredibilius
2951 3956 2964 3991 :
2985 3937 3190 3992 facilius
3207 3938 3398 4007 quippe
3419 3936 3470 3990 in
3489 3936 3645 3991 ﬁdem
3667 3951 3752 3992 re-

2166 4034 2464 4104 cipiendum
2490 4041 2600 4100 est,
2630 4033 2729 4089 etsi
2757 4031 3043 4087 humanum
3071 4030 3249 4084 divino
3267 4070 3282 4094 ,
3313 4029 3413 4087 etsi
3441 4028 3749 4083 mutabilem

2167 4125 2607 4195 incommutabili,
2628 4135 2802 4179 tamen
2835 4124 3078 4193 spiritum
3105 4121 3331 4191 spiritui,
3359 4129 3469 4186 aut,
3495 4128 3551 4173 ut
3571 4119 3753 4174 verbis

2168 4227 2285 4272 utar
2304 4233 2420 4289 quae
2440 4217 2493 4271 in
2511 4230 2607 4270 usn
2625 4216 2848 4280 habetis,
2873 4217 3240 4283 incorporeum
3261 4213 3573 4281 incorporeo
3588 4224 3752 4280 quam

2167 4323 2360 4382 cnrpus
2400 4307 2714 4376 incorporeo
2737 4305 3027 4360 cohaerere.
3051 4307 3130 4357 An
3159 4302 3292 4366 forte
3319 4316 3413 4356 vos
3433 4300 3650 4355 oﬂ‘endit
3676 4300 3754 4354 in-

2168 4383 2392 4456 usitatus
2420 4398 2660 4468 corporis
2691 4408 2872 4467 partus
2900 4412 2963 4450 ex
2992 4395 3232 4464 virgine?
3257 4393 3437 4462 Neque
3462 4391 3565 4446 hoc
3589 4389 3756 4445 debet

2169 4489 2458 4554 offendere,
2483 4490 2589 4543 imo
2611 4489 2788 4558 potius
2815 4487 2878 4540 ad
2908 4487 3155 4555 pietatem
3183 4481 3571 4552 suscipiendam
3591 4478 3756 4535 debet

2171 4580 2455 4642 adducere,
2484 4579 2622 4650 quod
2649 4577 2904 4634 mirabilis
2931 4575 3243 4630 mirabiliter
3263 4564 3415 4628 natus
3440 4579 3539 4627 est.
3565 4573 3645 4626 An
3667 4583 3756 4625 vo-

2170 4687 2233 4730 ro
2263 4671 2404 4742 quod
2434 4673 2602 4740 ipsum
2631 4685 2821 4738 corpus
2857 4675 3026 4722 morte
3050 4666 3368 4735 depositum,
3397 4672 3451 4720 et
3479 4665 3532 4719 in
3559 4662 3758 4718 melius

2172 4764 2564 4820 resurrectione
2605 4771 2896 4827 mutatum,
2941 4759 3051 4828 jam
3103 4757 3503 4828 incorruptibile
3527 4797 3542 4823 ,
3572 4769 3754 4824 neque

2174 4857 2398 4913 mortale
2422 4858 2445 4890 ³
2474 4857 2525 4910 in
2553 4870 2780 4925 superna
2811 4852 3094 4908 subvexit?
3121 4851 3232 4905 Hoc
3265 4849 3492 4904 fortasse
3532 4845 3759 4901 credere

2175 4947 2433 5011 recusatis
2454 4987 2469 5012 ,
2511 4946 2777 5002 intuentes
2811 4942 3163 5013 Porphyrium
3194 4940 3245 4994 in
3277 4939 3361 4992 bis
3399 4936 3528 5007 ipsis
3566 4934 3715 4989 libris
3735 4975 3754 5002 ,

2176 5052 2240 5092 ex
2288 5036 2479 5106 quibus
2527 5036 2687 5093 multa
2736 5033 2924 5104 Posui,
2971 5047 3105 5101 quos
3157 5030 3224 5086 de
3269 5040 3514 5098 regressu
3559 5025 3753 5079 animae

2178 5128 2427 5198 St'l‘ipsil,
2468 5137 2573 5180 tam
2610 5126 2799 5184 crebro
2831 5124 3155 5193 praecipere,
3196 5135 3354 5176 omne
3394 5130 3589 5187 corpus
3631 5130 3754 5172 esse

2177 5221 2516 5290 fugiendum,
2557 5227 2615 5272 ut
2655 5217 2828 5272 anima
2862 5216 3028 5284 possit
3072 5213 3224 5268 beata
3270 5223 3583 5282 permanere
3629 5221 3754 5261 eum

2182 5311 2309 5366 Deo.
2345 5309 2449 5365 Sed
2478 5309 2592 5378 ipse
2628 5309 2800 5376 potius
2838 5306 2938 5360 ista
2973 5304 3209 5358 sentiens
3238 5299 3582 5372 corrigendus
3619 5296 3754 5358 fuit,

2181 5401 2474 5472 prmsertim
2501 5414 2621 5453 cum
2647 5397 2713 5452 de
2741 5397 2914 5450 anima
2943 5393 3122 5448 mundi
3143 5392 3301 5463 hujus
3325 5391 3546 5446 visibilis
3567 5398 3620 5443 et
3647 5396 3756 5441 tam

2183 5494 2410 5565 ingentis
2449 5505 2721 5561 corporea:
2761 5487 2954 5548 molis,
2981 5501 3101 5540 cum
3143 5484 3234 5540 illo
3277 5492 3385 5537 tam
3426 5477 3760 5536 incredibilia

2245 5606 2264 5637 ι
2301 5603 2435 5654 Vind.
2461 5610 2560 5653 Am.
2587 5607 2662 5651 Er.
2689 5607 2741 5650 et
2764 5599 2933 5662 plures
2946 5605 3076 5662 Mss,
3093 5596 3377 5662 indueretur
3403 5591 3663 5662 hominem.
3707 5593 3764 5638 Β

2183 5650 2611 5726 ίῑάθιιῐὶἰυὲίῂοέι,
2635 5650 2820 5712 homine
2845 5659 3036 5718 medio,
3060 5650 3262 5719 habent,
3286 5669 3382 5720 qua
3418 5653 3483 5705 ad
3522 5650 3677 5702 illum.
3704 5670 3765 5686 --

2182 5724 2253 5785 sic
2275 5728 2418 5791 etiam
2438 5724 2716 5791 ndétriblss.
2785 5730 2839 5771 Μ.
2885 5788 2894 5791 _
3011 5779 3023 5791 .

2249 5791 2270 5822 ³
2303 5790 2376 5838 Sic
2404 5794 2510 5838 Mss.
2535 5788 2652 5838 Editi
2677 5797 2813 5845 vero,
2847 5788 2986 5846 attlne
3004 5778 3285 5832 immortale.

3684 5889 3710 5905 ν
