4064 6504
249 415 348 472 309

249 523 480 596 sapiatis.
523 521 750 576 Platone
782 517 976 588 quippe
1003 521 1220 568 auclore
1249 509 1336 582 (In
1369 509 1600 578 Timere),
1630 507 1824 562 animal

249 631 364 672 esse
391 612 570 669 dicitis
597 609 884 672 mundum,
930 615 985 660 et
1025 601 1216 658 animal
1261 600 1661 666 beatissimum,
1687 598 1828 669 quod

247 706 404 764 vultis
443 717 564 759 esse
605 701 765 757 etiam
794 695 1196 764 sempiternum.
1237 688 1518 756 Quomodo
1563 701 1692 757 ergo
1729 700 1830 742 nec

250 809 482 866 unquam
510 791 748 848 solvetur
773 803 802 840 a
831 799 1080 854 corpore,
1104 796 1202 836 nec
1223 794 1454 848 unquam
1478 777 1679 832 carebit
1702 775 1828 830 bea—

251 864 472 942 titudine
493 924 508 948 ,
540 883 586 938 si
615 889 674 936 ut
702 879 876 934 anima
901 875 1054 930 beata
1095 873 1197 938 sit,
1228 883 1420 938 corpus
1449 877 1531 923 est
1556 881 1714 922 omne
1743 864 1826 919 fu-

250 975 542 1052 giendum?
567 974 747 1030 Solem
775 981 985 1040 quoi‘lue
1009 966 1168 1021 istum
1194 973 1246 1018 et
1277 969 1468 1018 caetera
1490 959 1661 1014 sidera
1684 999 1698 1024 ,
1726 972 1831 1012 non

251 1051 418 1128 solum
463 1069 518 1124 in
561 1066 714 1122 libris
747 1061 944 1119 vestris
986 1073 1210 1130 corpora
1239 1071 1356 1112 esse
1383 1053 1660 1120 fatemini,
1692 1051 1831 1122 quod

252 1165 528 1222 vobiscum
554 1171 740 1215 omnes
769 1155 1011 1211 homines
1037 1161 1089 1208 et
1113 1150 1423 1220 conspicere
1449 1161 1554 1200 non
1581 1152 1835 1200 cunctan-

254 1265 356 1323 tur,
387 1264 444 1310 et
469 1253 690 1308 dicere:
715 1261 900 1304 verum
929 1245 1088 1300 etiam
1119 1241 1336 1306 altiore,
1364 1247 1423 1294 ut
1445 1237 1665 1308 putatis,
1689 1237 1834 1306 peri-

256 1349 322 1401 tia
339 1387 354 1412 ,
389 1344 508 1398 hmo
530 1356 650 1398 esse
675 1337 920 1394 animalia
945 1333 1251 1390 beatissima
1285 1329 1577 1402 perhibetis
1597 1369 1612 1395 ,
1638 1336 1835 1382 etcum

257 1438 332 1492 his
355 1434 675 1505 corporibus
714 1429 1056 1500 sempiterna.
1081 1425 1216 1494 Quid
1245 1439 1372 1494 ergo
1399 1431 1512 1486 est,
1541 1421 1679 1491 quod
1714 1433 1836 1474 cum

255 1527 402 1582 vobis
436 1525 572 1580 ﬁdes
615 1521 904 1578 christiana
953 1517 1223 1584 suadetur,
1254 1525 1378 1570 tunc
1425 1512 1794 1570 obliviscimini
1819 1553 1833 1578 ,

257 1625 344 1672 aut
372 1617 621 1686 ignorare
661 1627 757 1667 vos
788 1611 985 1681 ﬁngitis
1011 1649 1026 1674 ,
1054 1605 1176 1678 quid
1209 1605 1480 1676 disputare
1510 1613 1600 1660 aut
1641 1603 1838 1657 docere

257 1711 512 1768 soleatis?
537 1709 675 1777 Quid
706 1722 878 1763 causa:
918 1713 1001 1760 est
1037 1719 1153 1770 cur,
1184 1711 1400 1772 pr0pter
1439 1699 1716 1768 opiniones
1744 1709 1838 1750 vc-

259 1812 394 1858 stras
415 1845 432 1868 ,
461 1815 598 1872 quas
625 1814 720 1854 vos
748 1797 846 1867 ipsi
888 1793 1202 1866 oppugnatis
1225 1832 1240 1858 ,
1275 1789 1546 1846 christiani
1577 1801 1695 1843 esse
1740 1799 1838 1839 no-

260 1897 396 1960 litis,
425 1895 532 1949 nisi
561 1893 686 1964 quia
727 1889 970 1946 Christus
1013 1885 1286 1941 humiliter
1311 1883 1494 1950 venit,
1523 1889 1576 1936 et
1613 1895 1707 1936 vos
1747 1893 1840 1933 su-

267 1985 410 2056 perbi
441 1984 618 2039 estis?
667 1981 854 2050 Qualia
897 1987 1201 2033 sanctorum
1239 1987 1466 2043 corpora
1507 1972 1560 2026 in
1605 1984 1844 2026 resurre-

261 2077 432 2134 Ctinne
479 2074 657 2130 futura
705 2073 844 2138 sint,
895 2078 1070 2140 potest
1120 2066 1407 2137 aliquando
1439 2067 1454 2096 ¹
1485 2062 1843 2134 scrupulosius

263 2167 398 2224 inter
421 2165 836 2222 christianarum
865 2161 1257 2231 Scripturarum
1293 2156 1630 2213 doctissimos
1659 2153 1842 2224 dispu-

265 2260 356 2314 tari
386 2278 400 2312 :
429 2257 610 2312 futura
650 2265 830 2312 tamen
869 2253 1194 2322 sempiterna
1237 2247 1456 2304 minime
1503 2246 1844 2312 dubitamus;

264 2359 314 2404 et
351 2349 474 2404 talia
505 2347 684 2402 futura
711 2387 726 2413 ,
756 2345 910 2415 quale
936 2357 1030 2398 sua
1057 2343 1452 2397 resurrectione
1475 2337 1720 2392 Christus
1746 2334 1845 2390 de-

265 2439 577 2495 monstravit
595 2437 900 2506 exemplum
921 2435 963 2487 '.
997 2433 1102 2488 Sed
1131 2431 1535 2504 qualiacumque
1559 2427 1701 2490 sint,
1725 2440 1847 2481 cum

267 2531 688 2602 incorruptibilia
715 2543 932 2600 prorsus
957 2535 1011 2582 et
1035 2523 1353 2580 immortalia
1379 2563 1394 2589 ,
1425 2519 1698 2590 nihiloque
1729 2519 1847 2572 ani-

267 2641 361 2680 tua:
387 2623 935 2694 contemplationem,
964 2635 1064 2690 qua
1094 2619 1148 2672 in
1175 2617 1284 2671 Deo
1313 2615 1512 2686 ﬁgitur,
1551 2611 1848 2683 impedien-

269 2715 330 2770 tia
357 2714 724 2787 prmdicentur
749 2730 762 2776 ;
797 2727 996 2782 vosque
1022 2710 1180 2766 etiam
1207 2707 1394 2762 dicatis
1421 2721 1542 2762 esse
1591 2707 1642 2759 in
1686 2703 1853 2760 coale-

269 2805 432 2860 stibus
477 2803 804 2860 immortalia
850 2817 1076 2872 corpora
1122 2797 1493 2854 immortaliter
1531 2797 1850 2852 beatorum:

269 2897 388 2967 quid
413 2903 498 2952 est
533 2895 674 2966 quod
709 2903 768 2949 ut
804 2893 946 2949 beati
987 2893 1152 2946 simus
1176 2933 1190 2956 ,
1219 2905 1378 2944 omne
1405 2903 1598 2958 corpus
1643 2888 1846 2958 fugien-

269 2987 386 3042 dum
407 3002 532 3042 esse
557 2985 848 3057 opinamini
875 3024 890 3050 ,
920 2993 976 3037 ut
1011 2981 1168 3036 ﬁdem
1207 2979 1554 3034 christianam
1581 2977 1732 3048 quasi
1761 2991 1850 3031 ra-

272 3077 592 3132 tionabiliter
645 3075 830 3144 fugere
873 3070 1204 3136 videamini;
1235 3067 1337 3123 nisi
1385 3068 1506 3138 quia
1557 3065 1688 3121 illud
1731 3074 1854 3134 est,

273 3169 404 3240 quod
431 3169 630 3223 iterum
659 3167 804 3232 dico,
831 3164 1076 3220 Christus
1103 3171 1186 3217 est
1209 3159 1448 3226 humilis,
1479 3173 1576 3214 vos
1599 3157 1856 3229 superbi?

275 3261 348 3314 An
375 3259 516 3314 forte
542 3255 738 3328 corrigi
769 3255 974 3326 pudet?
996 3255 1059 3309 Et
1083 3254 1186 3308 hoc
1213 3253 1399 3307 vitium
1427 3251 1639 3306 nonnisi
1665 3265 1856 3320 super-

277 3351 455 3404 borum
483 3357 589 3403 est.
623 3346 794 3402 Pudet
828 3345 1078 3401 videlicet
1105 3343 1291 3398 doctos
1323 3341 1569 3396 homines
1597 3356 1666 3397 ex
1693 3340 1858 3396 disci-

277 3443 406 3509 pulis
429 3439 672 3494 Platonis
696 3437 812 3492 fieri
833 3435 1122 3505 discipulos
1147 3433 1346 3488 Christi
1371 3473 1386 3499 ,
1418 3433 1506 3504 qui
1533 3433 1857 3502 piscatorem

281 3545 370 3584 suo
395 3527 596 3599 Spiritu
621 3527 806 3594 docuit
831 3541 1024 3596 sapere
1052 3540 1116 3580 ac
1143 3523 1323 3578 dicere
1341 3565 1356 3590 ,
1388 3521 1415 3575 Ι
1424 3539 1456 3576 η
1481 3521 1727 3593 principio
1754 3531 1860 3576 erat

287 3619 534 3686 Verbum,
575 3628 624 3672 et
671 3616 886 3672 Verbum
935 3625 1040 3671 erat
1079 3614 1218 3684 apud
1262 3613 1461 3676 Deum,
1491 3619 1537 3666 et
1577 3611 1716 3666 Deus
1751 3619 1862 3666 erat

290 3711 534 3766 Verbum:
557 3711 654 3764 hoc
679 3719 786 3763 erat
811 3709 863 3762 in
891 3707 1142 3778 principio
1163 3705 1304 3775 apud
1327 3701 1514 3757 Deum.
1547 3701 1732 3756 Omnia
1759 3719 1849 3771 per

281 3819 438 3874 Ipsum
469 3805 608 3875 facta
641 3809 795 3866 sunt,
827 3809 872 3854 et
914 3799 1021 3854 sine
1047 3799 1160 3868 ipso
1192 3801 1382 3868 factum
1418 3802 1490 3849 est
1529 3795 1678 3848 nihil.
1714 3793 1864 3862 Quod

283 3897 463 3964 factum
485 3904 560 3948 est
582 3934 598 3960 ,
627 3893 682 3946 in
709 3893 818 3960 ipso
837 3891 936 3945 vita
956 3897 1062 3944 erat
1083 3905 1104 3955 ;
1127 3897 1171 3942 et
1197 3888 1296 3942 vita
1321 3895 1430 3941 erat
1453 3885 1544 3940 lux
1565 3885 1822 3938 hominum
1843 3924 1858 3951 ,

284 3996 324 4040 et
349 3987 440 4040 tua:
465 3987 522 4038 in
563 3983 776 4038 tenebris
816 3983 946 4037 lucet
969 4023 983 4046 ,
1013 3989 1060 4034 et
1090 3977 1306 4034 tenebrat:
1333 3993 1446 4032 eam
1489 3993 1588 4031 non
1633 3991 1862 4047 compre-

287 4076 576 4130 henderunt.
605 4072 760 4142 Quod
791 4072 998 4126 initium
1025 4071 1196 4126 sancti
1227 4065 1526 4138 Evangelii,
1549 4065 1634 4121 cui
1666 4081 1864 4122 nomen

285 4177 392 4232 est,
423 4165 734 4222 Secundum
778 4147 1078 4226 Joannem,
1109 4159 1324 4230 quidam
1361 4155 1660 4213 Platonicus
1683 4197 1700 4223 ,
1727 4156 1866 4212 sicut

287 4272 314 4310 a
337 4265 522 4312 sancto
561 4270 692 4328 sene
723 4252 1070 4324 Simpliciano
1094 4291 1109 4318 ,
1142 4251 1230 4320 qui
1258 4257 1444 4320 postea
1481 4246 1867 4302 Mediolanensi

289 4348 542 4403 Ecclesiae
569 4344 821 4415 praesedit
857 4343 1143 4412 episcopus
1172 4338 1270 4410 (a),
1309 4337 1616 4394 solebamus
1641 4336 1825 4392 audire
1849 4377 1865 4404 ,

289 4439 456 4494 aureis
487 4437 684 4492 litteris
709 4432 1156 4490 conscribendum
1180 4473 1195 4498 ,
1225 4439 1279 4484 et
1323 4444 1416 4500 per
1456 4441 1643 4482 omnes
1681 4427 1867 4482 Eccle-

289 4535 388 4586 sias
417 4531 472 4585 in
503 4529 640 4584 locis
663 4525 1100 4584 eminentissimis
1127 4521 1532 4595 proponendum
1567 4535 1688 4575 esse
1723 4519 1868 4575 dice-

291 4620 392 4677 bat.
421 4621 530 4676 Sed
561 4619 686 4674 ideo
713 4617 866 4673 viluit
889 4616 1136 4687 superbis
1165 4615 1306 4668 Deus
1337 4613 1424 4668 ille
1449 4613 1722 4682 magister,
1745 4611 1870 4682 quia

303 4711 514 4766 Verbum
533 4727 657 4766 caro
683 4713 873 4782 factum
899 4716 970 4762 est
991 4749 1004 4773 ,
1027 4716 1078 4784 et.
1099 4706 1340 4760 habitavit
1367 4705 1419 4758 in
1445 4703 1588 4757 nobis
1616 4701 1792 4774 (Joan.
1827 4719 1866 4769 t,

293 4805 406 4871 1-5,
441 4804 532 4871 M)
565 4821 578 4856 :
609 4811 666 4857 ut
691 4815 880 4872 parum
909 4801 978 4856 sit
1007 4795 1222 4854 miseris
1261 4795 1402 4866 quod
1441 4801 1737 4866 aegrotant,
1767 4793 1870 4848 nisi

292 4910 348 4949 se
373 4896 422 4948 in
445 4895 560 4964 ipsa
587 4895 748 4947 etiam
771 4890 1086 4961 :egritudine
1114 4888 1374 4944 extollant
1399 4927 1414 4954 ,
1438 4895 1492 4941 et
1517 4885 1584 4940 de
1608 4883 1870 4938 medicina

292 5001 392 5056 qua
431 4986 612 5040 sanari
637 4991 925 5056 poterant,
952 4982 1289 5037 erubescant.
1321 4977 1438 5033 Non
1479 4977 1619 5032 enim
1653 4976 1755 5030 hoc
1794 4975 1871 5031 fa-

292 5081 436 5134 ciunt
457 5088 517 5133 ut
539 5077 835 5148 erigantur,
862 5075 956 5131 sed
983 5083 1040 5129 ut
1059 5071 1300 5129 cadendo
1318 5071 1529 5142 gravius
1549 5068 1868 5138 affligantur.

293 5193 514 5250 CAPUT
548 5190 716 5247 XXX.
747 5219 818 5232 -—-
849 5191 1048 5257 Quanta
1079 5186 1331 5242 Platonici
1361 5184 1608 5256 dogmatis
1637 5181 1876 5253 Porphy-

469 5286 578 5340 rius
604 5283 897 5355 refutaret-it
918 5324 933 5350 ,
965 5291 1010 5335 et
1040 5277 1376 5334 dissentiendo
1404 5274 1692 5330 correxerit.

367 5397 420 5450 Si
449 5403 570 5466 post
598 5395 873 5450 Platonem
900 5391 1100 5461 aliquid
1126 5387 1413 5444 emendare
1441 5385 1775 5441 existimatur
1795 5383 1876 5436 in-

293 5487 510 5557 dignum
535 5529 552 5554 ,
579 5501 677 5542 cur
703 5487 817 5556 ipse
843 5481 1175 5553 Porphyrius
1202 5477 1456 5534 nonnulla
1482 5485 1536 5532 et
1577 5490 1680 5530 non
1714 5489 1874 5546 parva

361 5625 378 5654 ⁵
411 5623 484 5671 sic
503 5623 652 5671 nostri
672 5619 812 5670 Codd.
835 5618 976 5676 2050,
1000 5615 1138 5666 2052.
1161 5622 1206 5662 In
1231 5619 1296 5676 8.,
1325 5611 1582 5676 aliquanto.
1604 5671 1612 5676 _
1633 5615 1692 5676 at.

359 5683 384 5715 ⁸
413 5667 861 5744 saltemiam;
872 5667 1012 5744 quale
1037 5667 1521 5728 resm‘rectionis'sute
1558 5669 1771 5721 Christus
1794 5667 1876 5716 dc-

288 5742 831 5807 monatraritexemplo.
886 5742 908 5807 χ
1165 5805 1170 5807 _
1341 5795 1354 5807 _
1588 5789 1758 5807 ,μην

359 5791 756 5933 (Ἒνξίῖὲίὖίᾶὲ
781 5791 1004 5856 Prardest.
1047 5805 1216 5870 s_anct.,
1253 5811 1302 5848 n.
1331 5795 1378 5858 4,
1405 5801 1454 5848 et
1479 5794 1561 5846 lib.
1587 5794 1618 5844 8
1639 5791 1872 5852 Confess,

359 5883 406 5918 Us
533 5907 544 5919 ι
605 5903 617 5917 ο

287 5881 406 5922 ω’).
427 5881 476 5922 2.
495 5881 544 5919 n.
569 5881 617 5917 4.

1621 395 1816 452 LIBER
1861 393 2166 452 DECIMUS.

3399 397 3510 454 3m

1934 509 2278 564 emendavit?
2313 509 2444 566 Nam
2483 511 2788 582 Platonem,
2819 513 3023 570 animas
3066 511 3339 568 hominum
3386 521 3508 584 post

1933 609 2160 656 mortem
2199 601 2400 656 revolvi
2439 618 2604 673 usque
2628 603 2695 660 ad
2733 619 2958 677 corpora
2995 605 3284 662 bestiarum
3304 645 3319 670 ,
3375 605 3507 659 scri-

1933 691 2104 760 psisse
2123 692 2476 748 certissimum
2506 702 2588 748 est
2613 693 2710 767 (a).
2733 695 2879 750 Hanc
2909 697 3224 752 sententiam
3253 695 3500 768 Porphy-

1933 781 1998 836 rii
2023 781 2210 836 doctor
2237 783 2405 838 tenuit
2428 785 2444 814 ί
2467 793 2521 839 et
2550 785 2786 842 Plotinus
2811 784 3090 857 (Enneadis
3114 787 3168 854 ὃ,
3195 785 3281 840 lib.
3310 785 3364 852 4,
3390 803 3506 855 cup.

1934 871 2366 944 2):Porphyrio
2416 885 2590 930 tamen
2635 875 2754 944 jure
2797 876 3082 946 displicuit.
3127 877 3184 932 In
3235 876 3509 932 hominum

1935 978 2085 1028 sane,
2118 979 2223 1019 non
2251 979 2344 1020 sua
2371 980 2489 1036 quae.
2513 965 2842 1033 dimiserant,
2877 968 2969 1024 sed
2995 969 3096 1024 alia
3121 983 3256 1024 nova
3283 982 3509 1038 corpora

1939 1055 2118 1112 redire
2143 1057 2400 1112 humanas
2428 1059 2632 1114 animas
2656 1059 2939 1115 arbitratus
2962 1069 3064 1116 est.
3085 1061 3279 1117 Puduit
3307 1060 3514 1116 scilicet

1938 1145 2068 1202 illud
2112 1147 2366 1214 credere,
2413 1163 2479 1202 ne
2525 1158 2695 1204 mater
2739 1148 2962 1206 fortasse
3005 1150 3166 1206 ﬁlium
3215 1151 3268 1206 in
3309 1151 3510 1206 mulam

1937 1238 2176 1294 revoluta
2205 1247 2473 1294 vectaret:
2499 1248 2552 1294 et
2601 1255 2706 1294 non
2751 1241 2936 1310 puduit
2983 1239 3084 1297 hoc
3124 1242 3380 1308 credere,
3423 1241 3511 1298 ubi

1938 1331 2174 1386 revoluta
2202 1333 2222 1363 ³
2269 1343 2441 1388 mater
2472 1333 2522 1386 in
2569 1333 2798 1402 puellam
2849 1334 2958 1388 tilio
3003 1333 3219 1388 forsitan
3269 1335 3512 1390 nuberet.

1939 1421 2150 1490 Quanto
2170 1423 2406 1478 creditur
2431 1423 2708 1480 honestius
2733 1423 2876 1494 quod
2901 1426 3066 1480 sancti
3091 1435 3144 1480 ct
3168 1433 3385 1482 veraces
3405 1426 3516 1480 An-

1939 1515 2042 1584 geli
2071 1514 2400 1582 docuerunt,
2430 1517 2572 1586 quod
2615 1517 2898 1587 Prophetas
2924 1517 3018 1572 Dei
3055 1517 3256 1588 Spiritu
3289 1518 3396 1578 acti
3433 1517 3515 1572 lo-

1943 1605 2050 1660 cuti
2075 1617 2218 1670 sunt,
2237 1607 2378 1677 quod
2407 1609 2518 1678 ipse
2539 1623 2698 1678 quem
2719 1618 3001 1664 venturum
3025 1609 3354 1664 Salvatorem
3379 1623 3516 1677 prae-

1943 1695 2090 1750 missi
2133 1697 2300 1751 nuntii
2340 1698 2736 1768 praedixerunt,
2776 1699 2918 1770 quod
2961 1700 3112 1756 missi
3143 1699 3383 1770 Apostoli
3427 1699 3518 1770 qui

1944 1787 2130 1842 orbem
2157 1796 2420 1844 terrarum
2449 1789 2736 1860 Evangelio
2763 1791 3143 1862 repleverunt?
3177 1801 3398 1862 quanto,
3427 1791 3516 1846 in-

1943 1893 2101 1950 quam
2123 1920 2138 1946 ,
2173 1879 2446 1936 honestius
2487 1880 2752 1946 creditur,
2787 1884 2983 1938 reverti
3013 1883 3178 1938 semel
3207 1882 3412 1938 animas
3453 1881 3522 1938 ad

1945 1985 2168 2041 corpora
2211 1973 2460 2042 propria,
2501 1989 2658 2044 quam
2703 1977 2900 2032 reverti
2949 1976 3106 2032 toties
3149 1976 3220 2032 ad
3265 1975 3523 2034 diversa?

1947 2061 2322 2118 Verumtamen
2341 2107 2358 2132 ,
2386 2075 2443 2120 ut
2469 2065 2614 2134 dixi,
2643 2083 2708 2122 ex
2739 2083 2926 2139 magna
2957 2078 3108 2138 parte
3137 2077 3410 2124 correctus
3438 2079 3524 2126 est

1949 2151 2004 2206 in
2041 2152 2140 2209 hac
2181 2156 2428 2224 opinione
2475 2157 2828 2229 Porphyrius,
2851 2171 2908 2214 ut
2935 2160 3124 2216 saltem
3153 2161 3204 2216 in
3233 2161 3378 2217 solos
3419 2160 3520 2216 ho-

1949 2244 2120 2300 mines
2165 2245 2426 2302 humanas
2463 2249 2666 2305 animas
2706 2251 3022 2321 praecipitari
3062 2267 3220 2322 posse
3260 2252 3524 2318 sentiret;

1949 2335 2212 2394 belluinos
2259 2349 2438 2396 autem
2487 2355 2730 2396 carceres
2765 2351 3038 2410 evertere,
3074 2343 3292 2400 minime
3319 2343 3528 2399 dubita-

1953 2435 2054 2482 ret.
2085 2428 2219 2483 Dicit
2247 2429 2438 2498 etiam,
2469 2430 2632 2485 Deum
2676 2431 2742 2486 ad
2785 2432 2886 2486 huc
2913 2434 3144 2487 animam
3187 2434 3388 2490 mundo
3427 2433 3528 2490 de-

1952 2518 2126 2586 disse,
2153 2529 2212 2576 ut
2239 2521 2476 2577 materiae
2520 2537 2848 2592 cognoscens
2877 2526 3012 2580 mala
3039 2565 3054 2592 ,
3086 2525 3152 2580 ad
3187 2525 3398 2580 Patrem
3437 2539 3530 2580 re-

1954 2623 2228 2684 curreret,
2257 2631 2354 2672 nec
2379 2617 2664 2687 aliquando
2689 2617 2798 2688 jam
2831 2619 3010 2674 talium
3035 2618 3234 2690 polluta
3260 2619 3530 2688 contagio-

1953 2723 2021 2764 ne
2059 2717 2353 2764 teneretur.
2385 2710 2486 2766 Ubi
2529 2709 2633 2766 etsi
2679 2709 2876 2780 aliquid
2921 2710 3356 2766 inconvenienter
3395 2709 3532 2780 sapit

1957 2799 2148 2876 (magis
2179 2803 2320 2858 enim
2350 2802 2471 2858 data
2499 2811 2582 2858 est
2623 2803 2833 2873 corpori
2861 2844 2876 2870 ,
2909 2811 2966 2858 ut
2993 2803 3128 2858 bona
3159 2801 3393 2868 faceret;
3423 2817 3530 2856 non

1957 2894 2098 2950 enim
2125 2893 2262 2948 mala
2287 2893 2550 2961 disceret,
2573 2895 2618 2950 si
2643 2910 2748 2949 non
2777 2891 3021 2964 faceret),
3047 2894 3100 2948 in
3123 2909 3188 2948 eo
3209 2901 3384 2949 tamen
3411 2893 3536 2947 alio-

1956 2999 2074 3039 rum
2119 2985 2512 3040 Platonicorum
2556 2985 2892 3054 Opinionem,
2939 2993 2994 3040 et
3031 2999 3138 3040 non
3179 2985 3231 3040 in
3269 3000 3328 3040 re
3373 2999 3534 3053 parva

1958 3075 2298 3142 emendavit,
2330 3077 2470 3146 quod
2509 3075 2814 3130 mundatam
2847 3077 2913 3131 ab
2940 3075 3187 3130 omnibus
3229 3075 3385 3130 malis
3421 3075 3536 3130 ani-

1958 3177 2099 3218 mam
2131 3173 2185 3219 et
2212 3179 2331 3219 cum
2357 3164 2516 3218 Patre
2544 3165 2917 3230 constitutam,
2951 3179 3220 3234 nunquam
3251 3163 3360 3232 jam
3394 3163 3535 3218 mala

1959 3255 2144 3310 mundi
2177 3253 2332 3324 hujus
2359 3269 2633 3324 passuram
2658 3269 2778 3310 esse
2807 3253 3079 3310 confessus
3103 3261 3206 3310 est.
3247 3255 3359 3322 Qua
3399 3269 3530 3310 sen-

1961 3349 2126 3402 tentia
2157 3345 2396 3416 profecto
2423 3345 2670 3411 abstulit,
2702 3344 2844 3416 quod
2873 3359 2992 3401 esse
3021 3344 3350 3400 Platonicum
3375 3345 3538 3398 maxi-

1962 3453 2050 3494 me
2091 3437 2427 3508 perhibetur,
2467 3445 2524 3493 ut
2561 3446 2800 3492 mortuos
2845 3451 2912 3491 ex
2959 3435 3122 3502 vivis,
3171 3435 3242 3489 ita
3285 3434 3436 3490 vivos
3471 3448 3540 3490 ex

1961 3530 2188 3586 mortuis
2213 3545 2424 3600 semper
2461 3528 2575 3584 ﬁeri
2609 3527 2790 3598 (Plato
2815 3527 2868 3582 in
2893 3525 3174 3600 Phwdone)
3199 3545 3211 3580 :
3241 3525 3540 3597 falsumque

1963 3639 2084 3680 esse
2109 3622 2374 3688 ostendit,
2404 3621 2544 3692 quod
2579 3621 2849 3676 Platonico
2887 3618 3096 3674 videtur
3124 3617 3322 3673 dixisse
3361 3617 3542 3686 Virgi-

1963 3713 2066 3768 lius
2083 3753 2098 3776 ,
2129 3713 2178 3768 in
2206 3727 2424 3780 campos
2445 3711 2656 3782 Elysios
2681 3719 2932 3780 purgatas
2958 3709 3167 3764 animas
3191 3707 3380 3762 missas
3407 3710 3540 3776 (quo

1965 3807 2181 3862 nomine
2237 3813 2486 3874 tanquam
2535 3818 2630 3874 per
2675 3801 2908 3858 fabulam
2953 3799 3202 3855 videntur
3253 3798 3540 3870 signiﬁcari

1965 3897 2156 3970 gaudia
2181 3895 2500 3965 beatorum),
2532 3894 2598 3950 ad
2629 3893 2844 3948 ﬂuvium
2883 3891 3144 3948 Letheum
3182 3892 3394 3948 evocari
3427 3892 3502 3964 (b)
3526 3931 3542 3957 ,

1969 3991 2070 4045 hoc
2099 3999 2182 4045 est
2209 3988 2274 4044 ad
2305 3987 2623 4044 oblivionem
2653 3985 3044 4058 prteteritorum
3075 4002 3090 4039 :

2029 4121 2216 4174 Scilicet
2235 4123 2545 4170 immemores
2561 4131 2740 4182 supera
2759 4125 2816 4168 ut
2836 4127 3058 4182 convexa
3075 4117 3310 4182 revisant,

2033 4193 2208 4234 Rursus
2227 4191 2277 4234 et
2297 4183 2528 4246 incipiant
2550 4183 2601 4230 in
2622 4178 2972 4246 corporajelle
2991 4179 3193 4246 reverti.

2466 4241 2685 4306 (Αεηείά.
2710 4239 2794 4292 lib.
2813 4241 2862 4302 6,
2880 4253 3007 4292 vers.
3027 4240 3136 4300 750,
3155 4239 3301 4302 751.)

1971 4371 2160 4428 Merito
2209 4369 2476 4439 displicuit
2514 4367 2618 4424 hoc
2659 4364 2955 4436 Porphyrio
3000 4381 3014 4417 :
3059 4363 3307 4433 quoniam
3359 4377 3546 4420 revera

1971 4463 2192 4518 credere
2236 4461 2450 4514 stultum
2493 4466 2610 4523 est,
2660 4471 2724 4512 ex
2767 4455 2858 4510 illa
2895 4456 3038 4520 vita,
3083 4469 3202 4523 qme
3247 4453 3550 4510 beatissima

1972 4569 2090 4608 esse
2123 4568 2225 4608 non
2257 4551 2455 4620 poterit
2493 4549 2594 4604 nisi
2621 4547 2686 4602 de
2711 4561 2805 4602 sua
2843 4545 3006 4600 fuerit
3031 4545 3330 4600 aeternitate
3362 4543 3556 4598 certis.

1975 4649 2143 4712 sima,
2195 4643 2500 4699 desiderare
2546 4641 2750 4694 animas
2793 4652 3077 4708 corporum
3127 4635 3550 4706 corruptibilium

1975 4721 2146 4794 labem
2170 4777 2186 4801 ,
2210 4743 2265 4789 et
2291 4733 2413 4788 inde
2438 4731 2504 4786 ad
2533 4731 2633 4786 ista
2663 4729 2684 4760 ³
2735 4743 3006 4790 remeare,
3038 4735 3286 4798 tanquam
3309 4727 3410 4779 hoc
3434 4733 3555 4793 agat

1975 4841 2182 4884 summa
2213 4823 2494 4896 purgatio,
2533 4830 2596 4878 ut
2633 4819 2927 4892 inquinatio
2969 4819 3288 4889 requiratur.
3317 4817 3372 4870 Si
3412 4816 3552 4869 enim

2043 4987 2058 5018 ι
2098 4989 2212 5034 Ante
2234 4981 2370 5040 editi,
2395 4977 2528 5030 Plato
2543 4978 2706 5040 doctor
2729 4975 3082 5040 tenuitqmstea
3099 4973 3242 5040 ⁸νίιιςΙ,
3268 4977 3375 5040 νΑω.
3399 4976 3472 5040 Er.
3487 4971 3558 5019 sic

1978 5031 2422 5112 prosequuntudet
2461 5039 2669 5112 Platonis
2705 5035 2939 5112 discipulo
2962 5031 3557 5112 got‘pbgriomtanltenju‘re

1979 5090 2582 5172 animalibuauienj,
2616 5109 2662 5152 et
2692 5090 3180 5172 μέρμῄιιδηᾴὶερξρεᾷζᾳ
3197 5090 3468 5172 feminino
3482 5099 3560 5172 ta-

1977 5155 2227 5230 ἦίὲἷτζὺιᾶ.
2253 5174 2421 5216 Locum
2443 5155 2704 5230 restiinunt
2739 5155 3077 5230 lihriveteres'
3097 5157 3176 5228 hic
3197 5155 3406 5228 maxime
3431 5155 3560 5230 inter

1979 5215 2462 5282 ser-consentientes.
2504 5227 2710 5274 Plotinus
2759 5229 2894 5272 certe
2936 5218 3138 5267 Platonis
3183 5217 3458 5282 opinionem
3495 5215 3562 5282 de

1978 5278 2136 5344 reditu
2160 5292 2422 5342 animarum
2443 5291 2490 5337 iu
2515 5287 2697 5350 quieris
2718 5294 2914 5350 corpora
2937 5287 3136 5350 secutus
3150 5287 3247 5350 “est
3268 5279 3318 5326 in
3347 5278 3560 5350 Ennead.

1978 5339 2135 5414 ili-li.
2163 5339 2208 5413 Α,
2378 5351 2425 5399 2.
2455 5339 2560 5414 Ipse
2597 5361 2714 5396 vero
2748 5339 3036 5414 Porphyrius
3071 5341 3235 5413 scribit
3275 5353 3330 5411 se
3369 5339 3562 5414 decimo

1979 5402 2176 5466 Callieni
2198 5402 2522 5474 'imfieratoris
2559 5421 2684 5474 anno
2705 5402 2912 5474 Romam
2933 5415 2962 5450 e
3005 5405 3181 5451 Grzecia
3205 5402 3416 5461 venisse,
3453 5413 3562 5449 cum

1980 5479 2190 5527 Plotinus
2210 5467 2386 5524 annum
2408 5471 2514 5522 fere
2537 5467 2990 5532 quinquagesimum
3021 5477 3200 5515 nonum
3237 5471 3430 5526 ageret,
3469 5475 3558 5512 au-

1979 5539 2208 5612 dissetluc
2231 5536 2362 5586 illum
2379 5535 2592 5612 quinque
2614 5542 2778 5612 annos.l

2043 5587 2075 5632 ἶ
2092 5587 2170 5648 Sic
2191 5605 2296 5647 Mss.
2337 5587 2546 5650 At'Editi,
2571 5604 2630 5640 ne
2657 5587 2884 5639 revoluta.

2047 5665 2066 5694 ³
2099 5659 2315 5710 Nonnulli
2336 5665 2463 5712 Mss,
2483 5648 2772 5704 islam.-—tta
2793 5657 2874 5700 Ms.
2900 5648 3065 5712 2032.Δ
3163 5654 3220 5712 tt.

2046 5706 2271 5784 (alti—oni.
2290 5706 2568 5784 ___Ef.useb.‘dc
2605 5723 2809 5784 Praepar.
2838 5725 3011 5784 evang.
3029 5709 3142 5784 "lib.
3179 5709 3250 5766 15,
3278 5722 3382 5784 cap:
3411 5706 3564 5784 εει-ιιι

1980 5771 2217 5844 versione
2227 5781 2414 5844 gallica,
2439 5771 2837 5844 υέιῃοηςξζνᾱζὶρηες
2861 5771 3206 5844 έυωὲῃᾴιὶιιηρδ,
3227 5784 3338 5818 nun.
3367 5771 3404 5816 l.
3475 5774 3532 5816 tu.

2048 5845 2118 5906 (tv)
2147 5835 2257 5894 vid:
2275 5835 2516 5892 Platonem
2540 5839 2590 5888 in
2609 5836 2692 5886 lib.
2715 5837 2774 5887 10
2795 5835 2858 5884 de
2883 5837 3064 5896 ttepuh.
