4064 6542
433 456 532 515 511

436 568 577 642 quod
627 563 858 636 perfecte
906 555 1247 618 mandantur,
1279 550 1384 604 hoc
1425 544 1623 611 efﬁcit,
1672 552 2015 642 niueum-mm

434 627 820 718 tibliviscantur
847 651 1104 706 malorum
1129 687 1144 714 ,
1177 643 1438 698 malorum
1466 645 1642 692 autem
1673 633 1868 687 oblivio
1894 627 2019 684 facit

438 763 724 820 corporum
746 742 1066 800 desiderium
1091 780 1107 803 ,
1134 737 1225 793 ubi
1254 747 1439 790 rursus
1469 730 1807 798 implicentur
1827 722 2015 778 malis:

439 816 676 898 proiecto
703 837 804 892 erit
846 830 1169 888 infelicitatis
1196 841 1355 883 causa
1379 865 1393 888 ,
1427 835 1631 877 summa
1674 816 1898 872 felicitas
1922 832 1937 872 :
1965 820 2020 869 et

438 931 676 990 stultitia:
705 943 865 984 causa
891 966 904 990 ,
935 922 1189 994 perfectio
1227 914 1540 988 sapientiae;
1572 921 1626 966 ct
1668 913 2020 964 immundum

437 1037 600 1080 causa
624 1062 640 1088 ,
670 1034 874 1076 summa
905 1013 1180 1070 mundatio
1199 1013 1238 1064 ¹.
1258 1009 1366 1065 Νεε
1393 1005 1618 1062 veritate
1643 1001 1714 1056 ibi
1735 1001 1890 1055 beata
1920 997 2023 1053 erit

439 1114 616 1168 anima
639 1153 654 1177 ,
683 1108 1164 1180 quamdincumque
1189 1104 1324 1167 erit,
1351 1099 1442 1154 ubi
1468 1102 1678 1166 oportet
1703 1091 1934 1156 fallatur,
1966 1096 2024 1143 ut

440 1205 596 1259 beata
620 1202 708 1256 sit.
737 1200 851 1255 Non
877 1199 1018 1254 enim
1040 1195 1194 1250 beata
1225 1191 1327 1247 erit
1345 1232 1359 1255 ,
1383 1188 1484 1244 nisi
1514 1199 1722 1240 secura.
1751 1182 1822 1238 Ut
1844 1188 2022 1234 autem

441 1311 630 1353 secura
653 1296 751 1360 sit,
786 1293 917 1348 falso
945 1289 1148 1360 putabit
1172 1300 1384 1354 semper
1412 1297 1470 1337 se
1493 1279 1697 1335 beatam
1721 1278 1832 1330 fore
1855 1292 1870 1330 :
1893 1288 2026 1344 quo-

441 1390 588 1446 niam
632 1385 920 1457 aliquando
966 1383 1069 1437 erit
1112 1388 1168 1436 et
1210 1379 1426 1432 misera.
1467 1373 1565 1428 Cui
1607 1384 1734 1440 ergo
1761 1364 2025 1457 gaudendi

443 1494 607 1536 causa
651 1455 855 1532 falsitas
895 1474 1030 1540 erit,
1061 1467 1328 1542 quomodo
1367 1465 1435 1520 de
1477 1462 1703 1518 veri-tale
1741 1455 2027 1530 gaudebit?

443 1572 592 1628 Vidit
620 1571 722 1626 hoc
748 1564 1107 1639 Porphyrius,
1139 1569 1518 1633 purgatamque
1555 1554 1787 1610 animam
1822 1551 1891 1606 oh
1925 1548 2029 1604 hoc

446 1663 645 1720 reverti
677 1661 808 1716 dixit
834 1659 900 1713 ad
936 1658 1146 1713 Patrem
1171 1696 1186 1721 ,
1216 1667 1284 1708 ne
1313 1647 1598 1720 aliquando
1617 1646 1729 1716 jam
1767 1643 2028 1697 malorum

444 1755 647 1825 polluta
667 1749 982 1820 contagione
997 1754 1254 1802 teneatur.
1275 1737 1684 1825 [XXXLIFalso
1706 1735 1901 1819 igitura
1916 1730 2032 1825 qui-

447 1817 671 1902 busdam
686 1817 969 1898 Platonicis
989 1845 1072 1894 est
1089 1823 1322 1892 creditus
1346 1829 1496 1902 quasi
1514 1817 1860 1883 necessarius
1885 1820 2032 1876 orbis

447 1937 541 1992 ille
559 1978 573 2002 ,
601 1934 669 1990 ab
695 1933 894 1990 eisdem
921 1927 1147 1985 abeundi
1165 1935 1218 1988 et
1236 1923 1302 1980 ad
1333 1922 1518 1979 eadem
1540 1910 2032 1981 revertendi.Quod

449 2027 659 2084 etiamsi
673 2039 853 2081 verum
871 2029 1031 2085 esset,
1048 2019 1174 2090 quid
1199 2018 1297 2071 hoc
1311 2015 1448 2070 scire
1467 2009 1764 2083 prodesset,
1781 2007 1881 2061 nisi
1896 2005 2034 2059 forte

449 2119 576 2175 inde
591 2133 650 2174 se
673 2115 826 2172 nobis
838 2114 1094 2169 auderent
1106 2109 1360 2182 prmferre
1373 2104 1649 2169 Platonici,
1669 2102 1789 2173 quia
1804 2101 1856 2156 id
1869 2114 1966 2155 nos
1979 2099 2031 2153 in

451 2210 556 2266 hac
571 2210 676 2265 vita
700 2209 810 2278 jam
835 2206 1178 2267 nesciremus,
1194 2200 1336 2272 quod
1357 2197 1454 2268 ipsi
1487 2197 1538 2251 in
1561 2195 1664 2249 alia
1691 2193 1912 2248 meliore
1929 2190 2036 2244 vita

455 2301 817 2372 purgatissimi
863 2309 916 2355 et
964 2293 1343 2368 sapientissimi
1391 2291 1602 2346 fuerant
1645 2285 1936 2350 ncscituri,
1983 2291 2039 2338 et

451 2393 642 2450 falsum
669 2390 937 2447 credendo
963 2388 1101 2444 beati
1127 2385 1321 2440 tutari?
1345 2381 1498 2450 Quod
1525 2380 1570 2436 si
1596 2376 2036 2447 absurdissimum

451 2493 503 2537 et
549 2480 920 2537 stultissimum
968 2488 1050 2534 est
1099 2477 1313 2540 dicere,
1358 2471 1638 2543 Porphyrii
1677 2468 1914 2540 profecto
1957 2473 2040 2520 est

453 2572 786 2644 pracferenda
813 2570 1074 2627 sententia
1097 2610 1110 2633 ,
1141 2569 1223 2621 his
1251 2567 1341 2637 qui
1368 2566 1664 2618 animarum
1705 2559 1935 2616 circulos
1963 2557 2040 2611 al-

453 2673 702 2720 ternante
731 2677 954 2733 semper.
976 2659 1228 2716 beatitate
1265 2649 1319 2711 et
1353 2655 1567 2710 miseria
1610 2649 1864 2722 suspicati
1893 2657 2036 2704 sunt.

456 2754 609 2821 Quod
637 2754 681 2808 si
712 2753 784 2807 ita
819 2761 934 2820 est,
966 2766 1092 2806 ecce
1117 2749 1422 2805 Platonicus
1442 2747 1494 2801 in
1538 2744 1730 2800 melius
1757 2757 1788 2797 a
1819 2742 2038 2797 Platone

457 2845 745 2901 dissentit:
777 2859 904 2899 ecce
946 2842 1096 2906 vidit,
1126 2840 1266 2911 quod
1306 2839 1397 2894 ille
1435 2853 1543 2892 non
1590 2835 1740 2901 vidit,
1784 2848 1884 2888 nec
1921 2841 2041 2902 post

455 2938 618 2992 talem
647 2951 710 2991 ac
737 2943 935 2990 tantum
961 2934 1268 3004 magistrum
1291 2929 1482 3001 refugit
1505 2926 1916 2993 correctionem,
1946 2922 2041 2979 sed

463 3027 668 3084 homini
693 3027 985 3098 praeposuit
1014 3025 1311 3080 veritatem.

458 3159 687 3230 CAPUT
723 3160 918 3235 XXXI.
950 3189 1022 3200 ——
1047 3158 1235 3228 Contra
1258 3163 1607 3229 argumentum
1637 3152 2040 3218 Platonicorum,

497 3268 596 3322 quo
619 3253 838 3306 animam
868 3253 1143 3305 humanam
1171 3249 1281 3304 Deo
1305 3256 1537 3303 asserunt
1559 3262 1667 3302 esse
1686 3253 2004 3300 cowternam.

532 3387 638 3444 Cur
665 3402 792 3458 ergo
818 3401 922 3441 non
953 3385 1130 3457 potius
1153 3381 1417 3438 divinitati
1456 3380 1724 3436 credimus
1751 3377 1820 3433 de
1847 3377 1930 3444 his
1957 3391 2044 3431 re-

460 3479 596 3544 bus,
627 3494 757 3549 quas
784 3478 1020 3532 humano
1058 3476 1272 3546 ingenio
1301 3473 1659 3544 pervestigare
1701 3485 1808 3526 non
1854 3483 2043 3539 possu-

461 3584 601 3638 mus,
624 3584 743 3639 qute
759 3569 990 3622 animam
1016 3581 1226 3637 quoque
1251 3567 1419 3636 ipsam
1442 3579 1549 3617 non
1570 3563 1684 3616 Deo
1703 3570 2043 3623 ceteternam,

463 3659 558 3716 sed
587 3669 819 3715 creatam
848 3658 978 3713 dicit
1005 3673 1146 3725 esse,
1187 3673 1306 3728 quae
1344 3672 1451 3712 non
1489 3653 1648 3711 erat?
1674 3653 1739 3710 Ut
1767 3653 1908 3709 enim
1947 3651 2050 3707 hoc

465 3751 722 3806 Platonici
762 3751 967 3806 nollent
991 3749 1242 3816 credere,
1275 3749 1409 3804 hanc
1438 3747 1620 3818 utique
1664 3761 1880 3802 causam
1930 3743 2048 3799 ido-

465 3860 623 3898 neam
653 3843 759 3899 sibi
783 3843 1100 3898 videbantur
1132 3841 1322 3897 aﬁ‘erre
1340 3881 1356 3908 ,
1385 3841 1509 3910 quia
1540 3839 1644 3894 nisi
1674 3838 1813 3910 quod
1840 3852 2053 3907 semper

468 3943 626 3996 antea
648 3934 852 3998 fuisset,
881 3935 1262 4003 sempiternum
1283 3921 1538 4002 deinCeps
1564 3946 1684 3987 esse
1711 3945 1819 3990 non
1848 3938 2052 4000 posset.

470 4028 781 4098 Quanquam
804 4037 857 4083 et
882 4027 955 4081 de
970 4026 1167 4080 mundo
1192 4034 1246 4081 et
1271 4025 1339 4080 de
1369 4024 1452 4079 his
1471 4038 1606 4094 quos
1632 4023 1684 4077 in
1709 4021 1908 4076 mundo
1924 4022 2056 4077 deos

469 4136 501 4174 a
529 4121 638 4174 Deo
667 4118 832 4187 factos
861 4118 1219 4174 scribit'Plato
1245 4117 1294 4188 (1
1303 4135 1332 4170 n
1347 4115 1584 4186 Timwo),
1612 4114 1947 4185 apertissime
1972 4113 2056 4170 di-

471 4219 560 4267 cat
585 4225 680 4266 eos
708 4225 827 4266 esse
855 4211 1104 4280 ccepisse,
1129 4219 1187 4264 et
1211 4208 1409 4263 habere
1435 4207 1666 4273 initium,
1692 4205 1851 4261 ﬁnem
1881 4215 2081 4261 tamen.

480 4319 589 4360 non
617 4302 910 4370 habituros,
944 4303 1038 4358 sed
1068 4319 1161 4373 per
1184 4301 1488 4360 Conditoris
1513 4299 1938 4372 potentissimam
1965 4314 2060 4354 vo-

474 4395 735 4451 luntatem
775 4395 838 4450 in.
867 4402 1126 4450 internum
1171 4409 1550 4466 permansuros
1596 4408 1716 4462 esse
1757 4392 2056 4465 perhibeat.

477 4486 677 4544 Verum
708 4485 766 4542 id
787 4485 1056 4557 quomodo
1079 4487 1405 4558 intelligant,
1440 4479 1783 4554 invenerunt,
1811 4501 1916 4541 non
1943 4501 2064 4542 esse

476 4577 582 4635 hoc
624 4577 873 4634 videlicet
915 4577 1201 4648 temporis,
1251 4577 1345 4632 sed
1394 4577 1784 4632 substitutionis
1831 4577 2061 4631 initium.

478 4670 627 4726 Sicut
654 4670 808 4739 enim,
832 4670 1112 4742 inquiunt,
1141 4671 1184 4725 si
1207 4687 1291 4740 pes
1330 4685 1393 4725 ei:
1414 4670 1690 4724 aeternitate
1718 4687 1913 4740 semper
1940 4671 2067 4742 fuis-

477 4772 553 4818 set
595 4763 648 4817 in
685 4763 916 4834 pulvere,
959 4779 1156 4833 semper
1189 4763 1239 4816 ei
1260 4762 1489 4817 subesset
1508 4763 1806 4833 vestigium;
1833 4762 1968 4833 quod
1992 4771 2070 4816 ta-

484 4870 600 4910 men
623 4854 885 4926 vestigium
925 4870 960 4908 a
983 4855 1210 4907 catcante
1248 4855 1435 4926 factum
1464 4868 1610 4908 nemo
1648 4845 1934 4917 dubitaret,
1981 4869 2070 4907 nec

483 4946 700 5001 alterum
738 4946 897 5000 altero
939 4945 1081 5017 prius
1115 4953 1274 5011 esset,
1303 4944 1529 5016 quamvis
1572 4944 1785 5005 alterum
1825 4943 1886 4997 ab
1912 4944 2071 4998 altero

486 5041 677 5109 factum
699 5047 824 5095 esset
856 5052 869 5091 :
905 5023 1003 5106 sic,
1022 5036 1285 5107 inquiunt,
1315 5045 1362 5090 et
1391 5037 1608 5094 mundus
1636 5045 1783 5106 atque
1807 5035 1860 5090 in
1887 5035 1976 5088 illo
1998 5035 2071 5090 dii

412 5132 421 5153 "
486 5133 674 5198 creati,
707 5141 752 5185 et
781 5147 978 5201 semper
1011 5134 1215 5202 fuerunt
1244 5145 1440 5200 semper
1466 5129 1707 5184 existente
1731 5129 1816 5198 qui
1844 5129 1992 5199 fecit,
2027 5136 2075 5181 et

489 5231 656 5276 tamen
712 5223 833 5293 facti
886 5230 1019 5289 sunt.
1074 5219 1342 5290 Numquid
1407 5236 1535 5291 ergo
1575 5220 1620 5276 si
1649 5220 1825 5276 anima
1863 5234 2076 5289 semper

491 5310 614 5378 fuit,
644 5313 802 5367 etiam
851 5313 1064 5368 miserta
1090 5327 1204 5382 ejus
1243 5328 1457 5379 semper
1502 5313 1666 5368 fuisse
1709 5310 1934 5370 dicenda
1959 5312 2076 5367 est?

493 5402 664 5459 Porro
689 5405 732 5456 si
777 5402 974 5474 aliquid
1022 5405 1076 5458 in
1107 5405 1229 5472 illa,
1277 5404 1426 5475 quod,
1468 5419 1532 5459 ex
1563 5413 1767 5459 aeterno
1811 5401 2075 5469 nonfuit,

492 5511 614 5551 esse
649 5496 810 5564 ccepit
851 5512 920 5551 ex
963 5505 1234 5568 tempore,
1281 5513 1377 5554 cur
1416 5513 1520 5552 non
1563 5495 1680 5553 ﬁeri
1724 5497 1991 5568 potuerit,
2025 5504 2083 5550 ut

499 5590 613 5658 ipsa
640 5595 784 5642 esset
812 5604 876 5642 ex
898 5598 1156 5659 tempore,
1186 5605 1303 5661 qua:
1326 5599 1480 5646 antea
1505 5605 1607 5646 non
1632 5589 1854 5646 fuisset?
1880 5586 2082 5644 Deinde

499 5681 772 5738 beatitudo
818 5697 1028 5754 quoque
1057 5684 1174 5755 ejus
1214 5695 1332 5755 post
1358 5687 1780 5758 experimentum
1820 5685 2080 5750 malorum

564 5860 582 5896 ι
614 5857 684 5909 sic
707 5864 809 5909 Mss.
839 5866 892 5909 At
916 5859 1047 5924 editi,
1087 5859 1338 5912 munditia.

1518 435 1603 490 DE
1641 427 1958 486 ClVl'l‘ATE
2001 424 2130 493 DEI,
2171 424 2227 481 S.
2271 423 2639 498 AUGUSTlNl

3601 421 3710 480 312

2131 537 2336 591 lirmior
2379 549 2430 592 et
2457 538 2570 594 sine
2613 535 2719 591 ﬁne
2761 549 3045 602 mansura,
3096 535 3231 592 sicut
3261 535 3360 591 iste
3398 535 3706 603 conﬁtetur,

2127 631 2310 713 procul
2352 630 2513 686 dubio
2552 630 2713 700 coepit
2752 645 2817 686 ex
2863 614 3133 699 tempore,
3179 638 3233 684 et
3276 639 3451 685 tamen
3495 644 3711 700 semper

2114 715 2250 788 erit,
2281 740 2401 780 cum
2447 733 2600 779 antea
2649 739 2752 778 non
2791 722 2966 777 fuerit.
3015 721 3107 776 Illa
3151 723 3309 793 igitur
3345 725 3519 778 omnis
3552 739 3711 794 argu-

2129 818 2386 872 mentatio
2425 816 2679 871 dissoluta
2706 825 2826 890 est,
2851 829 2953 886 qua
3005 823 3217 884 putatur
3242 815 3372 869 nihil
3402 831 3521 870 esse
3551 830 3715 886 posse

2129 911 2245 966 sine
2272 909 2377 964 ﬁne
2407 909 2682 978 temporis,
2713 908 2812 962 nisi
2839 907 2985 978 quod,
3013 907 3219 962 initium
3245 923 3354 962 non
3384 907 3544 964 habet
3572 916 3713 964 tem-

2129 1003 2296 1072 poris.
2325 1001 2542 1072 Inventa
2581 1009 2665 1056 est
2690 1000 2833 1071 enim
2877 1001 3071 1062 animae
3113 998 3416 1064 beatitudo,
3444 1015 3565 1072 qua:
3591 1014 3717 1055 cum

2131 1095 2337 1151 initium
2372 1094 2627 1163 temporis
2669 1093 2945 1159 habuerit,
2988 1093 3148 1154 ﬁnem
3180 1091 3436 1162 temporis
3476 1106 3581 1146 non
3617 1091 3718 1150 ha-

2131 1187 2295 1242 bebit.
2316 1189 2650 1268 Quapropter
2673 1185 2866 1253 divinze
2883 1183 3182 1250 auctoritati
3202 1183 3430 1251 humana
3452 1182 3609 1247 cedat
3631 1182 3720 1240 in-

2133 1280 2386 1340 ﬁrmitas,
2413 1279 2597 1348 eisque
2623 1276 2796 1344 beatis
2821 1283 2877 1331 et
2911 1275 3300 1330 immortalibus
3327 1274 3395 1330 de
3433 1290 3559 1330 vera
3587 1275 3720 1332 reli-

2131 1371 2290 1441 gione
2329 1368 2642 1434 credamus,
2693 1366 2782 1437 qui
2814 1366 2914 1420 sibi
2968 1366 3224 1422 honorem
3276 1380 3380 1420 non
3427 1373 3720 1436 expetunt,

2134 1448 2291 1532 quem
2332 1459 2444 1514 Deo
2473 1473 2602 1524 suo,
2635 1460 2725 1528 qui
2754 1457 2915 1512 etiam
2949 1466 3133 1512 noster
3162 1466 3265 1524 est,
3297 1455 3481 1512 deberi
3509 1458 3721 1523 sciunt;

2133 1567 2234 1608 nec
2261 1552 2481 1622 juhent,
2510 1559 2569 1606 ut
2602 1549 2922 1605 sacriﬁcium
2952 1548 3236 1616 faciamus,
3273 1549 3374 1604 nisi
3401 1550 3449 1604 ei
3482 1559 3722 1619 tantum-

2135 1643 2315 1712 modo,
2345 1643 2495 1714 cujus
2523 1652 2575 1699 et
2607 1657 2705 1698 nos
2736 1658 2857 1698 cum
2897 1641 3000 1696 illis
3022 1683 3037 1709 ,
3065 1651 3123 1696 ut
3160 1657 3303 1711 saepe
3326 1641 3439 1696 dixi
3477 1650 3531 1697 et
3575 1657 3724 1713 saepe

2136 1738 2419 1796 dicendum
2466 1745 2568 1800 est,
2615 1735 2933 1791 sacritlcium
2974 1748 3095 1789 esse
3133 1732 3424 1797 debemus,
3467 1749 3561 1804 per
3595 1747 3724 1791 eum

2137 1833 2473 1897 sacerdotem
2504 1829 2782 1894 efferendi,
2815 1830 2902 1900 qui
2932 1830 2985 1884 in
3025 1828 3239 1884 homine
3266 1843 3423 1898 quem
3463 1828 3723 1899 suscepit,

2138 1925 2433 1995 secundum
2465 1939 2621 1994 quem
2653 1924 2666 1955 ¹
2703 1932 2756 1986 ει
2785 1921 3037 1976 sacerdos
3077 1936 3195 1981 esse
3222 1922 3409 1988 voluit,
3437 1921 3598 1975 etiam
3630 1935 3726 1974 us.-

2139 2032 2242 2089 que
2257 2015 2324 2070 ad
2345 2024 2573 2070 mortem
2598 2013 2913 2080 sacriﬁcium
2935 2027 3031 2082 pro
3049 2011 3200 2067 nobis
3218 2011 3466 2081 dignatus
3485 2009 3726 2076 estlieri.

2138 2153 2367 2210 CAPUT
2392 2151 2610 2208 XXXII.
2633 2180 2705 2190 —
2728 2148 2804 2202 De
2827 2148 3098 2202 universali
3125 2148 3204 2202 via
3223 2148 3408 2202 animat
3429 2146 3728 2213 liberandw,

2212 2261 2365 2317 quam
2415 2243 2735 2312 Porphyrius
2780 2241 2912 2294 male
2950 2242 3220 2311 quwrendo
3267 2258 3368 2295 non
3409 2241 3631 2312 reperit,
3682 2248 3733 2294 et

2213 2354 2364 2408 quam
2383 2337 2492 2391 sola
2513 2335 2677 2406 gratia
2704 2333 2982 2388 christiana
3008 2333 3264 2387 reserauit.

2215 2472 2269 2527 1.
2311 2471 2435 2525 Haec
2454 2479 2536 2525 est
2558 2469 2764 2540 religio,
2798 2484 2916 2539 quas
2943 2466 3299 2522 universalem
3330 2463 3567 2520 continet
3587 2462 3733 2517 viam

2144 2567 2337 2619 anima:
2376 2562 2694 2626 liberandm;
2732 2560 2986 2632 quoniam
3036 2558 3175 2613 nulla
3223 2556 3325 2610 nisi
3379 2555 3478 2609 hac
3518 2552 3736 2609 liberari

2144 2663 2340 2726 potest.
2373 2653 2501 2720 Haec
2526 2662 2610 2708 est
2639 2652 2780 2708 enim
2810 2650 3042 2722 quodam
3069 2648 3228 2703 modo
3258 2646 3448 2717 regalis
3471 2645 3584 2711 via,
3611 2659 3737 2714 qua:

2146 2729 2248 2802 una
2287 2746 2435 2801 ducit
2476 2746 2542 2800 ad
2583 2760 2840 2815 regnum,
2870 2759 2976 2798 non
3012 2740 3289 2810 temporali
3332 2738 3540 2808 fastigio
3573 2746 3737 2791 nuta.

2147 2841 2404 2907 bundum,
2431 2838 2525 2895 sed
2553 2839 2871 2899 aeternitatis,
2892 2836 3143 2896 ﬁrmitate
3173 2849 3443 2890 securum.
3475 2831 3736 2896 Cumau-

2149 2941 2254 3003 tem
2286 2931 2416 2997 dicit
2462 2929 2791 3001 Porphyrius
2834 2930 2887 2982 in
2932 2928 3104 2998 primo
3143 2926 3294 2996 juxta
3338 2924 3497 2978 ﬁnem
3536 2921 3603 2977 de
3631 2921 3740 2977 Res

2147 3037 2334 3092 gressu
2354 3021 2545 3084 anima:
2559 3019 2717 3085 libro,
2737 3017 2973 3072 nondum
2990 3026 3257 3086 receptam
3274 3029 3429 3079 unam
3450 3012 3736 3084 quamdam

2149 3123 2383 3179 sectam,
2436 3127 2556 3184 quae
2585 3112 2606 3142 ²
2651 3109 3004 3165 universalem
3041 3108 3311 3164 contineat
3357 3106 3497 3160 viam
3543 3104 3741 3160 animm

2151 3205 2479 3269 liberandae,
2511 3203 2594 3258 vel
2639 3217 2669 3256 a
2711 3200 3044 3272 philosophia
3088 3199 3367 3255 verissima
3409 3197 3622 3266 aliqua,
3652 3196 3742 3250 vel

2152 3299 2221 3354 ab
2269 3297 2520 3353 Indorum
2561 3295 2802 3351 moribus
2849 3310 2912 3350 ac
2954 3293 3264 3364 disciplina,
3297 3301 3388 3346 aut
3429 3290 3742 3347 inductione

2151 3388 2558 3454 Chaldaeorum,
2586 3395 2680 3443 aut
2720 3387 2823 3442 alia
2871 3387 3107 3458 qualibet
3157 3385 3263 3450 via,
3296 3383 3638 3454 nondumque
3683 3382 3743 3436 in

2154 3496 2303 3549 suam
2355 3481 2605 3547 notitiam
2654 3477 2899 3534 eamdem
2927 3478 3067 3530 viam
3117 3474 3379 3531 historiali
3433 3475 3745 3546 cognitione

2153 3574 2450 3646 perlatam;
2483 3570 2669 3653 procul
2697 3569 2860 3626 dubio
2887 3568 3174 3627 conﬁtetur
3203 3583 3325 3622 esse
3352 3567 3580 3636 aliquam
3602 3607 3617 3633 ,
3644 3564 3746 3620 sed

2157 3666 2394 3730 nondum
2439 3665 2493 3723 in
2525 3679 2676 3732 suam
2713 3664 2924 3719 venisse
2953 3661 3217 3716 notitiam.
3254 3659 3330 3722 lta
3368 3661 3418 3715 ei
3444 3675 3548 3714 non
3587 3657 3746 3713 sufﬁ-

2158 3759 2334 3818 ciebat
2360 3756 2616 3828 quidquid
2638 3755 2706 3812 de
2735 3755 2907 3812 anima
2937 3753 3212 3816 liberanda
3239 3752 3634 3807 studiosissime
3661 3749 3751 3805 di-

2159 3849 2394 3914 dicerat,
2447 3849 2688 3918 sibique,
2738 3847 2823 3902 vel
2871 3847 3046 3916 potius
3091 3846 3210 3900 aliis
3251 3859 3410 3900 nosse
3450 3859 3514 3899 ac
3561 3852 3752 3899 tenere

2160 3941 2460 3996 videbatur.
2493 3939 2770 3995 Sentiebat
2809 3939 2950 3994 enim
2980 3937 3154 3992 adlmc
3178 3937 3278 3992 sibi
3299 3936 3487 3991 deesse
3513 3934 3753 4006 aliquam

2164 4033 2662 4107 priestantissimam
2691 4031 3084 4095 auctoritatem,
3118 4046 3276 4100 quam
3307 4030 3374 4086 de
3399 4045 3456 4084 re
3485 4038 3630 4083 tanta
3658 4043 3755 4082 se-

2163 4124 2253 4195 qui
2305 4131 2598 4190 cporteret.
2649 4123 2780 4179 Cum
2825 4131 3003 4176 autem
3041 4121 3191 4189 dicit,
3243 4121 3379 4176 vela
3417 4119 3756 4190 philosophia

2165 4214 2442 4276 verissima
2463 4215 2638 4284 aliqua
2664 4213 2899 4269 nondum
2930 4214 2982 4267 in
3003 4228 3155 4267 suam
3183 4213 3422 4267 notitiam
3443 4210 3760 4282 pervenisse

2165 4317 2367 4384 sectam
2407 4322 2527 4378 quae
2573 4305 2932 4362 universalem
2974 4307 3246 4362 contineat
3285 4305 3425 4359 viam
3452 4304 3647 4358 animae
3685 4301 3760 4356 li-

2166 4398 2447 4464 berandm;
2479 4398 2610 4453 satis
2628 4438 2644 4466 ,
2671 4405 2928 4469 quantum
2949 4397 3206 4464 arbitror,
3237 4395 3498 4462 ostendit,
3527 4395 3611 4449 vel
3636 4408 3761 4448 eam

2174 4490 2606 4562 philosophiam,
2651 4491 2706 4546 in
2755 4506 2860 4561 qua
2891 4489 3007 4560 ipse
3054 4487 3459 4559 philosophatus
3496 4495 3608 4551 est,
3649 4500 3763 4541 non

2172 4597 2294 4649 esse
2330 4582 2669 4643 verissimam
2691 4623 2705 4648 ,
2736 4581 2823 4638 vel
2863 4595 2925 4636 ea
2955 4595 3062 4644 non
3105 4579 3367 4636 contineri
3408 4577 3568 4633 talem
3597 4577 3760 4632 viam.

2175 4675 2239 4730 Et
2281 4673 2555 4744 quomodo
2599 4675 2710 4742 jam
2758 4680 2934 4742 potest
2977 4687 3098 4728 esse
3147 4671 3446 4734 verissima,
3496 4683 3600 4739 qua
3651 4683 3763 4722 non

2175 4765 2482 4828 continetur
2505 4765 2618 4820 inec
2643 4764 2770 4818 via?
2796 4764 2928 4818 Nam
2955 4778 3074 4834 qua:
3099 4763 3203 4817 alia
3229 4762 3310 4816 via
3335 4771 3420 4816 est
3447 4759 3765 4815 universaiis

2179 4858 2374 4913 animae
2399 4856 2689 4919 liberanda:
2709 4899 2724 4924 ,
2749 4857 2852 4912 nisi
2879 4872 2981 4928 qua
3022 4856 3285 4910 universa-
3311 4855 3503 4908 animae
3533 4853 3768 4908 liberan-

2183 4958 2288 5014 tur,
2319 4965 2382 5004 ae
2407 4963 2504 5019 per
2535 4949 2636 5004 hoc
2666 4949 2783 5016 sine
2814 4949 2900 5004 illa
2941 4948 3084 5002 nulla
3115 4947 3290 5000 anima
3318 4944 3607 5000 liberatur?
3633 4943 3770 4997 Cum

2181 5052 2360 5099 autem
2388 5042 2534 5097 addit
2561 5052 2616 5098 et
2642 5041 2808 5106 dicit,
2839 5040 2930 5098 Yet
2959 5041 3020 5094 ab
3048 5039 3296 5096 Indorum
3333 5039 3553 5092 moribus
3584 5045 3631 5090 et
3660 5037 3773 5089 dis-

2181 5138 2393 5211 ciplina,
2421 5137 2497 5190 vel
2527 5135 2588 5188 ab
2611 5135 2898 5192 inductione
2917 5133 3293 5208 Chaldaicum,
3319 5133 3393 5184 vel
3417 5130 3521 5184 alia
3547 5128 3768 5198 qualibet

2183 5233 2300 5294 via;
2329 5229 2761 5294 manifestissima
2793 5243 2922 5284 voce
2955 5235 3199 5291 testatur,
3224 5240 3398 5295 neque
3427 5223 3532 5277 illis
3563 5237 3680 5293 quae
3704 5219 3780 5276 ab

2186 5322 2352 5388 Indis,
2391 5337 2564 5390 neque
2611 5320 2715 5373 illis
2763 5335 2881 5389 quae
2921 5334 2951 5372 a
2991 5317 3254 5374 Chaldaeis
3301 5315 3590 5376 didicerat,
3637 5311 3782 5366 hanc

2186 5414 2544 5472 universalem
2595 5413 2732 5470 viam
2789 5412 2981 5467 anima:
3037 5409 3328 5466 liberandae
3375 5405 3670 5472 contineri;
3721 5413 3782 5459 et

2255 5571 2270 5603 ί
2307 5568 2502 5628 Quidam
2523 5567 2645 5624 haud
2670 5566 2885 5617 melioris
2906 5571 3034 5615 noue
3059 5572 3190 5628 tussi,
3205 5560 3257 5628 in
3281 5562 3437 5625 {emta
3452 5570 3597 5624 quam
3623 5568 3787 5607 susce-

2189 5632 2276 5699 pit,
2300 5625 2564 5699 secundum
2585 5643 2748 5691 quam,
2769 5636 2927 5699 etc.:-
2946 5635 3010 5676 Ita
3034 5634 3115 5675 Ms.
3140 5625 3284 5699 2050.
3307 5698 3310 5699 ν
3347 5631 3403 5673 Μ.

2253 5679 2276 5726 ί
2304 5679 2968 5750 ὶῖίιιόίλωίΕιτηήοηάιιηι
2993 5695 3236 5749 receptum
3264 5685 3317 5736 in
3350 5696 3495 5750 unam
3517 5679 3792 5750 quamdam

2191 5763 2386 5808 sectam.
2411 5757 2484 5806 Sic
2508 5756 2653 5808 etiam
2676 5742 2902 5816 plerique
2927 5742 3256 5816 manuscripti,
3280 5747 3364 5816 qui
3389 5759 3503 5816 mox,
3534 5742 3698 5816 tamen
3723 5742 3794 5793 ab

2197 5805 2342 5870 editis
2365 5805 2530 5866 illisin
2557 5805 2724 5873 verbi),
2762 5805 2886 5875 que,
2915 5805 3223 5875 dissentiunt,
3243 5805 3313 5860 ἐί
3327 5809 3531 5868 habent,
3551 5805 3698 5870 quod.
3727 5830 3794 5847 --

2195 5883 2267 5932 εις
2286 5881 2430 5933 etiam
2454 5880 2603 5929 nostri
2625 5878 2834 5929 codices.
2901 5883 2954 5925 at.
