4064 6486
243 395 349 451 515

244 503 423 573 utique
452 514 521 554 se
541 513 570 552 a
599 494 868 554 Chaldaeis
897 491 1108 548 oracula
1137 488 1314 546 divina
1338 487 1655 557 sumpsisse,
1683 499 1818 555 quo-

243 611 361 651 rum
391 591 665 647 assiduam
709 584 1274 644 commemorationem
1314 579 1465 643 facit,
1500 587 1675 633 tacere
1715 591 1822 632 non

242 684 436 756 potuit.
487 682 659 748 Quam
703 676 819 732 vult
865 690 992 744 ergo
1037 672 1256 741 intelligi
1297 670 1488 724 animm
1537 666 1822 722 liberandas

242 775 603 831 universalem
633 772 774 825 viam
816 766 1052 823 nondum
1102 771 1390 832 receptam,
1433 758 1515 814 vel
1541 772 1606 812 ex
1647 758 1823 826 aliqua

244 866 526 920 verissima
572 858 911 932 philosophia
930 896 946 920 ,
974 855 1059 910 vel
1084 869 1148 908 ex
1168 867 1352 908 earum
1372 849 1606 920 gentium
1627 845 1821 902 doctri-

242 958 340 1022 nis,
369 970 494 1025 quze
542 968 747 1021 magna:
780 949 921 1004 velut
972 947 1023 1001 in
1073 943 1266 1000 divinis
1290 941 1450 996 rebus
1473 937 1820 1003 habebantur,

146 1105 148 1107 ,
244 1046 362 1116 quia
395 1045 520 1114 plus
561 1042 702 1111 apud
737 1055 828 1095 eas
852 1037 1132 1093 curiositas
1176 1032 1342 1088 valuit
1377 1041 1706 1101 quorumque
1729 1041 1824 1079 an-

243 1140 487 1211 gelorum
502 1133 998 1206 cognoscendorum
1025 1138 1078 1184 et
1097 1124 1465 1188 colendorum,
1484 1118 1823 1187 nondumque

246 1232 295 1284 in
343 1243 501 1284 suam
560 1226 800 1280 notitiam
855 1219 1115 1276 historiali
1167 1214 1468 1286 cognitione
1524 1207 1822 1281 perlatam?

247 1319 504 1387 Quaenam
537 1317 639 1370 ista
683 1324 764 1369 est
795 1308 1106 1366 universalis
1142 1307 1225 1360 via
1248 1347 1264 1372 ,
1308 1304 1411 1358 nisi
1437 1316 1553 1372 qua:
1578 1314 1683 1353 non
1713 1311 1824 1352 sua:

247 1411 434 1479 cuique
480 1406 630 1476 genti
677 1403 921 1474 prepria,
971 1399 1066 1454 sed
1110 1394 1373 1452 universis
1415 1389 1658 1461 gentibus
1705 1399 1824 1457 qua:

251 1500 552 1556 communis
583 1506 747 1561 esset,
773 1493 1026 1548 divinitus
1050 1487 1314 1557 impertita
1339 1482 1458 1538 est?
1484 1481 1652 1548 Quam
1679 1485 1824 1532 certe

251 1593 346 1646 iste
375 1591 545 1644 homo
590 1603 698 1641 non
728 1582 986 1639 mediocri
1013 1579 1226 1649 ingenio
1268 1573 1517 1645 pra-ditus
1559 1584 1678 1625 esse
1717 1581 1823 1622 non

250 1683 473 1737 dubitat.
508 1677 902 1734 Providentiam
940 1673 1132 1743 quippe
1169 1669 1398 1724 divinam
1437 1664 1551 1719 sine
1577 1662 1674 1717 ista
1703 1659 1823 1714 uni-

250 1771 440 1827 versali
469 1771 558 1824 via
584 1765 877 1822 liberanda:
913 1764 1104 1818 animae
1139 1772 1306 1830 genus
1341 1758 1625 1810 humanum
1661 1749 1825 1805 relin-

251 1878 408 1932 quere
428 1861 670 1930 potuisse
700 1872 805 1911 non
835 1854 1022 1910 credit.
1051 1851 1234 1920 Neque
1269 1847 1409 1903 enim
1443 1845 1515 1898 ait
1553 1857 1658 1896 non
1682 1854 1821 1904 esse,

251 1953 337 2006 sed
364 1952 468 2006 hoc
501 1959 708 2004 tantum
750 1947 950 2002 bonum
981 1952 1288 2009 tantumque
1329 1933 1651 2004 adjutorium
1693 1944 1825 1988 non-

250 2042 371 2096 dum
416 2049 718 2108 receptum,
749 2034 982 2090 nondum
1014 2032 1068 2086 in
1097 2043 1246 2084 suam
1277 2025 1518 2082 notitiam
1558 2033 1678 2075 esse
1706 2033 1826 2088 per-

254 2133 454 2186 latum:
485 2144 588 2184 nec
634 2127 848 2182 mirum.
878 2124 1029 2178 Tunc
1068 2120 1209 2176 enim
1261 2113 1587 2185 Porphyrius
1629 2117 1744 2165 erat
1772 2108 1825 2163 in

251 2222 406 2276 rebus
432 2218 702 2283 humanis,
726 2213 938 2285 quando
962 2213 1060 2266 ista
1082 2205 1369 2264 liberandae
1399 2204 1590 2257 animze
1616 2200 1828 2254 univer-

251 2313 371 2367 salis
396 2313 482 2365 via
504 2352 520 2375 ,
549 2325 666 2378 quae
695 2323 801 2361 non
829 2315 913 2360 est
955 2304 1056 2357 alia
1082 2315 1246 2371 quam
1289 2297 1474 2366 religio
1513 2292 1822 2355 christiana,

254 2401 547 2472 oppugnari
585 2397 990 2470 permittebatur
1016 2393 1083 2455 ab
1127 2391 1389 2445 idolorum
1422 2386 1828 2451 daemonumque

253 2493 546 2549 cultoribus
599 2489 920 2560 regibusque
976 2484 1202 2540 terrenis
1242 2478 1362 2552 (a),
1410 2487 1632 2549 propter
1675 2489 1825 2530 asse-

254 2584 474 2641 rendum
509 2591 565 2637 et
598 2577 1019 2636 consecrandum
1058 2583 1349 2644 martyrum
1377 2584 1656 2631 numerum
1680 2609 1695 2633 ,
1726 2566 1828 2621 hoc

255 2685 331 2731 est
350 2675 570 2730 testium
609 2670 848 2726 veritatis
868 2710 883 2736 ,
910 2683 1007 2737 per
1048 2679 1180 2735 quos
1218 2661 1587 2718 ostenderetur
1609 2699 1626 2725 ,
1651 2659 1828 2712 omnia

255 2766 550 2837 corporalia
587 2763 725 2818 mala
767 2776 865 2832 pro
904 2759 1007 2814 ﬁde
1041 2757 1251 2827 pietatis
1277 2763 1333 2810 et
1367 2751 1829 2808 commendatione

256 2857 489 2913 veritatis
509 2870 631 2911 esse
647 2852 940 2908 toleranda.
967 2847 1190 2903 Videbat
1211 2860 1339 2915 ergo
1359 2846 1457 2898 ista
1482 2841 1826 2912 Porphyrius,

256 2961 308 3007 et
331 2966 427 3021 per
455 2945 762 3018 bujnsmodi
802 2941 1198 3014 persecutiones
1234 2938 1339 2992 cito
1369 2937 1522 2990 istam
1545 2935 1681 2988 viam
1711 2948 1832 3002 per.

259 3041 482 3106 ituram,
532 3048 588 3094 et
642 3045 922 3108 propterea
996 3048 1103 3087 non
1154 3045 1274 3086 esse
1321 3029 1489 3098 ipsam
1544 3023 1830 3080 liberanda:

259 3131 444 3186 anima:
463 3129 829 3185 universalem
853 3124 1090 3196 putabat,
1114 3135 1220 3176 non
1241 3118 1539 3187 intelligens
1565 3117 1665 3170 hoc
1689 3115 1831 3186 quod

262 3238 373 3277 eum
399 3221 691 3287 movebat,
722 3227 776 3273 et
799 3215 940 3287 quod
978 3216 1029 3269 in
1059 3214 1175 3282 ejus
1210 3209 1466 3266 electione
1494 3207 1692 3276 perpeti
1720 3220 1833 3261 me-

262 3315 450 3379 tuebat,
479 3313 548 3367 ad
569 3311 686 3379 ejus
714 3307 1170 3364 confirmationem
1198 3299 1656 3368 robustioremque
1683 3310 1833 3352 com-

263 3404 652 3459 mendationem
672 3400 844 3470 potius
871 3397 1152 3468 pertinere.

325 3495 380 3549 2.
406 3495 536 3554 llzec
563 3501 648 3547 est
674 3491 832 3560 igitur
857 3487 1048 3542 anima:
1078 3480 1364 3541 liberandae
1393 3477 1704 3534 universalis
1726 3475 1832 3542 via,

265 3587 319 3642 id
337 3598 416 3642 est
434 3583 706 3642 universis
724 3580 968 3651 gentibus
989 3577 1165 3631 divina
1187 3572 1527 3633 miseratione
1546 3581 1797 3623 concessa
1816 3581 1832 3632 ;

265 3678 409 3748 cujus
446 3675 689 3746 profecto
717 3671 902 3726 notitia
931 3668 998 3729 ad
1034 3678 1397 3737 quoscumque
1429 3662 1537 3730 jam
1575 3659 1752 3724 venit,
1783 3664 1839 3712 et

267 3745 722 3838 ad'quoscumque
747 3769 968 3817 ventura
995 3766 1076 3813 est
1096 3796 1112 3822 ,
1141 3769 1242 3811 nec
1269 3752 1472 3817 debuit,
1499 3764 1600 3804 nec
1626 3745 1840 3802 debebit

270 3861 314 3917 ei
345 3836 480 3924 dici,
507 3858 685 3924 Quare
720 3852 917 3908 modo?
943 3858 998 3908 et
1042 3861 1205 3918 quare
1233 3842 1388 3900 sero?
1426 3839 1673 3910 quoniam
1718 3836 1840 3889 mit-

270 3951 421 4006 tentis
446 3947 730 4004 consilium
757 3957 865 4002 non
888 3949 971 3996 est
995 3939 1228 3993 humano
1255 3931 1466 4003 ingenio
1495 3925 1837 4000 penetrabile.

269 4043 410 4116 Quod
439 4043 610 4097 sensit
643 4039 801 4098 etiam
829 4036 949 4100 iste,
972 4047 1096 4090 cum
1123 4030 1275 4092 dixit,
1308 4025 1540 4088 nondum
1569 4029 1841 4090 receptum

271 4135 367 4202 hoc
394 4135 596 4190 donum
630 4129 754 4193 Dei,
783 4136 836 4186 et
861 4124 1098 4180 nondum
1125 4121 1179 4183 in
1213 4133 1363 4174 suam
1404 4115 1644 4170 notitiam
1681 4110 1844 4165 fuisse

274 4228 549 4297 perlatum.
575 4222 686 4278 Nec
729 4219 870 4274 enim
916 4221 1198 4286 propterea
1237 4223 1422 4264 verum
1460 4219 1566 4260 non
1601 4217 1721 4259 esse
1760 4200 1847 4270 ju-

273 4293 478 4383 dicavit,
510 4317 632 4388 quia
680 4311 916 4368 nondum
951 4309 1003 4362 in
1032 4320 1181 4361 suam
1221 4301 1378 4357 ﬁdem
1410 4306 1680 4368 receptum
1728 4293 1844 4348 fue-

274 4418 369 4475 rat,
411 4406 496 4462 vel
534 4387 602 4461 rin
631 4402 872 4458 notitiam
917 4396 1152 4454 nondum
1197 4399 1528 4463 pervenerat.
1570 4387 1695 4442 Haec
1742 4391 1845 4451 est,

275 4499 520 4569 inquam,
565 4491 959 4550 liberandorum
1005 4485 1334 4542 credentium
1370 4478 1684 4536 universalis
1727 4476 1848 4540 via,

275 4568 356 4645 de,
386 4603 489 4659 qua
523 4585 697 4641 ﬁdelis
726 4581 993 4638 Abraham
1041 4577 1277 4633 divinum
1303 4572 1506 4641 accepit
1529 4568 1802 4623 oraculum
1833 4583 1847 4620 :

278 4678 342 4743 In
376 4658 565 4732 semine
593 4683 678 4728 tuo
704 4672 1053 4728 benedicentur
1079 4682 1248 4722 omnes
1300 4671 1468 4734 gentes
1509 4658 1666 4731 (Gen.
1712 4672 1847 4720 xxn,

279 4769 396 4842 18).
419 4769 521 4836 Qui
569 4768 666 4821 fuit
690 4764 901 4834 quidem
946 4770 1103 4831 gente
1151 4755 1462 4817 Chaldaeus,
1513 4748 1606 4804 sed
1637 4757 1691 4801 ut
1728 4746 1854 4805 talia

281 4849 538 4933 promissa
619 4858 949 4928 perciperet,
989 4861 1040 4906 et
1084 4866 1150 4904 ex
1202 4847 1294 4902 illo
1330 4848 1714 4915 propagaretur
1770 4852 1853 4891 se-

279 4929 456 5007 semen
505 4947 823 5018 dispositum
874 4958 970 5013 per
1019 4938 1248 5009 Angelos
1297 4937 1350 4989 in
1401 4947 1560 4988 manu
1611 4929 1857 4984 Mediatoo

229 5085 237 5103 ,.
282 5043 353 5096 ris
404 5040 604 5109 (Galat.
654 5053 731 5101 Ill,
779 5034 902 5104 l9),
964 5032 1017 5086 in
1070 5044 1176 5100 quo
1228 5033 1370 5082 esset
1421 5024 1520 5078 ista
1573 5018 1857 5076 liberanda:

282 5134 472 5188 anima:
519 5126 834 5188 universalis
873 5125 995 5185 via,
1046 5121 1149 5187 hoc
1190 5126 1272 5174 est
1321 5115 1567 5171 omnibus
1611 5110 1856 5182 gentibus

282 5225 423 5290 data,
457 5224 639 5293 ju-sus
666 5227 749 5274 est
788 5215 1064 5271 discedere
1105 5211 1172 5266 de
1199 5218 1335 5264 terra
1366 5221 1459 5260 sua
1489 5213 1542 5258 et
1567 5201 1632 5256 de
1658 5215 1856 5269 cogna-

283 5315 426 5370 tione
453 5291 548 5367 sua
590 5319 646 5366 et
673 5310 740 5364 de
761 5307 918 5364 domo
958 5303 1124 5374 patris
1149 5300 1227 5355 sui
1262 5296 1424 5370 (Gen.
1457 5310 1554 5360 xu,
1588 5292 1666 5361 1).
1711 5291 1861 5344 Tunc

283 5405 396 5474 ipse
436 5402 682 5473 primitus
730 5413 761 5454 a
801 5395 1174 5452 Chaldaeorum
1217 5384 1681 5458 superstitionibus
1729 5380 1861 5434 libe-

284 5506 432 5550 ratus
454 5492 550 5565 (b),
597 5505 761 5546 unum
804 5501 988 5542 verum
1033 5483 1197 5538 Deum
1242 5475 1514 5548 sequendo
1555 5472 1750 5537 coluit,
1776 5469 1858 5524 cui

355 5650 424 5710 (α)
451 5650 574 5698 Vixit
596 5645 886 5710 Porphyrius
914 5641 1006 5710 sub
1027 5636 1319 5710 Diocletiano
1343 5639 1409 5710 et!
1426 5629 1713 5710 ⁸[ξιιιιιῇιιιὶιιιιο
1737 5625 1864 5687 prin-

287 5688 1217 5773 milia;Hia'd}ii§ia§66§.iamusium
1241 5688 1459 5752 ihsectati
1483 5698 1596 5740 suut
1613 5688 1738 5741 odio.

355 5773 424 5836 (δ)
447 5761 574 5822 ebur.
601 5770 741 5829 infra,
764 5768 848 5817 lib.
874 5766 943 5827 is,
979 5761 1081 5824 cap.
1111 5761 1184 5809 is.

1615 373 1814 430 LIBER
1855 369 2165 426 DECIMUS.

3387 373 3491 430 514

1929 483 2043 540 huic
2062 482 2383 554 promittenti
2413 483 2633 540 ﬁdeliter
2653 483 2896 540 credidit.
2921 483 3047 539 [lare
3070 491 3151 538 est
3177 483 3491 539 universalis

1926 576 2033 644 via,
2061 576 2128 631 de
2153 590 2254 646 qua
2284 576 2335 629 in
2362 585 2543 632 sancta
2574 576 2846 646 pr0phetia
2867 577 3065 631 dictum
3086 585 3167 631 est
3197 593 3209 628 :
3246 575 3380 629 Deus
3397 553 3492 630 mi?

1926 679 2149 724 sereatur
2165 667 2323 721 nostri
2338 707 2353 735 ,
2375 675 2420 720 et
2445 666 2695 721 benedieat
2721 684 2813 722 nos
2831 682 2850 732 ;
2866 668 3112 723 illuminet
3133 669 3322 720 vultum
3343 683 3492 721 suum

1927 776 2078 830 super
2101 775 2210 825 nos,
2239 766 2284 811 et
2309 758 2598 811 misereatur
2616 758 2772 810 nostri
2793 773 2811 811 :
2831 766 2883 811 ut
2908 773 3264 827 cognoscamus
3289 757 3342 810 in
3359 766 3492 810 terra

1926 851 2059 907 uiam
2093 859 2256 912 tuam,
2290 848 2341 900 in
2372 847 2599 901 omnibus
2633 848 2857 917 gentibus
2895 848 3113 902 salutare
3141 858 3280 901 tuum
3314 845 3488 917 (Psal.

1927 939 2206 1006 uvrﬂet
2233 937 2310 1008 5).
2354 937 2502 992 Unde
2545 947 2689 990 tanto
2734 945 2853 1005 post
2895 952 2962 991 ex
3018 936 3243 992 Abraha:
3288 937 3493 991 semine

1927 1043 2088 1084 carne
2138 1038 2402 1097 suscepta,
2439 1027 2505 1082 de
2546 1042 2603 1082 se
2641 1027 2755 1094 ipso
2784 1027 2858 1080 ait
2903 1027 3016 1096 ipse
3056 1026 3340 1082 Salvator:
3378 1026 3489 1096 Ego

1926 1136 2038 1174 sum
2063 1120 2162 1186 uia,
2193 1128 2238 1173 et
2265 1120 2465 1183 ueritas,
2491 1129 2536 1172 et
2556 1119 2654 1172 vita
2686 1115 2859 1187 (Joan.
2885 1133 2993 1183 xiv,
3023 1118 3097 1186 6).
3127 1118 3249 1172 llzec
3269 1125 3350 1171 est
3371 1117 3492 1170 uni-

1927 1212 2149 1268 versalis
2175 1212 2278 1275 via,
2307 1210 2374 1265 de
2403 1225 2506 1280 qua
2535 1217 2680 1263 tanto
2707 1217 2830 1262 ante
2855 1215 3092 1276 tempore
3121 1207 3492 1278 pr0phetatum

1927 1312 2010 1360 est
2041 1316 2056 1358 2
2089 1301 2200 1356 Erit
2221 1303 2272 1356 in
2307 1301 2584 1354 novissimis
2620 1299 2790 1352 diebus
2816 1297 3109 1365 manifestus
3141 1313 3282 1350 mons
3316 1297 3493 1351 domus

1927 1392 2136 1448 Domini
2166 1394 2204 1458 ι,
2237 1402 2444 1463 paratus
2472 1391 2524 1443 in
2541 1389 2799 1443 cacumine
2833 1387 3074 1440 montium
3093 1427 3108 1450 ,
3137 1395 3185 1439 et
3232 1385 3496 1439 extolletur

1926 1502 2078 1557 super
2103 1486 2290 1551 colles;
2323 1493 2367 1537 et
2391 1484 2582 1537 uenient
2612 1482 2678 1536 ad
2704 1497 2817 1534 eum
2845 1481 3091 1533 universa:
3117 1486 3313 1548 gentes,
3345 1487 3390 1530 et
3413 1476 3496 1529 in-

1926 1578 2214 1648 gredientur
2252 1578 2478 1630 nationes
2518 1575 2721 1640 multae,
2750 1582 2796 1628 et
2825 1572 3031 1625 dicent:
3073 1569 3276 1632 Venite,
3318 1584 3495 1622 ascen-

1927 1671 2108 1724 damus
2130 1669 2184 1722 in
2213 1677 2426 1722 montem
2463 1665 2704 1729 Domini,
2737 1674 2783 1718 et
2811 1664 2862 1716 in
2890 1662 3094 1716 domum
3118 1659 3216 1713 Dei
3237 1657 3431 1723 Jacob;
3453 1665 3499 1710 et

1927 1758 2242 1812 annuntiabit
2306 1755 2445 1810 nobis
2496 1756 2630 1808 uiam
2684 1770 2862 1817 suam,
2891 1762 2935 1806 et
2963 1749 3302 1821 ingredicmur
3323 1749 3378 1801 in
3416 1764 3497 1802 ea.

1927 1848 2011 1902 Ea:
2035 1848 2162 1903 Sion
2189 1847 2320 1901 enim
2368 1845 2561 1916 prodiet
2591 1845 2702 1908 lex,
2741 1852 2789 1896 et
2824 1841 3040 1896 Verbum
3072 1838 3279 1892 Domini
3306 1835 3367 1889 ab
3401 1835 3500 1889 Je-

1926 1941 2145 1994 rusalem
2171 1937 2323 2007 (Isai.
2364 1953 2420 2004 ιι,
2446 1937 2482 1990 2
2511 1945 2558 1990 et
2602 1936 2676 2004 ὃ).
2699 1934 2792 1988 Via
2819 1947 2946 2003 ergo
2970 1933 3067 1986 ista
3100 1945 3205 1984 non
3233 1937 3315 1984 est
3341 1929 3498 1983 unius

1926 2033 2118 2102 gentis,
2147 2029 2240 2085 sed
2270 2030 2633 2084 universarum
2675 2025 2932 2096 gentium.
2971 2023 3034 2078 Et
3064 2021 3149 2076 lex
3175 2020 3499 2088 verbumque

1929 2123 2138 2178 Domini
2169 2136 2271 2176 non
2301 2121 2351 2175 in
2378 2120 2506 2174 Sion
2532 2128 2586 2173 et
2613 2117 2907 2172 Jerusalem
2939 2109 3228 2176 remansit;
3259 2109 3352 2164 sed
3374 2107 3498 2162 inde

1928 2217 2211 2285 processit,
2243 2223 2300 2268 ut
2327 2229 2386 2268 se
2427 2227 2519 2282 per
2549 2211 2795 2264 universa
2832 2205 3168 2260 diffunderet.
3204 2200 3356 2257 Unde
3382 2200 3498 2269 ipse

1929 2307 2185 2363 Mediator
2220 2313 2339 2374 post
2371 2301 2815 2357 resurrectionem
2849 2311 2998 2350 suam
3025 2291 3299 2362 discipulis
3337 2287 3502 2358 trepi-

1929 2398 2174 2454 dantibus
2200 2397 2318 2451 ait:
2369 2392 2638 2463 Oportebat
2663 2388 2859 2458 impleri
2898 2401 3008 2457 quae
3049 2384 3236 2453 scripta
3281 2387 3398 2435 sunt
3443 2377 3499 2434 in

1931 2491 2090 2562 Lege,
2122 2500 2168 2544 et
2220 2487 2517 2558 PrOphetis,
2547 2494 2593 2537 et
2636 2481 2855 2535 Psalmis
2889 2479 2950 2532 de
2978 2493 3074 2530 nte.
3118 2474 3261 2529 Tunc
3301 2469 3502 2540 aperuit

1929 2561 2034 2638 illis
2062 2597 2288 2645 sensum,
2335 2587 2390 2631 ut
2434 2577 2762 2646 intelligerent
2801 2571 3096 2640 Scripturas
3117 2607 3132 2632 ,
3162 2574 3210 2620 et
3250 2564 3376 2618 dixit
3403 2561 3501 2626 eis,

1937 2677 2066 2744 Quia
2096 2673 2351 2744 oportebat
2392 2670 2644 2726 Christum
2681 2665 2819 2736 pati,
2859 2672 2902 2717 et
2931 2672 3190 2730 resurgere
3231 2673 3264 2709 a
3296 2652 3505 2707 mortuis

1934 2768 2078 2822 tertio
2104 2767 2184 2819 die
2204 2805 2219 2830 ,
2250 2774 2298 2818 et
2329 2760 2595 2832 prwdicnri
2620 2761 2674 2811 in
2713 2755 2910 2811 nomine
2939 2755 3050 2822 ejus
3091 2746 3428 2822 paenitentiam
3457 2752 3508 2798 et

1931 2859 2269 2914 remissionem
2293 2863 2606 2926 peccatorum
2633 2865 2720 2921 per
2740 2863 2907 2902 omnes
2933 2851 3122 2916 gentes,
3153 2834 3503 2909 incipientibus

1933 2953 1994 3006 ab
2019 2925 2302 3004 Jerusalem
2333 2945 2478 3016 (Luc.
2523 2959 2669 3005 XXIV,
2698 2938 2906 3007 ιιι-47).
2941 2935 3066 2990 Haec
3091 2940 3174 2987 est
3206 2929 3364 3000 igitur
3393 2925 3511 2980 uni—

1933 3040 2160 3098 versalis
2199 3037 2390 3091 anima:
2436 3031 2722 3088 liberandas
2763 3029 2869 3092 via,
2917 3040 3076 3095 quam
3116 3019 3284 3077 sancti
3321 3014 3511 3086 Angeli

1935 3133 2209 3201 sanctique
2253 3127 2530 3196 Propheta:
2575 3123 2722 3193 prius
2766 3121 2818 3174 in
2869 3116 3052 3187 paucis
3081 3110 3383 3167 hominibus
3419 3105 3513 3161 ubi

1936 3197 2226 3299 potuerunt
2256 3219 2348 3274 Dei
2383 3216 2606 3288 gratiam
2643 3208 3064 3282 rcperientibus,
3108 3212 3162 3257 et
3198 3200 3426 3256 maxime
3455 3197 3510 3251 in

1939 3292 2162 3376 llebraza
2188 3321 2365 3386 gente,
2393 3309 2546 3378 cujus
2586 3314 2702 3361 erat
2739 3303 2853 3371 ipsa
2887 3292 3278 3367 quodammodo
3300 3296 3508 3343 sacrata

1936 3378 2270 3479 respublica,
2318 3403 2370 3456 in
2414 3393 2875 3470 prophetationem
2921 3396 2977 3442 et
3015 3378 3512 3454 przenuntiationem

1938 3467 2168 3557 civitatis
2213 3467 2307 3549 Dei
2351 3467 2690 3547 ex—omnibus
2733 3479 2980 3553 gentibus
3018 3467 3423 3557 congregandis,
3457 3472 3516 3557 et

1942 3585 2284 3645 tabernaculo
2310 3591 2363 3635 et
2389 3576 2586 3647 templo
2621 3583 2676 3629 et
2706 3552 3005 3632 sacerdotio
3047 3571 3100 3616 et
3136 3555 3411 3615 sacriﬁciis
3436 3552 3514 3607 si-

1942 3679 2342 3753 gniﬁcaverunt,
2372 3679 2429 3726 et
2453 3644 2677 3736 eloquiis
2705 3656 3020 3732 quibusdam
3053 3648 3362 3710 manifestis,
3392 3644 3510 3714 plc-

1942 3775 2123 3842 risque
2149 3764 2405 3837 mysﬁcis,
2428 3757 2809 3831 prmdixerunt;
2825 3760 3061 3820 przesens
3076 3750 3251 3796 autem
3276 3738 3330 3792 in
3350 3747 3513 3789 carne

1945 3825 2060 3939 ipse
2089 3825 2362 3924 Mediator,
2473 3850 2612 3907 beati
2642 3848 2756 3918 ejus
2787 3839 3026 3912 Apostoli
3049 3837 3159 3907 jam
3187 3825 3517 3887 Testamenti

1944 3917 2066 4014 nrovi
2097 3951 2319 4024 gratiam
2344 3917 2642 4001 revelantes
2668 3917 2901 4006 apertius
2929 3928 3250 3989 indicarunt,
3271 3934 3391 3991 qua:
3415 3917 3519 3972 ali-

1947 4016 2146 4122 quantvo
2173 4039 2434 4097 occultius
2459 4027 2822 4102 superioribus
2849 4029 2971 4076 sunt
2999 4016 3287 4087 signiﬁcata
3317 4019 3522 4110 tempo-

1946 4098 2118 4199 ;ibus,
2143 4146 2240 4202 pro
2259 4137 2472 4186 aetatum
2493 4098 2703 4193 generis
2720 4112 2935 4170 humani
2953 4103 3326 4164 distributione
3338 4116 3361 4194 ξ
3383 4098 3522 4153 sicut

1949 4193 2066 4290 eam
2096 4193 2204 4284 Deo
2229 4219 2454 4293 sapienti
2499 4212 2696 4287 placuit
2721 4206 2971 4264 ordinare
2989 4241 3004 4268 ,
3037 4193 3358 4293 mirabilium
3390 4203 3523 4288 ope-

1951 4336 2068 4378 rum
2093 4317 2422 4374 divinorum,
2458 4305 2694 4377 quorum
2721 4295 2970 4368 superius
3008 4301 3173 4361 pauca
3205 4284 3314 4354 jam
3344 4277 3521 4351 posui,

1952 4404 2370 4467 contestantibus
2398 4397 2583 4469 signis.
2602 4393 2716 4449 Non
2741 4388 2882 4444 enim
2908 4383 3267 4454 apparuerunt
3293 4378 3526 4426 tantum-

1953 4502 2112 4559 modo
2152 4499 2384 4553 visiones
2424 4466 2697 4560 angelicm,
2734 4491 2788 4538 et
2815 4475 3110 4535 caelestium
3160 4466 3524 4524 ministrorum

1957 4597 2067 4653 sola
2107 4592 2271 4648 verba
2313 4591 2638 4644 sonuerunt:
2663 4588 2850 4632 verum
2892 4571 3053 4625 etiam
3099 4556 3402 4618 hominibus
3431 4549 3526 4652 Dei

1956 4687 2122 4743 verbo
2152 4679 2404 4750 simplicis
2450 4670 2663 4744 pietatis
2704 4661 2984 4735 agentibus
3008 4655 3228 4726 spiritus
3270 4639 3526 4750 immundi

1959 4779 2026 4834 de
2054 4731 2328 4828 homimim
2356 4731 2673 4832 corporibus
2699 4771 2761 4808 ac
2787 4749 3032 4806 sensibus
3052 4743 3190 4815 pulsi
3212 4745 3369 4798 sunt;
3401 4731 3525 4785 vitia

1960 4863 2200 4936 corporis
2221 4862 2607 4929 languoresque
2632 4844 2836 4907 sanati;
2863 4841 2973 4896 fera
3000 4831 3244 4891 animalia
3269 4833 3525 4936 terrarum

1961 4969 2016 5016 et
2043 4911 2298 5026 iiquarum
2319 4990 2334 5016 ,
2368 4943 2600 5001 volatilia
2628 4937 2748 4995 coeli
2766 4975 2781 5000 ,
2812 4935 2974 5003 ligna,
3007 4928 3299 4983 elementa,
3325 4911 3524 5014 sidera,

1962 5003 2016 5016 ν’
2043 5003 2199 5026 ""1""
2217 5003 2295 5007 “'V
2322 5003 2334 5016 ι

1961 5051 2136 5108 divina
2165 5047 2311 5116 jussa
2339 5042 2576 5095 fecerunt
2595 5075 2609 5098 ,
2659 5031 2861 5085 inferna
2888 5023 3161 5076 cesserunt
3180 5003 3412 5109 ,urnortui
3440 5015 3529 5116 re-

1963 5090 2212 5198 vixerutit
2239 5153 2253 5189 :
2282 5129 2518 5199 exceptis
2544 5123 2712 5195 ipsius
2729 5109 3017 5173 Salvatoris
3044 5098 3270 5175 propriis
3295 5090 3529 5161 singula-

1965 5236 2219 5300 ribusquc
2253 5194 2823 5283 miraculis,maxime
2864 5194 3150 5296 nativitatis
3195 5198 3249 5290 et
3290 5197 3534 5242 resurre-

1973 5280 2200 5384 ctionis;
2233 5319 2283 5371 in
2311 5325 2534 5386 quorum
2553 5319 2658 5360 uno
2686 5307 2939 5356 materna:
2961 5280 3280 5356 virginitatis
3306 5284 3552 5374 tantum:

1975 5362 2165 5381 eum..-
2186 5362 2200 5384 ,
2313 5362 2326 5369 -
2353 5362 2496 5369 ---ν

1975 5413 2133 5470 modo
2163 5362 2570 5464 sacramentum,
2592 5396 2644 5449 in
2666 5391 2835 5449 altero
2855 5391 3029 5438 autem
3055 5376 3212 5431 etiam
3239 5383 3422 5426 eorum
3445 5362 3536 5433 qui

1973 5508 2025 5561 in
2075 5503 2178 5556 ﬁne
2223 5487 2574 5552 resurrecturi
2611 5490 2762 5546 sunt,
2787 5467 3169 5531 demonstravit
3207 5456 3530 5552 exemplum.

1975 5541 2025 5561 ...
2077 5541 2178 5556 ..ην
2226 5541 2513 5552 ,νηηηη
2749 5541 2759 5546 _

1967 5599 2094 5653 llaec
2131 5594 2213 5647 via
2241 5598 2408 5644 totum
2452 5581 2718 5636 hominem
2763 5565 3014 5630 mundat,
3058 5571 3112 5616 et
3153 5541 3534 5613 immortalitati

2023 5761 2038 5798 ι
2060 5764 2108 5806 In
2129 5747 2376 5804 veteribus
2398 5740 2532 5794 libris
2544 5734 2793 5792 omittitur,
2811 5725 2978 5778 domus
2998 5713 3193 5770 don'utl.
