4064 6478
534 336 643 398 515

538 452 818 510 mortalem
846 466 910 508 ex
950 448 1196 506 omnibus
1220 447 1412 519 quibus
1440 455 1650 503 constat
1682 447 1922 518 partibus
1965 462 2103 519 pra:-

534 554 708 618 parat.
740 544 805 602 Ut
831 544 972 601 enim
1002 557 1107 598 non
1131 541 1232 596 alia
1254 540 1496 612 purgatio
1521 540 1570 596 ei
1595 540 1731 612 parti
1756 550 2102 610 quatreretur,

534 652 696 707 quam
728 643 879 691 vocat
904 633 1313 691 intellectualem
1342 631 1699 703 Porphyrius,
1741 631 1845 687 alia
1872 631 1922 686 ei
1946 646 2104 703 quam

541 735 697 782 vocat
734 724 1061 795 spiritualem
1086 765 1103 791 ,
1138 723 1347 793 aliaque
1386 721 1484 791 ipsi
1529 720 1779 791 corpori,
1821 733 2103 792 propterea

494 880 498 887 ,
538 825 705 872 totum
724 814 958 883 suscepit
972 813 1343 870 veracissimus
1358 811 1862 882 potentissimusque
1886 812 2108 866 munda-

539 914 624 961 tor
637 913 797 975 atque
812 904 1065 959 salvator.
1087 903 1287 959 Pmter
1303 901 1441 957 hanc
1456 900 1617 968 viam,
1637 916 1754 971 qum
1769 901 1964 971 partim
1983 915 2103 956 cum

534 999 651 1054 hare
669 998 840 1053 futura
861 997 1305 1067 prmnuntiantur,
1336 994 1527 1066 partim
1548 1008 1667 1049 cum
1697 992 1835 1048 facta
1861 993 2105 1048 nuntian-

533 1100 640 1157 tur,
671 1104 943 1160 nunquam
972 1087 1154 1160 generi
1180 1086 1347 1143 defuit
1371 1085 1633 1152 humano,
1662 1099 1820 1141 nemo
1849 1084 2101 1141 liberatus

530 1188 631 1245 est,
656 1196 814 1236 nemo
840 1181 1131 1243 liberatur,
1162 1193 1323 1233 nemo
1352 1176 1690 1232 liberabitur.

601 1273 656 1329 5.
697 1271 851 1338 Quod
877 1280 1048 1326 autem
1086 1268 1411 1341 Porphyrius
1440 1267 1790 1324 universalem
1815 1267 1954 1323 viam
1985 1267 2103 1323 ani-

529 1379 634 1420 ma:
671 1363 960 1419 liberanda:
999 1362 1232 1418 nondum
1278 1362 1330 1416 in
1374 1376 1522 1416 suam
1562 1359 1799 1415 notitiam
1844 1359 2104 1415 historiali

529 1457 834 1527 cognitione
860 1458 989 1512 dicit
1028 1472 1148 1512 esse
1172 1456 1424 1527 perlatam
1451 1473 1465 1509 :
1493 1455 1617 1522 quid
1649 1454 1747 1511 hac
1771 1455 1989 1511 historia
2017 1455 2102 1510 vel

528 1546 787 1603 illustrius
816 1547 1043 1602 inveniri
1068 1553 1262 1616 potest,
1284 1560 1402 1615 qum
1423 1545 1729 1600 universum
1751 1545 1934 1601 orbem
1956 1552 2102 1600 tanto

528 1636 683 1706 apice
722 1637 1050 1692 auctoritatis
1089 1636 1334 1701 obtinuit,
1378 1635 1466 1691 vel
1508 1635 1733 1698 ﬁdelius,
1782 1636 1839 1691 in
1886 1651 1988 1706 qua
2030 1635 2103 1692 ita

528 1738 813 1783 narrantur
850 1729 1138 1799 practerita,
1190 1736 1249 1782 ut
1290 1726 1462 1782 futura
1508 1728 1671 1784 etiam
1711 1727 2099 1797 praedicantur;

527 1832 753 1888 quorum
796 1820 959 1873 multa
996 1816 1236 1872 videmus
1272 1818 1509 1887 impleta,
1550 1833 1614 1873 ex
1662 1818 1852 1888 quibus
1893 1833 1955 1873 ea
1983 1832 2102 1888 qua:

527 1916 733 1964 restant
775 1909 893 1963 sine
929 1907 1091 1964 dubio
1132 1922 1409 1979 speremus
1457 1908 1763 1978 implenda?
1804 1908 1919 1964 Non
1956 1909 2101 1964 enim

526 2005 704 2067 potest
741 1996 1086 2071 Porphyrius,
1131 1998 1217 2053 vel
1258 1998 1573 2068 quicumque
1611 1998 1889 2063 Platonici,
1939 1999 2100 2055 etiam

524 2083 581 2139 in
607 2084 707 2140 hac
731 2086 815 2140 via
844 2088 994 2157 quasi
1024 2096 1352 2142 terrenarum
1381 2102 1558 2142 rerum
1585 2096 1639 2142 et
1662 2086 1728 2142 ad
1754 2088 1909 2143 istam
1935 2088 2101 2144 vitam

523 2175 805 2230 mortalem
835 2176 1232 2245 pertinentium,
1263 2176 1641 2233 divinationem
1668 2177 2100 2247 praedictionem-

522 2280 630 2335 qne
671 2275 1014 2322 contemnere
1041 2284 1054 2319 :
1086 2267 1227 2335 quod
1255 2267 1447 2322 merito
1476 2267 1529 2322 in
1568 2268 1686 2323 aliis
1712 2268 2099 2324 vaticinationi-

523 2355 660 2411 bus‘
703 2365 758 2411 et
780 2357 1136 2427 quorumlibet
1179 2356 1457 2412 modorum
1488 2357 1569 2412 vel
1598 2357 1792 2411 artium
1818 2357 2100 2414 divinatio-

520 2445 680 2501 nibus
708 2444 923 2501 faciunt.
968 2446 1175 2516 Negant
1200 2446 1341 2501 enim
1382 2445 1497 2500 hazc
1522 2445 1608 2501 vel
1649 2460 1960 2516 magnorum
2005 2446 2102 2502 ho-

526 2536 755 2602 minum,
782 2536 867 2591 vel
893 2536 1071 2605 magni
1099 2550 1217 2591 esse
1243 2535 1518 2605 pendenda
1551 2553 1565 2591 :
1588 2544 1643 2591 et
1668 2545 1831 2591 recte.
1857 2534 1989 2590 Nam
2014 2536 2099 2591 vel

521 2627 838 2683 inferiorum
883 2627 1017 2682 fiunt
1056 2628 1414 2696 praesensione
1455 2642 1754 2691 causarum,
1802 2628 1939 2682 sicut
1984 2636 2100 2684 arte

518 2720 801 2775 medicinae
843 2720 1154 2790 quibusdam
1197 2719 1632 2775 antecedentibus
1675 2719 1839 2790 signis
1875 2720 2098 2789 plurima

518 2813 814 2865 eventura'
847 2810 1131 2865 valetudini
1168 2810 1557 2881 prazvidentur;
1587 2810 1672 2866 vel
1700 2811 1954 2866 immundi
1984 2811 2096 2866 dae-

519 2915 710 2957 mones
733 2916 825 2957 sua
851 2902 1105 2972 disposita
1136 2903 1270 2958 facta
1298 2904 1672 2973 prtenuntiant,
1693 2918 1915 2973 quorum
1938 2903 2025 2974 jus
2042 2911 2098 2959 et

516 2992 574 3048 in
603 2993 872 3049 mentibus
890 3003 1048 3065 atque
1067 2995 1444 3065 cupiditatibus
1467 2995 1764 3067 iniquorum
1787 2995 1853 3050 ad
1874 3011 2096 3067 qumque

514 3086 861 3155 congruentia
897 3085 1034 3141 facta
1058 3086 1315 3142 ducendis
1338 3086 1568 3156 quodam
1611 3087 1769 3143 modo
1795 3088 1894 3142 sibi
1921 3087 2095 3142 vindi-

514 3184 658 3241 cant,
703 3186 759 3232 et
802 3177 854 3232 in
893 3178 1113 3233 materia
1161 3178 1338 3233 infima
1368 3178 1662 3249 fragilitatis
1690 3178 2091 3252 humanze'(a).

514 3267 631 3324 Non
661 3268 785 3323 talia
813 3270 981 3324 sancti
1007 3269 1252 3326 homines
1277 3271 1329 3325 in
1357 3270 1456 3326 ista
1481 3270 1768 3325 universali
1796 3271 2093 3327 animarum

511 3359 908 3415 liberandarum
930 3360 1012 3415 via
1028 3360 1349 3430 gradientes,
1375 3368 1623 3432 tanquam
1644 3374 1833 3430 magna
1858 3360 2092 3432 prophe-

511 3457 627 3505 tare
652 3456 903 3506 curarunt
926 3469 941 3507 :
967 3451 1210 3522 quamvis
1227 3459 1283 3507 et
1306 3450 1406 3506 ista
1428 3464 1522 3506 eos
1542 3465 1649 3505 non
1675 3449 1922 3522 fugerint,
1955 3452 2096 3510 etab

574 3606 595 3638 ι
628 3611 833 3655 veteres
855 3604 983 3662 libri,
1008 3603 1390 3656 validnmuibus.

572 3667 594 3698 ³
625 3668 698 3715 sic
717 3673 824 3715 Mss.
842 3673 897 3715 Αι
920 3666 1053 3723 editi,
1078 3673 1303 3716 veritum.

575 3728 598 3761 ³
626 3728 760 3787 Editi,
785 3726 904 3778 etin
1205 3725 1446 3791 mentibus
1460 3733 1610 3791 atque
1632 3726 1972 3790 cupiditatibus
1990 3725 2088 3777 ini-

508 3800 731 3851 quortqn,
761 3786 973 3851 congrua
1010 3789 1159 3851 factis
1180 3786 1413 3851 dictaret
1436 3786 1578 3851 dictis
1614 3786 1741 3851 facta
1762 3793 2087 3851 compensant,

508 3848 681 3913 ἀρρὼξ
703 3849 790 3913 jus
819 3848 1026 3911 quodam
1049 3850 1191 3913 modo
1212 3849 1451 3901 vindicent
1473 3850 1523 3913 in
1544 3848 1745 3900 materia
1767 3848 1960 3912 inﬁrma
1981 3848 2088 3913 rm;

506 3908 965 3973 gilitatisﬁumanaz.
985 3912 1602 3973 Corrigunturgauctoritate
1639 3908 2085 3973 manuscriptor'um,

507 3970 593 4040 Qui
615 3970 887 4042 sic_h_abent
912 3985 926 4021 :
950 3970 1437 4042 quoruyitfintellige,
1455 3970 1683 4020 factorum
1706 3970 1922 4042 suorum)
1933 3970 2020 4033 jus
2041 3977 2087 4022 et

506 4031 565 4107 ‘1’!
574 4031 817 4107 ,Wi”!!!
835 4031 976 4107 (Ψίὶνέ
999 4031 1637 4107 cumwb'a.wowm
1651 4032 1724 4107 .94
1750 4031 1949 4107 συωφλὲ
1970 4045 2086 4107 εθηῖ

505 4092 727 4155 gruemia
751 4092 819 4154 (id
843 4101 933 4155 est,
960 4092 1299 4155 cupiditatibus
1331 4092 1707 4155 iisdemhpravis
1740 4092 2085 4155 consentanea)

505 4151 636 4216 [acta
653 4151 886 4216 ducendis
907 4151 1257 4216 quodammodo
1289 4154 1382 4208 sibi
1411 4151 1673 4216 vindicant,
1710 4160 1756 4206 et
1789 4152 1839 4205 in
1877 4151 2083 4205 materid

506 4209 674 4277 inﬁma
696 4209 972 4277 fragilitaiis
991 4215 1229 4267 humanae.

573 4274 647 4338 (α)
671 4274 876 4326 vidJib.
899 4276 964 4326 de
978 4279 1183 4328 Divinat.
1205 4278 1430 4338 daemon”
1464 4290 1515 4327 n.
1537 4277 1570 4327 3
1588 4282 1641 4328 et
1659 4288 1801 4342 seqq.

1586 332 1675 387 DE
1712 332 2032 390 CIVITATE
2069 333 2200 402 DEI,
2240 334 2298 393 S.
2336 334 2703 395 AUGUSTINI

3691 345 3799 403 516

2212 449 2292 506 eis
2329 464 2473 522 saepe
2508 452 2761 522 praedicta
2800 453 2927 520 sint,
2958 452 3025 508 ad
3053 468 3238 510 eorum
3283 455 3439 513 iidem
3468 456 3796 531 faciendam,

2209 558 2330 613 quae
2363 546 2670 602 mortalium
2709 546 2953 603 sensibus
2988 562 3095 603 non
3124 558 3369 619 poterant
3409 551 3663 619 intimari,
3691 569 3797 611 nec

2210 635 2276 689 ad
2319 636 2741 705 experimentum
2785 637 2948 693 celeri
2983 636 3232 695 facilitate
3258 641 3496 710 perduci.
3539 642 3648 699 Sed
3690 644 3797 699 alia

2211 733 2364 780 erant
2396 740 2521 782 vere
2552 742 2743 797 magna
2778 736 2936 799 atque
2963 728 3161 794 divina,
3189 747 3308 801 qua:
3333 742 3591 802 quantum
3619 734 3791 789 daba-

2213 825 2317 883 tur,
2361 819 2570 888 cognita
2600 819 2693 874 Dei
2716 820 3007 887 voluntate,
3043 819 3219 877 futura
3262 823 3596 879 nuntiabant.
3627 823 3795 881 Chri-

2211 917 2326 963 stus
2349 909 2543 979 quippe
2582 912 2635 966 in
2680 926 2842 967 carne
2876 916 3153 980 venturus,
3199 923 3255 969 et
3294 931 3414 986 qua:
3454 917 3507 971 in
3556 918 3650 973 illo
3679 928 3794 974 tam

2209 999 2353 1055 clara
2384 1002 2614 1070 perfecta
2660 1010 2784 1058 sunt
2829 1011 2988 1074 atque
3033 1004 3086 1060 in
3133 1005 3248 1074 ejus
3292 1008 3509 1063 nomine
3544 1009 3792 1079 impleta,

2211 1093 2521 1161 ptenitentia
2550 1094 2825 1150 hominum
2864 1106 2917 1151 et
2950 1096 3017 1152 ad
3044 1097 3209 1153 Deum
3234 1099 3514 1156 conversio
3539 1100 3795 1156 volunta-

2210 1193 2345 1252 tum,
2375 1186 2618 1242 remissio
2645 1196 3004 1258 peccatorum,
3045 1189 3215 1259 gratia
3236 1189 3475 1259 justitiaz,
3509 1190 3641 1248 fides
3668 1191 3796 1261 pio-

2209 1294 2327 1336 rum
2367 1289 2422 1336 et
2461 1296 2557 1352 per
2581 1282 2883 1337 universum
2923 1283 3106 1338 orbem
3151 1283 3203 1338 in
3248 1298 3429 1339 veram
3455 1283 3795 1339 divinitatem

2209 1371 2488 1427 multitudo
2506 1372 2858 1440 credentium,
2890 1373 3111 1429 cultura:
3145 1374 3549 1430 simulacrorum
3588 1374 3797 1430 daemo-

2209 1476 2441 1532 numque
2466 1462 2740 1527 subversio
2766 1473 2820 1521 et
2844 1479 2874 1518 a
2904 1464 3280 1521 tentationibus
3300 1464 3630 1532 exercitatio,
3662 1479 3796 1535 pro-

2208 1553 2498 1610 ficientium
2522 1556 2761 1626 purgatio
2784 1564 2841 1611 et
2863 1556 3109 1612 liberatio
3135 1557 3204 1612 ab
3227 1558 3376 1613 omni
3409 1559 3569 1626 malo,
3597 1558 3788 1627 judicii

2208 1645 2345 1711 dies,
2399 1648 2719 1702 resurrectio
2768 1656 3134 1715 mortuorum,
3178 1649 3452 1705 societatis
3500 1649 3793 1721 impiorum

2207 1743 2406 1791 azterua
2432 1736 2722 1803 damnatio,
2755 1752 3081 1809 regnumque
3105 1747 3362 1794 aeternum
3389 1740 3792 1810 gloriosissime

2204 1827 2435 1883 civitatis
2466 1828 2557 1883 Dei
2585 1837 2874 1898 conspectu
2903 1828 3020 1899 ejus
3044 1830 3415 1886 immortaliter
3438 1829 3788 1901 perfruentis,

2205 1916 2259 1972 in
2281 1917 2440 1988 hujus
2459 1919 2558 1974 vite
2582 1918 2869 1989 Scripturis
2893 1920 3141 1989 praedicta
3160 1929 3318 1990 atque
3342 1921 3601 1991 promissa
3624 1930 3786 1976 sunt:

2204 2021 2428 2078 quorum
2457 2017 2564 2063 tam
2589 2010 2750 2064 multa
2772 2010 2986 2081 impleta
3007 2011 3383 2081 conspicimus,
3413 2019 3473 2066 ut
3497 2020 3643 2067 recta
3670 2011 3788 2083 pie-

2208 2106 2319 2156 tate
2346 2100 2517 2156 futura
2539 2115 2659 2158 esse
2679 2113 2871 2157 caetera
2906 2102 3256 2157 conﬁdamus.
3290 2102 3457 2173 Hujus
3485 2103 3583 2157 via:
3611 2104 3783 2158 recti-

2204 2190 2441 2248 tudinem
2464 2208 2630 2265 usque
2655 2193 2721 2249 ad
2748 2195 2911 2249 Deum
2939 2194 3221 2250 videndum
3264 2197 3419 2267 eique
3444 2196 3498 2251 in
3525 2205 3789 2253 aeternum

2202 2284 2599 2351 cohmrendum,
2632 2286 2691 2341 in.
2711 2295 3009 2342 sanctarum
3040 2287 3455 2356 Scripturarum,
3481 2287 3613 2357 qua’
3646 2301 3791 2357 prte-

2203 2373 2412 2430 dicatur
2463 2386 2624 2446 atque
2667 2378 2956 2445 asseritur,
3001 2378 3258 2446 veritate,
3314 2379 3634 2451 quicumque
3675 2392 3793 2437 non

2203 2465 2449 2532 credunt,
2490 2475 2543 2522 et
2582 2466 2653 2523 ob
2688 2467 2789 2523 hoc
2817 2482 2916 2523 nec
2958 2468 3281 2539 intelligunt,
3328 2484 3634 2542 oppugnare
3659 2484 3791 2542 pos-

2203 2566 2345 2623 sunt,
2376 2557 2469 2613 sed
2489 2572 2792 2630 expugnare
2821 2574 2927 2615 non
2954 2569 3176 2630 possunt
3204 2560 3303 2632 (α).

2272 2648 2325 2703 4.
2366 2648 2701 2720 Quapropter
2743 2650 2797 2706 in
2845 2650 3030 2707 decem
3075 2652 3223 2708 libris
3264 2653 3418 2722 istis,
3462 2654 3561 2709 etsi
3604 2655 3789 2713 minus

2202 2754 2361 2809 quam
2388 2741 2762 2796 nonnullorum
2791 2741 2860 2797 de
2885 2742 3039 2799 nobis
3065 2744 3407 2814 exspectabat
3431 2746 3674 2815 intentio,
3704 2756 3789 2803 ta-

2201 2846 2324 2887 men
2351 2831 2702 2903 quorumdam
2727 2832 2923 2898 studio,
2956 2843 3210 2905 quantum
3240 2851 3397 2891 verus
3421 2837 3563 2892 Deus
3588 2845 3645 2893 et
3672 2825 3786 2894 Do-

2201 2922 2376 2979 minus
2402 2923 2654 2994 adjuvare
2682 2923 2926 2996 dignatus
2952 2933 3054 2991 est,
3087 2925 3461 2992 satisfecimus,
3493 2926 3782 2984 refutando

2199 3013 2648 3070 contradictiones
2673 3015 2978 3085 impiorum,
3008 3016 3098 3085 qui
3123 3015 3394 3072 Conditori
3424 3025 3618 3073 sanctte
3642 3018 3784 3073 civi-

2200 3103 2343 3171 tatis,
2370 3103 2437 3159 de
2465 3118 2566 3174 qua
2591 3103 2863 3175 disputare
2902 3105 3246 3172 instituimus,
3274 3106 3404 3163 deos
3428 3120 3552 3161 suos
3581 3106 3785 3176 praefe-

2197 3207 2342 3252 runt.
2370 3196 2606 3265 Quorum
2628 3197 2811 3253 decem
2831 3198 3087 3254 librorum
3107 3199 3339 3269 quinque
3361 3199 3663 3269 superiores
3682 3199 3783 3255 ad-

2195 3304 2386 3346 versus
2431 3304 2525 3345 eos
2565 3290 2848 3360 conscripti
2895 3280 3041 3356 su'nt,
3085 3291 3174 3361 qui
3214 3299 3431 3361 pr0pter
3474 3290 3613 3346 bona
3652 3290 3783 3348 vita

2197 3381 2355 3451 hujus
2393 3380 2523 3437 deos
2564 3381 2821 3438 colendos
2858 3389 3077 3452 putant;
3108 3382 3342 3452 quinque
3388 3390 3565 3437 autem
3592 3389 3783 3451 poste-

2196 3474 2365 3529 riores
2409 3473 2667 3530 adversus
2700 3489 2793 3529 eos
2818 3475 2907 3545 qui
2955 3475 3154 3531 cultum
3194 3475 3412 3530 deorum
3444 3483 3661 3545 propter
3688 3478 3780 3529 vi-

2102 3566 2109 3573 ’
2195 3573 2321 3630 tam,
2352 3580 2471 3636 qua:
2500 3573 2619 3635 post
2643 3574 2869 3621 mortem
2906 3568 3078 3621 futura
3113 3573 3215 3633 est,
3244 3565 3562 3621 servandum
3592 3567 3782 3622 ex’sti-

2193 3664 2360 3711 mant.
2407 3656 2668 3726 Deinceps
2719 3657 2914 3728 itaque,
2954 3665 3013 3711 ut
3053 3658 3105 3711 in
3147 3657 3325 3728 primo
3372 3657 3511 3714 libro
3550 3658 3782 3728 polliciti

2192 3761 2395 3811 sumus,
2442 3745 2510 3801 de
2552 3747 2773 3803 duarum
2821 3748 3113 3815 civitatum,
3157 3762 3293 3819 quas
3338 3748 3391 3803 in
3429 3750 3531 3804 hoc
3575 3750 3780 3805 saeculo

2192 3839 2469 3909 perplexas
2501 3839 2729 3894 diximus
2771 3840 3106 3911 invicemque
3139 3843 3456 3910 permixtas,
3499 3851 3687 3897 exortu
3717 3851 3781 3898 et

2190 3942 2445 3999 procursu
2483 3936 2537 3982 et
2573 3927 2766 3984 debitis
2793 3928 3003 3993 finibus,
3032 3931 3173 4001 quod
3203 3928 3487 3986 dicendum
3516 3931 3774 3998 arbitror,

2191 4026 2441 4090 quantum
2464 4017 2716 4075 divinitus
2740 4019 3050 4090 adjuvahor,
3075 4020 3381 4090 expediam.

2254 4151 2271 4184 ι
2305 4151 2378 4200 Sic
2411 4156 2517 4200 Mss.
2559 4150 2675 4200 Editi
2706 4163 2843 4214 vero,
2874 4150 2925 4203 in
2957 4150 3230 4203 sanctum‘a
3270 4150 3630 4217 scriptun-mum
3666 4164 3781 4206 esse

2189 4210 2411 4270 locatam,
2436 4224 2549 4321 qua,
2571 4217 2666 4283 etc.
2829 4210 2839 4214 '

2257 4273 2329 4337 (α)
2348 4280 2444 4323 Con
2466 4308 2479 4321 .
2506 4280 2650 4335 epist.
2677 4273 2785 4334 157,
2809 4273 2869 4324 ad
2893 4273 3212 4327 Volusianum.

1331 4474 1810 4583 LIBER
1906 4473 2326 4580 UNDE
2338 4472 2636 4580 01M
2654 4474 2825 4581 US
2870 4473 2977 4580 (⁸).

504 4678 671 4741 incipit
692 4680 854 4741 operis
875 4678 1018 4751 hujus
1037 4690 1145 4786 pars
1161 4677 1313 4751 altera
1333 4677 1421 4740 (b),
1437 4689 1547 4740 quae
1569 4683 1645 4725 est
1665 4675 1730 4726 de
1746 4675 1947 4748 duarum
1961 4676 2469 4749 civitatumaterrenae
2493 4681 2546 4725 et
2561 4674 2794 4735 caelestis,
2822 4682 3013 4735 exortu,
3040 4681 3092 4725 et
3113 4688 3384 4749 procursua

566 4740 676 4786 bus.
700 4747 797 4786 Hoc
816 4753 1024 4786 Dl‘lmum
1066 4746 1171 4786 mro
1191 4747 1433 4786 civitatum
1456 4738 1737 4786 earumdem
1761 4738 1959 4786 exordia
1980 4738 2221 4786 quomodo
2234 4752 2282 4786 in
2296 4736 2584 4786 Annelorum
2605 4737 2840 4785 bonorum
2865 4744 2915 4785 et
2937 4736 3170 4785 malorum
3191 4739 3384 4786 disa-eu

1066 4740 1171 4787 iuro
1191 4736 1433 4789 civitatum
1455 4736 1737 4787 earumdem
1761 4738 1959 4786 exordia
1980 4738 2221 4799 quomodo
2234 4740 2282 4786 in
2296 4736 2584 4799 Angelorum
2605 4737 2840 4785 bonorum
2865 4744 2915 4785 et
2937 4736 3170 4799 malorum
3191 4739 3484 4799 discretione
3504 4750 3769 4799 praeesse.

566 4740 676 4788 bus.
700 4740 797 4801 Hoc
816 4740 1024 4801 primum

2822 4682 3025 4738 exortu,
3040 4681 3092 4725 et
3113 4688 3362 4738 procursu,
3386 4687 3442 4726 ac
3469 4675 3650 4727 debitis
3663 4675 3751 4729 ﬁni

564 4808 679 4859 rmt,
703 4798 1006 4864 demonstrat
1027 4801 1334 4864 augustinus,
1361 4812 1519 4863 eaque
1534 4800 1786 4850 occasione
1830 4800 1930 4863 agit
1948 4798 2012 4847 de
2046 4798 2389 4849 constitutione
2407 4798 2572 4848 mundi
2591 4831 2606 4859 ,
2629 4810 2739 4860 qua:
2761 4799 2911 4849 sacris
2930 4798 3119 4848 Litteris
3140 4800 3190 4848 in
3221 4800 3453 4862 principio
3476 4798 3583 4849 libri
3604 4806 3764 4851 ϐοηθ-

565 4873 679 4912 secs
698 4862 1005 4913 describitur.

1920 4989 2337 5045 ﬁWﬁe

501 5114 728 5175 CAPUT
754 5114 1038 5173 PRIMUM.
1066 5144 1134 5156 —
1160 5113 1240 5170 De
1262 5130 1322 5169 ea
1349 5123 1491 5185 parte
1515 5114 1698 5185 aperis,
1734 5130 1836 5185 qua
1862 5114 2077 5167 duarum

571 5209 846 5276 civitatum,
887 5209 942 5263 id
980 5217 1052 5264 est
1090 5207 1299 5263 ccclesiis
1335 5223 1395 5261 ac
1433 5218 1660 5275 terrente,
1695 5207 1841 5261 initia
1875 5215 1923 5261 et
1951 5206 2078 5277 ﬁnes

570 5301 814 5370 incipiunt
844 5300 1196 5355 demonstrari.

571 5389 849 5446 Civitatem
902 5391 998 5446 Dei
1043 5390 1289 5456 dicimus,
1340 5392 1490 5462 cujus
1522 5405 1585 5447 ea
1612 5391 1882 5461 Scriptura
1927 5391 2077 5448 testis

588 5502 641 5563 ᾳ)
664 5502 1014 5563 Βενὴλῑυδβηηο
1032 5502 1201 5554 Christi
1223 5502 1317 5552 416
1336 5509 1420 5553 aut
1445 5502 1553 5552 M7.

584 5560 634 5623 ὁ)
668 5578 690 5606 α
712 5560 822 5611 Pars
842 5560 995 5626 altera
1015 5565 1183 5626 operis
1200 5565 1359 5626 hujus,
1386 5581 1408 5608 ι
1438 5566 1518 5626 ait
1544 5563 1832 5626 Augustinus
1860 5564 1909 5613 in
1937 5562 2024 5613 lib.
2043 5563 2077 5614 2

498 5628 853 5696 ltetract.,.cap.
875 5624 955 5696 43,
988 5623 1059 5672 ιι.⁷
1076 5623 1127 5682 2,
1156 5642 1187 5696 ηε
1208 5623 1473 5696 duodecim
1507 5623 1642 5696 libris
1663 5626 1962 5696 continetur.
1982 5633 2076 5675 lto-

505 5700 530 5730 ι
552 5696 660 5731 rum
685 5685 816 5745 [rimi
837 5694 1041 5747 quatuor
1062 5685 1312 5747 continent
1336 5692 1564 5747 exortum
1578 5686 1778 5735 duarum
1806 5688 2069 5745 civitatum,

506 5758 533 5790 ι
555 5756 756 5806 quarum
779 5745 866 5794 est
888 5760 984 5798 una
1007 5751 1111 5811 Dei,
1144 5745 1300 5796 altera
1332 5746 1475 5810 hujus
1509 5747 1671 5797 mundi
1696 5761 1709 5797 :
1734 5748 1933 5800 secundi
1955 5759 2073 5811 quae

2179 5123 2281 5185 est,
2313 5133 2430 5188 qua:
2458 5134 2567 5175 non
2607 5119 2835 5178 fortuitis
2859 5124 3089 5182 motibus
3123 5125 3444 5197 animorum,
3483 5128 3577 5197 sed
3604 5130 3769 5202 plane

2184 5270 2208 5299 α
2232 5260 2340 5325 tuor
2364 5256 2961 5325 excursumearumnsive
2982 5270 3263 5325 procursum
3290 5259 3491 5325 :_tet_'tii__
3500 5272 3645 5325 vero,
3677 5264 3769 5325 qui

2185 5332 2207 5359 ι
2233 5323 2284 5364 et
2324 5316 2572 5375 postremi,
2610 5315 2804 5365 debitos
2824 5317 2962 5366 lines.
2984 5315 3008 5363 ἰ
3040 5318 3295 5369 Undecimo
3316 5320 3430 5370 huic
3461 5319 3586 5371 libro
3615 5315 3768 5374 dabat

2176 5388 2374 5448 Operam
2394 5379 2703 5448 augustinus,
2737 5379 2930 5448 quando
2968 5381 3118 5441 ipsius
3146 5388 3318 5444 rogatu
3356 5382 3529 5432 Paulus
3564 5384 3769 5448 Orosius

2175 5452 2291 5489 suos
2301 5438 2618 5504 instar-iurum
2642 5438 2792 5504 libros
2809 5438 3026 5489 scribere
3046 5438 3312 5504 aggressus
3335 5453 3432 5503 est,
3449 5456 3575 5492 anno
3592 5443 3768 5504 videli-

2176 5499 2541 5567 cetChristji16
2553 5508 2635 5567 aut
2656 5500 2762 5567 {17.
2777 5507 2934 5563 ipsum
2952 5499 3350 5567 enim'drosiusin
3367 5499 3645 5567 praefatione
3664 5503 3766 5554 Iau-

2174 5562 2256 5611 dat
2278 5578 2300 5606 α
2320 5559 2612 5623 perﬁciendo
2633 5559 2867 5611 adversus
2889 5571 3101 5624 Paganos
3115 5559 3509 5616 undecimo'libro
3531 5568 3766 5617 insisten-

2182 5641 2205 5669 ι
2227 5630 2329 5684 tem
2352 5634 2366 5670 :
2392 5634 2613 5684 quorum,
2638 5640 2660 5684 ν
2690 5625 2774 5681 ait,
2808 5644 2829 5668 ι
2848 5625 3150 5684 jamdeeem
3173 5627 3392 5678 orientes
3429 5627 3548 5676 radii
3569 5640 3677 5676 mox
3706 5634 3766 5678 ut

2181 5702 2203 5731 ι
2222 5682 2534 5795 (ἓὲϋέιὲεῶΙῖ
2556 5682 2895 5738 ecclesiasticae
2929 5683 3158 5737 claritatis
3195 5686 3309 5738 elati
3331 5695 3462 5750 sunt,
3502 5695 3602 5739 toto
3634 5689 3764 5745 orbe

2181 5762 2204 5793 ι
2474 5780 2485 5792 .

2181 5762 2204 5793 ι
2228 5757 2485 5796 ιυιεθι-ιωι.
2503 5759 2534 5791 ἰ
