4064 6538
282 353 382 410 δη

263 486 486 529 summa:
502 469 857 541 dispositione
873 467 1217 540 providentia:
1237 484 1396 540 super
1415 484 1597 525 omnes
1618 470 1855 526 omnium

261 565 496 638 gentium
547 564 786 626 litteras,
817 563 996 618 omnia
1038 562 1134 616 sibi
1170 578 1362 630 genera
1400 563 1726 633 ingeniorum
1757 564 1858 618 hu-

263 672 544 712 manorum
594 656 773 711 divina
811 655 1083 710 excellens
1126 655 1441 710 auctoritate
1492 655 1716 726 subjecit
1759 655 1855 729 (a).

263 749 342 806 lbi
366 750 567 820 quippe
593 749 850 818 scriptum
877 756 960 802 est
987 765 999 798 :
1034 745 1266 800 Gloriosa
1300 747 1434 799 dicta
1455 756 1571 801 sunt
1591 748 1653 802 de
1682 757 1746 814 te,
1778 749 1856 802 ei-

263 845 386 898 vitas
409 841 510 896 Dei
532 841 707 913 (Psal.
739 856 956 904 Lxxxvi,
987 839 1065 911 5).
1097 840 1164 894 Et
1190 840 1241 894 in
1277 840 1380 898 alio
1407 841 1608 910 psalmo
1630 842 1852 912 legitur:

265 933 486 1003 Magnus
517 933 792 989 Dominus.
833 941 880 985 et
928 932 1200 986 laudabilis
1246 931 1390 984 valde
1431 932 1486 985 in
1527 933 1723 986 civitate
1765 932 1858 987 Dei

264 1026 440 1092 nostri,
471 1025 528 1078 in
555 1033 721 1077 monte
744 1039 918 1077 saneto
942 1023 1072 1092 eius,
1108 1023 1327 1077 dilatatis
1357 1023 1712 1077 exsultationes
1739 1024 1856 1077 uni-

264 1131 415 1171 versa:
442 1126 612 1168 ten-te.
661 1115 726 1167 Et
767 1113 922 1182 paulo
969 1122 1086 1182 post
1129 1112 1183 1168 in
1213 1112 1400 1166 eodem
1431 1114 1675 1182 psalmo:
1713 1113 1857 1168 Sicut

263 1208 570 1271 audivimus,
602 1206 674 1258 ita
712 1214 756 1260 et
787 1206 1021 1270 vidimus,
1055 1207 1106 1258 in
1136 1205 1332 1258 civitate
1357 1203 1563 1259 Domini
1599 1206 1853 1274 virtutum,

263 1301 314 1352 in
337 1299 539 1351 civitate
582 1297 678 1350 Dei
723 1297 919 1359 nostri;
951 1295 1086 1349 Deus
1116 1296 1346 1366 fundavit
1383 1314 1489 1349 eam
1525 1298 1575 1350 in
1615 1307 1857 1352 aeternum

263 1388 429 1457 (Paul.
459 1404 624 1454 xLVii,
649 1389 701 1452 2,
727 1389 780 1454 5,
809 1387 886 1457 9).
917 1388 1047 1442 lieni
1085 1387 1138 1442 in
1173 1388 1278 1442 alio
1308 1405 1321 1441 :
1368 1387 1618 1443 Fluminis
1645 1389 1856 1460 impetus

261 1482 482 1549 iisti/ient
508 1481 759 1534 civitatein
787 1478 900 1542 Dei,
931 1481 1261 1549 sanctiﬁcavit
1298 1480 1676 1534 tabernaculum
1703 1499 1853 1536 suum

258 1573 598 1638 Altissimus;
647 1571 786 1627 Deus
825 1574 876 1626 in
923 1574 1085 1627 medio
1135 1574 1268 1643 ejus,
1319 1591 1420 1627 non
1471 1575 1857 1629 commovebitur

263 1664 429 1736 (Psal.
466 1681 597 1730 va,
631 1667 666 1721 5
691 1676 736 1720 et
763 1666 841 1736 6).
867 1667 959 1721 [iis
997 1678 1156 1737 atque
1184 1668 1484 1737 hujusmodi
1517 1670 1850 1736 testimoniis,

261 1773 376 1827 quin
407 1759 592 1813 omnia
634 1774 1053 1816 commemorare
1079 1761 1237 1814 nimis
1265 1761 1479 1832 longum
1515 1771 1617 1829 est,
1664 1763 1852 1818 (1Ηὶοἰ-

259 1865 375 1903 inus
425 1865 550 1904 esse
594 1850 880 1920 quamdam
917 1852 1184 1907 civitatem
1215 1853 1343 1919 Dei,
1389 1854 1538 1923 cujus
1565 1855 1706 1908 cives
1735 1869 1852 1908 esse

259 1942 721 2011 concupiscimus‘
755 1943 845 1996 illo
871 1958 1074 2006 amore,
1111 1959 1269 2012 quem
1305 1943 1458 1998 nobis
1494 1944 1633 1998 illius
1656 1944 1852 1999 Condi-

261 2043 343 2089 tor
368 2035 670 2106 inspiravit.
709 2035 842 2090 Huic
876 2036 1148 2091 Conditori
1184 2044 1382 2092 sancta:
1417 2038 1663 2103 civitatis,
1708 2038 1851 2092 cives

261 2133 485 2182 terrena:
541 2127 772 2181 civitatis
823 2126 952 2182 deos
1009 2143 1135 2184 suos
1182 2129 1488 2198 praeferunt,
1546 2127 1850 2199 ignorantes

256 2231 376 2271 eum
401 2232 526 2272 esse
549 2219 715 2272 Deum
744 2217 988 2283 deorum,
1025 2233 1132 2276 non
1160 2219 1383 2274 deorum
1427 2219 1700 2287 falsorum,
1746 2219 1850 2276 hoc

258 2316 337 2361 est
367 2307 655 2376 impiorum
683 2317 737 2362 et
761 2309 1135 2378 superborum,
1159 2310 1248 2380 (ιυί
1279 2310 1395 2379 ejus
1433 2310 1847 2366 iucomniutabili

258 2399 611 2470 omnibusque
660 2401 931 2458 communi
980 2403 1098 2461 luce
1153 2402 1362 2474 privati,
1421 2412 1476 2458 et
1519 2403 1589 2458 ob
1643 2403 1742 2458 hoc
1780 2403 1847 2458 ad

256 2491 537 2559 quamdam
570 2508 790 2562 egenam
823 2504 1134 2563 potestatem
1173 2495 1394 2562 redacti,
1441 2511 1564 2551 suas
1593 2496 1851 2567 quodam-

255 2583 414 2637 modo
467 2585 696 2654 privatas
746 2587 1011 2656 potentias
1055 2597 1448 2654 consectantur,
1512 2587 1846 2658 honoresque

255 2671 466 2728 divinos
518 2690 547 2728 a
585 2675 824 2745 deceptis
869 2677 1093 2732 subditis
1144 2689 1419 2749 quierunt;
1477 2679 1572 2734 sed
1623 2680 1843 2736 deorum

253 2765 466 2834 piorum
492 2777 651 2837 atque
676 2780 1000 2834 sanctorum,
1029 2771 1118 2842 qui
1148 2771 1320 2841 potius
1345 2787 1402 2827 se
1431 2773 1573 2842 ipsos
1595 2774 1683 2827 uni
1713 2775 1842 2829 sub-

253 2855 378 2910 dere
407 2872 568 2927 qiiam
592 2860 786 2914 inultos
816 2861 938 2927 sibi,
982 2863 1260 2932 petiusque
1291 2862 1452 2917 Deum
1481 2865 1657 2919 colere
1684 2880 1840 2935 quam

253 2960 348 3021 pro
378 2948 493 3004 Deo
516 2949 616 3004 cnll
643 2949 990 3005 delectantur.
1042 2952 1147 3007 Sed
1178 2952 1335 3022 hujus
1375 2964 1572 3010 sanctae
1614 2955 1842 3010 civitatis

253 3040 504 3109 inimicis,
535 3043 718 3098 decem
761 3046 1126 3114 superioribus
1167 3046 1335 3112 libris,
1374 3056 1627 3117 quantum
1665 3048 1842 3118 potui-

251 3146 388 3200 inus,
424 3134 647 3189 Domino
672 3145 726 3190 et
751 3135 896 3207 Rege
917 3145 1100 3191 nostro
1121 3137 1421 3206 adjuvante,
1445 3139 1836 3208 respondimus.

250 3221 398 3278 Nunc
427 3239 554 3279 vero
575 3225 697 3294 quid
723 3241 752 3279 a
782 3241 867 3281 me
887 3225 996 3296 jam
1016 3237 1351 3297 exSpectetur-
1367 3243 1677 3297 agnoscens,
1709 3229 1841 3284 mei-

250 3327 348 3383 que
373 3329 484 3368 non
511 3314 788 3370 immemor
824 3315 1006 3383 debiti,
1049 3316 1116 3372 de
1152 3318 1372 3373 duarum
1399 3319 1689 3383 civitatum,
1724 3328 1836 3374 ter-

249 3420 392 3460 rena:
423 3407 626 3462 scilicet
648 3417 700 3461 et
721 3408 975 3473 cmlestis,
1006 3424 1136 3478 quas
1173 3410 1226 3464 in
1266 3410 1365 3464 hoc
1401 3411 1609 3466 interim
1640 3410 1836 3466 szeculo

249 3497 533 3566 perplexas
557 3499 946 3568 quodammodo
981 3501 1209 3557 diximus
1239 3502 1572 3574 invicemque
1603 3505 1836 3574 permix-

250 3596 347 3655 tas,
378 3597 569 3644 exortu
594 3600 648 3645 et
667 3606 894 3646 excursu
920 3601 972 3647 et
995 3592 1186 3649 debitis
1217 3593 1428 3662 ﬁnibus,
1463 3603 1716 3666 quantum
1738 3611 1834 3650 va-

248 3678 423 3747 luere,
467 3681 764 3752 disputare,
808 3684 922 3756 ejus
952 3684 1115 3755 ipsius
1145 3685 1353 3743 Domini
1384 3693 1438 3744 et
1465 3686 1624 3756 Regis
1668 3688 1834 3742 nostri

247 3771 446 3844 ubique
496 3775 836 3844 opitulatione
888 3776 1074 3845 fretus,
1129 3778 1445 3848 aggrediar:
1498 3778 1832 3849 primumque

249 3863 420 3920 dicam
449 3867 888 3936 quemadmodum
910 3870 1125 3924 exordia
1144 3869 1367 3924 duarum
1399 3871 1617 3925 istarum
1646 3870 1835 3925 civita-

250 3962 357 4009 tum
391 3956 449 4009 in
481 3958 798 4028 Angelorum
823 3958 1128 4015 diversitate
1157 3961 1546 4030 prarcesserint.

244 4064 476 4122 CAPUT
505 4068 567 4122 ll.
595 4100 667 4110 —
687 4069 767 4125 De
791 4073 1135 4143 cognoscendo
1163 4071 1292 4140 Deo,
1331 4073 1398 4125 ad
1429 4073 1573 4145 cujus
1601 4073 1830 4128 notitiam

311 4173 468 4211 nemo
495 4160 750 4213 hominum
775 4163 1015 4231 pervenit,
1057 4163 1156 4216 nisi
1179 4178 1269 4232 per
1305 4161 1636 4218 Mediatorem
1660 4163 1760 4222 Dei
1783 4173 1828 4219 et

309 4247 576 4302 hominum
599 4249 847 4306 hominem
871 4250 1048 4309 Iesum
1075 4251 1350 4306 Christum.

308 4359 562 4429 Magnum
587 4371 668 4418 est
690 4373 745 4420 et
762 4363 1046 4418 admodum
1073 4379 1253 4420 rarum
1281 4365 1584 4421 universam
1614 4374 1826 4422 creatu-

243 4466 354 4507 ram
385 4467 698 4524 corpoream
732 4463 788 4510 et
835 4457 1200 4526 incorpoream
1243 4456 1632 4512 consideratam
1673 4473 1823 4512 com-

189 4553 556 4614 “partumque
597 4546 900 4601 mutabilem
959 4547 1252 4602 intentione
1299 4549 1494 4604 mentis
1543 4547 1821 4614 excedere,

240 4642 400 4704 atque
427 4634 496 4688 ad
519 4635 1000 4693 incommutabilem
1027 4639 1119 4694 Dei
1149 4637 1494 4694 substantiam
1523 4641 1820 4710 pervenire,

238 4733 292 4779 et
325 4726 442 4781 illic
476 4725 680 4783 discere
718 4744 784 4784 ex
813 4730 948 4799 ipso,
972 4730 1113 4801 quod
1133 4741 1378 4786 cunctam
1423 4741 1664 4787 naturam
1705 4749 1823 4802 qua:

239 4830 343 4871 non
397 4826 486 4872 est
531 4820 672 4889 quod
717 4821 852 4892 ipse,
884 4837 988 4877 non
1042 4822 1168 4878 fecit
1211 4824 1316 4878 nisi
1364 4824 1496 4894 ipse.
1546 4825 1634 4881 Sic
1681 4826 1822 4881 enim

241 4906 383 4964 Deus
405 4924 528 4964 cum
558 4911 768 4967 homine
793 4928 901 4968 non
931 4928 1026 4984 per
1050 4914 1282 4984 aliquam
1319 4925 1617 4970 creaturam
1646 4916 1820 4986 loqui-

240 5009 323 5055 tur
349 5004 708 5071 corporalem,
753 5007 1116 5076 corporalibus
1155 5007 1454 5079 instrepens
1493 5009 1726 5078 auribus,
1765 5016 1823 5064 ut

234 5089 378 5148 inter
405 5103 684 5151 sonantem
727 5105 781 5150 et
818 5096 1120 5153 audientem
1147 5099 1294 5154 aeria
1330 5099 1495 5168 spatia
1530 5100 1822 5157 verberen-

234 5189 319 5236 tur
346 5199 362 5248 ;
395 5199 571 5253 neque
597 5201 687 5255 per
716 5187 975 5256 ejusmodi
1019 5188 1344 5258 spiritualcm
1379 5205 1496 5259 qua:
1536 5204 1818 5259 corporum

231 5273 670 5331 similitudinibus
722 5277 994 5349 ﬁguratur,
1040 5280 1178 5335 sicut
1210 5279 1264 5336 in
1303 5281 1526 5336 somniis
1594 5282 1680 5337 vel
1713 5297 1819 5352 quo

230 5362 338 5417 alio
367 5365 462 5420 tali
491 5366 683 5431 modo;
715 5383 836 5422 nam
863 5378 918 5424 et
948 5370 1025 5424 sic
1051 5370 1198 5426 velut
1226 5373 1464 5441 corporis
1491 5372 1706 5426 auribus
1736 5372 1816 5427 lo-

129 5439 138 5452 ’
231 5456 437 5525 quitur,
465 5457 584 5527 quia
610 5460 754 5515 velut
793 5476 889 5531 per
916 5477 1108 5533 corpus
1136 5439 1372 5534 loquitur
1397 5475 1452 5521 et
1481 5466 1624 5521 velut
1651 5467 1818 5522 inter-

230 5548 408 5614 posito
447 5552 798 5622 corporalium
823 5554 1062 5610 locorum
1089 5556 1396 5626 intervallo;
1423 5557 1647 5614 multum
1675 5558 1816 5614 enim

290 5747 464 5826 Lilia.
481 5748 1113 5826 pleriqune,_co_ncupivimus.
1132 5763 1186 5808 Et
1207 5759 1398 5826 quidam
1412 5795 1427 5823 ,
1453 5760 1779 5826 cmicupimus.

291 5810 371 5872 (α)
392 5810 520 5861 Con't‘.
547 5810 638 5862 lib.’
654 5814 686 5863 2
707 5810 770 5866 de
789 5810 939 5868 Docti.
961 5819 1152 5883 Clirist.,
1178 5810 1327 5871 n.'65.

1547 353 1759 412 LIBER
1797 355 2209 415 UNDECIMUS.

3438 368 3543 426 5l8

1964 471 2158 528 similia
2188 481 2314 528 sunt
2355 474 2479 531 talia
2515 475 2625 530 visa
2663 474 2976 546 corporibus
3005 489 3020 530 :
3049 471 3150 531 sed
3173 475 3405 548 loquitur
3430 478 3542 548 ipsa
3583 511 3588 534 .-

1958 566 2196 630 veritate,
2225 568 2267 621 si
2292 568 2409 637 quis
2430 567 2497 621 sit
2524 568 2743 624 idoneus
2768 568 2832 623 ad
2859 569 3177 624 audiendum
3211 580 3406 636 mente,
3436 585 3540 628 non
3567 565 3580 654 ξ’

1958 669 2202 726 corpore.
2235 655 2314 710 Ad
2341 655 2468 711 illud
2497 658 2637 712 enim
2669 658 2899 714 hominis
2930 659 3000 713 ita
3039 659 3293 730 loquitur,
3317 659 3458 729 quod
3486 661 3541 715 in
3570 659 3576 682 ‘

1960 747 2176 802 homine
2223 748 2430 802 caeteris
2457 748 2647 818 quibus
2677 749 2836 803 homo
2864 757 3073 804 constat
3111 759 3194 805 est
3231 750 3444 819 melius,
3489 758 3545 807 et

1958 851 2064 906 quo
2091 837 2203 906 ipse
2230 837 2366 892 Deus
2391 837 2536 894 solus
2558 847 2642 893 est
2681 840 2887 894 melior.
2915 840 3049 895 Cum
3079 840 3219 895 enim
3256 839 3419 896 homo
3451 856 3544 897 re-

1957 929 2191 984 ctissime
2235 929 2575 1000 intelligatur,
2627 931 2710 985 vel
2755 931 2798 986 si
2840 931 2941 986 hoc
2974 947 3079 986 non
3106 939 3298 1002 potest,
3351 933 3541 988 saltem

1958 1021 2206 1076 credatur
2256 1022 2424 1076 iactus
2467 1021 2533 1076 ad
2581 1022 2862 1092 imaginem
2901 1023 3036 1089 Dei;
3079 1022 3314 1092 proiecto
3351 1037 3414 1078 ea
3457 1022 3544 1079 sui

1959 1123 2108 1183 parte
2134 1123 2215 1167 est
2243 1112 2586 1183 prepinquior
2604 1113 2864 1183 superiori
2894 1115 3022 1180 Deo,
3045 1128 3149 1184 qua
3171 1123 3389 1183 superat
3406 1115 3542 1170 infe-

1959 1205 2126 1258 riores
2151 1217 2274 1257 snas
2303 1202 2401 1274 (α),
2433 1219 2564 1274 quas
2589 1205 2748 1258 etiam
2777 1219 2896 1260 cum
2919 1205 3203 1274 pecoribus
3227 1221 3561 1264 communes.

1959 1293 2136 1348 habet.
2165 1294 2269 1349 Sed
2305 1295 2425 1364 quia
2465 1294 2577 1364 ipsa
2611 1310 2781 1356 mens,
2830 1295 2914 1350 cui
2941 1295 3077 1349 ratio
3118 1303 3171 1350 et
3195 1295 3539 1365 intelligentia

1958 1386 2267 1440 naturaliter
2294 1387 2448 1450 inest,
2481 1387 2624 1442 vitiis
2649 1387 2964 1458 quibusdam
2991 1386 3284 1442 tenebrosis
3307 1397 3362 1442 et
3391 1397 3540 1444 vete~

1956 1476 2102 1531 ribus
2132 1477 2360 1533 invalida
2381 1486 2481 1545 est,
2503 1493 2608 1533 non
2625 1480 2794 1533 solum
2816 1477 2882 1532 ad
2904 1477 3266 1532 inhaerendum
3290 1476 3536 1545 fruendo,

1956 1581 2138 1622 verum
2165 1569 2322 1624 etiam
2345 1569 2410 1624 ad
2433 1569 2800 1640 perferendum
2828 1569 3261 1625 incommutabile
3285 1570 3461 1625 lumen
3483 1572 3530 1636 ⁸,

1955 1661 2125 1717 donec
2145 1662 2210 1717 de
2239 1662 2326 1718 die
2353 1663 2405 1718 in
2434 1663 2574 1719 diem
2605 1673 2854 1719 renovata
2877 1672 3036 1734 atque
3060 1671 3245 1718 sanata
3268 1663 3360 1717 ﬁat
3378 1671 3538 1718 tanta:

1955 1755 2220 1811 Micitatis
2254 1771 2440 1826 capax,
2473 1756 2576 1812 lide
2602 1757 2830 1826 primum
2867 1757 3037 1812 fuerat
3067 1755 3350 1810 imbuenda
3381 1763 3540 1823 atque

1953 1847 2243 1917 purganda.
2279 1847 2333 1902 in
2363 1863 2463 1917 qua
2486 1856 2546 1903 ut
2571 1849 2813 1903 fidentius
2836 1849 3130 1904 ambularet
3154 1847 3218 1903 ad
3236 1847 3535 1914 veritatem,

1951 1938 2063 2008 ipsa
2093 1939 2289 1994 veritas
2333 1939 2474 1994 Deus
2503 1940 2594 1994 Dei
2639 1939 2802 1995 Filius
2832 1941 3045 1995 homine
3082 1949 3376 2008 assumpto.
3429 1954 3537 1996 non

1952 2028 2063 2083 Deo
2101 2040 2438 2100 consumpto,
2494 2030 2736 2086 eamdem
2777 2031 3052 2086 conSiituit
3098 2041 3255 2101 atque
3301 2026 3538 2088 fundavit

1951 2118 2131 2187 ﬁdem,
2185 2130 2243 2176 ut
2271 2122 2336 2177 ad
2366 2121 2598 2177 hominis
2621 2125 2642 2156 '
2677 2123 2840 2178 Deum
2867 2123 2968 2177 iter
3005 2133 3149 2178 esset
3193 2123 3392 2178 homini
3438 2139 3532 2193 per

1952 2211 2220 2267 hominem
2253 2214 2435 2268 Deum.
2475 2214 2572 2268 llic
2591 2221 2672 2268 est
2687 2216 2828 2268 enim
2857 2213 3119 2269 mediator
3149 2215 3242 2270 Dei
3273 2224 3325 2270 et
3352 2215 3529 2270 homi-

1950 2318 2074 2357 num
2103 2303 2263 2358 homo
2296 2302 2540 2360 Christus
2576 2304 2753 2361 Jesns.
2803 2305 2902 2360 Per
2928 2304 3029 2358 hoc
3059 2305 3201 2359 enim
3252 2304 3529 2371 mediator,

1952 2408 2044 2463 per
2059 2393 2198 2462 quod
2223 2393 2382 2448 homo
2397 2393 2440 2458 ';
2461 2410 2556 2463 per
2583 2392 2682 2449 hoc
2699 2402 2753 2449 et
2777 2395 2881 2448 via.
2900 2394 3159 2461 Quoniam
3181 2395 3223 2450 si
3247 2395 3384 2450 inter
3410 2411 3530 2450 eum

1869 2498 1883 2514 ο
1948 2483 2036 2554 qui
2066 2483 2231 2538 tendit
2256 2493 2307 2539 et
2329 2483 2454 2539 illud
2481 2499 2588 2554 quo
2617 2484 2805 2551 tendit,
2840 2487 2923 2541 via
2950 2485 3120 2540 media
3143 2495 3244 2551 est,
3285 2499 3408 2555 spes
3450 2493 3531 2541 est

1949 2573 2288 2643 perveniendi
2314 2593 2326 2629 :
2351 2575 2392 2628 si
2409 2583 2585 2629 autem
2609 2573 2767 2641 desit,
2785 2584 2877 2630 aut
2897 2575 3164 2644 ignoretur
3176 2591 3276 2644 qua
3298 2575 3530 2630 eundum

1947 2667 2034 2732 sit,
2059 2665 2183 2736 quid
2207 2666 2428 2736 prodest
2447 2682 2602 2721 nosse
2621 2683 2726 2737 quo
2746 2667 2976 2722 eundum
2996 2667 3097 2722 sit?
3116 2667 3238 2721 Sola
3255 2677 3337 2721 est
3353 2674 3529 2720 autem

1946 2758 2199 2814 adversus
2222 2774 2408 2814 omnes
2429 2775 2639 2814 errores
2661 2759 2741 2813 via
2769 2759 3144 2821 munitissima,
3175 2768 3231 2812 ut
3254 2758 3394 2813 idem
3419 2757 3530 2826 ipse

1945 2848 2012 2903 sit
2040 2848 2182 2903 Deus
2197 2858 2249 2903 et
2273 2849 2433 2904 homo
2461 2867 2474 2904 :
2503 2864 2608 2920 quo
2640 2849 2766 2912 itur,
2790 2849 2962 2914 Deus;
2987 2865 3087 2919 qua
3113 2849 3236 2913 itur,
3270 2848 3451 2903 homo.

1942 2956 2170 3015 CAPUT
2208 2958 2293 3014 Ill.
2335 2990 2409 3000 —
2449 2959 2525 3014 De
2571 2961 2872 3014 auctoritate
2924 2963 3183 3014 canonica:
3225 2960 3525 3032 Scripturte,

2403 3051 2572 3104 divino
2601 3051 2802 3120 Spiritu
2829 3051 3066 3106 conditis.

2012 3139 2109 3193 Hic
2159 3139 2304 3209 prius
2351 3156 2448 3211 per
2487 3141 2797 3210 Pmplieias,
2851 3141 3042 3197 deinde
3080 3156 3175 3210 per
3225 3156 3285 3197 se
3329 3141 3521 3211 ipsum,

1939 3238 2122 3299 postea
2151 3245 2244 3300 per
2281 3230 2582 3299 Apostolos,
2629 3240 2882 3301 quantum
2925 3233 3054 3286 satis
3090 3247 3208 3287 esse
3249 3231 3519 3301 judicavit,

1940 3319 2168 3385 loeutus,
2225 3319 2383 3374 etiam
2434 3319 2762 3391 Scripturam
2804 3321 3059 3386 condidit,
3107 3339 3224 3392 qua:
3266 3324 3521 3380 canonica

1938 3411 2261 3478 nominatur,
2291 3411 2724 3467 eminentissima:
2749 3411 3100 3478 auctoritatis,
3136 3412 3218 3466 cui
3242 3411 3398 3466 {idem
3427 3412 3520 3466 ha-

1936 3501 2124 3557 bemus
2151 3502 2218 3557 de
2258 3502 2340 3558 his
2380 3504 2540 3559 rebus
2564 3519 2695 3575 quas
2722 3505 2964 3574 ignorare
2995 3520 3100 3558 non
3140 3504 3375 3574 expedit,
3418 3519 3519 3560 nec

1935 3608 2036 3662 per
2061 3594 2417 3664 nosmetipsos
2444 3610 2602 3650 nosse
2628 3595 2803 3650 idonei
2824 3612 3027 3650 sumus.
3067 3595 3196 3650 Nam
3229 3595 3274 3650 si
3302 3611 3363 3650 ea
3385 3595 3513 3651 sciri

1933 3693 2157 3752 possunt
2183 3685 2407 3739 testibus
2449 3685 2622 3752 nobis,
2661 3701 2780 3756 qua:
2809 3696 3010 3740 remota
3049 3702 3153 3741 non
3183 3694 3305 3739 sunt
3330 3701 3359 3739 a
3390 3699 3515 3740 sen-

1932 3774 2080 3829 sibus
2101 3775 2317 3840 nostris,
2337 3773 2447 3830 sive
2465 3775 2802 3830 interioribus
2823 3777 2934 3831 sive
2953 3776 3110 3830 etiam
3129 3775 3511 3841 exterioribus;

1935 3864 2073 3919 unde
2111 3873 2164 3920 et
2192 3866 2471 3935 praesentia
2501 3875 2892 3936 nuncupantur,
2924 3867 3066 3937 quod
3092 3867 3163 3922 ita
3191 3881 3253 3923 ea
3285 3867 3513 3922 dicimus

1931 3967 2050 4010 esse
2087 3971 2195 4026 prie
2221 3956 2488 4022 sensibus,
2531 3957 2667 4012 sicut
2693 3971 2802 4027 prie
2828 3957 2996 4013 oculis
3024 3973 3143 4028 qua:
3169 3967 3362 4028 priesto
3388 3965 3513 4014 sunt

1929 4044 2098 4101 oculis
2129 4063 2142 4100 :
2182 4046 2420 4116 profecto
2447 4063 2510 4102 ca
2540 4064 2657 4119 quae
2686 4057 2888 4104 remota
2917 4059 3041 4104 sunt
3065 4065 3094 4103 a
3124 4049 3369 4106 sensibus
3407 4065 3508 4106 uo-

1930 4137 2075 4203 stris,
2103 4139 2352 4208 quoniam
2377 4147 2560 4195 nostro
2588 4141 2892 4195 testimonio
2909 4142 3044 4197 scire
3073 4155 3177 4196 non
3203 4156 3506 4212 possumus,

1927 4225 1996 4282 de
2032 4226 2115 4280 his
2165 4229 2296 4283 alios
2343 4239 2504 4286 testes
2548 4231 2886 4300 requirimus,
2930 4232 3113 4303 eisque
3140 4231 3430 4297 credimus,
3476 4248 3508 4288 a

1926 4331 2150 4386 quorum
2175 4319 2418 4376 sensibus
2442 4330 2643 4374 remota
2668 4337 2787 4376 esse
2808 4322 2887 4376 vel
2911 4321 3071 4378 fuisse
3089 4337 3192 4378 non
3213 4323 3505 4379 credimus.

1926 4407 2075 4463 Sicut
2099 4424 2227 4480 ergo
2255 4410 2322 4466 de
2356 4411 2670 4480 visibilibus,
2716 4429 2834 4482 quae
2877 4429 2984 4468 non
3012 4414 3258 4481 vidimus,
3289 4415 3366 4483 eis
3390 4430 3508 4471 cre-

1925 4500 2100 4555 dimus
2142 4503 2229 4571 qui
2273 4501 2536 4569 viderunt,
2586 4514 2744 4574 atque
2795 4505 2863 4558 ita
2907 4503 2974 4560 de
3018 4505 3226 4561 cxcteris
3277 4521 3394 4576 qua:
3437 4503 3505 4560 ad

1926 4604 2075 4645 suum
2102 4607 2365 4662 quemque
2394 4607 2608 4648 sensum
2637 4595 2874 4662 corporis
2902 4595 3166 4663 pertinent
3193 4613 3207 4650 :
3236 4595 3307 4650 ita
3333 4594 3397 4650 de
3419 4594 3503 4651 bis

1925 4695 2042 4749 qua:
2071 4682 2250 4736 animo
2276 4697 2340 4738 ac
2371 4695 2548 4738 mente
2575 4684 2875 4738 sentiuntur
2901 4685 3046 4754 (quia
3073 4695 3126 4740 et
3158 4688 3270 4754 ipse
3310 4686 3500 4740 rectis-

1923 4772 2058 4827 sime
2081 4772 2276 4828 dicitur
2303 4787 2512 4842 sensus,
2543 4775 2678 4830 unde
2705 4785 2759 4830 et
2788 4777 3048 4831 sententia
3078 4778 3390 4832 vocabulum
3410 4793 3501 4832 ac-

1923 4865 2107 4934 cepit),
2137 4864 2240 4920 hoc
2277 4875 2360 4922 est
2405 4866 2472 4923 de
2504 4867 2853 4924 invisibilibus
2886 4884 3006 4940 quas
3051 4883 3081 4924 a
3122 4880 3303 4924 nostro
3336 4883 3498 4925 sensu

1922 4955 2212 5012 interiore‘
2256 4967 2458 5013 remota
2493 4969 2636 5028 sunt,
2687 4960 2750 5014 iis
2780 4974 2878 5015 nos
2902 4967 3112 5029 oportet
3135 4957 3371 5024 credere,
3404 4959 3496 5028 qui

1921 5048 2036 5104 huic
2073 5049 2124 5104 in
2168 5050 2259 5103 illo
2287 5052 2601 5122 incorporeo
2639 5053 2837 5108 lumine
2873 5051 3125 5123 disposita
3171 5049 3492 5120 didicerunt,

1921 5139 2002 5195 vel
2027 5141 2293 5196 manentia
2323 5150 2662 5197 contuentur.

1984 5276 2002 5313 ι
2036 5276 2174 5345 νὴιάἶ
2189 5283 2263 5345 gr.
2279 5284 2344 5345 iet
2366 5291 2492 5327 unus
2508 5291 2536 5328 e
2556 5285 2686 5345 Mss.,_
2707 5275 2774 5327 ad
2798 5274 3143 5345 per/ruentium
3167 5272 3398 5345 merendo
3419 5275 3497 5326 in-

1918 5337 2250 5402 commutahile
2273 5338 2448 5389 lumen.
2477 5349 2597 5398 Αιιι.,
2622 5339 2686 5388 ad
2707 5335 3041 5402 perferendum
3066 5335 3291 5402 merendo
3313 5335 3482 5402 ineant;

1918 5397 2146 5462 mutabile
2168 5398 2344 5449 lumen.
2371 5408 2490 5450 'l‘t‘cs
2514 5396 2635 5462 iiss..
2667 5396 2732 5448 ad
2755 5396 3100 5462 perri-nendum
3121 5397 3497 5451 incommutabili

1919 5457 2110 5509 lumine.
2131 5487 2192 5497 —
2212 5462 2285 5510 sic
2307 5463 2452 5510 etiam
2473 5470 2549 5510 MS.
2570 5461 2706 5510 9050.
2756 5457 2827 5508 'M.

1981 5521 2000 5582 ξ
2033 5528 2147 5582 Vox,
2175 5520 2395 5580 hominis,
2421 5524 2592 5571 omissa
2616 5529 2690 5570 est
2711 5534 2740 5570 a
2762 5519 2893 5570 Vind.
2927 5527 2978 5570 et
2996 5527 3105 5570 ιον.

1979 5581 2001 5614 ³
2032 5583 2171 5644 illiti,
2208 5596 2293 5646 per
2317 5584 2445 5644 quod
2467 5589 2511 5632 at
2535 5582 2685 5637 homo.
2711 5582 3012 5644 Manuscripti
3034 5589 3199 5633 carent
3235 5582 3489 5646 particula,

1979 5655 1996 5693 .'
2018 5644 2155 5693 cuius
2178 5643 2282 5693 loco
2303 5644 2494 5693 quidam
2510 5644 2660 5692 codex
2683 5645 2847 5693 habet.
2871 5651 2956 5693 est.

1913 5647 1962 5693 et
2018 5644 2155 5706 cujus
2178 5643 2282 5694 ideo
2303 5643 2494 5714 quidam
2510 5644 2847 5718 eodexliabet.
2871 5643 2979 5716 estL.
3008 5707 3018 5717 ο
3131 5707 3157 5716 μ
3238 5643 3251 5646 ⁷
3475 5643 3481 5645 ⁷

1913 5711 2161 5814 multa"
2188 5711 2441 5764 exteriore,
2480 5705 2884 5757 dissentientibus
2906 5707 3049 5758 editis
3081 5705 3188 5756 aliis
3229 5713 3282 5757 et
3319 5717 3484 5754 nisini-

1913 5771 2270 5892 ωῗιςξιὲίιρμθ,
2288 5831 2464 5892 partes.
