4064 6478
559 348 665 407 319

560 467 784 531 CAPUT
809 469 897 526 IV.
926 500 997 511 —
1020 470 1099 525 De
1132 467 1417 525 conditione
1444 470 1640 539 mundi,
1684 470 1820 542 quod
1843 486 1932 525 nec
1955 469 2136 523 intem-

1649 350 1736 407 ΒΕ
1772 350 2089 407 (ΞΙΥῙΤΑῘΕ
2130 349 2263 421 DEI,
2302 349 2361 408 S.
2403 352 2767 412 AUGUSTINI

3721 359 3832 418 320

2244 469 2339 526 sed
2358 467 2568 527 beatam
2588 487 2800 543 semper
2812 470 3096 538 existimat,
3119 470 3248 527 falsa
3273 471 3523 542 opinione
3538 474 3609 529 sit
3628 473 3787 532 beata
3815 477 3829 514 ε

635 560 829 630 paratis.
846 562 945 628 sit,
971 577 1062 617 nec
1085 577 1212 616 novo
1235 559 1332 615 Dei
1365 561 1601 616 ordinata
1626 562 1856 628 comitia,
1883 562 2026 633 quasi
2051 579 2142 634 po-
2239 576 2347 631 quo
2374 562 2476 618 diei
2498 564 2711 620 stultius
2740 563 2873 619 nihil
2901 571 3093 634 potest.
3141 562 3200 619 Si
3237 571 3415 619 autem
3441 579 3657 635 semper
3699 567 3830 637 qui-

627 664 732 708 slea
754 654 984 720 voluerit,
1010 654 1144 725 quod
1169 664 1318 709 antea
1346 654 1582 710 noluerit.

629 765 684 819 1.
714 764 1010 820 Visibilium
1036 766 1276 821 omnium
1304 766 1566 821 maximus
1603 774 1687 822 est
1710 766 1977 831 mundus;
2003 767 2138 822 invi-

555 856 788 912 sibilium
826 856 1066 911 omnium
1106 859 1369 913 maximus
1409 867 1492 914 est
1528 859 1689 913 Deus.
1736 858 1840 914 Sed
1878 858 2135 913 mundum

555 960 677 1002 esse
699 947 1077 1015 conspicimus,
1108 948 1276 1004 Deum
1300 962 1422 1005 esse
1452 948 1736 1004 credimus.
1781 947 1933 1017 Quod
1956 957 2133 1003 autem

554 1036 698 1092 Deus
725 1038 982 1094 mundum
1022 1038 1231 1106 fecerit,
1274 1041 1406 1096 nulli
1449 1042 1612 1097 tutius
1648 1041 1935 1108 credimus,
1974 1057 2134 1112 quam

554 1126 657 1196 ipsi
685 1128 816 1185 Deo.
848 1128 948 1186 Ubi
971 1145 1094 1187 eum
1120 1132 1421 1188 audivimus
1435 1134 1475 1188 ?~
1495 1131 1767 1204 Nusquam
1800 1134 2008 1188 interim
2037 1150 2134 1190 nus

555 1221 748 1276 melius
773 1237 930 1292 quam
956 1224 1008 1278 in
1047 1224 1336 1295 Scripturis
1361 1226 1578 1292 sanctis,
1611 1226 1699 1280 ubi
1718 1225 1850 1281 dixit
1878 1225 2133 1295 prolilieta

551 1312 687 1382 ejus,
742 1312 812 1368 In
856 1315 1103 1386 principio
1143 1318 1260 1386 fecit
1285 1316 1427 1372 Deus
1469 1318 1647 1372 caelum
1679 1327 1729 1373 et
1764 1325 1945 1371 terram
1979 1316 2128 1389 (Gen.

556 1417 597 1468 ι,
629 1404 706 1473 1).
736 1403 1126 1476 Numquidnam
1154 1408 1224 1463 ibi
1258 1408 1355 1463 fuit
1379 1408 1479 1463 iste
1503 1407 1779 1477 propheta,
1808 1408 2019 1478 quando
2050 1407 2131 1463 fc-

553 1493 627 1550 cit
655 1494 794 1550 Deus
821 1497 1016 1552 caelum
1042 1506 1096 1553 et
1122 1500 1355 1554 terram?
1383 1498 1499 1553 Non
1524 1516 1537 1552 :
1568 1498 1661 1552 sed
1691 1498 1761 1553 ibi
1791 1497 1888 1552 fuit
1912 1497 2133 1567 Sapien-

552 1584 626 1639 tia
656 1585 748 1641 Dei
777 1584 873 1660 (a),
921 1603 1017 1657 per
1039 1605 1197 1659 quam
1225 1590 1361 1645 facta
1391 1600 1515 1645 sunt
1544 1591 1743 1653 onmia,
1787 1606 1905 1660 qua:
1934 1591 1985 1644 in
2010 1589 2129 1644 ani-

551 1687 667 1730 mas
687 1676 844 1730 etiam
865 1687 1075 1733 sanctas
1095 1694 1153 1747 se
1173 1680 1443 1748 transfert,
1470 1681 1670 1736 amicos
1695 1681 1789 1736 Dei
1816 1690 1869 1736 et
1888 1680 2130 1750 Prophe-

551 1771 635 1819 tas
672 1767 943 1824 constituit
990 1769 1147 1841 (Sap.
1176 1787 1271 1837 vn,
1300 1772 1412 1843 27).
1440 1773 1623 1844 eisque
1660 1788 1821 1842 opera
1870 1788 1963 1828 sua
2011 1774 2128 1830 sine

549 1860 771 1927 strepitu
799 1859 940 1917 intus
975 1873 1208 1920 enarrat.
1258 1866 1570 1935 Loquuntur
1592 1867 1670 1921 eis
1702 1882 1913 1937 quoque
1941 1867 2128 1937 Angeli

551 1947 669 2013 Dei,
713 1950 801 2019 qui
828 1966 1041 2023 semper
1070 1956 1252 2011 vident
1275 1955 1465 2023 faciem
1512 1958 1681 2012 Patris
1720 1957 1932 2027 (Matth.
1978 1974 2124 2025 xvnt,

548 2037 663 2107 10),
698 2041 1127 2116 voluntatemque
1169 2047 1282 2117 ejus
1310 2050 1500 2117 quibus
1542 2059 1754 2119 oportet
1791 2052 2125 2108 annnutiant.

549 2125 631 2182 Ex
660 2128 745 2185 bis
770 2146 905 2187 unus
935 2145 1050 2189 erat
1078 2138 1174 2191 iste
1204 2139 1482 2207 prepheta,
1528 2141 1617 2209 qui
1646 2140 1782 2198 dixit
1806 2150 1858 2196 et
1889 2141 2121 2212 scripsit,

548 2214 617 2272 In
639 2220 890 2291 principio
910 2224 1027 2293 fecit
1052 2225 1188 2281 Deus
1216 2228 1392 2283 coelum
1423 2238 1469 2284 et
1502 2238 1707 2284 terram.
1739 2230 1839 2299 Qui
1874 2239 1981 2288 tam
2009 2232 2126 2287 ido-

547 2322 681 2364 neus
706 2311 856 2367 testis
882 2323 963 2369 est
1005 2330 1101 2384 per
1127 2333 1280 2387 quem
1315 2319 1423 2374 Deo
1446 2320 1771 2376 credendum
1796 2323 1883 2388 sit,
1941 2332 1999 2377 ut
2036 2338 2129 2378 eo-

546 2397 668 2454 dem
711 2401 911 2473 Spiritu
949 2405 1073 2471 Dei,
1124 2423 1232 2478 quo
1272 2409 1384 2464 hmc
1428 2410 1529 2466 sibi
1580 2412 1812 2466 revelata
1858 2417 2121 2484 cognovit,
2175 2458 2182 2465 .

547 2489 708 2543 etiam
766 2493 932 2561 ipsam
997 2494 1156 2552 fidem
1217 2508 1454 2554 nostram
1506 2499 1737 2557 futuram
1796 2511 1941 2559 tanto
2002 2512 2127 2560 ante

545 2580 873 2647 praedixerit.

621 2670 676 2726 2.
715 2674 819 2730 Sed
847 2676 971 2747 quid
997 2679 1192 2748 placuit
1213 2680 1323 2736 Deo
1348 2692 1551 2739 aeterno
1580 2692 1706 2740 tunc
1733 2686 1906 2743 facere
1932 2688 2125 2744 ccelum

550 2768 607 2817 et
628 2770 969 2835 terram,qute
994 2778 1148 2824 antea
1170 2786 1276 2827 non
1307 2772 1519 2829 fecisset
1546 2773 1646 2847 (b)?
1665 2774 1766 2843 Qui
1794 2777 1898 2833 hoc
1921 2777 2124 2847 dicunt,

549 2851 595 2906 si
613 2853 865 2909 mundum
885 2867 1144 2915 aeternum
1175 2862 1193 2892 ⁸
1218 2862 1335 2918 sine
1366 2864 1474 2918 ullo
1502 2864 1682 2933 initio,
1726 2875 1780 2922 et
1808 2866 1929 2922 ideo
1955 2882 2055 2926 nec
2094 2883 2125 2922 a

546 2940 660 2997 Deo
684 2942 879 3000 factum
909 2947 1077 3005 videri
1096 2950 1297 3020 volunt,
1320 2954 1478 3009 nimis
1501 2956 1673 3011 aversi
1686 2965 1810 3011 sunt
1828 2970 1858 3010 a
1877 2958 2122 3025 veritate,

545 3041 603 3089 et
642 3034 781 3091 letali
812 3040 999 3096 morbo
1036 3042 1322 3112 impietatis
1356 3045 1645 3103 insaniunt.
1692 3048 1941 3120 Exceptis
1981 3049 2123 3105 enim

548 3124 872 3195 pr0phetieis
900 3131 1148 3199 vocibus,
1176 3134 1403 3199 mundus
1430 3136 1543 3206 ipse
1590 3137 1984 3205 ordinatissime
2027 3154 2123 3195 sua

546 3218 901 3278 mutabilitate
918 3231 973 3279 et
993 3224 1287 3283 mobilitate
1315 3236 1367 3283 et
1397 3214 1682 3293 visibilium
1727 3232 1966 3296 omnium
2001 3232 2123 3302 pul-

545 3308 811 3368 cherrima
845 3317 1021 3385 specie
1044 3320 1438 3390 quodammodo
1485 3323 1674 3378 tacitus
1720 3332 1775 3379 et
1815 3322 2011 3379 factum
2065 3340 2124 3382 se

545 3415 688 3468 esse,
718 3411 770 3457 ct
791 3405 1000 3461 nonnisi
1029 3423 1057 3460 a
1089 3410 1198 3471 Deo
1226 3411 1561 3478 inctl‘abiIiter
1587 3421 1747 3484 atque
1789 3414 2125 3491 invisibiliter

543 3506 738 3561 magno
758 3502 811 3547 et
838 3495 1085 3561 ineffabili
1099 3507 1179 3555 ter
1199 3509 1357 3571 atque
1387 3503 1723 3559 invisibiliter
1766 3505 1986 3575 pulchro
2005 3505 2121 3563 fieri

545 3596 606 3638 se
626 3586 860 3653 potuisse
888 3589 1197 3658 proclamat.
1226 3592 1326 3660 Qui
1377 3604 1553 3650 autem
1592 3610 1622 3663 a
1654 3596 1762 3651 Deo
1805 3597 2018 3669 quidem
2040 3599 2122 3654 fa-

543 3681 687 3729 ctum
706 3676 967 3750 fatenturt
987 3697 1091 3737 non
1122 3691 1295 3739 tamen
1323 3700 1445 3742 cum
1467 3688 1650 3743 volunt
1675 3690 1928 3758 temporis
1953 3689 2121 3746 habe-

543 3776 635 3835 re,
657 3765 750 3819 sed
780 3781 890 3823 suae
910 3771 1194 3827 creationis
1221 3774 1449 3840 initium,
1476 3783 1531 3831 ut
1570 3776 1730 3831 modo
1769 3778 2000 3847 quodam
2030 3780 2121 3835 vix

544 3851 857 3925 intelligibili
897 3875 1111 3930 semper
1137 3865 1207 3918 sit
1231 3866 1420 3933 factus,
1451 3866 1635 3922 dicunt
1654 3868 1867 3938 quidem
1895 3870 2116 3941 aliquid,

545 3943 685 4000 unde
711 3946 810 4001 sibi
832 3948 999 4004 Deum
1025 3953 1270 4009 videntur
1316 3958 1460 4012 velut
1494 3972 1525 4011 a
1562 3958 1777 4015 fortuita
1823 3962 2120 4018 temeritate

545 4033 856 4105 defendere,
884 4056 951 4094 ne
977 4042 1151 4097 subito
1178 4044 1254 4099 illi
1284 4046 1494 4103 venisse
1522 4048 1770 4104 credatur
1788 4050 1840 4104 in
1859 4060 2113 4118 mentem,

546 4122 689 4192 quod
735 4142 1003 4197 nunquam
1053 4141 1176 4187 ante
1201 4133 1454 4203 venisset,
1505 4135 1680 4193 facere
1728 4139 2007 4206 mundum,
2064 4149 2121 4196 et

544 4212 804 4271 accidisse
830 4217 903 4271 illi
931 4219 1252 4277 voluntatem
1273 4240 1484 4293 novam,
1506 4240 1628 4282 cum
1652 4227 1704 4283 in
1732 4229 1841 4287 ullo
1863 4230 1932 4286 sit
1952 4232 2118 4287 omni-

542 4317 615 4357 no
648 4307 915 4363 mutabilis
942 4324 957 4361 :
980 4310 1075 4365 scd
1115 4328 1220 4369 non
1242 4312 1398 4370 video
1439 4318 1706 4385 quomodo
1742 4319 1822 4375 eis
1851 4322 2019 4395 possit
2063 4325 2116 4380 in

549 4395 759 4450 caneris
798 4398 958 4454 rebus
997 4401 1132 4456 ratio
1171 4403 1268 4464 ista
1317 4405 1632 4474 subsistere,
1679 4409 2017 4482 maximeque
2063 4414 2117 4471 in

540 4485 747 4558 anima,
783 4504 941 4559 quam
989 4494 1034 4548 si
1062 4493 1173 4554 Deo
1210 4506 1526 4557 coaeternam
1554 4513 1674 4555 esse
1723 4503 2113 4572 contenderim,

544 4577 689 4633 unde
715 4579 795 4644 illi,
817 4583 1068 4639 acciderit
1093 4601 1227 4642 nova
1248 4589 1459 4667 miseria
1479 4631 1495 4659 ,
1526 4606 1645 4663 quae
1666 4609 1934 4665 nunquam
1960 4607 2115 4655 antea

545 4683 642 4738 per
662 4680 941 4743 mternum,
971 4678 1116 4740 nullo
1130 4672 1294 4736 ‘modo
1314 4690 1559 4752 poterunt
1579 4686 1864 4757 explicare.
1892 4689 1949 4745 Si
1972 4691 2115 4746 enim

526 4762 843 4851 Aalternasse
876 4783 1088 4840 semper
1112 4773 1227 4841 ejus
1252 4775 1516 4833 miseriam
1545 4789 1599 4835 et
1623 4780 2004 4839 beatitudinem
2030 4784 2117 4840 di-

547 4855 744 4939 xerint,
772 4874 992 4919 necesse
1035 4872 1115 4919 cst
1159 4865 1337 4924 dicant
1373 4872 1531 4932 etiam
1579 4888 1788 4944 semper
1823 4876 2116 4935 alternatu-

552 4955 657 5000 run
686 4946 705 4977 ⁸
733 4965 746 5002 :
777 4949 915 5005 unde
944 4952 1028 5007 illa
1058 4968 1150 5009 eos
1192 4967 1444 5026 sequetur
1485 4962 1783 5020 absurditas
1803 5005 1821 5030 ,
1852 4975 1909 5022 ut
1953 4970 2113 5024 etiam

544 5048 658 5091 eum
682 5036 834 5095 beata
863 5042 1080 5108 dicitur,
1104 5045 1156 5100 in
1184 5047 1284 5102 hoc
1306 5049 1486 5118 utique
1516 5068 1620 5111 non
1648 5054 1718 5113 sit
1744 5055 1929 5124 beata,
1958 5059 2003 5113 si
2033 5059 2115 5113 fu-

544 5132 713 5180 turam
760 5144 908 5187 snam
946 5134 1210 5190 miseriam
1237 5146 1291 5192 et
1320 5141 1697 5207 turpitudinem
1739 5146 2026 5213 prmvidet;
2070 5146 2115 5203 si

549 5224 723 5276 autem
744 5235 848 5274 non
878 5225 1150 5293 prmvidct,
1182 5243 1281 5285 nec
1307 5244 1366 5286 se
1388 5240 1592 5304 turpem
1610 5249 1673 5291 ac
1699 5237 1943 5297 miseram
1974 5239 2111 5310 fore,

602 5405 621 5487 ξ
651 5415 735 5487 nte
755 5416 854 5467 sola
879 5420 1028 5487 editio
1047 5430 1156 5475 ων.
1181 5426 1328 5487 addit,
1352 5426 1700 5483 existimarent.

596 5476 958 5561 Lfﬁjemmper
966 5476 1223 5561 alternare
1243 5476 1718 5561 .na'turamfitliqub—t
1757 5500 1881 5553 Mss.,
1922 5509 2111 5561 semper

532 5532 792 5614 aitet-nge
815 5532 1061 5614 naturain.
1143 5532 2109 5614 quiaaiiijiéaiiieiiz‘tiéﬁaiﬁ'itaiiiiiiﬁz'.

531 5669 587 5708 er
587 5596 673 5707 £13
682 5604 920 5712 ’Ἔπη
945 5621 1023 5656 vm
1036 5640 1050 5666 ,
1079 5608 1136 5657 27
1162 5596 1187 5657 ἐ
1230 5596 1995 5682 omnia'Ww'jiiziiiizﬂaéﬁj'
2011 5596 2113 5671 7531

682 5694 697 5719 ν
724 5694 817 5712 υνυ-

598 5718 928 5802 lib.
958 5729 1434 5802 jﬁtle‘ctjn;‘coutra
1465 5740 1678 5802 3:anicb.,
1706 5752 1754 5791 ιι.
1782 5741 1831 5802 3,
1872 5749 1921 5793 et
1944 5739 2028 5795 lib.
2054 5745 2104 5796 li

530 5781 766 5871 confess,
788 5800 922 5851 capp.
954 5790 1029 5851 lO,
1056 5790 1112 5843 l2
1136 5799 1185 5842 et
1204 5793 1279 5844 50.

2238 651 2357 708 dem
2384 668 2480 723 per
2501 655 2694 709 saecula
2720 663 2866 709 retro
2914 653 3118 708 infinita
3142 670 3263 710 cum
3296 654 3629 712 beatitudine
3655 656 3830 713 alter-

2236 757 2394 799 nasse
2413 745 2602 800 anima:
2624 747 2893 805 miseriam
2911 754 3118 817 putant,
3132 747 3226 802 sed
3240 762 3380 803 nunc
3396 746 3507 818 jam
3531 748 3601 804 de
3622 758 3830 805 caetero

2235 849 2356 891 eum
2386 836 2543 893 fuerit
2566 838 2806 905 liberata,
2830 838 2897 894 ad
2928 838 3195 895 miseriam
3226 855 3329 894 non
3355 842 3477 896 esse
3498 839 3824 908 redituram,

2237 926 2580 984 nihilominus
2606 929 2998 984 convincuntur
3023 944 3292 999 nunquam
3340 944 3459 985 eam
3488 930 3648 986 fuisse
3693 946 3831 989 vere

2204 1043 2209 1049 ~
2234 1020 2464 1087 beatam,
2494 1020 2591 1077 sed
2621 1022 2873 1093 deinceps
2899 1035 3020 1077 esse
3044 1021 3278 1092 incipere
3303 1036 3439 1076 nova
3463 1021 3691 1093 quadam
3720 1038 3830 1078 nec

2234 1109 2405 1167 fallaci
2428 1112 2753 1168 beatitudine
2773 1129 2788 1179 ;
2814 1127 2877 1168 ac
2904 1128 2999 1183 per
3020 1111 3123 1168 hoc
3143 1111 3450 1168 fatebuntur
3470 1111 3718 1168 accidere
3744 1112 3830 1167 illi

2232 1200 2430 1270 aliquid
2455 1202 2599 1270 novi,
2628 1211 2683 1258 et
2708 1203 2812 1259 hoc
2835 1219 3085 1274 magnum
3109 1211 3268 1274 atque
3299 1203 3637 1273 praeclarum,
3670 1203 3821 1274 quod

2232 1305 2500 1361 nunquam
2527 1300 2670 1348 retro
2701 1308 2796 1363 per
2824 1294 3175 1349 aeternitatem
3204 1293 3504 1349 accidisset.
3532 1292 3701 1363 Cujus
3724 1307 3829 1348 no-

2232 1380 2410 1435 vitatis
2433 1397 2644 1438 causam
2670 1384 2713 1437 si
2763 1383 2929 1439 Deum
2954 1384 3222 1455 negabunt
3253 1385 3306 1439 in
3335 1392 3538 1439 aeterno
3563 1384 3827 1441 habuisse

2230 1472 2474 1538 consilio,
2506 1473 2665 1528 simul
2688 1489 2810 1529 eum
2852 1476 3124 1544 negabunt
3159 1474 3504 1530 beatitudinis
3550 1475 3668 1544 ejus
3719 1490 3823 1531 au-

2230 1569 2466 1627 ctorem;
2493 1564 2635 1634 quod
2664 1564 2903 1621 nefanda:
2949 1566 3235 1636 impietatis
3276 1575 3400 1621 est:
3429 1566 3477 1621 si
3512 1574 3691 1623 autem
3739 1566 3829 1623 di-

2229 1660 2353 1708 cent
2375 1653 2535 1709 etiam
2580 1655 2754 1726 ipsum
2799 1670 2938 1713 novo
2977 1657 3202 1712 consilio
3239 1657 3591 1728 excogitasse,
3643 1666 3699 1712 ut
3750 1657 3825 1714 de

2229 1754 2428 1801 caetero
2456 1746 2526 1802 sit
2546 1748 2721 1802 anima
2753 1748 2804 1802 in
2843 1757 3101 1803 mternum
3130 1748 3285 1803 beata
3308 1789 3323 1812 ,
3373 1749 3645 1820 quomodo
3691 1764 3822 1805 eum

2228 1835 2462 1891 alienum
2488 1836 2555 1891 ab
2581 1852 2642 1892 ea
2668 1877 2683 1902 ,
2715 1853 2836 1908 qua:
2865 1837 2968 1892 illis
2995 1853 3206 1908 quoque
3233 1837 3520 1908 displicet,
3548 1840 3824 1894 mutabili-

2232 1932 2335 1979 tate
2360 1927 2760 1981 monstrabunt?
2787 1928 2972 1994 Porro,
3002 1929 3044 1982 si
3068 1944 3133 1984 ex
3164 1936 3404 2001 tempore
3423 1938 3657 1985 creatam
3674 1970 3692 1996 ,
3719 1930 3823 1986 sed

2228 2017 2376 2071 nullo
2424 2018 2646 2075 ulterius
2696 2027 2939 2092 tempore
2981 2021 3292 2089 perituram,
3328 2030 3577 2090 tanquam
3623 2036 3825 2077 nume—
3874 2056 3881 2059 -

2227 2123 2345 2163 rum
2379 2108 2419 2173 ⁸,
2445 2108 2641 2165 habere
2665 2110 2873 2164 initium
2898 2151 2912 2175 ,
2940 2109 3165 2165 sednon
3212 2111 3413 2166 habere
3442 2110 3600 2166 tinem
3646 2109 3825 2166 faten-

2229 2207 2335 2266 tur,
2356 2207 2409 2254 et
2434 2199 2553 2255 ideo
2578 2200 2753 2255 semei
2769 2192 3046 2271 expertam
3085 2201 3356 2267 miserias,
3386 2200 3431 2255 si
3457 2200 3630 2256 abacis
3652 2200 3822 2257 fuerit

2227 2288 2470 2356 liberata,
2526 2305 2794 2361 nunquam
2844 2291 3098 2346 miseram
3145 2299 3335 2361 postea
3374 2290 3640 2358 futuram,
3698 2307 3821 2348 non

2229 2380 2408 2450 utique
2430 2379 2750 2435 dubitabunt
2774 2380 2877 2435 hoc
2924 2380 3038 2437 ﬁeri
3079 2389 3329 2436 manente
3364 2380 3823 2437 incommutabili-

2228 2480 2337 2529 tate
2363 2472 2573 2527 consilii
2596 2471 2713 2528 Dei.
2743 2471 2801 2528 Si
2828 2486 2959 2543 ergo
2987 2471 3210 2527 credant
3233 2480 3293 2528 et
3305 2471 3559 2528 mundum
3584 2487 3650 2527 ex
3674 2481 3822 2528 tem-

2228 2576 2358 2633 pore
2388 2562 2498 2616 fieri
2528 2563 2763 2633 potuisse
2783 2604 2799 2630 ,
2832 2577 2932 2618 nec
2958 2571 3136 2619 tamen
3183 2562 3302 2618 ideo
3348 2564 3515 2619 Deum
3537 2564 3591 2618 in
3621 2579 3689 2621 eo
3732 2564 3821 2621 fa-

2226 2653 2416 2709 ciendo
2440 2662 2698 2710 aeternum
2721 2654 3003 2711 consilium
3027 2654 3461 2725 voluntatemque
3484 2663 3749 2712 mutasse.

2226 2764 2453 2822 CAPUT
2492 2764 2559 2821 V.
2595 2795 2670 2806 —
2704 2764 2835 2820 Tam
2863 2781 2967 2820 non
3006 2780 3113 2820 esse
3150 2764 3474 2836 cogitandum
3497 2763 3561 2819 de
3596 2764 3821 2834 inﬁnitis

2246 2894 2251 2897 -
2301 2860 2580 2929 temporum
2607 2860 2788 2932 spatiis
2807 2868 2925 2914 ante
2940 2860 3203 2927 mundum,
3234 2875 3385 2930 quam
3405 2876 3494 2946 nec
3517 2857 3581 2913 de
3598 2857 3822 2929 inﬁnitis

2299 2949 2547 3007 locorum.

2297 3061 2497 3127 Deinde
2534 3061 2819 3125 videndum
2860 3069 2945 3119 est
2983 3061 3099 3121 istis
3121 3103 3136 3128 ,
3163 3061 3252 3133 qui
3282 3062 3448 3118 Deum
3477 3059 3818 3117 conditorem

2226 3154 2411 3216 mundi
2439 3169 2559 3210 esse
2583 3155 2943 3220 consentiunt,
2968 3164 3022 3209 et
3050 3162 3228 3209 tamen
3258 3161 3503 3225 qumrunt
3526 3152 3593 3208 de
3619 3150 3817 3210 mundi

2226 3253 2463 3315 tempore
2491 3243 2617 3315 quid
2661 3244 3099 3314 respondeamus,
3141 3242 3266 3314 quid
3313 3243 3412 3313 ipsi
3453 3241 3820 3312 respondeant

2225 3336 2292 3391 de
2314 3335 2494 3391 mundi
2524 3336 2658 3390 loco.
2700 3333 2776 3390 Ita
2818 3335 2960 3397 enim
3003 3336 3260 3407 quaeritur
3284 3350 3380 3390 cur
3406 3335 3577 3405 potius
3596 3342 3729 3390 tunc
3758 3344 3819 3390 et

2229 3442 2333 3481 non
2354 3434 2509 3482 antea
2530 3425 2703 3482 factus
2724 3426 2813 3495 sit,
2842 3426 3291 3498 quemadmodum
3319 3427 3484 3497 queri
3519 3435 3695 3498 potest
3716 3442 3819 3483 cur

2226 3512 2312 3569 hic
2336 3516 2510 3584 potius
2528 3516 2616 3577 ubi
2642 3525 2725 3573 est
2762 3526 2821 3573 et
2849 3534 2955 3572 non
2995 3516 3139 3575 alibi.
3165 3515 3297 3571 Nam
3332 3516 3376 3571 si
3408 3516 3610 3575 infinita
3640 3518 3818 3589 spatia

2227 3606 2482 3676 temporis
2501 3615 2625 3665 ante
2653 3608 2905 3664 mundum
2930 3608 3184 3679 cogitant,
3213 3607 3267 3662 in
3295 3607 3486 3678 quibus
3512 3608 3592 3663 eis
3611 3622 3720 3662 non
3745 3608 3818 3664 vi-

2222 3695 2379 3752 detur
2402 3698 2542 3756 Deus
2566 3699 2635 3755 ab
2659 3714 2822 3769 opere
2846 3715 3058 3757 cessare
3092 3700 3350 3771 potuisse,
3378 3699 3624 3756 similiter
3658 3703 3814 3773 cogi-

2222 3791 2376 3848 tent‘
2396 3798 2547 3853 extra
2573 3790 2827 3845 mundum
2857 3791 3059 3846 infinita
3104 3790 3273 3861 spatia
3312 3792 3577 3857 locorum,
3608 3791 3664 3847 in
3690 3792 3817 3862 qui-

2220 3876 2321 3934 bus
2357 3879 2402 3935 si
2442 3880 2721 3951 quisquam
2746 3880 2889 3936 dicat
2916 3896 3020 3936 non
3052 3881 3292 3952 potuisse
3334 3896 3525 3937 vacare
3564 3884 3817 3953 omnipo-

2220 3974 2459 4036 tentem,
2505 3985 2682 4026 nonne
2731 3985 3062 4040 consequens
3108 3972 3239 4039 erit,
3280 3974 3353 4028 ‘ut
3394 3971 3813 4033 innumerabiles

2219 4060 2448 4117 mundos
2488 4077 2609 4117 cum
2652 4062 2885 4133 Epicuro
2913 4064 3181 4119 somniare
3213 4073 3472 4133 cogantur
3494 4064 3554 4131 ';
3582 4050 3649 4121 ea
3688 4075 3813 4123 tan-

2221 4161 2331 4209 tum
2359 4151 2657 4208 differentia
2680 4193 2698 4220 ,
2730 4152 2869 4223 quod
2895 4168 2991 4209 eos
3015 4153 3108 4210 ille
3148 4153 3381 4211 fortuitis
3417 4156 3651 4211 motibus
3677 4168 3805 4214 ato-

2218 4257 2429 4299 morum
2454 4243 2596 4314 gigni
2619 4246 2812 4300 asserit
2837 4254 2892 4302 et
2917 4245 3109 4301 resolvi
3133 4286 3149 4314 ,
3173 4246 3261 4301 isti
3300 4257 3477 4302 autem
3503 4263 3669 4320 opere
3706 4250 3809 4308 Dei

2217 4333 2390 4389 factos
2408 4333 2599 4389 dicturi
2628 4343 2772 4401 sunt,
2792 4335 2838 4390 si
2857 4350 2979 4393 eum
3000 4351 3096 4406 per
3113 4337 3560 4394 interminabilem
3577 4340 3810 4397 immen-

2218 4426 2429 4482 sitatem
2477 4425 2716 4483 locorum
2757 4434 2909 4481 extra
2948 4427 3207 4483 mundum
3254 4429 3671 4500 circumquaque

2217 4517 2443 4571 tentiam
2470 4529 2660 4572 vacare
2687 4515 2955 4569 noluerint
2977 4556 2994 4582 ,
3018 4515 3358 4572 nec-eosdem
3380 4517 3628 4586 mundos,
3655 4521 3806 4589 quod

2216 4605 2376 4660 etiam
2400 4604 2479 4661 de.
2496 4604 2598 4661 isto
2620 4604 2877 4669 sentiunt,
2902 4603 3004 4658 ulla
3029 4619 3187 4660 causa
3214 4620 3372 4676 posse
3391 4606 3645 4663 dissolvi?
3662 4608 3804 4668 Cum
3886 4656 3889 4659 .

2217 4692 2302 4749 bis
2322 4695 2463 4750 enim
2483 4696 2689 4765 agimus
2713 4697 2802 4766 qui
2820 4695 3048 4751 etDeum
3064 4694 3457 4767 incorporeum,
3479 4705 3537 4753 et
3558 4700 3803 4757 omnium

2216 4793 2526 4840 naturarum
2551 4801 2670 4856 quae
2690 4801 2796 4841 non
2824 4795 2950 4842 sunt
2967 4785 3109 4857 quod
3140 4786 3273 4857 ipse,
3295 4796 3587 4844 creatorem
3609 4789 3802 4847 nobis-

2217 4891 2338 4933 cum
2366 4877 2641 4943 sentiunt;
2669 4876 2805 4932 alios
2832 4886 3008 4933 autem
3057 4878 3218 4933 nimis
3271 4879 3542 4950 indignum
3591 4890 3675 4937 est
3727 4882 3801 4939 ad

2217 4966 2372 5021 istam
2422 4965 2835 5036 disputationem
2873 4967 3146 5038 religionis
3188 4966 3468 5026 admittere
3510 4988 3526 5026 :
3565 4971 3802 5030 maxime

2215 5057 2355 5129 quod
2379 5057 2518 5129 apud
2537 5072 2631 5114 eos
2658 5056 2683 5090 ⁸
2701 5058 2791 5130 qui
2821 5059 3001 5115 multis
3027 5059 3130 5116 diis
3157 5075 3431 5117 saeromm
3476 5063 3797 5134 obsequium

2279 5190 2718 5269 {Egilin'ﬂttafs
2730 5195 3260 5269 ιῖετφηο,γβςίιξξ.διεε-ν.
3273 5200 3499 5269 mam
3518 5210 3795 5269 "uatem-

2213 5259 2449 5317 ttumerns
2471 5253 2601 5301 enim
2618 5253 2771 5317 habet
2792 5254 2989 5317 quidem
3012 5256 3198 5305 initium
3218 5257 3281 5305 ab
3303 5253 3508 5317 unitate,
3531 5258 3619 5308 sed
3640 5257 3798 5311 tinem

2213 5325 2305 5383 per
2327 5325 2383 5363 se
2406 5313 2455 5362 in
2476 5327 2575 5376 quo
2589 5315 2727 5383 sistat
2747 5313 2844 5365 non
2860 5315 3059 5383 habet“;
3080 5318 3272 5383 quippe
3293 5313 3684 5383 quantacumque
3705 5322 3796 5374 ad-

2212 5373 2315 5445 ditp
2335 5373 2544 5445 numero.
2557 5377 2707 5445 major
2729 5388 2926 5445 semper
2954 5376 3093 5439 adjici
3110 5373 3292 5440 potest.

2277 5438 2298 5499 ξ
2331 5435 2549 5487 Nonnulli
2562 5435 2689 5499 Mss,
2716 5435 2935 5499 cogitant.

2277 5498 2301 5561 _'
2330 5500 2403 5548 sic
2423 5504 2528 5561 uss.
2553 5504 2609 5547 At
2628 5498 2764 5557 Editi,
2782 5498 3006 5561 cogatur.

2273 5558 2297 5593 ⁸
2327 5565 2387 5626 tn_
2409 5558 2619 5626 editione
2643 5565 2750 5626 t_.ov.
2772 5558 3002 5626 omissum
3024 5565 3117 5614 est.
3370 5562 3500 5626 quod
3519 5562 3652 5626 apud
3666 5575 3793 5626 eos,

2213 5628 2267 5672 et
2288 5621 2437 5671 verba
2469 5620 2538 5684 sic
2566 5619 2702 5684 male
2722 5627 2835 5684 sunt
2854 5621 3079 5684 colligata
3102 5635 3114 5671 :
3143 5622 3268 5684 Alias
3289 5619 3450 5674 autem
3479 5619 3622 5675 nimis
3657 5619 3795 5675 indi;

2379 5681 2536 5748 estad
2557 5678 2701 5731 istam
2722 5678 3091 5748 disputantium
3121 5681 3363 5748 religionis
3394 5684 3671 5745 admittere,
3706 5687 3797 5748 qui

2209 5737 2373 5796 inultis
2405 5743 2499 5807 diis
2529 5755 2779 5794 sacrorum
2801 5737 3092 5807 'obsequitmt
3127 5737 3440 5807 deferendum
3477 5737 3670 5807 putrmt.’
3708 5737 3798 5799 iui

2212 5803 2476 5872 philosophi
2510 5811 2725 5868 ceteros,
2750 5811 2877 5867 etc.;
2902 5803 3040 5869 quasi
3190 5803 3309 5858 eum
3333 5803 3509 5871 quibus
3546 5820 3704 5872 agere
3725 5808 3796 5862 de
