4064 6478
225 381 316 440 Ilii

225 495 584 554 deferendum
610 502 822 568 putant,
839 495 924 552 isti
951 491 1290 566 philosophos
1305 499 1528 548 ceteros
1545 491 1818 545 nobilitate

226 598 387 660 atque
433 588 766 642 auctoritate
795 587 1055 651 vicerunt,
1083 600 1189 639 non
1233 582 1302 637 ob
1348 581 1508 648 aliud,
1552 580 1655 634 nisi
1697 580 1820 649 quia

227 681 385 751 longo
401 679 628 750 quidem
651 679 950 745 intervallo,
979 685 1344 732 verumtamen
1370 674 1584 743 reliquis
1604 672 1822 743 propin-

226 775 442 846 quiores
473 782 608 829 sunt
629 773 858 829 veritati.
885 773 963 825 An
989 770 1123 826 forte
1153 768 1498 824 substantiam
1523 766 1636 828 Dei,
1660 778 1817 834 quam

226 882 326 924 nec
347 865 657 926 includunt.
692 879 790 919 nec
814 863 1192 926 determinant,
1219 875 1318 916 nec
1339 857 1651 914 distendunt
1675 857 1814 922 loco,

223 961 322 1016 sed
340 975 489 1028 eam,
514 960 656 1014 sicut
681 959 749 1014 de
780 959 889 1014 Deo
917 956 1118 1012 sentire
1161 953 1378 1025 dignum
1424 960 1509 1007 est
1531 992 1546 1012 ,
1588 950 1818 1004 fatentur

227 1053 544 1123 incorporea
572 1050 857 1120 pnesentia
887 1049 1079 1117 ubique
1106 1055 1269 1100 totam
1292 1085 1308 1110 ,
1335 1058 1364 1096 a
1389 1041 1551 1097 tantis
1580 1041 1816 1094 locorum

225 1155 375 1200 extra
403 1143 672 1198 mundum
701 1141 884 1212 spatiis
908 1139 1182 1194 absentem
1210 1149 1330 1190 esse
1353 1134 1546 1188 dicturi
1587 1137 1730 1191 sunt,
1763 1136 1818 1184 et

226 1253 328 1292 uno
356 1245 588 1301 tantum,
632 1233 873 1303 atquein
919 1228 1318 1300 comparatione
1353 1225 1492 1280 illius
1541 1220 1817 1277 inﬁnitatis

225 1339 332 1384 tam
369 1330 572 1398 exiguo
616 1327 757 1390 loco,
793 1327 844 1379 in
886 1339 992 1394 quo
1039 1319 1267 1375 mundus
1307 1328 1412 1382 est,
1461 1313 1815 1385 occupatam?

222 1421 336 1476 Non
367 1419 568 1488 Opinor
595 1432 688 1471 eos
716 1416 769 1470 in
796 1414 912 1469 haec
939 1410 1238 1481 vaniloquia
1255 1419 1652 1480 progressuros.
1679 1404 1813 1460 Cum

224 1512 383 1584 igitur
411 1527 577 1565 unum
609 1507 862 1563 mundum
896 1504 1092 1576 ingenti
1121 1501 1334 1572 quidem
1362 1498 1503 1554 mole
1523 1509 1775 1565 corporea
1795 1533 1822 1561 ι

224 1602 434 1655 finitum
465 1611 644 1654 tamen
663 1609 717 1653 et
746 1599 864 1652 loco
886 1610 984 1649 suo
1010 1592 1442 1651 determinatum,
1471 1597 1522 1642 et
1559 1593 1814 1655 Operante

223 1692 336 1748 Deo
360 1691 558 1744 factum
585 1704 708 1743 esse
728 1688 905 1741 dicant
929 1701 942 1739 :
974 1682 1116 1754 quod
1143 1679 1463 1751 respondent
1499 1676 1566 1732 de
1593 1675 1814 1730 inﬁnitis

223 1793 374 1836 extra
401 1779 661 1834 mundum
692 1778 840 1840 locis,
864 1791 959 1830 cur
985 1775 1035 1827 in
1065 1774 1141 1827 eis
1172 1771 1238 1825 ab
1265 1779 1426 1839 opere
1447 1768 1588 1822 Deus
1607 1773 1810 1829 cesset;

226 1874 327 1928 hoc
366 1873 468 1926 sibi
500 1870 858 1940 respondeant
889 1867 955 1921 de
982 1863 1198 1920 inﬁnitis
1224 1871 1351 1915 ante
1379 1857 1635 1913 mundum
1679 1865 1814 1909 tem-

225 1965 466 2035 poribus,
497 1978 589 2017 cur
624 1963 672 2014 in
699 1961 779 2016 eis
803 1959 871 2013 ab
898 1972 1059 2026 apere
1089 1955 1228 2008 Deus
1253 1949 1561 2007 cessaverit.
1587 1947 1654 2001 Et
1677 1946 1814 1998 sicut

224 2072 334 2111 non
363 2064 446 2111 est
474 2068 810 2124 consequens
837 2061 892 2105 ut
922 2045 1137 2104 fortuito
1181 2046 1355 2116 potius
1395 2056 1550 2112 quam
1608 2038 1812 2094 ratione

226 2147 409 2202 divina
436 2147 597 2207 Deus,
633 2160 739 2198 non
761 2143 885 2207 alio,
919 2139 1011 2194 sed
1040 2138 1212 2192 istoin
1239 2149 1343 2205 quo
1371 2141 1458 2188 est
1486 2131 1624 2196 loco,
1654 2144 1812 2183 mun-

225 2238 349 2292 dum
377 2235 742 2300 constituerit,
770 2247 890 2286 cum
922 2229 1118 2300 pariter
1161 2224 1380 2280 inﬁnitis
1409 2221 1601 2290 ubique
1623 2227 1812 2288 paten-

226 2329 368 2383 tibus
421 2327 571 2381 nuilo
624 2323 1001 2379 excellentiore
1047 2319 1236 2374 merito
1284 2323 1464 2386 posset
1519 2317 1603 2374 hic
1654 2308 1809 2380 eligi,

227 2419 474 2491 quamvis
515 2416 760 2473 eamdem
799 2415 1030 2470 divinam
1061 2413 1342 2476 rationem,
1371 2427 1474 2483 qua
1518 2411 1569 2466 id
1617 2411 1811 2465 factum

227 2521 328 2576 est,
362 2509 512 2565 nulla
543 2509 711 2579 possit
735 2507 966 2564 humana
1005 2505 1460 2576 comprehendere
1490 2505 1507 2536 ί
1543 2519 1562 2558 :
1589 2503 1658 2558 ita
1705 2517 1809 2556 non

227 2610 308 2656 est
334 2615 680 2672 consequens
702 2609 758 2655 ut
781 2601 889 2655 Deo
909 2598 1107 2668 aliquid
1146 2598 1514 2652 existimemus
1553 2595 1813 2649 accidisse

229 2691 530 2758 fortuitum,
563 2692 705 2763 quod
747 2691 838 2746 illo
874 2692 1052 2762 potius
1079 2704 1238 2760 quam
1277 2688 1544 2743 anteriore
1572 2695 1813 2756 tempore

229 2785 473 2842 condidit
502 2785 778 2850 mundum,
810 2799 930 2838 cum
959 2783 1235 2853 aequaliter
1262 2782 1527 2836 anteriora
1569 2788 1812 2849 tempora

233 2892 325 2946 per
354 2877 624 2931 inﬁnitum
651 2884 796 2930 retro
821 2874 1048 2945 spatium
1076 2872 1470 2941 praeterissent,
1503 2885 1602 2926 nec
1627 2871 1815 2927 fuisset

231 2969 409 3040 aliqua
433 2967 725 3022 diﬁcrentia
752 2965 891 3020 unde
922 2974 1132 3034 tempus
1161 2963 1384 3031 tempori
1413 2961 1656 3032 eligendo
1680 2977 1816 3031 prte-

229 3068 541 3130 poneretur.
587 3057 737 3125 Quod
764 3057 808 3111 si
837 3056 1019 3110 dicunt
1047 3055 1234 3109 inanes
1257 3068 1379 3109 esse
1419 3052 1690 3116 hominum
1721 3068 1817 3108 co-

229 3151 520 3218 gitationes
545 3148 738 3220 quibus
765 3147 967 3202 inﬁnita
995 3145 1346 3214 imaginantur
1366 3144 1502 3209 loca,
1526 3159 1644 3198 cum
1666 3144 1815 3198 locus

233 3239 416 3293 nullus
445 3240 514 3292 sit
537 3249 729 3309 prmter
757 3236 1046 3302 mundum;
1077 3235 1430 3306 respondetur
1448 3235 1546 3300 eis,
1569 3236 1671 3289 isto
1696 3247 1816 3287 mo-

231 3330 302 3385 do
329 3330 565 3386 inaniter
593 3330 838 3385 homines
882 3331 1115 3400 cogitare
1159 3329 1425 3399 praeterita
1454 3336 1690 3397 tempora
1719 3341 1814 3379 va.

231 3421 466 3476 cationis
489 3419 602 3484 Dei,
627 3435 749 3474 cum
777 3418 977 3474 nullum
1019 3429 1229 3492 tempus
1268 3418 1340 3473 sit
1381 3425 1509 3472 ante
1558 3416 1814 3471 mundum

235 3511 339 3582 (α).
1432 3590 1440 3599 ι

232 3620 470 3678 CAPUT
505 3620 593 3675 Vl.
631 3650 705 3661 —
738 3619 1016 3677 Creationis
1045 3620 1218 3674 mundi
1253 3628 1298 3674 et
1341 3621 1618 3688 temporum
1660 3633 1815 3672 unum

443 3729 546 3769 esse
573 3713 896 3785 principium,
932 3730 1020 3767 nec
1041 3713 1184 3766 aliud
1216 3713 1318 3765 alio
1334 3710 1617 3784 pra'veniri.

299 3828 359 3883 Si
411 3827 555 3882 enim
587 3836 729 3883 recte
768 3827 1146 3882 discernuntur
1187 3825 1458 3879 atternitas
1483 3831 1536 3877 et
1566 3830 1772 3891 tempus
1801 3863 1815 3888 ,

233 3918 377 3989 quod
403 3928 612 3988 tempus
632 3918 747 3974 sine
767 3918 940 3988 aliqua
958 3917 1138 3972 mobili
1167 3915 1515 3971 mutabilitate
1535 3916 1555 3947 ¹
1584 3929 1688 3968 non
1711 3923 1813 3976 est,

233 4010 285 4065 in
314 4010 620 4067 mternitate
647 4019 822 4065 autem
849 4011 990 4065 nulla
1017 4009 1238 4064 mutatio
1281 4017 1364 4062 est
1387 4023 1401 4073 ;
1453 4008 1572 4077 quis
1599 4021 1704 4060 non
1735 4007 1816 4060 vi—

231 4103 359 4159 deat
385 4103 530 4173 quod
555 4113 790 4174 tempora
817 4117 922 4158 non
966 4100 1208 4165 fuissent,
1241 4100 1342 4154 nisi
1373 4108 1613 4154 creatura
1641 4099 1812 4163 ﬁeret,

233 4211 356 4265 quae
385 4194 589 4264 aliquid
617 4195 792 4264 aliqua
822 4194 1058 4249 metione
1085 4201 1348 4258 mutaret;
1387 4191 1538 4261 cujus
1564 4191 1817 4245 motionis

233 4295 288 4340 et
308 4285 624 4341 mutationis
651 4301 771 4341 cum
797 4284 940 4340 aliud
967 4267 1126 4354 atque
1159 4283 1323 4347 aliud,
1354 4299 1473 4353 qua:
1509 4283 1668 4336 simul
1697 4297 1816 4337 esse

232 4389 340 4429 non
373 4381 618 4444 possunt,
643 4374 783 4430 cedit
805 4386 964 4444 atque
987 4372 1244 4436 succedit,
1276 4372 1329 4426 in
1359 4371 1692 4426 brevioribus
1731 4371 1817 4426 vel

232 4465 665 4537 productioribus
709 4481 976 4520 morarum
1005 4462 1296 4519 intervallis
1331 4471 1541 4532 tempus
1569 4477 1820 4532 sequere-

232 4558 367 4612 tur?
391 4555 530 4612 Cum
561 4555 719 4627 igitur
744 4557 916 4622 Deus,
946 4556 998 4610 in
1043 4554 1195 4624 cujus
1238 4553 1537 4608 aeternitate
1563 4550 1706 4607 nulla
1734 4560 1820 4606 est

230 4650 465 4704 omnino
500 4648 741 4713 mutatio,
778 4657 988 4704 creator
1016 4647 1086 4702 sit
1108 4656 1402 4714 temporum
1431 4653 1486 4699 et
1521 4643 1815 4710 ordinator,

230 4739 512 4810 quomodo
562 4739 769 4794 dicatur
822 4749 942 4810 post
993 4745 1288 4806 temporum
1338 4734 1506 4804 spatia
1562 4732 1818 4788 mundum

233 4845 480 4896 creasse,
510 4845 616 4885 non
636 4831 827 4894 video;
855 4829 956 4884 nisi
985 4827 1192 4883 dicatur
1240 4837 1364 4882 ante
1412 4825 1667 4880 mundum
1709 4826 1820 4893 jam

229 4923 476 4992 aliquam
522 4922 681 4978 fuisse
724 4930 1020 4977 creaturam
1050 4962 1065 4984 ,
1106 4919 1255 4990 cujus
1298 4920 1528 4975 motibus
1579 4927 1819 4989 tempora

229 5021 524 5067 currerent
567 5010 664 5081 (ὑ).
696 5011 865 5066 Porro
914 5011 960 5065 si
1011 5009 1226 5065 Litteras
1268 5023 1434 5064 sacrae
1480 5009 1820 5078 maximeque

226 5117 466 5161 veraces
490 5102 560 5157 ita
587 5102 804 5169 dicunt,
837 5101 892 5156 in
919 5101 1180 5172 principio
1209 5101 1400 5156 fecisse
1425 5101 1589 5156 Deum
1621 5100 1818 5156 coelum

222 5260 487 5324 religione
506 5273 604 5310 non
625 5260 872 5324 indignum
896 5259 1086 5324 videtur
1107 5257 1255 5324 (haud
1277 5256 1426 5324 dubie
1447 5255 1700 5324 _Platonici)
1723 5269 1821 5306 non

221 5318 358 5395 cum'
368 5321 481 5395 aliis
503 5324 648 5372 etiam
685 5318 895 5385 putarint
914 5321 1007 5370 diis
1028 5319 1190 5369 multis
1221 5318 1541 5376 deferendum
1578 5331 1823 5367 sacrorum

221 5385 621 5516 sm.
655 5450 726 5493 Er.
741 5450 876 5516 _post,
901 5440 1330 5516 comprehendere,
1355 5441 1760 5516 addunttnatuia
1800 5451 1820 5490 :

221 5512 370 5580 ιρι,
398 5518 548 5580 mens.
574 5502 835 5580 superfluo
860 5502 872 5553 ὲ
899 5502 1013 5552 nam
1028 5505 1078 5552 in
1102 5503 1352 5553 veteribus
1376 5502 1509 5551 libris
1529 5502 1822 5551 subaudien-

220 5568 351 5616 dum
376 5566 686 5629 relinquitur,
710 5566 850 5615 ratio.

230 5631 339 5699 η’-
355 5629 433 5677 sic
457 5629 588 5677 Vind.
627 5638 728 5676 Am.
763 5634 840 5676 Er.
865 5632 917 5676 et
945 5625 1109 5688 plures
1129 5631 1237 5674 atss.
1263 5631 1316 5674 Ai.
1336 5631 1466 5686 Lov.,
1486 5622 1649 5674 mobili
1671 5623 1821 5674 mobi-

223 5688 390 5810 "iiii
406 5749 532 5798 Conf.
558 5749 643 5798 lib.
668 5749 719 5798 ii
739 5747 1136 5810 mnfess.,capp.
1165 5747 1222 5795 l5
1238 5753 1300 5810 et
1311 5758 1449 5810 seqq.

293 5753 353 5810 (a
406 5750 532 5798 conf.
558 5750 643 5798 lib.
668 5750 719 5798 ii
739 5750 969 5805 confess,
997 5759 1136 5808 capp.
1165 5750 1222 5795 i5
1238 5753 1324 5795 ets

293 5750 382 5877 (ὑὶ
401 5810 526 5862 mnf.
555 5811 639 5860 lib.
657 5814 689 5862 5
708 5810 772 5860 de
795 5816 912 5860 Gen.
932 5809 990 5858 ad
1013 5811 1141 5869 Litt.,
1166 5821 1212 5856 n.
1252 5808 1324 5856 l2.

1507 374 1710 432 LIBER
1749 370 2160 431 UNDECiMUS.

3396 388 3502 448 523

1927 501 1980 544 et
2004 499 2195 546 terram
2243 491 2392 564 (Gen.
2435 510 2470 560 ι,
2502 493 2588 567 i),
2622 506 2678 552 ut
2715 497 2844 554 nihil
2895 503 3046 558 antes
3078 501 3275 562 feeisse
3309 506 3504 563 intelli-

1923 591 2080 652 gatur
2099 624 2113 647 ,
2142 584 2264 653 quia
2290 584 2390 640 hoc
2416 588 2586 656 potius
2613 588 2664 644 in
2707 592 2964 664 principio
2991 593 3182 651 iecisse
3211 596 3497 664 diceretur,

1925 675 1968 729 si
1989 675 2113 745 quid
2140 675 2352 734 fecisset
2377 687 2499 736 ante
2523 691 2714 739 caetera
2738 696 2925 743 cuncta
2949 702 3069 758 qua:
3114 689 3272 757 fecit;
3318 689 3504 759 procul

1925 763 2088 820 dubio
2131 777 2344 823 nonest
2370 771 2596 825 mundus
2625 771 2795 830 factus
2826 777 2878 832 in
2924 786 3204 849 tempore,
3234 779 3331 836 sed
3377 795 3502 836 cum

1925 862 2183 927 tempore.
2207 855 2358 924 Quod
2385 861 2526 916 cnim
2551 863 2606 916 iit
2635 863 2686 918 in
2719 873 2976 937 tempore,
3024 880 3078 925 et
3122 881 3244 941 post
3280 871 3501 944 aliquod

1924 945 2001 1012 ﬁt,
2034 956 2087 1002 et
2115 958 2240 1004 ante
2261 950 2470 1020 aliquod
2501 960 2748 1022 tempus;
2775 966 2892 1025 post
2922 958 2972 1013 id
3002 961 3141 1030 quod
3167 964 3498 1032 praeteritum

1919 1047 2024 1102 est,
2050 1046 2174 1094 ante
2200 1040 2252 1094 id
2279 1041 2420 1110 quod
2457 1041 2691 1100 futurum
2732 1054 2850 1101 est:
2882 1049 3081 1106 nullum
3115 1063 3291 1110 autem
3316 1065 3502 1126 posset

1919 1141 2041 1184 esse
2072 1132 2461 1218 rprasteritum;
2514 1133 2639 1204 quia
2689 1136 2833 1192 nulla
2881 1149 2997 1194 erat
3045 1151 3308 1212 creatura,
3345 1147 3499 1218 cujus

1920 1217 2262 1276 mutabilibus
2300 1222 2530 1278 motibus
2555 1234 2821 1295 ageretur.
2870 1227 3002 1284 Cum
3034 1241 3273 1304 tempore
3316 1248 3495 1295 autem

1919 1306 2087 1363 factus
2115 1318 2200 1365 est
2235 1312 2488 1381 mundus,
2533 1315 2577 1370 si
2628 1317 2679 1371 in
2709 1317 2824 1386 ejus
2851 1319 3154 1378 conditione
3204 1324 3372 1384 factus
3412 1335 3498 1386 est

1919 1400 2188 1455 mutabilis
2217 1411 2412 1466 motus,
2439 1405 2574 1460 sicut
2615 1406 2823 1463 videtur
2851 1425 2910 1464 sc
2936 1409 3134 1468 habere
3161 1415 3321 1470 etiam
3363 1419 3496 1474 ordo

1919 1491 2006 1546 ille
2028 1494 2322 1562 primorum
2354 1511 2448 1551 sex
2478 1498 2558 1552 vel
2588 1508 2790 1568 septem
2836 1503 3065 1569 dierum,
3113 1506 3166 1560 in
3216 1508 3406 1577 quibus
3442 1519 3499 1566 et

1917 1598 2075 1640 mane
2129 1595 2182 1642 et
2227 1601 2446 1658 vespera
2473 1593 2831 1658 nominantur,
2862 1595 3034 1652 donec
3063 1600 3240 1655 omnia
3267 1617 3385 1671 quae
3413 1602 3497 1660 his

1917 1676 2104 1732 diebus
2127 1678 2266 1734 Deus
2287 1679 2443 1746 fecit,
2473 1694 2630 1738 sexto
2655 1684 2999 1754 perﬁciantur
3022 1688 3128 1753 die,
3161 1691 3496 1761 septimoque

1918 1767 1969 1821 in
2022 1777 2213 1839 magno
2243 1773 2496 1842 mysterio
2543 1772 2634 1828 Dei
2672 1775 2877 1831 vacatio
2929 1779 3357 1836 commendetur.
3386 1781 3491 1848 Qui

1915 1857 2032 1913 dies
2057 1861 2354 1929 cujusmodi
2381 1862 2509 1929 sint,
2539 1872 2631 1918 aut
2655 1865 2968 1934 perdifﬁcile
2999 1868 3172 1934 nobis.
3215 1880 3306 1926 aut
3335 1871 3497 1932 etiam

1917 1949 2248 2020 impossibile
2275 1961 2357 2006 est
2377 1954 2613 2023 cogitare
2633 1971 2647 2020 ;
2671 1966 2870 2026 quanto
2896 1959 3064 2031 magis
3083 1958 3306 2019 dicere?

1913 2061 2140 2119 CAPUT
2179 2063 2289 2120 νη.
2327 2094 2398 2107 -—-
2435 2065 2514 2120 De
2548 2068 2790 2139 qualitate
2827 2071 3103 2141 primorum
3146 2075 3364 2142 dierum,
3407 2080 3497 2148 qui

1987 2165 2251 2224 antequam
2278 2157 2356 2211 sol
2377 2157 2519 2227 ﬁeret
2536 2199 2552 2225 ,
2580 2169 2837 2230 vesperam
2857 2168 2904 2216 el
2932 2180 3077 2218 mane
3104 2165 3371 2222 traduntur
3398 2169 3494 2223 ha-

1987 2245 2168 2302 buisse.

1987 2351 2242 2414 Videmus
2263 2359 2456 2430 quippe
2479 2359 2610 2416 istos
2636 2360 2751 2418 dies
2777 2371 2932 2418 notos
2957 2381 3061 2421 non
3083 2365 3279 2424 habere
3300 2384 3494 2442 vespe-

1915 2461 2028 2500 ram
2046 2447 2145 2502 nisi
2162 2447 2228 2503 de
2239 2450 2368 2504 solis
2383 2460 2594 2518 occasu,
2610 2466 2708 2506 nec
2733 2468 2888 2509 mane
2913 2455 3011 2508 nisi
3032 2455 3098 2511 de
3123 2459 3250 2513 solis
3269 2470 3490 2517 exortu:

1917 2539 2126 2592 illorum
2151 2549 2326 2594 autem
2347 2543 2550 2610 priores
2581 2550 2688 2596 tres
2709 2542 2822 2597 dies
2843 2545 2958 2598 sine
2983 2547 3095 2601 sole
3119 2550 3317 2616 peracti
3346 2563 3490 2616 sunt,

1915 2631 2004 2700 qui
2033 2640 2222 2700 quarto
2249 2631 2336 2686 die
2360 2630 2531 2687 factus
2552 2633 2798 2688 refertur.
2825 2634 2890 2688 Et
2912 2636 3154 2704 primitus
3171 2639 3382 2708 quidem
3406 2641 3495 2694 lux

1899 2722 2082 2777 .verbo
2103 2722 2195 2776 Dei
2219 2721 2374 2786 facta,
2397 2732 2555 2792 atque
2577 2723 2713 2778 inter
2732 2724 2897 2792 ipsam
2916 2735 2967 2778 et
2991 2726 3235 2781 tenebras
3253 2728 3390 2782 Deus
3409 2744 3496 2784 se-

1917 2828 2134 2884 parasse
2155 2823 2418 2878 narratur,
2441 2823 2494 2869 et
2514 2814 2753 2870 eamdem
2781 2815 2954 2870 lucem
2984 2832 3200 2872 vocasse
3228 2818 3388 2886 diem,
3417 2827 3498 2875 te-

1917 2906 2294 2960 nebrasautem
2314 2915 2520 2960 noctem
2541 2904 2688 2978 (Gen.
2704 2921 2740 2968 t.
2759 2908 2813 2976 4)
2831 2923 2843 2958 :
2859 2905 2951 2961 sed
2973 2907 3143 2977 qualis
3165 2909 3253 2963 illa
3281 2910 3348 2964 sit
3377 2910 3491 2976 lux,

1927 3007 1981 3054 et
1997 3015 2100 3068 quo
2115 2999 2407 3053 alternante
2425 3007 2567 3052 motu
2594 3016 2608 3064 ;
2629 2999 2944 3068 qualemque
2969 3014 3241 3068 vesperam
3265 3011 3318 3056 et
3341 3016 3496 3057 mane

1918 3089 2121 3153 fecerit,
2147 3099 2407 3144 remotum
2429 3099 2510 3144 est
2528 3106 2556 3143 a
2575 3091 2820 3145 sensibus
2841 3091 3057 3157 nostris;
3078 3107 3177 3147 nec
3205 3093 3273 3147 ita
3303 3101 3359 3147 ut
3387 3103 3490 3162 est,

1918 3179 2132 3250 intelligi
2162 3195 2190 3234 a
2219 3181 2372 3235 nobis
2411 3189 2606 3250 potest,
2627 3181 2768 3250 quod
2798 3189 2974 3236 tamen
3004 3183 3121 3236 sine
3144 3179 3244 3235 ulla
3276 3183 3492 3237 biesita-

1919 3274 2060 3329 tione
2081 3272 2402 3328 credendum
2419 3281 2518 3327 est.
2540 3273 2644 3326 Aut
2661 3272 2803 3327 enim
2823 3271 2994 3342 aliqua
3013 3272 3098 3326 lux
3116 3287 3370 3341 corporea
3389 3285 3494 3342 est,

1918 3367 2030 3422 sive
2051 3367 2102 3421 in
2117 3365 2480 3435 superioribus
2505 3363 2686 3419 mundi
2712 3364 2950 3434 partibus
2971 3364 3125 3434 longe
3149 3379 3178 3417 a
3197 3367 3496 3434 conspecti-

1918 3459 2017 3513 bus
2039 3459 2251 3538 nostris,
2272 3456 2383 3512 sive
2403 3456 2544 3513 unde
2559 3456 2636 3511 sol
2657 3455 2990 3526 postmodum
3007 3471 3260 3512 accensus
3279 3465 3358 3511 est
3376 3475 3389 3510 :
3405 3466 3499 3513 aut

1919 3551 2050 3605 lucis
2074 3550 2288 3605 nomine
2319 3549 2606 3620 signiﬁcata
2649 3557 2733 3604 est
2760 3559 2941 3603 sancta
2968 3549 3185 3615 civitas,
3216 3548 3266 3603 in
3293 3551 3493 3604 sanctis

1919 3642 2133 3712 Angelis
2169 3651 2221 3696 et
2255 3641 2525 3709 spiritibus
2554 3639 2753 3704 beatis,
2794 3641 2862 3694 de
2887 3655 2987 3709 qua
3017 3639 3145 3693 dicit
3169 3639 3454 3707 Apostolus
3476 3679 3493 3706 ,

1921 3734 2046 3798 Quae
2063 3749 2260 3787 sursum
2287 3741 2356 3785 est
2377 3729 2680 3794 Jerusalem,
2704 3739 2862 3784 mater
2881 3741 3051 3783 nostra
3071 3740 3258 3783 wlerna
3284 3730 3335 3782 in
3359 3730 3498 3782 caelis

1919 3825 2118 3896 (Galat.
2143 3840 2215 3889 IV,
2241 3823 2354 3893 26).
2380 3823 2466 3876 Ait
2489 3821 2680 3890 quippe
2696 3820 2868 3874 etalio
2885 3820 3023 3886 loco,
3045 3819 3230 3874 Omnes
3254 3819 3390 3873 enim
3411 3835 3498 3873 vos

1922 3918 2014 3986 ﬁlii
2039 3917 2166 3971 lucis
2192 3915 2327 3979 estis,
2352 3923 2394 3968 et
2418 3914 2510 3982 ﬁlii
2543 3913 2664 3976 diei;
2681 3929 2779 3965 non
2799 3928 2968 3966 suum;
2996 3907 3150 3966 noctis
3180 3929 3335 3980 neque
3359 3921 3500 3967 tene-

1921 4011 2123 4064 brarum
2145 4008 2196 4078 (l
2215 4007 2388 4062 Thess.
2410 4023 2464 4072 ν,
2488 4007 2564 4076 5).
2583 4006 2636 4060 Si
2661 4016 2834 4060 tamen
2854 4013 2905 4060 et
2926 4021 3199 4074 vesperam
3216 4005 3320 4060 diei
3343 4005 3499 4076 hujus

1919 4111 1972 4156 et
1992 4116 2147 4155 mane
2166 4099 2496 4169 aliquatenus
2519 4104 2871 4166 congruenter
2893 4095 3186 4165 intelligere
3207 4094 3497 4151 valeamus.

1921 4191 2181 4260 Quoniam
2207 4191 2223 4221 ⁸
2249 4188 2468 4244 scientia
2489 4196 2745 4242 creatura:
2770 4186 2822 4240 in
2843 4186 3239 4255 comparatione
3262 4186 3500 4241 scicntia:

1921 4281 2186 4339 Creatoris
2207 4278 2599 4351 quodammodo
2626 4277 2950 4347 vesperascit
2982 4293 2994 4330 :
3021 4277 3254 4345 itemque
3280 4277 3504 4331 lucescit

1920 4386 1974 4430 et.
2002 4390 2158 4428 mane
2188 4371 2282 4439 ﬁt,
2313 4386 2432 4426 cum
2459 4382 2512 4426 et
2543 4369 2652 4440 ipsa
2683 4369 2910 4423 refertur
2934 4368 2998 4422 ad
3028 4368 3236 4422 laudem
3262 4363 3504 4423 diiectim

1922 4480 2151 4536 nemque
2183 4463 2483 4525 Creatoris;
2517 4475 2614 4514 nec
2652 4457 2702 4512 in
2741 4468 2952 4513 noctem
2988 4459 3240 4527 vergitur,
3276 4457 3362 4511 ubi
3394 4470 3502 4511 non

1921 4556 2143 4612 Creator
2157 4562 2412 4609 creatura:
2433 4551 2716 4605 dilectione
2738 4549 3066 4618 relinquitur.
3089 4549 3323 4618 Denique
3352 4547 3500 4603 Scri-

1923 4655 2076 4718 ptura
2103 4661 2222 4700 cum
2251 4644 2368 4699 illos
2389 4643 2502 4696 dies
2521 4640 2880 4694 dinumeraret
2909 4653 2974 4692 ex
3002 4638 3216 4706 ordine,
3241 4653 3502 4708 nusquam

1925 4737 2241 4808 interposuit
2266 4735 2576 4792 vocabulum
2607 4733 2797 4790 noctis.
2826 4733 2940 4787 Non
2982 4733 3123 4788 enim
3163 4731 3236 4788 ait
3269 4732 3498 4798 alicubi,

1922 4831 2082 4888 Facta
2123 4837 2210 4886 est
2237 4844 2341 4884 nox
2378 4825 2510 4891 :sed
2531 4869 2545 4892 ,
2566 4819 2729 4880 Facta
2768 4831 2839 4878 est
2887 4840 3119 4895 vespera,
3149 4834 3197 4877 et
3211 4828 3399 4894 factum
3428 4829 3504 4874 est

1924 4941 2068 4979 mane
2085 4924 2189 4978 dies
2209 4937 2338 4976 unus
2356 4917 2508 4990 (Gen.
2526 4935 2564 4985 ι,
2585 4917 2656 4990 5).
2679 4913 2755 4972 Ita
2775 4916 2888 4971 dies
2913 4914 3197 4978 secundus,
3220 4921 3272 4966 ct
3299 4910 3499 4966 crrteri.

1925 5016 2172 5087 Cognitio
2197 5014 2391 5085 quippe
2419 5019 2676 5067 creatura:
2705 5010 2758 5064 iu
2788 5023 2846 5063 se
2876 5008 2988 5076 ipsa
3019 5002 3370 5060 decoloratior
3394 5007 3498 5069 est,

1927 5119 1985 5166 ut
2011 5110 2081 5164 ita
2107 5108 2299 5174 dicam,
2322 5121 2483 5177 quam
2508 5120 2628 5159 cum
2655 5103 2706 5157 in
2736 5101 2827 5156 Dei
2852 5097 3120 5168 Sapientia
3142 5094 3499 5164 cognoscitur,

1926 5202 2072 5256 velut
2096 5201 2146 5254 in
2171 5208 2287 5253 arte
2310 5212 2412 5267 qua
2439 5195 2575 5250 facta
2602 5201 2703 5250 est.
2731 5190 2854 5246 ideo
2879 5201 3099 5257 vespera
3125 5185 3502 5254 congruentius

1927 5307 2084 5361 quam
2113 5306 2218 5346 nox
2243 5288 2345 5343 dici
2375 5295 2552 5358 potest
2581 5301 2596 5339 :
2622 5297 2738 5354 qua:
2780 5289 2956 5334 tamen
2981 5317 2997 5343 ,
3028 5284 3087 5330 ut
3110 5274 3254 5340 dixi,
3285 5289 3404 5329 cum
3433 5274 3498 5328 ad
3531 5295 3534 5298 ’

1926 5380 2246 5437 laudandum
2275 5387 2328 5432 et
2350 5374 2634 5430 amandum
2662 5370 2890 5426 refertur
2912 5364 3240 5430 Creatorem,
3274 5365 3504 5420 recurrit

1925 5476 1979 5532 in
2019 5489 2196 5530 mane.
2228 5472 2294 5526 Et
2334 5469 2436 5524 hoc
2464 5482 2583 5523 cum
2614 5463 2736 5518 facit
2777 5461 2829 5515 in
2870 5459 3172 5530 cognitione
3199 5457 3279 5512 sui
3307 5457 3497 5526 ipsius,

1925 5569 2040 5625 dies
2071 5580 2204 5620 unus
2229 5573 2312 5618 est
2341 5580 2354 5616 :
2384 5576 2504 5616 cum
2551 5558 2604 5612 in
2645 5554 2948 5626 cognitione
2977 5550 3328 5613 ﬁrmamenti,
3358 5547 3498 5618 quod

1991 5683 2008 5713 ι
2037 5680 2115 5728 sic
2135 5685 2242 5726 Mss.
2270 5681 2323 5724 At
2343 5673 2484 5722 Editi:
2513 5669 2586 5738 Ft'l
2603 5675 2758 5736 tamen
2781 5670 3042 5738 etvespera
3171 5660 3384 5738 hujus-ct
3394 5670 3504 5738 In?

1926 5756 1985 5792 ne
2023 5740 2318 5799 aliquatenus
2362 5747 2379 5783 :
2419 5730 2643 5795 quoniam
2677 5730 2874 5779 scientia
2912 5733 3150 5777 creatum
3177 5730 3228 5773 in
3251 5730 3502 5782 compara.

1928 5804 2069 5864 tione,
2095 5809 2192 5853 etc.
