4064 6482
529 370 641 434 313

527 497 670 545 inter
691 497 854 558 aquas
875 480 1160 540 inferiores
1179 486 1232 534 et
1255 477 1555 548 superiores
1577 475 1770 531 etclqu
1797 473 2114 546 appellatum

528 583 632 643 est,
659 575 776 630 dies
799 573 1064 630 secundus
1088 586 1103 623 :
1127 582 1250 623 cum
1279 569 1332 622 in
1366 565 1672 636 cognitione
1705 573 1860 620 terrm
1898 578 1960 618 ac
1999 578 2114 617 ina-

535 669 613 724 ris
637 664 979 733 omniumque
1006 659 1359 732 gignentium,
1377 672 1496 728 quae
1524 657 1793 711 radicibus
1810 655 2117 709 continuata

527 764 653 814 sunt
679 764 872 816 terrai,
901 750 1015 805 dies
1051 749 1238 805 tertius
1265 766 1279 802 :
1312 761 1432 804 cum
1470 747 1524 800 in
1551 745 1853 816 cognitione
1891 745 2120 798 lumina-

527 849 668 904 rium
710 843 931 914 majoris
966 851 1020 896 et
1045 841 1266 895 minoris
1309 839 1654 906 omniumque
1693 837 1928 890 siderum
1951 876 1965 899 ,
2000 835 2116 888 dies

525 945 784 1009 quartus:
809 945 936 992 cum
962 932 1014 986 in
1050 933 1354 1001 cognitione
1386 930 1623 984 omnium
1645 945 1711 984 ex
1735 928 1886 998 aquis
1904 927 2114 981 anima-

527 1025 659 1081 lium
688 1028 992 1081 natatilium
1021 1029 1180 1089 atque
1207 1021 1520 1083 volatilium,
1551 1018 1670 1073 dies
1701 1018 1918 1087 quintus
1945 1033 1960 1067 :
1989 1028 2112 1071 cum

523 1115 904 1187 incognitione
947 1112 1189 1176 omnium
1230 1111 1540 1165 animalium
1587 1117 1918 1164 terrenorum
1955 1115 2116 1177 atque

523 1205 690 1275 ipsius
715 1205 964 1267 hominis,
991 1207 1108 1262 dies
1134 1209 1316 1258 sextus
1348 1198 1451 1270 (τι).

526 1294 756 1352 CAPUT
796 1293 931 1348 Vlll.
958 1323 1027 1334 —
1069 1293 1196 1360 Quae
1221 1291 1442 1362 qualisve
1471 1286 1796 1357 intelligenda
1823 1286 1885 1339 sit
1911 1284 2008 1340 Dei
2034 1301 2114 1369 re-

560 1389 722 1458 quies,
747 1403 848 1458 qua
869 1395 981 1457 post
1005 1402 1160 1455 Opera
1185 1399 1274 1438 sea:
1293 1383 1484 1436 dierum
1505 1381 1743 1450 requievit
1768 1379 1820 1432 in
1841 1379 2071 1449 septimo.

597 1481 728 1536 Cum
749 1493 877 1533 vero
901 1480 951 1532 in
977 1477 1062 1532 die
1083 1477 1308 1544 septimo
1324 1472 1608 1542 requiescit
1629 1471 1769 1525 Deus
1784 1469 1851 1523 ab
1868 1470 2113 1524 omnibus

525 1570 775 1642 operibus
797 1569 927 1633 suis,
950 1576 1004 1622 et
1023 1563 1314 1621 sanctificat
1341 1579 1492 1627 eum;
1516 1576 1847 1632 nequaquam
1871 1569 1954 1616 est
1974 1561 2114 1616 accia

524 1661 775 1734 piendum
807 1659 1114 1730 pueriliter,
1153 1665 1402 1725 tanquam
1445 1655 1582 1709 Deus
1623 1653 1945 1708 laboraverit
1979 1666 2113 1722 ονο-

523 1751 713 1816 rando,
728 1750 815 1820 qui
837 1749 981 1814 dixit,
1005 1756 1052 1800 et
1073 1749 1206 1818 facta
1226 1755 1342 1801 sunt
1357 1744 1526 1817 (Psal.
1541 1759 1760 1808 cxcvm,
1780 1742 2024 1812 5),verbo
2041 1742 2114 1796 in-

524 1842 783 1913 telligibili
808 1850 862 1896 et
879 1840 1226 1909 sempiterno,
1248 1853 1351 1892 non
1373 1836 1594 1891 sonabili
1614 1845 1667 1890 et
1684 1835 1980 1905 temporali.
2005 1834 2108 1889 Sed

523 1934 734 2002 requies
747 1933 839 1987 Dei
860 1933 1095 2002 requiem
1113 1931 1372 2000 signiﬁcat
1390 1944 1576 1985 eorum
1598 1929 1684 1998 qui
1707 1927 2109 1998 requiescuntin

521 2021 668 2090 Deo;
693 2023 827 2078 sicut
841 2017 1019 2076 laetitia
1036 2020 1226 2075 domus
1243 2062 1258 2087 ,
1279 2019 1514 2074 lmtitiam
1537 2017 1797 2088 signiﬁcat
1817 2032 2000 2072 eorum
2019 2017 2110 2087 qui

524 2111 772 2169 laetantur
788 2114 840 2167 in
861 2112 1040 2177 domo,
1064 2110 1269 2166 etiamsi
1297 2124 1398 2164 non
1421 2124 1514 2164 eos
1527 2107 1716 2163 domus
1733 2109 1866 2177 ipsa,
1886 2107 1979 2163 sed
2004 2109 2109 2162 alia

520 2217 609 2260 res
633 2203 807 2274 aliqua
839 2204 989 2257 laetos
1014 2202 1157 2256 facit.
1180 2202 1390 2268 Quanto
1414 2199 1602 2268 magis,
1627 2199 1672 2253 si
1699 2198 1886 2253 eadem
1915 2198 2108 2253 domus

522 2294 914 2364 pulchritudine
936 2309 1028 2347 sua
1061 2293 1217 2347 faciat
1246 2293 1393 2345 laetos
1421 2290 1764 2355 habitatores,
1797 2299 1854 2344 ut
1880 2305 1989 2344 non
2014 2305 2108 2344 so-

523 2383 636 2439 lum
662 2399 728 2440 eo
751 2384 999 2454 loquendi
1033 2383 1191 2437 modo
1222 2383 1339 2436 lana
1364 2380 1590 2446 dicatur,
1619 2394 1722 2450 quo
1751 2381 2110 2450 signiﬁcamus

525 2489 624 2544 per
649 2473 701 2529 id
724 2473 862 2544 quod
886 2474 1124 2528 continet
1150 2472 1200 2526 id
1228 2470 1367 2541 quod
1392 2471 1728 2536 continetur;
1758 2472 1914 2538 sicut,
1938 2471 2110 2525 Thea-

524 2573 604 2622 tra
648 2564 945 2635 plaudunt,
990 2572 1133 2633 prata
1176 2563 1459 2632 mugiunt,
1503 2576 1621 2616 cum
1652 2561 1705 2616 in
1736 2561 1841 2616 illis
1865 2561 2109 2616 homines

523 2655 800 2724 plaudunt,
846 2653 898 2706 in
939 2653 1022 2706 his
1066 2652 1228 2707 boves
1258 2651 1495 2720 mugiant
1527 2668 1541 2704 :
1573 2649 1666 2704 sed
1696 2651 1855 2704 etiam
1885 2649 1975 2703 illo
2004 2663 2109 2718 quo

521 2743 849 2815 signiﬁcatur
870 2757 964 2812 per
979 2741 1300 2797 efﬁcientem
1323 2741 1372 2794 id
1394 2739 1534 2810 quod
1552 2739 1808 2805 efﬁcitur;
1827 2740 1962 2794 sicut
1987 2741 2107 2794 beta

520 2834 748 2905 epistola
775 2833 988 2898 dicitur,
1022 2832 1325 2902 signiﬁcans
1354 2845 1539 2885 eorum
1567 2830 1802 2884 lxtitiam
1829 2871 1843 2892 ,
1873 2845 2006 2900 quos
2034 2831 2110 2885 lc-

520 2933 706 2996 gentes
748 2923 910 2978 eflicit
957 2923 1106 2976 laetos
1130 2922 1154 2975 ’ἶ
1199 2920 1714 2975 Convenientissiine
1759 2921 1942 2989 itaque
1985 2935 2106 2974 cum

522 3015 690 3070 Deum
717 3013 1044 3084 requievisse
1074 3011 1386 3083 prophetica
1412 3019 1590 3065 narrat
1614 3011 1922 3076 auctoritas,
1948 3009 2109 3079 signi-

521 3104 711 3158 iicatur
737 3105 948 3174 requies
975 3117 1159 3158 eorum
1189 3102 1276 3171 qui
1307 3102 1356 3155 in
1387 3101 1477 3154 illo
1504 3101 1859 3170 requiescunt,
1890 3109 1944 3154 et
1969 3115 2104 3170 quos

521 3191 652 3251 facit
682 3193 793 3262 ipse
820 3193 1156 3261 requiescere
1190 3191 1286 3261 (b).
1321 3190 1432 3244 Hoc
1461 3191 1620 3244 etiam
1652 3189 1958 3244 hominibus
1987 3189 2107 3259 qui-

521 3283 623 3339 bus
663 3284 914 3353 loquitur,
957 3292 1010 3338 et
1045 3291 1263 3352 propter
1291 3296 1426 3351 quos
1453 3279 1635 3350 utique
1661 3281 1964 3350 conscripta
1993 3289 2102 3344 est,

519 3373 859 3443 promittente
878 3371 1172 3441 prophetia,
1193 3370 1332 3440 quod
1355 3369 1512 3424 etiam
1534 3370 1630 3438 ipsi
1652 3377 1770 3437 post
1789 3370 1922 3422 bona
1944 3383 2106 3437 opera

520 3480 639 3534 quae
670 3466 722 3518 in
752 3465 827 3517 eis
852 3473 904 3519 et
931 3479 1024 3534 per
1045 3479 1138 3518 eos
1159 3473 1406 3532 operatur
1432 3462 1590 3526 Deus,
1615 3460 1659 3513 si
1683 3461 1746 3515 ad
1777 3461 1924 3514 illum
1959 3461 2107 3529 prius

522 3552 578 3610 in
600 3555 699 3608 ista
719 3556 823 3608 vita
853 3569 946 3622 per
972 3554 1125 3608 ﬁdem
1156 3551 1548 3622 quodaminodo
1566 3550 1904 3615 accesserint,
1933 3550 1984 3602 in
2010 3551 2102 3604 illo

524 3647 793 3703 habebunt
820 3645 1061 3715 requiem
1084 3645 1480 3713 sempiternam.
1515 3641 1626 3696 lloc
1653 3641 1795 3694 enim
1823 3651 1876 3694 et
1903 3639 2108 3694 sabbati

526 3738 796 3792 vacatione
820 3751 887 3790 ex
912 3741 1174 3804 praecepto
1199 3734 1327 3802 legis
1350 3732 1402 3785 in
1422 3741 1603 3786 vetere
1632 3730 1731 3783 Dei
1755 3729 1947 3798 populo
1979 3728 2110 3798 ﬁgu-

527 3836 702 3881 ratum
740 3835 856 3892 est,
888 3824 1031 3879 unde
1067 3839 1164 3878 suo
1192 3824 1311 3878 loco
1339 3822 1640 3892 diligentius
1677 3821 1905 3876 arbitror
1934 3819 2108 3874 disse-

527 3916 751 3970 rendum
763 3953 777 3968 .

527 4028 752 4084 CAPUT
789 4025 880 4080 1X.
920 4053 992 4068 —-
1027 4023 1106 4078 De
1133 4021 1438 4092 Angelorum
1467 4021 1749 4075 conditione
1785 4021 1906 4089 quid
1934 4032 2112 4074 secun-

777 4123 901 4178 dum
929 4120 1098 4174 divina
1127 4113 1406 4170 testimonia
1434 4107 1743 4166 sentiendum
1775 4117 1859 4161 stt.

601 4238 752 4294 Nunc
774 4274 790 4302 ,
830 4232 1079 4305 quoniam
1113 4227 1181 4283 de
1224 4233 1420 4281 sancta;
1456 4219 1680 4276 civitatis
1706 4228 1890 4272 exortu
1932 4217 2110 4272 dicere

532 4328 753 4393 institui,
783 4333 835 4380 et
867 4323 1012 4393 prius
1036 4317 1178 4390 quod
1207 4315 1272 4370 ad
1298 4322 1509 4368 sanctos
1537 4309 1765 4379 Angelos
1812 4308 1997 4362 attinet
2023 4309 2109 4361 di-

531 4421 760 4480 cendum
785 4414 985 4486 putavi,
1011 4425 1128 4482 quae
1159 4406 1313 4474 hujus
1333 4401 1559 4458 civitatis
1580 4407 1633 4455 et
1652 4414 1839 4470 magna
1864 4414 1983 4468 pars
2004 4406 2107 4464 est,

529 4523 668 4572 eteo
689 4509 912 4573 beatior,
931 4502 1072 4575 quod
1092 4512 1356 4568 nunquam
1377 4493 1730 4564 peregrinata,
1759 4507 1876 4561 quae
1895 4492 2016 4544 hinc
2033 4491 2110 4544 di-

529 4606 650 4659 vina
667 4596 960 4656 testimonia
981 4598 1284 4662 suppetant,
1300 4595 1551 4657 quantum
1567 4583 1694 4638 satis
1705 4582 1982 4648 videbitur,
2002 4581 2111 4636 Deo

530 4694 805 4765 largiente,
823 4687 1090 4757 explicare
1108 4680 1325 4736 curabo.
1345 4676 1443 4733 Ubi
1460 4675 1526 4729 de
1543 4673 1723 4728 mundi
1735 4672 2111 4765 constitutione

527 4763 694 4841 sacra:
719 4782 930 4836 Litterae
957 4777 1258 4844 loquuntur,
1283 4783 1387 4822 non
1418 4765 1692 4820 evidenter
1718 4763 1911 4817 dicitur
1934 4770 2110 4815 utrum

527 4876 613 4931 vel
642 4887 747 4944 quo
772 4868 959 4924 ordine
992 4861 1156 4919 creati
1187 4861 1291 4914 sint
1317 4855 1502 4926 Angeli
1534 4872 1548 4909 ε
1576 4853 1669 4910 sed
1695 4853 1740 4907 si
1773 4850 2110 4944 prteterni_issi

528 4981 632 5022 non
656 4941 798 5028 sunt,
817 4960 900 5014 vel
921 4956 1042 5012 coeli
1067 4952 1296 5016 nomine,
1322 4949 1406 5002 ubi
1425 4946 1621 5000 dictum
1644 4955 1745 5010 est,
1776 4941 1839 4996 In
1865 4941 2110 5013 principio

529 5057 644 5127 fecit
673 5053 808 5106 Deus
833 5049 1012 5103 carlum
1038 5053 1082 5097 et
1109 5053 1293 5095 terram
1317 5037 1466 5108 (Gen.
1491 5053 1528 5101 1,
1554 5033 1606 5108 1)
1631 5051 1646 5100 ;
1676 5034 1757 5088 vel
1786 5033 1957 5103 potius
1978 5031 2111 5086 lucis

529 5125 706 5216 hujus,
726 5144 792 5198 de
819 5155 920 5211 qua
938 5138 1143 5207 loquor,
1165 5129 1445 5202 signiﬁcati
1476 5136 1617 5184 sunt.
1641 5125 1754 5181 Non
1773 5134 1946 5179 autem
1969 5136 2110 5192 prae-

593 5318 664 5428 (a2
689 5315 856 5428 (ensifer
885 5312 1036 5362 libros
1066 5309 1131 5360 de
1153 5315 1268 5358 Gen.
1301 5307 1362 5357 ad
1383 5308 1509 5368 Litt.,
1539 5303 1732 5368 passim,
1767 5301 1856 5351 sed
1880 5301 2111 5362 iiuprimis

593 5397 617 5428 ι.
798 5414 808 5425 .
1572 5427 1575 5428 ν
1608 5427 1630 5428 η

529 5374 664 5501 "bal
692 5378 1058 5501 ῗίλῗίειοξιιιιιιεν
1075 5449 1098 5478 ν
1125 5431 1275 5501 verba
1297 5437 1417 5501 ,εμηι
1445 5427 1664 5501 ξμιξθδίίε
1679 5433 2106 5501 Ῠῗὲθιὲθὲῐο.,ίίξ’ἓ¹¹ᾗ·τ

593 5441 644 5501 (b
699 5455 722 5485 «
746 5441 1058 5493 Aristobulus,
1075 5449 1098 5478 ιι
1125 5441 1275 5503 verba
1297 5441 1417 5502 sunt
1446 5441 1655 5499 tuseu“,
1682 5441 1883 5488 ιιι-ξενίη.
1904 5441 2106 5533 evang,”

529 5501 614 5552 lib.
642 5441 716 5559 i3,
743 5512 850 5561 cap.
896 5497 970 5561 1‘2,
1004 5514 1027 5542 ι
1061 5491 1265 5561 prodidit
1293 5490 1406 5561 ideo
1441 5488 1620 5561 dictum
1644 5499 1763 5560 esse.
1790 5493 2109 5561 septungwie

537 5545 734 5610 facit}.
749 5545 1018 5623 quievisse,
1034 5545 1162 5620 q'uod
1184 5553 1393 5623 conditis
1404 5563 1432 5599 a
1447 5563 1504 5599 sc
1521 5549 1672 5598 rebus
1681 5545 2107 5623 quietemindidlit,

537 5607 733 5672 iia'é‘s’t
763 5607 1078 5670 stabilitatem
1115 5620 1502 5677 permanentem,
1527 5607 1945 5677 perpetuitatem,
1977 5607 2107 5655 ordi-

537 5667 1013 5745 iifeil‘ciué'ﬁiaa,‘
1034 5667 1180 5728 ﬁxum
1204 5682 1263 5745 et
1294 5667 1678 5745 immutabilem;
1707 5667 2108 5745 iyelﬂgtlgfl‘qllﬁ-

537 5730 564 5794 ὰ
585 5730 791 5807 cumque
807 5743 971 5792 facere
982 5730 1291 5797 dweverat,
1315 5737 1380 5786 ita
1400 5745 1612 5797 prorsus,
1628 5737 1685 5782 ut
1698 5730 1980 5788 destinarat,
2001 5736 2109 5789 per-

537 5822 566 5860 u
589 5803 727 5857 fecta'
736 5803 950 5855 fuerunt.
970 5817 994 5850 ι
1023 5808 1268 5860 cognatis.

1628 353 1716 419 DE
1751 354 2072 420 CIVITATE
2113 358 2248 428 DEI,
2285 361 2343 416 S.
2386 352 2745 420 AUGIZSTINI

3699 356 3814 427 *δερ

2230 475 2502 529 termissos
2534 490 2652 530 esse
2683 475 2805 530 hinc
2830 472 3111 541 existimo,
3134 473 3280 546 quod
3313 475 3569 548 scriptum
3605 489 3690 535 est
3719 497 3817 536 re-

2225 565 2492 636 quievisse
2531 571 2696 622 Deum
2730 568 2782 624 in
2823 569 3049 639 septimo
3080 568 3168 625 die
3189 570 3258 625 ab
3280 570 3526 627 omnibus
3559 574 3823 642 operibus

2225 659 2335 712 suis
2360 673 2479 728 qua:
2501 657 2626 714 fecit
2646 675 2662 724 ;
2685 674 2804 714 cum
2829 660 2963 715 liber
2982 660 3094 728 ipse
3124 661 3195 715 ita
3220 661 3291 717 sit
3313 678 3558 730 exorsus,
3578 663 3646 718 In
3664 667 3820 735 prin-'-

2225 747 2358 816 cipio
2374 748 2492 816 fecit
2519 748 2653 802 Deus
2673 750 2854 803 eiciunt
2878 760 2924 804 et
2946 759 3132 805 terram
3152 767 3172 805 :
3191 761 3250 806 ut
3269 761 3394 808 ante
3407 755 3599 810 omium
3619 765 3676 811 et
3701 765 3823 811 ter-

2222 850 2338 890 ram
2369 837 2498 891 nihil
2524 838 2666 892 aliud
2693 838 2884 894 fecisse
2923 841 3184 896 videatur.
3223 843 3354 898 Cum
3379 859 3506 914 ergo
3535 860 3568 900 a
3591 847 3732 900 coelo
3759 855 3822 902 et

2226 936 2367 981 terra
2383 929 2626 996 coeperit,
2643 937 2802 998 atque
2823 930 2936 998 ipsa
2957 939 3102 986 terra
3113 947 3270 1002 quam
3292 934 3534 1002 primitus
3550 934 3694 1002 fecit,
3711 937 3826 992 sica

2221 1024 2281 1069 ut
2303 1015 2574 1084 Scriptura
2593 1030 2984 1088 consequentur
3011 1023 3298 1093 eloquitur,
3325 1025 3603 1082 invisibilis
3643 1038 3696 1082 et
3727 1030 3820 1084 in-

2221 1107 2542 1175 composita,
2565 1108 2906 1180 nondumque
2927 1112 3041 1168 luce
3067 1112 3225 1180 facta,
3245 1115 3426 1184 utique
3445 1117 3677 1172 tenebrae
3695 1118 3820 1175 fue-

2219 1195 2326 1250 rint
2345 1211 2506 1266 super
2523 1198 2774 1269 abyssum
2798 1240 2814 1267 ,
2854 1199 2910 1255 id
2935 1211 3018 1256 est
3055 1216 3218 1274 super
3244 1206 3527 1274 quamdam
3559 1214 3717 1264 terrae
3758 1217 3821 1265 et

2219 1298 2370 1354 aquae
2387 1287 2744 1342 indistinctam
2761 1289 3128 1348 confusionem
3155 1295 3272 1364 (ubi
3296 1297 3438 1352 enim
3457 1299 3549 1352 lux
3574 1315 3680 1355 non
3704 1311 3818 1368 est,

2221 1375 2452 1429 tenebrae
2473 1377 2580 1431 sint
2599 1393 2818 1434 necesse
2839 1389 2920 1436 est
2938 1381 2957 1452 )
2985 1399 3000 1448 ;
3031 1383 3223 1440 deinde
3248 1386 3426 1442 omnia
3449 1391 3822 1446 creandodis-

2220 1463 2390 1532 posita
2417 1467 2539 1531 sint,
2567 1483 2686 1536 quae
2713 1484 2807 1539 per
2834 1484 2930 1525 sex
2955 1471 3070 1526 dies
3096 1486 3465 1532 consummata
3485 1489 3773 1536 narrantur
3797 1499 3814 1536 :

2217 1554 2486 1623 quomodo
2512 1557 2697 1627 Angeli
2729 1562 3279 1632 prietermitterentur,
3314 1574 3561 1636 tanquam
3590 1585 3695 1623 non
3726 1585 3818 1626 ess

2217 1655 2336 1699 sent
2355 1647 2407 1701 in
2424 1649 2674 1716 operibus
2690 1651 2803 1718 Dei,
2824 1667 2855 1706 a
2875 1653 3067 1724 quibus
3087 1655 3139 1709 in
3166 1655 3252 1711 die
3267 1659 3495 1727 septimo
3515 1663 3775 1731 requievit
3789 1663 3817 1719 τ

2217 1733 2361 1804 Opus
2375 1747 2550 1792 autem
2570 1740 2662 1794 Dei
2679 1756 2797 1797 esse
2815 1743 3065 1814 Angelos,
3087 1745 3173 1800 hic
3199 1747 3411 1817 quidem
3435 1750 3537 1804 etsi
3552 1767 3656 1806 non
3677 1768 3816 1822 prte-

2217 1828 2541 1894 termissum,
2571 1847 2674 1885 non
2708 1841 2884 1890 tamen
2913 1835 3185 1892 evidenter
3215 1853 3527 1908 expressum
3561 1852 3672 1907 est;
3711 1842 3815 1900 sed

2216 1919 2341 1974 alibi
2362 1920 2462 1977 hoc
2478 1936 2661 1978 sancta
2677 1925 2946 1996 Scriptura
2963 1928 3258 1984 clarissima
3272 1944 3402 1986 voce
3419 1940 3659 1987 testatur.
3673 1933 3815 1990 Nam

2216 2019 2270 2064 et
2295 2011 2347 2064 in
2373 2011 2571 2082 hymno
2598 2015 2753 2069 trium
2783 2016 2832 2070 in
2856 2019 3066 2072 camino
3089 2019 3326 2074 virorum
3347 2035 3468 2076 cum
3490 2023 3814 2092 przedictum

2214 2102 2684 2170 esset,Benedicite,
2701 2109 2868 2162 omnia
2889 2125 3041 2180 Opera
3057 2109 3284 2180 Domini,
3303 2111 3522 2167 Domino
3533 2129 3554 2178 ,'
3575 2114 3626 2168 iu
3646 2130 3814 2171 exse-

2214 2195 2423 2250 cutione
2469 2197 2777 2254 eorumdem
2815 2215 3036 2271 operum
3061 2241 3077 2270 ,
3109 2203 3269 2258 etiam
3309 2205 3502 2275 Angcli
3547 2207 3815 2265 nominati

2215 2296 2340 2341 sunt
2361 2287 2520 2356 (Dan.
2544 2305 2620 2356 Ill,
2645 2291 2732 2357 57,
2757 2291 2868 2364 58).
2894 2294 2960 2349 Et
2987 2295 3038 2349 in
3061 2295 3274 2350 Psalmo
3295 2298 3503 2352 canitur
3531 2315 3545 2352 :
3575 2298 3814 2356 Laudate

2213 2377 2488 2433 Dominum
2504 2382 2567 2435 de
2585 2384 2741 2451 caelis,
2760 2385 2962 2440 laudate
2980 2403 3093 2441 eum
3109 2389 3162 2442 in
3177 2389 3404 2445 excelsis.
3422 2389 3654 2446 Laudato
3669 2407 3810 2462 eum,

2215 2488 2383 2527 omnes
2400 2473 2579 2544 Angeli
2600 2478 2739 2548 ejus;
2757 2479 2964 2534 laudate
2976 2497 3104 2547 eum,
3113 2498 3282 2536 omnes
3294 2481 3512 2539 Virtutes
3532 2486 3814 2556 ejus.Lau-

2215 2564 2330 2618 date
2356 2582 2488 2633 eum,
2519 2568 2598 2622 sol
2619 2580 2664 2623 et
2691 2569 2813 2624 luna
2829 2587 2850 2635 ,°
2871 2573 3083 2627 laudate
3105 2591 3241 2640 eum,
3264 2591 3434 2632 omnes
3461 2579 3618 2633 stellae
3650 2589 3696 2634 et
3724 2580 3815 2633 lu:-

2214 2671 2343 2709 men.
2373 2655 2604 2713 Laudale
2627 2676 2760 2726 eum,
2787 2662 2900 2716 caeli
2916 2672 2963 2716 et
2988 2665 3266 2731 caelorum;
3287 2676 3332 2720 et
3359 2684 3502 2738 aquae
3520 2686 3633 2739 quia
3655 2679 3814 2740 super

2215 2751 2366 2805 caelos
2388 2760 2525 2818 sunt,
2549 2753 2754 2806 laudent
2781 2770 2962 2809 nomen
2985 2754 3209 2812 Domini.
3244 2758 3490 2824 Quoniam
3518 2762 3626 2830 ipse
3648 2761 3810 2828 dixit,

2213 2851 2258 2894 et
2272 2841 2406 2909 facta
2423 2852 2569 2907 sunt;
2591 2844 2697 2912 ipse
2713 2846 2990 2914 mandauit,
3009 2859 3053 2902 et
3069 2858 3237 2904 creata
3260 2862 3376 2904 sunt
3401 2849 3567 2924 (Psal.
3585 2869 3810 2922 cxcvut,

2217 2933 2350 3000 i-5).
2378 2933 2548 2986 Etiam
2594 2933 2679 2988 hic
2716 2939 3049 3005 apertissime
3096 2955 3128 2995 a
3156 2941 3264 2996 Deo
3289 2941 3455 2997 factos
3481 2959 3597 3000 esse
3625 2946 3813 3016 Ange-

2211 3023 2292 3078 los
2321 3024 2574 3082 divinitus
2601 3026 2800 3083 dictum
2826 3039 2928 3097 est,
2952 3044 3071 3086 cum
3098 3033 3178 3088 eis
3197 3034 3334 3090 inter
3353 3044 3545 3092 caetera
3569 3037 3811 3098 eteleStia

2209 3119 2664 3184 commemoratis,
2690 3119 2914 3174 infertur
2933 3122 2999 3177 ad
3027 3125 3230 3192 omnia,
3263 3123 3386 3195 Ipse
3406 3127 3566 3193 dixit,
3598 3137 3646 3182 et
3669 3133 3811 3199 facta

2211 3213 2342 3258 sunt.
2367 3206 2495 3272 Quis
2518 3222 2676 3275 porro
2696 3209 2909 3264 audebit
2929 3211 3156 3281 opinari,
3179 3223 3297 3283 post
3320 3217 3495 3270 omnia
3515 3217 3614 3271 ista
3641 3218 3657 3248 ⁸
3685 3230 3812 3288 qua:

2211 3308 2304 3350 sex
2343 3296 2530 3352 diebus
2561 3310 2870 3355 enumerata
2894 3310 3036 3368 sunt,
3064 3303 3295 3372 Angelos
3324 3305 3527 3361 iactos?
3552 3305 3656 3362 Sed
3677 3320 3732 3362 et
3761 3309 3808 3364 si

2211 3387 2488 3457 quisquam
2534 3389 2606 3442 ita
2638 3390 2861 3460 desipit,
2894 3393 3163 3463 redarguit
3197 3395 3349 3450 istam
3389 3400 3671 3453 vanitatem
3712 3399 3809 3456 illa

2211 3477 2478 3548 Scriptura
2493 3482 2634 3551 paris
2654 3484 2998 3550 auctoritatis,
3019 3485 3105 3539 ubi
3124 3487 3263 3541 Deus
3278 3487 3424 3553 dicit,
3443 3489 3655 3556 Quando
3669 3494 3812 3563 faeta

2211 3579 2326 3624 sunt
2350 3572 2546 3640 sidera,
2582 3574 2910 3629 laudauerunt
2940 3593 3018 3629 me
3040 3590 3156 3631 voce
3193 3592 3378 3649 magna
3416 3596 3586 3634 omnes
3626 3582 3810 3652 Δηρειὲ

2211 3664 2306 3714 mei
2329 3662 2450 3733 (Job
2475 3668 2765 3734 xxxvmﬂ,
2789 3683 2886 3720 sec.
2907 3667 3093 3739 LXX).
3117 3667 3232 3724 Jatn
3263 3684 3391 3741 ergo
3411 3679 3562 3724 erant
3585 3671 3800 3741 Angeli,

2212 3757 2423 3824 quando
2465 3757 2600 3811 facta
2639 3767 2768 3812 sunt
2813 3759 3008 3813 sidera.
3039 3760 3198 3816 Facta
3237 3771 3362 3816 sunt
3399 3773 3576 3818 autem
3607 3772 3804 3832 quarto

2213 3845 2317 3900 die.
2344 3846 2730 3916 Numquidnam
2755 3863 2882 3920 ergo
2907 3850 2994 3905 die
3018 3851 3173 3905 tertio
3195 3850 3364 3906 factos
3383 3867 3502 3907 esse
3522 3853 3804 3908 dicemus?

2214 3937 2385 3990 Absit.
2431 3937 2484 3990 In
2518 3947 2763 4009 promptu
2795 3949 2877 3996 est
2905 3941 3069 4008 enim,
3101 3942 3223 4012 quid
3256 3943 3346 3996 illo
3373 3943 3458 3998 die
3485 3943 3677 3996 factum
3709 3943 3804 3997 sit.

2214 4027 2295 4082 Ab
2323 4029 2473 4092 aquis
2505 4029 2684 4098 utique
2715 4039 2852 4086 terra
2895 4031 3122 4086 discreta
3164 4040 3243 4086 est
3265 4073 3278 4098 ,
3323 4039 3374 4086 et
3412 4033 3686 4086 distinctas
3716 4031 3802 4090 sui

2213 4112 2425 4180 generis
2449 4111 2657 4180 species
2678 4110 2784 4166 duo
2809 4113 2907 4167 ista
2928 4113 3194 4167 elementa
3218 4123 3579 4184 sumpserunt,
3601 4123 3654 4169 ct
3675 4129 3804 4184 pro-

2213 4200 2360 4255 duxit
2377 4210 2514 4256 terra
2533 4203 2781 4272 quidquid
2802 4205 2850 4258 ei
2870 4204 3120 4259 radicitus
3137 4205 3376 4260 inhaeret.
3395 4205 3794 4276 Numquidnam

2214 4291 2485 4346 secundo?
2523 4291 2599 4346 Ne
2635 4292 2735 4346 hoc
2764 4292 2975 4361 quidem
3009 4310 3022 4346 :
3063 4301 3189 4347 tunc
3215 4294 3356 4348 enim
3397 4295 3796 4352 ﬁrmamentum

2214 4383 2411 4438 factum
2442 4390 2525 4437 est
2566 4383 2702 4436 inter
2728 4395 2892 4452 aquas
2920 4383 3222 4451 superiores
3247 4391 3300 4438 et
3329 4383 3609 4439 inferiores
3629 4425 3646 4450 ,
3677 4398 3798 4440 caa-

2214 4475 2429 4543 lumquc
2453 4473 2769 4542 appellatum
2797 4480 2877 4526 est
2901 4487 2916 4537 ;
2947 4472 2998 4525 in
3025 4486 3130 4541 quo
3155 4471 3487 4528 ﬁrmamento
3514 4472 3648 4527 facta
3668 4482 3798 4528 sunt

2212 4567 2387 4622 sidera
2413 4577 2603 4635 quarto
2623 4564 2730 4619 die.
2755 4564 3012 4618 Nimirum
3036 4579 3162 4634 ergo
3183 4565 3225 4618 si
3254 4564 3318 4618 ad
3343 4564 3560 4619 istorum
3583 4564 3796 4620 dierum

2212 4672 2375 4727 opera
2405 4656 2496 4710 Dei
2525 4655 2790 4725 pertinent
2811 4655 3020 4724 Angeli,
3044 4655 3143 4724 ipsi
3169 4664 3291 4710 sunt
3316 4654 3402 4708 lux
3433 4655 3518 4709 illa
3540 4670 3656 4725 qua:
3678 4653 3792 4710 diei

2212 4761 2406 4802 nomen
2446 4745 2677 4814 accepit,
2708 4743 2856 4813 cujus
2885 4745 3058 4797 unitas
3089 4753 3145 4798 ut
3171 4743 3650 4808 commendaretur,
3679 4759 3794 4800 non

2212 4845 2294 4893 est
2335 4836 2506 4890 dictus
2542 4834 2656 4889 dies
2683 4835 2883 4904 primus
2903 4875 2916 4900 ,
2961 4833 3055 4888 sed
3095 4833 3209 4889 dies
3236 4847 3368 4889 unus
3394 4832 3492 4906 (a).
3523 4832 3630 4888 Nec
3653 4834 3794 4890 alius

2212 4935 2294 4982 est
2318 4926 2432 4981 dies
2461 4925 2744 4990 secundus,
2776 4932 2867 4978 aut
2907 4925 3114 4988 tertius,
3149 4931 3240 4978 aut
3269 4925 3448 4979 caeteri
3481 4939 3494 4979 :
3523 4923 3614 4993 sed
3645 4923 3793 4980 idem

2214 5020 2327 5091 ipse
2365 5034 2501 5074 unus
2542 5017 2609 5071 ad
2645 5015 2966 5086 implendum
3003 5016 3272 5071 senarium
3309 5014 3390 5068 vel
3426 5015 3793 5084 septenarium

2277 5110 2294 5140 ί
2327 5106 2432 5158 Sola
2455 5108 2602 5176 editio
2635 5111 2765 5176 nova
2806 5111 2908 5176 post
3238 5102 3398 5176 omnia
3434 5103 3552 5176 ista,
3569 5110 3620 5154 Et
3643 5103 3793 5166 paulo

2212 5177 2337 5232 post,
2361 5168 2468 5232 pari
2485 5169 2794 5232 auctoritate;
2808 5165 3214 5232 dissentientibus
3233 5167 3426 5232 caeteris
3447 5165 3596 5214 libris.

2277 5232 2349 5298 _(a)
2363 5226 2602 5298 "theologi
2625 5229 2770 5298 graeci
2793 5226 3176 5298 res_spi_riluales
3198 5228 3505 5298 praecessisse
3515 5236 3793 5298 corporeus

2212 5287 2397 5348 volunt,
2415 5287 2586 5358 eisque
2609 5287 3010 5358 vélutiuministris
3031 5301 3178 5358 usum.
3195 5287 3308 5336 esse
3327 5287 3489 5358 mundi
3510 5287 3793 5358 (genitorem

2213 5356 2263 5403 in
2285 5345 2484 5414 reliquis
2506 5345 2847 5420 procreandis:
2873 5362 3017 5420 quam
3054 5347 3577 5420 Opinionemjlatouin
3599 5345 3793 5420 opificio

2212 5416 2373 5464 mundi
2392 5412 2608 5463 secutus
2646 5420 2737 5462 est.
2777 5412 2918 5460 Divus
2954 5412 3280 5480 Hieronymus,
3320 5412 3599 5480 Gregorium
3629 5412 3791 5480 magi-

2211 5485 2362 5541 strum
2396 5488 2619 5541 suosque
2665 5481 2863 5541 secutus
2896 5468 3794 5541 graecos{spiritualia'corporalilms

2231 5539 2368 5604 iriora
2391 5534 2769 5584 fuisse'censuit.
2811 5534 3006 5604 Basilum
3043 5541 3239 5604 veroet.
3269 5534 3532 5604 piouysius,
3557 5534 3792 5604 mi‘et

2260 5599 2344 5648 tini
2370 5610 2518 5664 p_r0pe
2540 5608 2728 5655 omnes,
2752 5595 3040 5664 ambrosius,
3079 5595 3219 5652 Beda,
3257 5592 3602 5664 txissiodorus,‘
3619 5599 3673 5664 et
3706 5592 3807 5664 hic-

2211 5653 2721 5725 Augustinus,_cuucta'
2737 5655 2875 5706 simul
2899 5668 2928 5725 a
3070 5657 3319 5725 progenita
3334 5667 3476 5725 desse
3500 5653 3794 5725 perhibent,

2210 5716 2336 5781 quod
2355 5733 2466 5781 eum
2490 5717 2572 5767 illo
2591 5730 2863 5781 congruere
2886 5716 3085 5781 videtur
3098 5716 3408 5781 ecclesiastici
3446 5729 3579 5777 xvtu,
3603 5716 3627 5764 l
3655 5728 3668 5764 :
3696 5716 3793 5776 Qui

2214 5776 2323 5834 uiuit
2346 5779 2397 5832 in
2419 5786 2669 5842 wtet‘num,
2685 5776 2868 5830 ereavit
2885 5776 3048 5829 omnia
3067 5776 3228 5830 simul.
3254 5785 3363 5828 Lup.
3389 5788 3544 5829 vms.
