4064 6482
219 369 318 430 525

219 662 332 720 facit
367 665 532 730 Dens,
565 675 622 720 et
648 664 1003 734 septenariam
1029 663 1222 734 quietis
1248 665 1338 720 Dei
1379 664 1476 736 (a).
1503 664 1636 720 Cum
1657 665 1800 720 enim

217 757 344 810 dixit
371 755 541 820 Deus,
578 753 701 808 Fiat
728 756 848 819 lux,
877 766 922 810 et
949 757 1084 825 facta
1112 763 1184 809 est
1209 756 1300 810 tua:
1317 771 1338 820 ;
1365 757 1408 811 si
1439 765 1584 812 recte
1615 757 1666 810 in
1698 757 1798 812 hac

219 847 334 902 luce
373 847 584 901 creatio
632 847 944 917 intelligitur
986 847 1348 918 Angelorum,
1392 848 1630 918 profecto
1677 848 1800 903 facti

217 947 337 994 sunt
364 937 662 1007 participes
692 939 822 993 lucis
850 945 1092 1001 aeternas,
1122 937 1266 1008 quod
1291 947 1374 994 est
1403 939 1421 970 ¹
1450 940 1564 1009 ipsa
1592 939 1797 993 incom-

219 1027 490 1082 mutabilis
517 1027 795 1098 Sapientia
826 1027 940 1094 Dei,
975 1044 1070 1097 per
1096 1043 1256 1106 quam
1288 1027 1424 1084 facta
1451 1037 1576 1083 sunt
1599 1030 1798 1098 omnia,

217 1134 372 1189 quem
397 1118 633 1175 dicimus
665 1120 993 1189 unigenitum
1021 1120 1116 1174 Dei
1147 1109 1374 1184 Filium;
1406 1127 1463 1174 ut
1490 1134 1555 1175 ea
1584 1120 1703 1176 luce
1730 1121 1796 1174 il-

217 1210 458 1264 luminati
483 1251 499 1275 ,
543 1224 650 1280 qua
687 1210 872 1275 creati,
905 1209 1095 1265 fierent
1120 1210 1209 1264 lux
1228 1251 1244 1276 ,
1267 1220 1320 1266 et
1349 1221 1662 1266 vocarentur
1685 1211 1798 1266 dies

216 1300 629 1370 participatione
666 1300 1112 1355 incommutabilis
1141 1301 1273 1356 lucis
1299 1311 1354 1357 et
1377 1301 1481 1356 diei
1505 1344 1518 1368 ,
1548 1303 1690 1372 quod
1717 1310 1800 1358 est

218 1386 451 1444 Verbum
498 1390 623 1457 Dei,
666 1404 761 1460 per
801 1390 940 1460 quod
979 1399 1032 1445 et
1063 1391 1164 1459 ipsi
1187 1400 1241 1446 et
1277 1392 1455 1446 omnia
1485 1391 1620 1446 facta
1649 1401 1792 1447 sunt.

218 1479 634 1550 Lumenquippe
661 1497 826 1534 verum
843 1522 858 1548 ,
891 1482 1025 1551 quod
1050 1483 1302 1536 illuminat
1322 1499 1519 1536 omnem
1546 1485 1798 1537 hominem

215 1573 489 1626 seuientem
511 1573 564 1626 in
586 1571 719 1626 hunc
743 1573 1022 1626 mundum‘
1049 1571 1231 1641 (Joan.
1248 1573 1378 1644 1,9),
1411 1573 1510 1627 hoc
1537 1574 1798 1628 illuminat

217 1671 268 1717 et
285 1678 504 1716 omnem
526 1663 771 1732 angelum
797 1663 1070 1730 mundum,
1090 1673 1146 1718 ut
1173 1665 1242 1718 sit
1261 1664 1350 1718 lux
1377 1679 1479 1718 non
1504 1664 1554 1718 in
1576 1680 1634 1718 se
1656 1663 1792 1733 ipso,

214 1753 302 1807 sed
327 1755 384 1808 in
410 1754 554 1808 Deo:
577 1769 607 1807 a
631 1770 736 1824 quo
756 1755 800 1808 si
827 1756 1082 1810 avertitur
1106 1755 1344 1826 angelus,
1374 1755 1429 1809 tit
1459 1755 1792 1820 immundus;

215 1843 348 1898 sicut
373 1854 504 1899 sunt
528 1860 713 1900 omnes
732 1846 820 1916 qui
854 1856 1108 1901 vocantur
1137 1847 1392 1901 immundi
1421 1847 1634 1916 spiritus
1654 1889 1668 1912 ,
1695 1862 1797 1903 nec

213 1936 314 2005 jam
345 1937 445 1990 lux
473 1937 526 1991 in
559 1937 782 1992 Domino
807 1976 822 2004 ,
850 1937 945 1994 sed
976 1939 1029 1992 in
1061 1953 1118 1993 se
1143 1938 1272 2008 ipsis
1305 1938 1537 1992 tenebra:
1561 1979 1574 2003 ,
1606 1937 1796 2008 privati

220 2027 628 2100 participatione
667 2029 798 2085 lueis
836 2040 1069 2085 :eternze.
1115 2029 1234 2082 Mali
1263 2030 1403 2084 enim
1436 2029 1577 2083 nulla
1605 2037 1796 2084 natura

213 2126 326 2185 est;
361 2118 462 2173 sed
487 2119 702 2175 amissio
727 2120 850 2176 boni
867 2155 884 2189 ,
914 2121 1038 2176 mali
1067 2136 1261 2176 nomen
1286 2122 1511 2191 accepit.

214 2254 444 2312 CAPUT
470 2251 536 2310 Χ.
575 2285 644 2295 —
667 2253 748 2309 De
769 2257 986 2327 simplici
1013 2265 1059 2338 et
1084 2257 1476 2312 incommutabili
1508 2255 1754 2312 Trinitate
1776 2297 1791 2324 ,

275 2344 462 2400 Patris
483 2355 529 2398 et
551 2345 675 2399 Filii
702 2356 749 2400 et
778 2347 1001 2416 Spiritus
1021 2348 1210 2412 sancti,
1244 2347 1392 2402 unius
1424 2347 1517 2402 Dei
1545 2363 1565 2402 :
1591 2349 1670 2402 cui
1693 2365 1793 2403 non

277 2444 353 2490 est
382 2435 532 2489 aliud
553 2437 770 2507 qualitas
788 2477 803 2505 ,
835 2437 980 2491 aliud
1005 2437 1304 2490 substantia.

279 2545 333 2600 ί.
360 2545 462 2600 Est
478 2545 652 2617 itaque
673 2545 869 2601 bonum
894 2545 1065 2600 solum
1084 2546 1329 2619 simplex,
1345 2554 1397 2601 et
1420 2546 1488 2601 ob
1505 2546 1604 2602 hoc
1621 2547 1792 2602 solum

215 2638 669 2704 incommutabile,
687 2639 827 2710 quod
845 2649 925 2695 est
946 2639 1104 2694 Deus.
1121 2639 1200 2694 Ab
1214 2643 1313 2695 hoc
1331 2641 1468 2696 bono
1480 2650 1653 2697 creata
1672 2649 1794 2696 sunt

214 2732 387 2786 omnia
417 2731 552 2787 bona
573 2771 588 2797 ,
616 2731 710 2786 sed
740 2745 844 2786 non
872 2731 1133 2802 simplicia
1158 2772 1174 2796 ,
1197 2741 1250 2786 et
1274 2731 1344 2786 ob
1368 2732 1469 2786 hoc
1495 2730 1789 2787 mutabilia.

213 2820 403 2876 Creata
437 2836 562 2876 sane
583 2864 598 2889 ,
631 2820 842 2891 inquam
863 2861 878 2888 ,
904 2819 956 2874 id
984 2829 1068 2875 est
1094 2820 1228 2874 facta
1253 2861 1268 2885 ,
1298 2835 1402 2875 non
1421 2821 1614 2891 genita.
1639 2820 1793 2888 Quod

215 2915 351 2967 enim
371 2913 445 2967 de
459 2913 682 2984 simplici
706 2915 844 2968 bono
859 2912 1093 2983 genitum
1111 2921 1194 2969 est
1207 2955 1221 2980 ,
1236 2913 1434 2982 pariter
1449 2913 1670 2982 simplex
1689 2913 1788 2979 eSt,

215 3006 390 3061 ethoc
411 3014 494 3059 est
513 3006 649 3075 quod
669 3005 793 3060 illud
821 3005 886 3060 de
906 3021 1011 3076 quo
1031 3005 1264 3076 genitum
1290 3011 1372 3060 est
1396 3020 1410 3070 ;
1439 3018 1554 3074 qua:
1575 3003 1680 3058 duo
1701 3001 1793 3058 Pa-

217 3107 346 3152 trem
375 3106 436 3152 et
462 3097 654 3152 Filium
681 3097 904 3152 dicimus
930 3115 944 3164 ;
969 3107 1024 3153 et
1047 3106 1333 3166 utrumque
1376 3096 1479 3150 hoc
1519 3111 1638 3150 cum
1682 3095 1793 3164 Spi-

215 3190 313 3244 ritu
335 3197 528 3246 sancto
545 3206 676 3244 unus
694 3199 775 3245 est
804 3190 941 3244 Deus
969 3206 984 3244 :
1009 3189 1096 3259 qui
1114 3189 1340 3258 Spiritus
1361 3186 1534 3241 Patris
1557 3196 1610 3241 et
1636 3185 1786 3252 Filii,

218 3280 450 3351 Spiritus
475 3292 688 3335 sanctus
716 3281 926 3350 propria
952 3280 1178 3350 quadam
1203 3280 1417 3334 notione
1441 3277 1596 3348 hujus
1623 3277 1793 3332 nomi-

217 3374 294 3428 nis
320 3373 376 3427 in
427 3372 591 3425 sacris
637 3371 851 3426 Litteris
896 3381 1246 3440 nuncupatur.
1296 3369 1446 3424 Alius
1490 3375 1572 3422 est
1612 3377 1790 3422 autem

217 3480 372 3534 quam
396 3463 557 3518 Pater
577 3471 631 3518 et
649 3463 812 3518 Filius
837 3505 852 3531 ,
876 3464 997 3534 quia
1018 3478 1116 3518 nec
1141 3463 1295 3517 Pater
1315 3471 1398 3516 est
1421 3501 1434 3526 ,
1465 3477 1562 3516 nec
1589 3461 1789 3516 Filius:

217 3557 303 3612 sed
329 3599 345 3621 ,
381 3556 534 3610 Alius
562 3555 706 3620 dixi;
747 3570 853 3609 non
881 3596 894 3620 ,
942 3553 1140 3618 Aliud;
1187 3553 1308 3623 quia
1353 3562 1406 3608 et
1453 3553 1553 3606 hoc
1598 3553 1793 3621 pariter

217 3648 448 3717 simplex
473 3646 769 3716 pariterque
794 3646 992 3700 bonum
1014 3654 1096 3700 est
1140 3643 1568 3698 incommutabile
1611 3651 1664 3696 et
1703 3656 1792 3696 co-

219 3749 500 3794 mternum.
532 3738 598 3792 Et
625 3737 740 3792 haec
779 3736 1011 3790 Trinitas
1037 3751 1171 3792 unus
1200 3745 1282 3791 est
1319 3734 1496 3789 Deus:
1528 3747 1627 3788 nec
1673 3731 1792 3788 ideo

219 3844 318 3885 non
348 3829 582 3901 simplex
606 3869 620 3894 ,
648 3829 772 3900 quia
796 3827 1049 3883 Trinitas.
1075 3827 1258 3897 Neque
1285 3826 1426 3882 enim
1452 3834 1667 3896 propter
1691 3824 1794 3880 hoc

219 3931 467 3975 naturam
497 3920 650 3974 istam
681 3919 809 3975 boni
833 3917 1130 3988 simplicem
1157 3919 1383 3975 dicimus
1407 3957 1422 3982 ,
1471 3919 1592 3987 quia
1635 3915 1794 3970 Pater

220 4011 270 4066 in
297 4026 363 4067 ea
392 4011 543 4066 solus
567 4052 583 4077 ,
614 4019 706 4066 aut
727 4010 875 4066 solus
906 4009 1072 4065 Filius
1093 4050 1108 4074 ,
1137 4018 1229 4063 aut
1253 4010 1398 4064 solus
1427 4007 1654 4077 Spiritus
1680 4021 1796 4061 san-

220 4113 332 4158 ctus
357 4120 373 4169 ;
403 4112 498 4156 aut
533 4117 662 4157 vero
704 4101 817 4157 sola
860 4109 945 4156 est
990 4101 1089 4155 ista
1131 4100 1360 4154 nominis
1403 4099 1633 4153 Trinitas
1678 4097 1794 4152 sine

220 4193 566 4248 subsistentia
595 4192 616 4224 ³
645 4206 990 4262 personarum
1019 4189 1116 4263 (ὁ),
1143 4191 1279 4246 sicut
1309 4189 1591 4245 Sabelliani
1621 4189 1794 4243 haere-

222 4284 304 4340 tici
333 4292 692 4355 putaverunt;
719 4281 741 4314 δ
769 4282 864 4339 sed
890 4282 1008 4337 ideo
1036 4282 1258 4350 simplex
1284 4280 1477 4335 dicitur
1501 4319 1516 4345 ,
1543 4280 1793 4350 quoniam

221 4376 357 4446 quod
390 4375 592 4442 habet,
617 4373 720 4430 hoc
745 4382 829 4430 est
852 4413 866 4438 ,
895 4381 1121 4443 excepto
1146 4371 1286 4442 quod
1318 4371 1539 4426 relative
1573 4385 1796 4440 qumque

221 4481 454 4538 persona
480 4467 546 4521 ad
571 4467 791 4522 alteram
817 4465 1030 4520 dicitur.
1056 4464 1187 4520 Nam
1224 4463 1403 4531 utique
1441 4461 1598 4514 Pater
1636 4459 1797 4514 habet

221 4558 416 4614 Filium
444 4598 460 4622 ,
485 4573 584 4614 nec
609 4567 784 4613 tamen
813 4557 925 4625 ipse
969 4564 1050 4610 est
1083 4554 1285 4617 Filius;
1331 4560 1387 4607 et
1433 4550 1596 4605 Filius
1639 4549 1796 4605 habet

219 4651 439 4707 Patrem
459 4693 473 4716 ,
503 4666 599 4706 nec
626 4661 802 4705 tamen
824 4649 934 4718 ipse
959 4657 1043 4702 est
1067 4647 1243 4702 Pater.
1282 4646 1340 4700 ln
1361 4660 1468 4715 quo
1493 4660 1619 4714 ergo
1647 4644 1712 4697 ad
1737 4659 1796 4700 se

221 4741 395 4810 ipsum
420 4739 614 4793 dicitur
635 4779 650 4803 ,
679 4753 784 4792 non
811 4737 876 4791 ad
899 4737 1123 4791 alterum
1149 4777 1164 4802 ,
1196 4736 1296 4790 hoc
1323 4745 1403 4790 est
1431 4734 1572 4804 quod
1595 4733 1754 4787 habet
1781 4750 1794 4788 :

224 4832 359 4886 sicut
385 4829 456 4884 ad
491 4844 548 4884 se
583 4830 754 4899 ipsum
801 4827 994 4882 dicitur
1039 4827 1223 4882 vivens
1250 4827 1293 4893 ⁵,
1329 4825 1575 4880 habendo
1618 4825 1798 4894 utique

225 4922 385 4977 vitam
413 4961 430 4989 ,
459 4919 720 4974 eteadem
750 4918 854 4973 vita
882 4918 996 4989 ipse
1024 4925 1126 4973 est.

281 5123 300 5152 ι
337 5117 479 5176 aditi,
505 5128 613 5180 quae
634 5120 723 5167 est.
748 5120 805 5165 At
825 5112 1132 5176 manuscripti
1151 5113 1201 5162 in
1220 5110 1314 5161 hoc
1335 5116 1388 5160 et
1407 5108 1644 5161 similibus
1665 5107 1799 5171 locis,

219 5182 946 5308 :mauuscripti‘nostri
980 5247 1168 5308 omnes.
1213 5241 1277 5306 In.
1299 5239 1371 5308 8.,
1395 5230 1802 5308 quod_illmninat

217 5315 411 5352 onmem
429 5299 667 5351 Itamirum
688 5297 740 5350 in
762 5297 887 5365 hunc
919 5297 1149 5365 mundum
1175 5297 1450 5365 venientem.
1515 5302 1573 5344 tt.

279 5365 301 5396 ⁸
336 5372 440 5412 Am.
465 5368 538 5410 Er.
567 5369 618 5411 et
640 5358 855 5410 nonnulli
878 5367 1003 5418 Mss,
1027 5358 1128 5407 sine
1144 5356 1421 5408 substantia.

279 5424 301 5455 ⁸
337 5427 423 5474 uie
446 5423 579 5472 Vind.
609 5431 715 5470 Am.
732 5428 784 5471 et
815 5428 886 5469 Er.
912 5413 1108 5482 addunt,
1135 5425 1275 5482 Pater
1293 5420 1377 5482 qui
1389 5420 1568 5482 genuit,
1593 5413 1803 5482 simplex

216 5492 307 5545 est,
328 5485 554 5551 etfilius
570 5483 654 5548 qui
675 5482 859 5551 genitus
880 5488 949 5532 est
984 5480 1164 5551 pariter
1199 5478 1407 5551 sintpleai
1429 5486 1515 5551 est,
1549 5486 1594 5551 et
1621 5478 1803 5551 hoc_(st

215 5541 349 5610 quod
375 5546 494 5597 illud
520 5541 698 5609 dequo
717 5543 902 5608 genitus
930 5541 1016 5594 est.
1035 5541 1125 5591 sed
1147 5541 1252 5594 haec
1272 5542 1448 5592 absunt
1485 5554 1514 5591 a
1549 5546 1658 5590 nov.
1687 5545 1738 5589 et
1775 5551 1803 5587 a

211 5610 574 5670 munseriptis.

209 5709 229 5722 κ
276 5673 299 5702 ⁸
337 5669 473 5732 £35.,
490 5669 640 5719 vivus.

277 5752 362 5818 (ιδ)
392 5751 656 5818 vid-ﬁnita-
681 5746 920 5818 ωιτν-,ξομ
945 5746 1023 5818 5!-
1064 5805 1091 5818 ..

278 5805 363 5876 (ὁ)
385 5815 509 5864 ίὶυιιῑ.
537 5805 678 5872 infra,
693 5805 799 5872 ca'p'.
822 5808 883 5857 24
901 5809 1040 5869 hujus
1063 5805 1187 5855 librt.

1520 370 1724 429 LIBER
1765 367 2064 431 UNDECIM
2071 369 2175 434 US.

220 494 498 540 numerum
527 483 794 554 repetitus
821 491 902 539 est
920 525 935 551 ,
965 490 1183 555 promer
1212 485 1476 540 senariam
1506 486 1591 541 vel
1621 485 1801 555 septe-

220 575 418 630 nariam
445 575 854 645 cognitionem;
881 575 1147 630 senariam
1185 575 1388 630 scilicet
1425 590 1645 646 operum
1683 591 1803 647 qua:

3369 399 3474 457 326

1976 489 2030 544 2.
2068 491 2298 583 Propter
2325 493 2428 552 hoc
2453 497 2627 570 itaque
2654 513 2840 560 natura
2868 504 3061 564 dicitur
3086 508 3307 583 simplex
3334 557 3348 580 ,
3389 520 3476 574 cul

1905 594 2010 672 non
2031 581 2104 672 sit
2129 583 2328 652 aliquid
2354 585 2550 645 habere
2572 633 2586 657 ,
2615 594 2753 664 quod
2783 598 2860 652 vel
2894 601 3060 668 possit
3083 581 3362 672 amittere;
3395 610 3477 666 vel

1905 669 2044 726 aliud
2076 671 2146 727 sit
2185 672 2421 742 habens,
2470 677 2611 736 aliud
2657 686 2797 754 quod
2841 687 3036 758 habet;
3075 694 3213 750 sicut
3253 669 3477 755 vas-ali-

1901 776 2057 831 quem
2088 763 2346 835 liquorem
2371 808 2387 835 ,
2417 780 2509 826 aut
2536 788 2727 843 corpus
2756 779 2988 836 colorem
3018 820 3032 850 ,
3065 795 3155 840 aut
3178 797 3271 843 aer
3301 789 3475 847 lucem

1901 853 2012 909 sive
2041 853 2324 926 fervorem,
2352 870 2441 916 aut
2465 865 2640 920 anima
2669 869 3000 937 sapientiam.
3029 876 3168 932 Nihil
3196 881 3335 936 enim
3369 882 3470 939 ho-

1899 957 2017 998 rum
2048 947 2208 1002 estid
2237 950 2374 1044 quod
2405 951 2602 1010 habet:
2628 971 2750 1013 nam
2795 977 2965 1033 neque
3006 978 3097 1021 vas
3141 962 3314 1040 liquor
3348 983 3470 1044 est,

1899 1049 2000 1137 nec
2045 1051 2238 1108 corpus
2271 1042 2420 1096 color
2443 1085 2458 1110 ,
2504 1061 2601 1101 nec
2639 1063 2731 1104 aer
2767 1047 2853 1106 lux
2892 1055 3003 1110 sive
3043 1057 3252 1130 fervor,
3299 1042 3473 1135 neque

1898 1130 2070 1179 anima
2102 1130 2355 1224 sapientia
2388 1144 2484 1188 est.
2513 1134 2643 1192 llinc
2667 1150 2746 1194 est
2775 1139 2914 1210 quod
2943 1145 3098 1202 etiam
3125 1152 3316 1218 privari
3343 1130 3470 1224 pos-

1900 1223 2023 1314 sunt
2046 1216 2205 1272 rebus
2219 1235 2362 1314 quas
2393 1222 2625 1290 habent,
2657 1237 2710 1283 et
2737 1229 2788 1284 in
2815 1233 2949 1288 alios
2978 1216 3186 1294 habitus
3211 1241 3297 1296 vel
3340 1216 3470 1314 qua-

1899 1305 2072 1363 litates
2098 1311 2231 1365 verti
2262 1323 2418 1384 atque
2447 1320 2637 1374 mutari
2661 1358 2676 1387 ,
2701 1330 2758 1376 ut
2783 1330 2835 1378 ct
2864 1340 2956 1380 vas
2979 1339 3263 1386 evacuetur
3284 1305 3473 1392 humo-

1898 1409 1958 1448 re
1983 1410 2089 1465 quo
2135 1399 2345 1468 plenum
2384 1414 2502 1472 est,
2547 1416 2599 1462 et
2639 1423 2829 1481 corpus
2873 1413 3240 1486 dccoloretur,
3287 1431 3339 1478 et
3381 1440 3475 1482 aer

1898 1485 2231 1580 tenebrescat
2275 1493 2387 1548 sive
2430 1495 2714 1567 frigescat,
2763 1510 2818 1557 et
2859 1504 3035 1560 anima
3077 1485 3321 1580 desipiat.
3366 1513 3472 1570 Sed

1898 1577 1996 1630 etsi
2027 1577 2096 1632 sit
2123 1595 2315 1651 corpus
2345 1585 2740 1658 incorruptibile
2764 1633 2778 1657 ,
2803 1595 2959 1664 quale
2986 1577 3259 1656 sanctis—in
3289 1618 3472 1659 resur-

1895 1669 2133 1726 rectione
2161 1676 2520 1745 promittitur,
2566 1680 2726 1738 habet
2764 1685 2976 1754 quidem
3017 1689 3181 1759 ipsius
3226 1693 3469 1750 incorru-

1895 1761 2091 1830 ptionis
2120 1765 2520 1826 inamissibilem
2547 1774 2853 1843 qualitatem
2877 1821 2892 1844 ,
2926 1780 3020 1836 sed
3062 1794 3309 1841 manente
3349 1787 3474 1843 sub-

1897 1854 2089 1948 stantia
2119 1860 2384 1926 corporali
2411 1876 2515 1916 non
2544 1861 2644 1920 hoc
2663 1874 2743 1920 est
2768 1908 2783 1933 ,
2814 1869 2954 1938 quod
2982 1871 3094 1941 ipsa
3124 1875 3470 1948 incorruptio.

1893 1937 2024 1998 Nam
2056 1945 2145 2038 illa
2171 1949 2329 2005 etiam
2364 1966 2458 2021 per
2479 1953 2716 2024 singulas
2744 1937 2921 2027 partes
2945 1937 3184 2033 corporis
3215 1973 3322 2022 tota
3339 1937 3429 2024 est
3451 2012 3468 2038 ,

1896 2045 1997 2088 nec
2024 2035 2148 2090 alibi
2180 2041 2349 2108 major
2370 2082 2385 2106 ,
2414 2043 2536 2098 alibi
2568 2046 2778 2114 minor;
2812 2065 2982 2120 neque
3019 2054 3162 2110 enim
3201 2057 3308 2112 ulla
3349 2035 3472 2129 pars

1895 2132 1978 2216 est
2003 2125 2358 2199 incorruptior
2377 2145 2532 2202 quam
2559 2135 2724 2192 altera
2752 2155 2765 2190 :
2795 2153 2988 2210 corpus
3008 2159 3134 2198 vero
3160 2146 3332 2216 ipsum
3351 2125 3472 2204 ima-

1890 2204 1979 2282 jus
2006 2225 2089 2270 est
2119 2218 2169 2271 in
2199 2227 2311 2274 toto
2337 2237 2492 2291 quam
2521 2224 2574 2279 in
2604 2235 2790 2295 parte;
2813 2204 3008 2285 etcum
3035 2233 3135 2288 alla
3162 2204 3283 2304 pars
3303 2246 3384 2293 est
3413 2238 3469 2295 in

1899 2318 1966 2360 eo
1990 2307 2213 2375 amplior
2238 2310 2382 2376 ,alia
2414 2313 2589 2369 minor
2611 2355 2627 2381 ,
2669 2331 2774 2371 non
2803 2333 2864 2374 ea
2891 2335 3009 2388 qure
3033 2322 3260 2392 amplior
3279 2336 3361 2382 est
3386 2328 3472 2383 in~

1899 2399 2200 2467 corruptior
2224 2415 2381 2471 quam
2404 2418 2464 2458 ca
2492 2418 2609 2474 qua:
2634 2408 2824 2462 minor.
2858 2410 3015 2466 Aliud
3045 2422 3127 2468 est
3150 2416 3326 2486 itaque
3353 2433 3474 2473 cor-

1895 2502 1995 2558 pus
2020 2531 2034 2555 ,
2065 2491 2203 2560 quod
2232 2507 2340 2547 non
2365 2495 2560 2564 ubique
2587 2498 2668 2551 sui
2698 2508 2866 2555 totum
2911 2511 2994 2557 est
3019 2521 3032 2557 :
3073 2505 3176 2560 alia
3223 2507 3467 2564 incorru-

1896 2580 2008 2648 ptio
2033 2620 2047 2644 ,
2079 2596 2196 2650 qua:
2225 2583 2418 2653 ubique
2444 2586 2559 2654 ejus
2585 2595 2690 2641 tota
2717 2597 2836 2654 est;
2879 2593 3001 2662 quia
3038 2596 3213 2650 omnis
3237 2611 3358 2667 pars
3387 2599 3472 2653 in-

1894 2673 2253 2740 corruptibilis
2278 2678 2524 2745 corporis
2548 2679 2707 2734 etiam
2737 2682 2946 2738 caeteris
2989 2683 3260 2754 inmqualis
3294 2703 3473 2758 aequa-

1895 2759 2016 2815 liter
2047 2761 2357 2835 incorrupta
2383 2776 2483 2820 est.
2515 2767 2694 2838 Neque
2717 2771 2858 2825 enim
2881 2811 2896 2838 ,
2927 2774 3075 2830 verbi
3106 2777 3270 2844 gratia
3296 2817 3312 2843 ,
3353 2781 3474 2848 quia

1892 2848 2090 2919 digitus
2119 2852 2294 2907 minor
2323 2865 2404 2909 est
2430 2872 2586 2926 quam
2616 2867 2723 2912 tota
2753 2875 2941 2920 manus
2965 2904 2980 2929 ,
3014 2861 3134 2918 ideo
3159 2865 3478 2937 incorrupti-

1892 2939 2050 2996 bilior
2074 2959 2262 2998 manus
2290 2960 2447 3016 quam
2492 2949 2710 3019 digitus.
2757 2951 2829 3006 lta
2876 2969 2994 3010 cum
3039 2957 3142 3011 sint
3185 2959 3475 3030 inaequales

1894 3047 2085 3118 manus
2113 3045 2167 3089 et
2189 3035 2379 3105 digitus
2402 3077 2418 3100 ,
2445 3041 2665 3109 aequalis
2698 3053 2780 3096 est
2807 3054 2984 3099 tamen
3013 3046 3474 3117 ineorruptibilitas

1892 3138 2081 3178 manus
2106 3134 2161 3180 et
2183 3127 2350 3196 digiti.
2383 3129 2460 3182 Ac
2485 3145 2577 3198 per
2599 3131 2698 3186 hoc
2721 3134 2962 3201 quamvis
2985 3150 3015 3188 a
3038 3150 3261 3205 corpore
3293 3140 3476 3194 ineor-

1892 3215 2125 3284 ruptibili
2171 3217 2533 3286 inseparabilis
2574 3220 3038 3291 ineorruptibilitas
3065 3226 3169 3289 sit;
3201 3228 3340 3280 aliud
3384 3239 3469 3285 est

1893 3312 2071 3360 tamen
2102 3307 2391 3362 substantia
2417 3348 2431 3372 ,
2463 3325 2562 3378 qua
2593 3325 2786 3378 corpus
2814 3311 3006 3367 dicitur
3027 3355 3040 3376 ,
3075 3315 3216 3368 aliud
3247 3318 3472 3385 qualitas

1893 3398 2006 3467 ejus
2029 3438 2044 3462 ,
2075 3414 2175 3469 qua
2218 3399 2622 3470 incorruptibile
2661 3412 3010 3473 nuncupatur.
3051 3405 3120 3460 Et
3153 3406 3272 3462 ideo
3311 3409 3472 3464 etiam

1893 3489 1970 3544 sic
1995 3504 2100 3545 non
2141 3489 2243 3546 hoc
2293 3500 2370 3546 est
2409 3493 2549 3562 quod
2595 3493 2772 3550 habet.
2828 3495 3019 3550 Anima
3063 3513 3273 3567 quoque
3315 3500 3426 3570 ipsa
3451 3540 3470 3568 ,

1893 3581 2101 3636 etiamsi
2130 3597 2341 3652 semper
2367 3584 2435 3637 sit
2454 3585 2663 3653 sapiens
2686 3623 2701 3648 ,
2725 3587 2860 3640 sicut
2883 3588 2983 3641 erit
3010 3602 3128 3642 cum
3160 3589 3474 3646 liberabitur

1893 3668 1947 3724 in
1977 3679 2268 3735 aeternum;
2319 3674 2720 3743 participatione
2766 3683 2939 3731 tamen
2966 3679 2981 3709 ι
3027 3678 3469 3736 incommutabilis

1893 3761 2168 3830 sapientiae
2196 3763 2407 3832 sapiens
2427 3765 2564 3829 erit,
2592 3780 2708 3832 qua:
2729 3780 2833 3819 non
2857 3775 2937 3821 est
2961 3767 3100 3835 quod
3123 3768 3254 3837 ipsa.
3288 3769 3473 3840 Neque

1893 3852 2036 3909 enim
2076 3855 2122 3909 si
2165 3870 2258 3909 aer
2301 3855 2470 3910 infusa
2513 3856 2631 3911 luce
2677 3872 2946 3928 nunquam
2983 3859 3298 3928 deseratur,
3350 3862 3474 3919 ideo

1894 3961 1998 4001 non
2025 3947 2165 4002 aliud
2194 3956 2274 4003 est
2302 3948 2415 4019 ipse
2437 3989 2452 4014 ,
2481 3948 2621 4004 aliud
2647 3949 2735 4004 lux
2764 3966 2866 4021 qua
2895 3952 3235 4007 illuminatnr.
3287 3953 3471 4025 Neque

1895 4037 1997 4093 hoc
2021 4038 2092 4094 ita
2122 4039 2345 4094 dixerim
2371 4081 2386 4107 ,
2424 4041 2574 4110 quasi
2600 4056 2693 4096 aer
2714 4042 2783 4097 sit
2811 4043 2984 4097 anima
3015 4059 3030 4100 :
3072 4043 3212 4113 quod
3253 4055 3473 4114 putave-

1894 4137 2019 4183 runt
2039 4129 2250 4199 quidam
2273 4172 2287 4196 ,
2309 4131 2397 4200 qui
2421 4145 2523 4185 non
2546 4139 2828 4200 potuerunt
2853 4132 3217 4203 incorpoream
3239 4135 3476 4205 cogitare

1896 4231 2138 4275 naturam
2171 4219 2267 4292 (a).
2311 4221 2414 4278 Sed
2441 4222 2638 4278 habent
2663 4223 2777 4279 haec
2804 4223 2870 4278 ad
2897 4224 2984 4277 illa
3015 4227 3172 4279 etiam
3205 4226 3256 4278 in
3284 4241 3474 4296 magna

1895 4311 2241 4381 disparilitate
2268 4313 2548 4382 quamdam
2578 4314 2973 4369 similitudinem
2999 4355 3014 4380 ,
3057 4326 3114 4369 ut
3149 4331 3252 4370 non
3293 4317 3478 4372 incon-

1895 4401 2172 4457 venienter
2191 4401 2396 4457 dicatur
2415 4444 2430 4470 ,
2454 4403 2532 4457 sic
2552 4403 2835 4458 illuminari
2856 4405 3084 4458 animam
3110 4405 3476 4474 incorpoream

1897 4490 2015 4546 luce
2045 4492 2355 4561 incorporea
2383 4493 2638 4562 simplicis
2666 4495 2938 4562 sapientize
2967 4495 3058 4550 Dei
3083 4536 3098 4561 ,
3123 4497 3262 4552 sicut
3286 4497 3479 4552 illumi-

1897 4590 2054 4636 natur
2079 4583 2220 4638 aeris
2245 4597 2436 4652 corpus
2466 4582 2583 4638 luce
2608 4599 2861 4653 corporea
2887 4599 2901 4650 ;
2931 4594 2986 4640 et
3021 4587 3159 4641 sicut
3195 4603 3288 4643 aer
3325 4597 3479 4644 tene-

1897 4671 2096 4728 brescit
2122 4672 2220 4726 ista
2249 4672 2368 4727 luce
2393 4672 2634 4727 desertus
2659 4672 2680 4744 (
2702 4688 2821 4726 nam
2859 4674 2988 4728 nihil
3017 4685 3140 4730 sunt
3183 4676 3324 4732 aliud
3359 4693 3480 4747 quae

1898 4763 2144 4818 dicuntur
2167 4763 2403 4818 locorum
2440 4779 2893 4835 quorumcumque
2927 4769 3282 4835 corporalium
3328 4779 3479 4824 tene-

1898 4854 2047 4921 brm,
2088 4871 2246 4925 quam
2293 4871 2386 4910 aer
2425 4870 2612 4911 carens
2659 4856 2776 4912 luce
2805 4855 2940 4930 [b]),
2985 4859 3058 4913 ita
3105 4861 3475 4916 tenebrescere

1900 4945 2132 5000 animam
2163 4945 2436 5015 sapientiae
2464 4945 2584 5001 luce
2612 4947 2891 5016 privatam.

1971 5037 2027 5092 5.
2060 5037 2356 5092 Secundum
2407 5036 2511 5092 hoc
2555 5053 2682 5108 ergo
2731 5039 2978 5093 dicuntur
3031 5037 3118 5092 illa
3173 5037 3430 5106 simplicia
3458 5077 3474 5104 ,

1902 5143 2022 5196 qua:
2069 5128 2428 5196 principaliter
2464 5144 2694 5199 vereque
2739 5129 2916 5183 divina
2959 5136 3119 5192 sunt,
3179 5129 3318 5198 quod
3372 5147 3478 5186 non

1901 5217 2042 5271 aliud
2069 5227 2151 5272 est
2180 5218 2230 5272 in
2256 5219 2334 5273 eis
2361 5219 2586 5288 qualitas
2609 5259 2624 5282 ,
2652 5218 2792 5272 aliud
2833 5219 3124 5272 substantia
3149 5257 3166 5284 ,
3215 5234 3314 5274 nec
3348 5221 3480 5276 alio-

1904 5321 2020 5361 rum
2044 5307 2442 5376 partieipatione
2467 5307 2548 5362 vel
2570 5306 2743 5360 divina
2764 5347 2779 5372 ,
2802 5307 2882 5361 vel
2904 5305 3158 5375 sapientia
3183 5348 3199 5375 ,
3222 5309 3304 5363 vel
3326 5309 3479 5366 beata

1970 5437 2002 5502 ι-
2021 5438 2283 5502 εἰςρωιῃεζε
2297 5443 2405 5502 Mss.
2431 5443 2487 5486 At
2509 5437 2643 5492 editi.
2663 5433 2906 5502 sicut_er_i_t
2927 5449 3038 5485 cum
3068 5450 3100 5487 a
3131 5446 3356 5502 praesenti
3386 5441 3482 5502 7mi-

1904 5497 2032 5567 seria
2056 5497 2418 5567 liberabiturjn
2438 5497 2835 5567 internumrquia
2854 5496 2965 5566 licet
3001 5506 3112 5548 tunc
3131 5496 3322 5567 sapiens
3350 5501 3412 5567 sit
3433 5504 3482 5553 tu

1905 5565 2138 5626 agtemum
2154 5593 2170 5619 ,
2222 5562 2586 5622 participatione
2637 5563 2796 5608 tamen
2845 5562 3244 5614 incommutabilis
3289 5562 3480 5626 sapien-

1907 5618 2316 5746 ‘fazafllgiogenes
2333 5691 2396 5727 ex
2418 5679 2627 5736 Aristot.,
2651 5677 2738 5728 lib.
2756 5681 2784 5746 At
2821 5679 2896 5746 de
2909 5683 3086 5746 Anima,
3112 5696 3220 5746 cap.
3254 5683 3308 5741 εὶς
3337 5693 3459 5732 Anet-

1909 5739 2081 5806 demus
2105 5739 2495 5806 et'gtnaximenes
2518 5751 2581 5788 ex
2605 5739 2826 5798 'l‘ertull.,
2852 5741 2935 5806 lib.
2960 5743 3024 5806 de
3050 5739 3226 5806 Anima,
3243 5739 3348 5806 cap.
3373 5746 3421 5793 9.

1977 5796 2049 5863 (ὁ)
2071 5800 2200 5851 conf.
2227 5798 2312 5849 lib.
2338 5800 2360 5849 1
2383 5799 2446 5850 de
2476 5808 2596 5851 Gen.
2621 5809 2786 5852 contra
2812 5796 3027 5865 atanicb.,
3054 5819 3102 5854 n.
3127 5803 3171 5854 7.
