4064 6466
591 353 697 415 321

590 479 734 528 sunt.
763 466 1024 524 Caeterum
1053 462 1221 518 dictus
1248 467 1330 515 est
1359 458 1411 514 iu
1436 456 1722 527 Scripturis
1759 457 1956 511 sanctis
1989 453 2159 523 Spiri-

593 570 678 617 tus
701 557 971 628 sapientiae
991 552 1265 621 multiplex
1287 550 1452 620 (Sap.
1475 564 1546 603 vn
1564 588 1580 615 ,
1599 547 1726 618 22),
1748 561 1812 618 ep
1837 545 1975 615 quod
2000 543 2167 598 multa

595 650 649 706 in
673 664 732 704 se
762 647 954 702 habeat
981 661 996 697 :
1023 641 1116 696 sed
1142 656 1260 711 quae
1287 641 1483 705 habet,
1506 639 1621 694 haec
1648 647 1702 693 et
1727 645 1844 701 est,
1876 644 1930 692 et
1957 649 2020 690 ea
2046 650 2165 690 om-

595 741 685 796 nia
713 751 848 793 unus
877 742 980 790 est.
1008 732 1189 802 Neque
1217 730 1358 785 enim
1389 729 1567 784 multa:
1591 769 1606 795 ,
1636 727 1730 782 sed
1769 741 1872 781 una
1911 725 2166 794 sapientia

601 841 683 887 est
704 871 720 894 ,
752 830 804 883 in
833 841 932 896 qua
963 833 1087 880 sunt
1115 823 1357 878 immensi
1384 821 1596 892 quidam
1631 829 1790 889 atque
1821 818 2008 874 inﬁniti
2047 817 2167 872 the-

596 919 741 975 sauri
766 919 782 949 ί
813 932 993 972 rerum
1023 913 1424 982 intelligibilium
1447 951 1463 978 ,
1496 912 1551 966 in
1591 911 1780 980 quibus
1822 918 1946 965 sunt
1981 924 2167 966 omnes

594 1007 889 1064 invisibiles
943 1016 1101 1076 atque
1153 1001 1610 1058 incommutabiles
1660 1002 1893 1056 rationes
1946 1016 2164 1068 rerum,

593 1101 757 1155 etiam
783 1096 1068 1152 visibilium
1095 1103 1149 1150 et
1171 1083 1500 1148 mutabilium
1525 1133 1539 1156 ,
1562 1105 1682 1161 quas
1710 1106 1804 1161 per
1824 1089 1991 1160 ipsam
2016 1088 2169 1144 facta)

592 1197 739 1246 sunt.
771 1188 1031 1256 Quoniam
1058 1187 1198 1241 Deus
1220 1199 1326 1239 non
1350 1182 1545 1253 aliquid
1571 1182 1815 1237 nesciens
1840 1180 1962 1236 fecit
1983 1220 1999 1246 ,
2027 1179 2170 1250 quod

594 1293 695 1336 nec
733 1279 802 1335 de
842 1277 1078 1348 quolibet
1117 1275 1334 1330 homine
1377 1273 1579 1328 artiﬁce
1619 1272 1765 1327 recte
1806 1271 1909 1325 dici
1954 1279 2166 1340 potest:

595 1383 758 1441 porro
785 1409 800 1435 ,
828 1369 876 1424 si
917 1368 1091 1422 sciens
1128 1365 1253 1421 fecit
1292 1367 1468 1420 omnia
1493 1399 1508 1428 ,
1557 1377 1619 1417 ea
1665 1362 1846 1431 utique
1887 1359 2014 1416 fecit
2051 1376 2171 1431 quas

597 1467 842 1515 noverat.
886 1457 963 1512 Ex
1012 1470 1118 1527 quo
1162 1455 1395 1510 occurrit
1433 1453 1611 1507 animo
1640 1451 1888 1522 quiddam
1935 1451 2165 1518 mirum,

594 1548 691 1605 sed
737 1535 914 1603 tamen
955 1561 1138 1600 verum
1163 1585 1179 1610 ,
1229 1543 1369 1614 quod
1413 1543 1514 1598 iste
1556 1541 1784 1596 mundus
1824 1540 1978 1596 nobis
2016 1549 2172 1595 notus

605 1654 724 1695 esse
754 1653 858 1694 non
892 1644 1112 1708 posset,
1153 1634 1255 1688 nisi
1297 1640 1476 1700 esset;
1519 1632 1632 1687 Dco
1661 1639 1836 1686 autem
1874 1630 1977 1686 nisi
2016 1639 2172 1686 notus

600 1737 744 1785 esset
765 1767 783 1797 ,
814 1741 934 1782 esse
959 1741 1062 1781 non
1090 1732 1288 1794 posset.

597 1835 822 1897 CAPUT
852 1837 942 1893 XI.
973 1867 1042 1878 —
1067 1837 1147 1890 An
1175 1838 1284 1906 ejus
1313 1834 1630 1889 beatitudinis
1649 1875 1664 1900 ,
1695 1844 1847 1903 quam
1875 1831 2034 1886 sancti
2061 1830 2171 1885 An-

669 1929 769 1999 geli
794 1927 856 1981 ab
884 1928 1026 1981 initio
1052 1927 1130 1980 sui
1158 1940 1350 1995 semper
1377 1923 1692 1989 habuerunt,
1721 1923 1871 1976 etiam
1910 1920 2023 1974 illos
2067 1921 2176 1988 spit-

665 2021 792 2073 ritus
818 2018 900 2087 qui
938 2017 992 2070 in
1029 2017 1235 2071 veritate
1271 2031 1372 2070 non
1407 2020 1684 2081 steterunt,
1717 2011 1984 2083 participes
2017 2012 2175 2083 fuisse

665 2108 967 2162 credendum
995 2108 1078 2163 sit.

665 2217 797 2284 Qua:
839 2231 960 2272 cum
1010 2215 1082 2270 ita
1130 2214 1274 2281 sint,
1325 2213 1472 2269 nullo
1519 2211 1733 2283 quidem
1776 2209 1936 2266 modo
1981 2220 2174 2266 secun-

596 2310 724 2366 dum
762 2309 972 2380 aliquod
1013 2309 1269 2378 temporis
1303 2307 1529 2376 spatium
1563 2305 1710 2375 prius
1749 2309 1900 2359 erant
1946 2303 2022 2358 illi
2067 2303 2177 2372 spl-

597 2401 732 2456 ritus
781 2400 1052 2464 tenebras,
1107 2412 1240 2468 quos
1293 2397 1522 2466 Angelos
1573 2395 1839 2459 dicimus;
1887 2392 1980 2448 sed
2017 2393 2176 2447 simul

595 2502 656 2549 ut
684 2493 804 2549 facti
832 2501 992 2558 sunt,
1022 2492 1112 2546 lux
1139 2490 1260 2544 facti
1288 2486 1509 2560 sunt(a)
1535 2504 1548 2539 :
1579 2502 1686 2541 non
1728 2493 1904 2540 tamen
1945 2484 2016 2538 ita
2062 2493 2178 2538 tan-

597 2592 710 2639 tum
736 2584 939 2650 creati,
963 2590 1021 2636 ut
1041 2595 1254 2652 quoquo
1274 2578 1432 2633 modo
1455 2587 1673 2644 essent,
1697 2584 1751 2631 et
1775 2589 1988 2645 quoquo
2015 2573 2175 2629 modo

595 2675 872 2738 viverent;
901 2672 993 2728 sed
1017 2673 1176 2726 etiam
1198 2669 1477 2724 illuminati
1499 2709 1512 2733 ,
1544 2676 1601 2722 ut
1629 2667 1896 2736 sapienter
1917 2665 2178 2734 beateque

595 2765 860 2820 viverent.
889 2763 971 2819 Ab
999 2763 1099 2817 hac
1121 2761 1506 2816 illuminationc
1533 2758 1705 2812 aversi
1728 2757 1940 2827 quidam
1971 2755 2173 2825 angeli,

596 2871 705 2912 non
731 2855 1075 2910 obtinuerunt
1100 2852 1468 2909 excellentiam
1496 2850 1752 2920 sapientis
1783 2849 2057 2918 beataeque
2097 2848 2179 2901 vi-

600 2955 670 3002 ta:
692 2986 709 3012 ,
736 2960 854 3016 quae
880 2945 1062 3016 procul
1083 2944 1242 2999 dubio
1271 2942 1484 2998 nonnisi
1512 2949 1710 2996 aeterna
1737 2949 1819 2996 est
1842 2941 2180 2996 aeternitatis-

595 3049 700 3106 que
724 3050 834 3091 suae
853 3042 999 3090 certa
1019 3042 1177 3104 atque
1205 3047 1391 3089 secura
1415 3050 1429 3090 :
1476 3031 1569 3087 sed
1593 3039 1645 3086 et
1667 3030 1984 3085 rationalem
2013 3030 2176 3084 vitam

595 3126 721 3182 licet
761 3125 1102 3196 insipientem
1149 3125 1227 3179 sic
1270 3124 1504 3190 habent,
1555 3131 1612 3178 ut
1655 3137 1772 3177 eam
1820 3137 1924 3177 non
1973 3123 2179 3192 possint

595 3216 839 3272 amittere
865 3255 882 3282 ,
911 3230 1012 3272 nec
1049 3215 1096 3270 si
1138 3215 1323 3271 velint.
1361 3215 1632 3282 Quatenus
1675 3222 1850 3268 autem
1892 3222 2176 3284 antequam

594 3315 940 3378 peccassent,
969 3307 1112 3363 illius
1136 3307 1416 3378 sapientiae
1453 3305 1650 3361 fuerint
1692 3305 1975 3376 participes
2001 3347 2016 3373 ,
2047 3306 2179 3361 defi-

595 3400 711 3455 nire
736 3398 854 3470 quis
874 3398 1089 3469 potest?
1119 3399 1177 3453 ln
1209 3397 1324 3468 ejus
1355 3407 1534 3452 tamen
1567 3396 1971 3466 participatione
2000 3411 2179 3466 aequa-

595 3487 677 3543 les
702 3487 865 3543 fuisse
910 3488 1043 3543 istos
1084 3488 1228 3552 illis,
1274 3487 1364 3557 qui
1408 3495 1692 3556 propterea
1741 3501 1868 3540 vere
1916 3486 2176 3555 pleneque

594 3578 739 3634 beati
762 3586 887 3634 sunt
911 3618 928 3644 ,
955 3578 1204 3647 quoniam
1228 3590 1558 3648 nequaquam
1583 3577 1650 3633 dc
1686 3592 1797 3632 sua:
1829 3576 2172 3633 beatitudinis

594 3673 892 3730 aeternitate
917 3671 1170 3727 falluntur
1190 3712 1206 3739 ,
1235 3671 1502 3742 quomodo
1525 3670 1716 3726 dicturi
1743 3670 1971 3725 sumus?
1997 3682 2169 3740 quan-

594 3763 880 3834 doquidem
908 3764 954 3819 si
979 3763 1209 3834 aequales
1238 3764 1289 3817 in
1308 3778 1370 3818 ea
1392 3761 1651 3828 fuissent,
1683 3763 1842 3816 etiam
1865 3761 1950 3816 isti
1981 3761 2032 3815 in
2060 3761 2176 3831 ejus

596 3853 895 3909 atternitate
923 3855 1239 3908 mansissent
1264 3853 1464 3924 pariter
1490 3853 1629 3907 beatl
1652 3892 1666 3917 ,
1690 3853 1812 3922 quia
1839 3853 2035 3921 pariter
2059 3866 2178 3907 cer-

595 3942 656 3997 ti.
685 3941 868 4011 Neque
894 3942 1035 3996 enim
1064 3943 1200 3996 sicut
1223 3943 1327 3995 vita
1357 3940 1838 4010 quamdiucumque
1864 3940 2063 4005 fuerit,
2104 3941 2176 3996 ita

596 4043 799 4089 :eterna
829 4034 935 4088 vita
961 4034 1222 4090 veraciter
1249 4033 1354 4088 dici
1384 4035 1617 4103 poterit,
1649 4035 1696 4088 si
1734 4036 1892 4089 finem
1933 4034 2176 4089 habitura

597 4125 668 4179 sit
695 4141 709 4178 :
739 4125 999 4194 siquidem
1030 4127 1132 4178 vita
1166 4125 1530 4179 tantummodo
1557 4125 1782 4180 vivendo
1803 4166 1819 4192 ,
1851 4135 2053 4180 aeterna
2080 4141 2176 4181 ve-

597 4229 661 4270 ro
703 4216 861 4270 ﬁnem
899 4230 1017 4269 non.
1049 4215 1293 4271 habendo
1333 4216 1603 4270 nominata
1651 4226 1753 4272 est.
1803 4218 2174 4287 Quapropter,

595 4306 838 4375 quamvis
866 4320 972 4360 non
998 4305 1254 4376 quidquid
1285 4315 1538 4361 aeternum
1564 4348 1578 4372 ,
1602 4309 1854 4362 continuo
1875 4309 2085 4363 beatum
2107 4309 2177 4364 sit

599 4397 835 4469 (dicitur
863 4397 1005 4452 enim
1044 4399 1203 4452 etiam
1236 4397 1459 4468 poenalis
1488 4399 1621 4468 ignis
1648 4406 1880 4453 aeternus
1905 4398 1956 4468 );
1997 4409 2176 4454 tamen

595 4488 642 4542 si
669 4500 795 4542 vere
831 4486 1171 4557 perfectoque
1211 4487 1366 4542 beata
1399 4488 1517 4542 vita
1559 4489 1767 4542 nonnisi
1814 4497 2010 4544 mterna
2053 4497 2173 4555 est,

595 4595 702 4635 non
733 4588 847 4633 erat
875 4579 996 4634 talis
1025 4580 1247 4633 istorum
1271 4619 1286 4645 ,
1314 4579 1626 4650 quanquue
1653 4579 1886 4634 desitura
1909 4619 1925 4642 ,
1963 4587 2017 4634 et
2056 4594 2178 4649 pro-

597 4680 782 4740 pterea
811 4684 916 4724 non
944 4677 1141 4723 aeterna
1164 4710 1179 4735 ,
1209 4670 1322 4724 sive
1354 4668 1407 4724 id
1448 4670 1682 4738 scirent,
1722 4671 1834 4726 sive
1879 4672 2176 4728 nescientes

601 4758 745 4814 aliud
778 4766 1023 4828 putarent
1051 4777 1064 4812 :
1093 4757 1214 4828 quia
1248 4759 1477 4814 scientes
1518 4759 1714 4825 timor,
1759 4761 2056 4817 nescientes
2093 4777 2179 4816 cr-

602 4867 694 4909 ror
723 4853 906 4908 beatos
928 4866 1048 4907 esse
1071 4851 1255 4920 utique
1282 4867 1387 4906 non
1417 4852 1642 4908 sinebat.
1679 4853 1733 4909 Si
1772 4864 1947 4909 autem
1978 4854 2079 4909 hoc
2104 4854 2179 4909 ita

598 4943 948 5009 nesciebant,
992 4951 1052 4996 ut
1089 4941 1236 4997 falsis
1287 4942 1568 4998 incertisve
1623 4957 1728 4998 non
1772 4944 2034 5012 fiderent,
2083 4943 2178 4999 sed

600 5043 780 5089 utrum
815 5033 1199 5103 sempiternum
1224 5073 1240 5099 ,
1264 5049 1330 5086 an
1357 5033 1672 5103 quandoque
1697 5034 1852 5089 finem
1877 5036 2177 5091 habiturum

601 5131 747 5178 esset
774 5123 970 5177 bonum
996 5138 1150 5177 suum
1177 5163 1194 5190 ,
1224 5123 1274 5176 in
1305 5132 1545 5177 neutram
1581 5130 1783 5193 partem
1812 5125 1961 5179 ﬁrma
1989 5140 2177 5180 assen-

605 5214 757 5268 sione
808 5213 1113 5280 ferrentur,
1167 5214 1280 5282 ipsa
1324 5213 1390 5268 de
1434 5222 1577 5268 tanta
1624 5215 1871 5271 felicitate
1913 5217 2178 5273 cunctatio

604 5319 722 5358 eam
744 5304 912 5358 beata:
939 5305 1062 5358 vita:
1088 5304 1468 5375 plenitudinem
1493 5346 1508 5370 ,
1533 5320 1689 5376 quam
1712 5306 1762 5360 in
1791 5307 1986 5362 sanctis
2007 5309 2180 5378 Ange-

605 5395 673 5451 lis
703 5410 824 5451 esse
848 5396 1114 5452 credimus
1137 5437 1153 5466 ,
1186 5413 1290 5453 non
1314 5397 1560 5453 habebat.
1601 5397 1784 5465 Neque
1826 5400 1965 5455 enim
2013 5400 2180 5455 beatze

668 5549 685 5580 ι
720 5547 890 5614 plures
901 5554 1027 5608 Mss,
1049 5548 1101 5614 in
1122 5562 1217 5614 qua
1237 5556 1343 5600 sunt
1366 5548 2063 5614 inﬁnitigquidameiqueﬁniti
2075 5551 2181 5614 the:

599 5605 753 5678 sauri.
779 5607 864 5678 Alii
888 5605 1024 5668 vero,
1273 5619 1378 5678 sunt
1416 5605 1607 5678 iit/inita
1637 5605 1861 5674 quwdan't
1890 5605 2025 5676 eique
2056 5611 2183 5677 ﬁniti

602 5669 1023 5736 tltesauri._—;_ats._
1038 5669 1177 5736 ξοδδ,
1201 5672 1336 5736 eique
1357 5669 1550 5736 inﬁniti.
1647 5669 1704 5724 Et.

671 5731 743 5794 (a)
771 5731 870 5780 \‘it'.
897 5730 980 5782 lib.
1006 5732 1081 5793 12,
1104 5730 1210 5796 cap.
1230 5730 1278 5794 9,
1303 5730 1440 5784 infra.

1567 315 1588 326 ’
1681 341 1770 400 ne
1810 339 2130 398 ClVlTATE
2157 339 2291 406 DEI,
2330 339 2386 396 s.
2424 337 2789 400 AUGUSTINI

3736 346 3837 403 328

2276 452 2395 508 vitae
2423 454 2735 510 vocabulum
2782 455 2851 509 ita
2881 452 3243 511 contrahimus
3270 453 3336 510 ad
3360 455 3616 525 quasdam
3643 456 3837 528 signiﬁ-

2271 543 2494 599 cationis
2537 545 2842 615 angustias,
2897 552 2955 600 ut
3001 545 3173 599 solum
3227 545 3397 600 Deum
3442 545 3676 602 dicamus
3715 547 3839 603 bea-

2271 642 2380 689 tum
2409 634 2505 707 (a);
2535 638 2624 706 qui
2654 645 2828 692 tamen
2854 638 2923 691 ita
2949 653 3075 692 vere
3100 639 3284 693 beatus
3309 649 3389 694 est
3414 680 3428 704 ,
3453 647 3510 694 ut
3532 639 3699 710 major
3718 641 3841 696 δεδι

2272 725 2441 780 titudo
2469 741 2588 782 esse
2618 743 2721 782 non
2749 729 2917 798 possit
2947 746 2959 782 :
2989 729 3042 782 in
3065 729 3215 798 cujus
3243 732 3674 799 comparatione,
3702 734 3838 803 quod

2271 817 2458 888 Angeli
2488 819 2627 874 beati
2667 828 2827 884 sunt,
2869 835 2963 876 sua
2992 821 3216 890 quadam
3247 838 3452 878 summa
3482 823 3799 881 beatitudine
3818 861 3836 894 ,

2272 920 2465 976 quanta
2491 924 2611 964 esse
2632 910 2686 964 in
2704 910 2922 981 Angelis
2945 919 3158 981 potest,
3181 912 3306 982 quid
3327 922 3419 967 aut
3443 924 3696 984 quantum
3719 914 3839 970 est?

2273 1017 2494 1073 CAPUT
2541 1018 2656 1074 XII.
2685 1047 2758 1060 --
2784 1019 2864 1075 De
2907 1021 3282 1090 comparatione
3321 1021 3642 1076 beatitudinis
3673 1025 3840 1094 justo-

2341 1125 2454 1162 rum
2478 1148 2493 1176 ,
2536 1110 2748 1164 necdum
2793 1113 3064 1164 tenentium
3107 1113 3449 1182 promissionis
3491 1115 3672 1169 divinat
3709 1131 3838 1186 pro»

2342 1199 2498 1252 mium
2521 1241 2536 1267 ,
2567 1210 2614 1253 et
2643 1200 2918 1271 primorum
2944 1201 2997 1256 in
3024 1203 3261 1272 paradiso
3287 1203 3543 1257 hominum
3570 1213 3686 1260 ante
3727 1221 3839 1276 peto

2343 1297 2455 1342 cata
2461 1304 2508 1342 ηι
2515 1327 2529 1342 .

2342 1397 2452 1454 Nec
2480 1399 2622 1469 ipsos
2652 1408 2852 1456 tantum
2877 1440 2892 1470 ,
2922 1400 3062 1474 quod
3101 1392 3291 1460 attinet
3326 1396 3394 1459 ad
3423 1404 3732 1461 rationalem
3760 1396 3840 1462 vel

2275 1490 2685 1546 intellectualem
2710 1502 3005 1548 creaturam
3031 1535 3046 1561 ,
3075 1493 3260 1550 beatos
3289 1495 3668 1566 nuncupandos
3702 1506 3842 1566 puta-

2274 1596 2393 1636 mus
2424 1582 2464 1636 ί.
2511 1582 2638 1649 Quis
2665 1585 2806 1638 enim
2846 1585 3048 1654 primos
3092 1587 3212 1642 illos
3239 1585 3482 1643 homines
3511 1587 3562 1642 in
3605 1588 3842 1657 paradiso

2275 1687 2471 1746 negare
2496 1677 2684 1730 audeat
2711 1677 2895 1732 beatos
2923 1677 3082 1734 fuisse
3099 1686 3220 1734 ante
3247 1681 3520 1750 peccatum
3548 1677 3644 1750 (b),
3667 1695 3843 1750 quam-

2276 1763 2356 1818 vis
2381 1765 2448 1818 de
2476 1777 2570 1819 sua
2594 1765 2920 1823 beatitudine
2943 1769 2964 1799 ²
2996 1783 3151 1837 quam
3178 1768 3422 1824 diuturna
3451 1769 3533 1824 vel
3570 1773 3746 1824 utrum
3773 1786 3843 1824 ze-

2276 1859 2427 1909 terna
2459 1854 2527 1925 (c)
2548 1866 2692 1911 esset
2718 1857 2947 1912 incertos
2978 1856 3140 1930 (esset
3165 1869 3338 1914 autem
3365 1868 3584 1927 aeterna,
3603 1859 3706 1914 nisi
3734 1869 3843 1930 pcca

2276 1946 2508 2013 cassent)
2525 1961 2539 2008 ;
2559 1958 2678 1999 cum
2706 1945 2865 2000 hodie
2890 1962 2994 2000 non
3022 1946 3354 2017 impudenter
3378 1949 3563 2003 beatos
3577 1963 3841 2013 vocemus,

2277 2048 2411 2103 quos
2436 2033 2675 2089 videmus
2695 2035 2834 2104 juste
2859 2051 2921 2092 ac
2945 2037 3031 2107 pie
3055 2052 3176 2092 cum
3207 2053 3300 2110 spe
3329 2038 3517 2094 futuras
3543 2039 3844 2096 immortali-

2278 2124 2401 2178 tatis
2430 2123 2566 2178 hanc
2607 2126 2768 2180 vitam
2812 2127 3008 2183 ducere
3049 2130 3164 2184 sine
3191 2131 3412 2186 crimine
3439 2137 3683 2186 vastante
3722 2143 3844 2186 cond

2277 2214 2553 2270 scientiam
2579 2257 2594 2284 ,
2626 2215 2781 2272 facile
2807 2217 3150 2288 impetrantes
3185 2221 3419 2291 peccatis
3445 2221 3602 2292 hujus
3631 2221 3845 2276 inﬁrmis

2279 2309 2403 2364 tatis
2439 2309 2668 2364 divinam
2700 2311 3139 2367 misericordiam.
3165 2312 3265 2380 Qui
3295 2313 3420 2368 licet
3441 2313 3511 2368 de
3535 2328 3646 2368 sua;
3675 2328 3846 2383 perse-

2278 2400 2530 2454 verantiae
2573 2402 2792 2470 prmmio
2821 2404 2952 2456 certi
2982 2403 3089 2457 sint
3110 2442 3126 2469 ,
3155 2403 3223 2458 de
3263 2404 3376 2473 ipsa
3407 2411 3583 2458 tamen
3609 2419 3848 2474 perseve-

2279 2491 2450 2544 rantia
2477 2505 2570 2546 sua
2595 2493 2934 2563 reperiuntur
2957 2495 3164 2550 incerti.
3182 2494 3311 2562 Quis
3336 2495 3476 2550 enim
3504 2495 3777 2551 hominum
3796 2510 3849 2551 se
3904 2522 3907 2525 -

2281 2579 2334 2634 in
2366 2583 2574 2637 actione
2604 2583 2946 2654 profectuque
2969 2585 3183 2654 iustitia:
3209 2596 3667 2656 perseveraturum
3693 2604 3850 2658 usque

2281 2672 2334 2725 in
2363 2672 2524 2727 ﬁnem
2551 2675 2704 2740 sciat,
2735 2675 2835 2730 nisi
2859 2675 3031 2746 aliqua
3062 2677 3386 2734 revelatione
3409 2679 3478 2732 ab
3507 2679 3598 2735 illo
3622 2679 3718 2735 ﬁat
3741 2695 3850 2736 cer—

2281 2770 2366 2816 tus
2389 2803 2403 2828 ,
2430 2765 2520 2833 qui
2549 2763 2614 2818 de
2643 2764 2742 2819 hac
2767 2780 2826 2820 re
2863 2765 3008 2835 justo
3036 2767 3324 2838 latentique
3361 2768 3561 2837 judicio
3599 2785 3710 2824 non
3738 2785 3846 2824 oma

2280 2869 2378 2910 nes
2407 2856 2639 2921 instruit,
2659 2857 2753 2912 sed
2781 2859 3045 2913 neminem
3073 2858 3729 2932 fallit?Quantum‘itaque
3743 2878 3851 2932 per-

2281 2945 2414 3000 tinet
2441 2946 2506 3000 ad
2534 2946 2940 3005 delectationem
2985 2952 3261 3019 przesentis
3303 2952 3426 3006 boni
3452 2993 3468 3019 ,
3513 2953 3722 3010 beatior
3746 2963 3852 3010 erat

2280 3035 2481 3106 primus
2506 3036 2666 3093 homo
2695 3039 2749 3092 in
2773 3038 3037 3119 paradiso,
3057 3055 3214 3111 quam
3243 3033 3464 3112 quilibet
3479 3041 3659 3112 justus
3683 3045 3732 3099 in
3756 3044 3848 3100 hac

2281 3127 2585 3183 inﬁrmitate
2609 3130 2818 3184 mortali
2851 3147 2864 3183 :
2896 3142 3149 3201 quantum
3178 3142 3356 3187 autem
3382 3133 3449 3188 ad
3473 3149 3625 3204 spem
3656 3128 3846 3204 futuri,

2278 3218 2486 3275 beatior
2511 3215 2730 3290 quilibet
2773 3221 2824 3277 in
2867 3223 3190 3292 quibuslibet
3216 3226 3533 3281 cruciatibus
3579 3231 3847 3299 corporis,

2279 3313 2362 3366 cui
2391 3326 2496 3367 non
2523 3312 2771 3384 opinione
2794 3355 2809 3379 ,
2842 3317 2934 3370 sed
2955 3326 3098 3372 certa
3120 3319 3342 3374 veritate
3373 3316 3711 3378 manifestum
3737 3333 3814 3380 est
3832 3364 3848 3391 ,

2279 3403 2394 3457 sine
2423 3402 2528 3460 ﬁne
2555 3420 2614 3461 se
2643 3394 2957 3464 habiturum
2986 3410 3130 3466 omni
3159 3398 3401 3466 molestia
3446 3422 3720 3470 carentem
3763 3429 3848 3470 so-

2279 3496 2524 3553 cietatem
2566 3497 2890 3570 Angelorum
2925 3489 2993 3557 bin
3043 3503 3444 3573 participatione
3485 3507 3682 3562 summi
3726 3507 3847 3571 Dei,

2279 3604 2436 3660 quam
2467 3599 2580 3646 erat
2605 3591 2695 3647 ille
2720 3593 2881 3648 homo
2906 3594 2988 3650 sui
3015 3608 3170 3652 casus
3197 3596 3431 3652 incertus
3469 3598 3522 3652 in
3550 3613 3738 3670 magna
3767 3598 3852 3653 illa

2279 3678 2526 3737 felicitate
2553 3681 2785 3752 paradisi
2820 3682 2920 3755 (ά).

2279 3792 2502 3849 CAPUT
2519 3793 2654 3850 Xlll.
2673 3825 2745 3837 -—
2758 3796 2838 3850 An
2853 3796 2924 3850 ita
2941 3797 3090 3853 unius
3111 3799 3362 3869 felicitatis
3379 3816 3548 3855 omnes
3562 3799 3744 3872 Angeli
3761 3801 3853 3856 sint

2349 3888 2524 3953 creati,
2542 3897 2596 3943 ut
2612 3904 2770 3958 neque
2786 3889 3017 3960 lapsuros
3032 3908 3084 3946 se
3102 3902 3299 3962 possent
3315 3909 3461 3947 nosse
3473 3895 3558 3962 qui
3574 3894 3708 3964 lapsi
3721 3901 3851 3959 sunt,

2349 3986 2398 4032 et
2416 3990 2526 4048 post
2549 3979 2749 4034 ruinam
2773 3981 3044 4036 labentium
3072 3990 3448 4053 perseverantia:
3461 4000 3566 4040 suae
3589 3987 3852 4056 praescien-

2352 4068 2477 4122 tiam
2496 4072 2779 4141 acceperint
2799 4073 2886 4143 qui
2903 4079 3163 4127 steterunt.

2349 4183 2607 4251 Quocirca
2631 4185 2800 4241 cuivis
2819 4186 2926 4256 jam
2955 4201 3059 4242 non
3077 4185 3362 4243 difficulter
3377 4188 3612 4244 occurrit
3633 4198 3853 4260 utroque

2279 4274 2562 4345 conjuncto
2599 4275 2736 4331 efﬁci
2766 4275 3144 4332 beatitudinem
3171 4318 3185 4344 ,
3217 4293 3376 4348 quam
3399 4287 3546 4334 recto
3585 4280 3855 4350 proposito

2280 4366 2654 4422 intellectualis
2692 4376 2880 4422 natura
2921 4368 3226 4435 desiderat;
3255 4368 3358 4424 hoc
3383 4379 3465 4425 est
3487 4411 3502 4437 ,
3535 4379 3594 4425 ut
3621 4381 3677 4426 et
3719 4372 3854 4427 bono

2280 4458 2712 4525 incommutabili,
2738 4460 2878 4530 quod
2908 4461 3047 4517 Deus
3071 4470 3174 4529 est,
3196 4463 3312 4518 sine
3337 4462 3445 4517 ulla
3473 4464 3716 4519 molestia
3739 4479 3854 4533 per-

2279 4546 2484 4602 fruatur
2505 4589 2520 4614 ,
2549 4555 2603 4603 et
2631 4549 2682 4603 in
2708 4563 2774 4604 eo
2797 4565 2856 4604 se
2885 4551 2938 4604 in
2964 4559 3218 4605 mternum
3245 4566 3364 4607 esse
3389 4567 3694 4621 mansuram
3719 4595 3732 4615 .
3760 4568 3855 4608 nec

2280 4638 2388 4693 ulla
2416 4638 2746 4694 dubitatione
2770 4648 3052 4696 cunctetur
3071 4681 3088 4710 ,
3129 4657 3230 4698 nec
3265 4644 3372 4698 ullo
3401 4658 3584 4700 errore
3625 4645 3853 4700 fallatur.

2281 4729 2428 4785 Hanc
2457 4729 2652 4786 habere
2679 4731 2914 4802 Angelos
2941 4732 3073 4787 lucis
3116 4734 3200 4802 pia
3243 4733 3349 4790 ﬁde
3375 4734 3642 4790 credimus
3675 4751 3690 4788 :
3725 4723 3858 4790 banc

2280 4837 2379 4879 nec
2405 4831 2690 4894 antequam
2733 4823 3024 4894 caderent,
3058 4824 3305 4882 habuisse
3347 4828 3564 4899 angelos
3609 4837 3856 4900 peccato-

2346 5007 2364 5040 ι
2396 5005 2780 5072 Editionestres,
2804 5006 2938 5057 Vind.
2961 5017 3062 5058 Am.
3083 5014 3136 5058 et
3164 5014 3238 5072 Er.
3267 5021 3281 5057 :
3302 5017 3400 5072 Nec
3421 5007 3546 5072 ipsos
3576 5009 3712 5072 enim
3751 5009 3860 5072 huic

2281 5071 2426 5133 tanta:
2447 5067 2728 5133 beatitudini
2748 5077 3062 5133 comparatos,
3081 5071 3208 5133 quod
3225 5069 3387 5120 attinet
3409 5067 3474 5120 ad
3491 5069 3776 5122 rationalem
3793 5070 3862 5121 uel

2281 5127 2644 5196 intellectualem
2685 5127 2959 5196 creaturam
2976 5165 2990 5189 ,
3031 5127 3188 5182 beatos
3225 5133 3567 5195 nuncupandos
3609 5140 3854 5196 putamus.

2282 5190 2569 5239 Emendandi
2588 5197 2702 5241 sunt
2721 5190 2780 5239 ad
2803 5197 2908 5240 Lov.
2936 5204 2988 5240 et
3011 5200 3115 5242 Mss.

2345 5254 2366 5314 ξ
2399 5251 2550 5314 βοειιὶ
2572 5264 2758 5314 omnes,
2784 5252 2997 5314 quamvis
3013 5266 3100 5303 sua
3122 5246 3376 5302 beatitudo.
3443 5261 3500 5303 Μ.

2345 5311 2418 5372 (a)
2442 5311 3041 5377 Beatitudinem'definiere
3065 5321 3281 5377 veteres,
3319 5321 3494 5363 statum
3518 5313 3792 5377 perfectum
3819 5323 3865 5364 et

2282 5374 2500 5437 numeris
2521 5375 2744 5437 omnibus
2779 5374 3329 5437 bonorumrabsolutum,
3353 5377 3435 5437 qui
3459 5374 3692 5437 ita—solum
3716 5384 3866 5425 Deum

2283 5433 2474 5498 videtur
2496 5434 2694 5498 cadere,
2713 5435 2852 5494 cujus
2873 5436 3235 5498 participatione
3254 5444 3306 5486 et
3337 5433 3504 5498 angeli
3522 5438 3656 5485 beati
3675 5446 3794 5487 sunt
3815 5442 3866 5486 et

2282 5491 2506 5543 homines
2525 5491 2693 5544 sancti;
2725 5491 2835 5544 uio.
2861 5491 3015 5546 vim,

2345 5552 2421 5656 φὶ
2444 5557 2548 5629 vid.
2569 5555 2656 5628 lib.
2679 5555 2744 5605 de
2765 5559 3080 5619 correptione
3093 5563 3154 5629 ,ει
3173 5559 3346 5615 Gratia,
3375 5571 3423 5606 ιι.
3447 5556 3525 5634 26,
3546 5564 3668 5606 tom.
3695 5556 3775 5609 10.

2368 5626 2396 5656 c
2443 5617 2545 5656 \‘Id-
2563 5615 2648 5656 lth-
2672 5617 2721 5656 Η
2751 5617 2817 5656 de
2837 5624 2952 5656 non-
2978 5618 3035 5656 ad
3060 5625 3181 5656 ιιιιμ
3211 5633 3274 5656 nn
3318 5617 3395 5656 αι-
3414 5617 3491 5656 2m-

2368 5615 2418 5679 ο)
2443 5615 2649 5679 vid._lib.
2672 5617 2725 5666 11
2751 5617 2817 5679 de
2837 5615 2954 5667 Gen.
2978 5618 3038 5667 ad
3060 5619 3184 5677 Litt.,
3211 5633 3293 5668 nn.
3318 5617 3397 5679 24,
3414 5617 3493 5670 25.

2351 5662 2429 5740 id)
2445 5662 2784 5740 cantasset;
2793 5662 2952 5729 115903
2966 5662 3038 5729 δέ
3051 5662 3184 5730 ὗε)Βὸ
3203 5662 3397 5730 rasa:
3416 5662 3562 5730 etde
3573 5679 3784 5742 Corrept
3820 5679 3869 5726 et

2203 5797 2208 5801 ο
2287 5743 2414 5788 crat.
