4064 6486
422 411 529 470 351

427 533 484 592 in
499 530 600 584 hac
619 539 777 598 paena
790 519 1200 597 postpeccatu'm
1218 513 1516 571 ordinatum
1545 511 1640 584 (ιι).
1659 509 1867 565 Initium
1885 521 2014 577 ergo

429 625 546 696 ejus
567 622 874 694 ﬁgmentum
901 624 984 672 est
1009 610 1257 668 Domini:
1281 623 1389 664 non
1415 607 1558 663 enim
1583 613 1666 660 est
1695 603 1799 657 ulla
1826 609 2013 656 natura

429 695 592 775 etiam
619 717 671 770 in
700 711 951 770 extremis
977 706 1280 776 inﬁmisque
1307 700 1570 767 bestiolis,
1605 703 1762 770 quam
1788 709 1897 755 non
1925 695 2017 751 ille

425 809 744 874 constituit,
774 823 804 862 a
832 819 939 877 quo
981 812 1062 857 est
1090 799 1265 857 omnis
1285 795 1482 852 modus
1502 821 1521 861 η,
1553 793 1728 848 omnis
1769 791 1974 860 species
1998 829 2013 855 ,

425 905 605 964 omnis
631 901 788 968 ordo,
803 900 920 956 sine
936 897 1128 968 quibus
1154 891 1289 949 nihil
1311 903 1491 947 rerum
1523 877 1749 942 inveniri
1765 883 1846 938 vel
1873 881 2017 952 cogi-

427 1000 530 1056 tari
577 1005 756 1069 potest
787 1011 802 1050 :
834 1000 1033 1065 quanto
1077 987 1248 1058 magis
1296 983 1534 1054 angelica
1581 987 1827 1036 creatura
1850 1019 1865 1044 ,
1898 989 2017 1045 quze

427 1091 610 1149 omnia
653 1096 846 1146 cratera
875 1100 995 1157 qua:
1024 1083 1168 1139 Deus
1207 1077 1484 1143 condidit,
1517 1081 1722 1130 natura:
1765 1069 2017 1141 dignitate

427 1182 724 1258 praecedit?

426 1296 658 1356 CAPUT
697 1292 840 1350 XVI.
863 1320 934 1332 —-
961 1288 1042 1344 De
1069 1285 1312 1360 gradibus
1351 1289 1398 1337 et
1422 1276 1722 1347 differentiis
1759 1282 2017 1328 creatura-

501 1408 638 1456 rum,
667 1388 804 1462 quod
831 1385 978 1440 aliter
1006 1381 1180 1439 vendit
1208 1379 1226 1411 ί
1269 1393 1391 1433 usus
1427 1373 1681 1440 utilitatis,
1715 1369 1865 1424 aliter
1891 1368 2018 1421 ordo

468 1483 473 1487 ’
503 1485 737 1540 rationis.

504 1598 562 1653 In
590 1596 675 1652 his
699 1594 840 1650 enim
871 1605 991 1662 quin
1019 1600 1234 1659 quoquo
1274 1581 1436 1638 modo
1465 1587 1611 1644 sunt,
1657 1586 1712 1634 et
1750 1590 1856 1632 non
1895 1579 2021 1629 sunt

431 1689 578 1762 quod
599 1689 738 1744 Deus
764 1693 846 1741 est
873 1699 903 1738 a
929 1694 1036 1753 quo
1071 1678 1214 1734 facta
1241 1682 1388 1740 sunt,
1419 1678 1805 1744 prarponuntur
1833 1667 2020 1723 viven-

432 1757 506 1841 tia
532 1795 640 1838 non
666 1776 1004 1839 viventibus;
1027 1773 1167 1827 sicut
1192 1782 1396 1838 ea'quae
1420 1765 1618 1820 habent
1639 1764 1746 1818 vim
1772 1757 2020 1831 gignendi

431 1876 516 1932 vel
545 1877 703 1931 etiam
742 1865 1048 1940 appetendi,
1079 1863 1164 1919 his
1189 1866 1310 1933 qum
1336 1861 1439 1915 isto
1467 1865 1614 1913 metu
1646 1863 1847 1911 carent.
1871 1852 2021 1908 'Etin

433 1969 518 2026 his
541 1983 660 2038 quae
684 1966 889 2028 vivunt,
925 1964 1313 2031 praeponuntur
1338 1950 1621 2009 sentientia
1643 1961 1755 2004 non
1789 1947 2021 2004 sentien-

430 2063 600 2129 tibus,
631 2062 770 2115 sicut
793 2055 1076 2112 arboribus
1116 2049 1388 2106 animalia.
1420 2044 1490 2100 Et
1518 2045 1572 2099 in
1618 2043 1701 2098 his
1734 2053 1852 2113 quae
1889 2053 2018 2096 sen-

432 2157 593 2220 tiunt,
638 2155 1020 2222 prteponuntur
1049 2141 1398 2212 intelligentia
1443 2151 1550 2193 non
1577 2132 2014 2203 intelligentibus,

433 2541 612 2588 autem
655 2527 794 2591 alius
823 2531 982 2592 atque
1010 2518 1147 2574 alius
1167 2519 1275 2585 pro
1313 2525 1413 2566 suo
1448 2508 1706 2578 cujusque
1739 2520 1839 2560 usu
1882 2502 2024 2557 aesti-

433 2623 688 2681 mationis
726 2616 939 2681 modus,
972 2625 1078 2682 quo
1107 2610 1166 2664 ﬁt
1205 2616 1267 2661 ut
1307 2601 1550 2675 quaedam
1581 2613 1738 2654 sensu
1788 2595 2022 2651 carentia

434 2713 756 2788 quibusdam
786 2704 1137 2765 sentientibus
1163 2709 1558 2771 praeponamus,
1590 2691 1644 2746 in
1673 2686 1874 2744 tantum
1904 2696 1958 2742 ut
1978 2686 2021 2740 si

435 2777 674 2884 potestas
717 2812 879 2866 esset,
911 2813 976 2856 ea
1003 2801 1236 2868 'prorsus
1276 2792 1346 2847 de
1374 2798 1562 2844 natura
1592 2794 1774 2841 rerum
1814 2777 2024 2836 auferre

433 2879 717 2967 vellemus,
750 2899 864 2953 sive
889 2907 1048 2966 quem
1076 2891 1132 2946 in
1158 2903 1219 2944 ea
1240 2887 1417 2942 locum
1444 2882 1676 2937 habeant
1695 2879 2020 2950 ignorantes,

437 2998 552 3055 sive
577 2990 784 3050 etiamsi
825 2988 1076 3051 sciamus,
1124 2980 1325 3038 nostris
1361 2993 1422 3033 ca
1466 2973 1762 3031 commodis
1804 2977 2023 3041 postpo-

435 3097 645 3146 nentes.
676 3084 806 3151 Quis
826 3078 970 3136 enim
994 3091 1104 3132 non
1123 3073 1271 3130 domi
1295 3085 1406 3126 suae
1427 3083 1618 3140 panem
1645 3065 1842 3120 habere
1864 3074 2023 3131 quam

437 3196 644 3245 mures,
675 3187 922 3233 nummos
957 3185 1118 3242 quam
1150 3168 1350 3238 pulices
1385 3161 1570 3218 malit?
1611 3159 1716 3216 Sed
1752 3155 1879 3227 quid
1921 3157 2024 3208 mi-

435 3289 579 3338 rum,
603 3286 724 3327 cum
754 3268 990 3338 ipsorum
1012 3263 1173 3318 etiam
1203 3258 1477 3313 hominum
1504 3251 1878 3317 mstimatione,
1897 3263 2026 3318 quo-

435 3383 557 3424 rum
606 3372 755 3421 certe
801 3369 989 3414 natura
1046 3341 1206 3410 tantae
1251 3359 1334 3407 est
1376 3345 1669 3425 dignitatis,
1711 3344 2026 3414 plerumque

437 3459 617 3517 carius
641 3461 983 3524 comparetur
1009 3433 1179 3520 equus
1201 3431 1367 3522 quam
1393 3453 1603 3504 servus,
1631 3451 1838 3507 gemma
1867 3446 2028 3504 quam

437 3537 637 3609 famula
661 3549 685 3602 ?
719 3532 794 3602 Ita
822 3531 1070 3601 libertate
1093 3535 1366 3612 judicandi
1390 3534 1677 3605 plurimum
1703 3528 1868 3584 distat
1892 3527 2029 3582 ratio

438 3623 832 3705 considerantis
861 3656 892 3696 a
931 3616 1258 3707 necessitate
1285 3619 1604 3700 indigentis,
1634 3640 1730 3680 seu
1758 3622 2030 3692 voluptate

439 3739 730 3811 cupientis,
756 3748 876 3816 cum
905 3713 1006 3786 ista
1027 3728 1154 3809 quid
1181 3711 1280 3796 per
1315 3739 1374 3779 se
1416 3723 1590 3798 ipsum
1618 3719 1671 3800 in
1698 3729 2026 3785 rerumgra-

441 3805 597 3889 dibus
621 3813 837 3900 pendat,
863 3805 1163 3900 necesSitas
1190 3825 1366 3898 autem
1395 3811 1521 3884 quid
1550 3817 1767 3898 propter
1795 3805 1917 3877 quid
1939 3819 2033 3860 ex-

440 3890 918 3999 petam-cogite“;
961 3895 1017 3970 et
1061 3897 1161 3966 ista
1189 3907 1315 3999 quid
1343 3893 1536 3992 verum
1568 3890 1671 3957 luci
1703 3898 1898 3955 mentis
1933 3911 2030 3968 ap-

440 3988 651 4091 pareat,
678 3988 924 4094 voluptas
953 4019 1081 4087 vero
1111 3989 1237 4085 quid
1259 3988 1566 4079 jucundum
1593 3993 1836 4066 corporis
1862 3988 2034 4045 sensi-

442 4085 547 4169 bus
578 4085 899 4168 blandiatur,
929 4085 1238 4168 exquirat”.
1271 4090 1376 4147 Sed
1400 4097 1603 4144 tantum
1633 4086 1772 4140 valet.
1801 4085 1853 4138 in
1881 4091 2034 4138 natu-

443 4167 522 4261 ris
547 4167 895 4258 rationalibus
919 4167 1187 4262 quoddam
1226 4169 1392 4240 veluti
1427 4180 1634 4252 pondus
1668 4176 1955 4231 voluntatis
1980 4167 2035 4229 et

444 4293 668 4359 amoris,
702 4297 760 4344 ut
788 4301 908 4340 cum
937 4265 1359 4356 ordinenaturte
1388 4270 1576 4343 Angeli
1603 4267 1928 4334 hominibus,
1952 4275 2034 4320 ta-

451 4401 577 4443 men
599 4357 722 4454 lege
743 4377 963 4451 justitiae
981 4359 1115 4430 boni
1149 4369 1393 4425 homines
1423 4357 1580 4422 malis
1606 4361 1812 4433 angelis
1846 4357 2037 4432 pracfe-

448 4487 657 4536 rantur.

447 4533 677 4627 ilAPUT
716 4541 879 4620 IX'V'II.
911 4589 983 4601 —
1029 4555 1214 4613 Vitium
1251 4550 1462 4608 malitiae
1495 4566 1597 4604 non
1637 4533 1872 4602 naturam
1911 4560 2034 4608 esse,

527 4661 614 4717 sed
636 4667 810 4714 contra
835 4663 1092 4717 naturam,
1115 4639 1198 4703 cui
1225 4633 1294 4701 ad
1321 4642 1628 4716 peccandum
1657 4656 1759 4694 non
1795 4636 2039 4694 Conditor

524 4770 679 4811 causa
705 4762 796 4816 est,
821 4748 908 4804 sed
933 4746 1186 4800 voluntas.

524 4847 752 4918 Propter
777 4847 1022 4897 naturam
1057 4836 1236 4910 igitur,
1270 4846 1374 4887 non
1404 4837 1622 4902 propter
1646 4826 1901 4882 malitiam
1928 4824 2043 4880 dia-

451 4941 586 5008 boii,
615 4939 815 4994 dictum
844 4940 992 5008 recte
1020 4926 1406 5007 intelligimust
1435 4922 1546 4976 Hoc
1587 4929 1656 4974 est
1701 4919 1902 4973 initium
1942 4918 2042 4988 [ig-

454 4999 608 5088 menti
632 5027 836 5084 Domini
856 5005 976 5100 (Job
1000 5037 1087 5088 xc,
1115 5019 1204 5100 14,
1223 5033 1323 5072 sec.
1350 4999 1511 5085 LXX)
1542 5030 1555 5066 :
1589 5011 1710 5083 quia
1731 5009 1848 5067 sine
1883 5007 2044 5062 dubio

454 5107 548 5182 ubi
599 5131 742 5180 esset
793 5120 977 5175 vitium
1031 5113 1269 5188 malitiae,
1311 5118 1498 5166 natura
1528 5121 1633 5184 non
1678 5105 1860 5159 vitiata
1903 5117 2043 5173 prte—

457 5216 641 5272 eessit.
697 5195 895 5268 Vitium
947 5215 1122 5264 autem
1186 5202 1255 5280 ita
1297 5209 1497 5280 contra
1546 5205 1789 5254 naturam
1839 5200 1941 5260 est,
1989 5201 2047 5247 ut

459 5291 569 5364 non
619 5303 788 5374 possit
835 5301 933 5356 nisi
987 5281 1187 5354 nocere
1227 5277 1458 5350 naturae.
1513 5289 1630 5345 Non
1677 5290 1854 5358 itaque
1904 5295 2046 5343 esset

457 5398 649 5453 vitium
706 5392 954 5451 recedere
1001 5407 1030 5446 a
1091 5379 1250 5456 Deo,
1309 5385 1410 5441 nisi
1464 5391 1668 5437 naturae
1701 5422 1745 5462 ,Ι
1783 5379 1935 5448 eujus
1995 5377 2045 5431 id

455 5491 649 5547 vitium
693 5496 796 5554 εει,
831 5473 1014 5558 potius
1049 5467 1385 5553 competeret
1417 5465 1549 5532 “esse
1595 5463 1714 5530 cum
1744 5473 1873 5558 Deo.
1903 5471 2047 5540 Qua-

458 5585 682 5657 propter
733 5578 890 5634 etiam
939 5551 1191 5631 voluntas
1236 5572 1376 5629 mala
1421 5561 1627 5642 grande
1683 5551 2048 5621 testimonium

528 5701 546 5733 ί
579 5687 715 5756 ln'B.,
737 5695 927 5760 pendet.
944 5681 1109 5754 Morel,
1122 5690 1274 5742 talem.
1285 5691 1418 5751 Crit,
1429 5703 1478 5752 p.
1502 5678 1608 5749 ΠΟ,
1623 5684 1856 5746 restituit,
1869 5681 2050 5746 pendit,

461 5762 515 5820 il
537 5771 630 5823 est,
653 5761 870 5810 aestimat.
947 5763 1005 5823 lit.

528 5829 550 5860 ²
582 5818 734 5874 Nostri
755 5818 1091 5884 uss.,cogttat.
1147 5821 1203 5865 Μ.

531 5889 553 5922 ³
584 5886 737 5938 Nostri
762 5889 891 5945 Mss,
908 5885 1168 5945 exspectat.
1211 5885 1289 5945 ΔΜ.

527 5913 1370 6016 ξαδίἶιῖἶῖδιίῗδῗιαὲἓμξὲῗῖὶᾱῖἇιις
1393 5935 1482 5990 n'n.
1505 5935 1586 6003 29,
1608 5915 1690 6002 30,
1711 5913 1795 5998 351,
1811 5919 1902 5986 '33.

573 6119 611 6140 δ

1489 389 1582 452 DE
1617 378 1937 450 CIVITM'E
1957 376 2102 457 DEI,
2137 384 2203 443 'S.
2243 371 2610 442 AUGUSTINI

3604 365 3719 434 352

2127 511 2209 560 est
2234 505 2435 558 natum
2455 500 2633 555 honre.
2663 493 2767 551 Sed
2789 483 2934 550 Deus
2955 480 3093 549 sicut
3111 479 3420 548 naturamm
3445 487 3717 546 bomrum

2124 597 2358 668 Optimus
2391 601 2608 650 creator
2633 599 2736 655 est,
2777 589 2848 642 ita
2880 590 3137 642 malarum
3166 585 3495 639 voluntatum
3522 584 3717 654 justis-

2122 692 2290 748 simu's
2324 688 2639 751 ordinatur;
2681 694 2738 740 ut
2763 675 2891 739 ‘cum
2937 681 3076 738 male
3119 681 3480 739 iliteutuntur
3506 679 3718 734 naturis

2122 787 2300 852 bonis,
2331 786 2444 855 ipSe
2471 784 2607 839 bene
2636 788 2814 835 utatur
2840 777 3001 834 etiam
3027 775 3391 832 voluntatibus
3405 771 3590 828 'malis.
3611 769 3707 827 Ita-

2127 895 2234 950 que
2265 878 2392 934 fecit
2412 887 2469 931 ut
2497 874 2747 930 diabolus
2766 869 3107 927 ’ins’titntiOne
3123 868 3271 924 illius
3305 867 3497 934 bonus,
3523 862 3715 936 volun-

2126 981 2234 1028 tate
2263 987 2359 1028 sua
2386 971 2578 1036 mal-Is,
2612 969 2663 1023 in
2705 965 3048 1022 inferioribus
3078 962 3355 1019 ordinatus
3399 961 3711 1016 illudcrctut

2123 1064 2192 1122 ab
2234 1063 2450 1136 Angelis
2497 1061 2637 1133 ejus,
2679 1059 2730 1115 id
2775 1067 2878 1127 est,
2909 1069 2969 1113 ut
2995 1057 3206 1128 prosint
3245 1055 3570 1112 tentationes
3600 1051 3718 1123 ejus

2125 1159 2345 1224 sanctis,
2362 1156 2556 1228 quibus
2578 1170 2668 1211 eas
2686 1154 2878 1210 obesse
2901 1145 3190 1207 desiderat.
3212 1147 3281 1205 Et
3300 1147 3547 1219 quoniam
3573 1145 3721 1201 Deus

2125 1267 2246 1307 cum
2272 1265 2394 1306 eum
2424 1249 2704 1314 conderet,
2736 1244 2930 1308 futura:
2956 1243 3303 1313 malignitatis
3332 1241 3447 1311 ejus
3474 1254 3581 1295 non
3603 1247 3724 1294 erat

2125 1346 2309 1415 utique
2336 1343 2573 1414 ignarus,
2604 1347 2657 1394 e‘t
2677 1337 3006 1409 praevidebat
3027 1351 3145 1406 qua:
3169 1335 3308 1390 bona
3331 1333 3398 1388 de
3423 1331 3581 1388 malis
3600 1331 3724 1400 ejus

2125 1446 2269 1491 esset
2315 1436 2427 1505 ipse
2471 1429 2752 1487 facturus:
2787 1438 3072 1500 prepterea
3115 1426 3358 1482 Psalmus
3401 1424 3494 1488 ait,
3546 1421 3723 1476 Draco

2126 1528 2228 1594 hic,
2255 1544 2403 1600 quem
2432 1527 2626 1598 ﬁnxisti
2649 1526 2716 1579 ad
2733 1517 3060 1579 ‘illndendnm
3089 1521 3133 1575 ei
3174 1518 3348 1591 (Psal.
3367 1527 3485 1584 'cut,
3511 1505 3628 1600 96)ἶ
3661 1525 3726 1573 ut

2125 1623 2180 1679 in
2211 1597 2277 1678 eo
2297 1622 2413 1692 ipso
2434 1597 2586 1690 quod
2615 1633 2736 1672 eum
2770 1610 2943 1682 tinxit,
2967 1613 3096 1670 licet
3123 1629 3219 1684 per
3245 1627 3394 1668 suam
3423 1597 3723 1667 bonitatem

2125 1713 2348 1780 bonum,
2388 1711 2495 1783 jam
2537 1725 2634 1780 per
2675 1723 2825 1763 suam
2855 1706 3247 1778 praescientiam
3279 1709 3608 1775 praeparasse
3633 1697 3723 1758 in-
3805 1740 3809 1743 -

2128 1805 2393 1875 telligatur
2421 1801 2690 1874 quomodo
2719 1799 2815 1856 illo
2844 1803 3081 1854 tueretur
3104 1806 3158 1852 et
3182 1797 3346 1851 malo.

2127 1897 2352 1955 CAPUT
2391 1896 2578 1952 XVIII.
2601 1926 2673 1937 ——
2702 1894 2778 1948 De
2807 1885 3188 1964 pulchritudine
3216 1881 3580 1956 universitatis,
3609 1903 3727 1960 quia

2199 2009 2288 2062 per
2317 1982 2685 2046 ordinationem
2715 1981 2813 2042 Dei
2842 1987 2993 2041 etiam
3017 1994 3093 2040 ea:
3120 1973 3493 2040 contrariorum
3527 1981 3587 2052 fit
3622 1998 3725 2051 op—

2200 2083 2444 2154 positione
2470 2081 2790 2152 luculentior.

2200 2175 2381 2246 Neque
2405 2176 2547 2230 enim
2577 2175 2718 2229 Deus
2748 2165 2941 2238 ullum,
2968 2165 3075 2227 non
3104 2168 3227 2225 dico
3250 2159 3602 2241 Angelorum,
3625 2166 3724 2223 sed

2083 2267 2214 2330 ,vel
2265 2268 2538 2321 hominum
2579 2257 2811 2332 crearet,
2859 2273 3015 2335 qdem
3060 2263 3263 2318 malum
3312 2261 3546 2316 futurum
3601 2273 3728 2316 esse

2128 2363 2450 2434 pnescisset,
2480 2362 2581 2415 nisi
2608 2361 2806 2431 pariter
2849 2367 3033 2414 nosset
3079 2356 3272 2429 quibus
3317 2359 3412 2412 eos
3455 2355 3728 2410 bonorum

2128 2458 2314 2512 usibus
2357 2456 2741 2523 commodaret,
2795 2464 2954 2526 atque
2997 2441 3069 2508 ita
3115 2451 3358 2507 ordinem
3404 2449 3728 2505 saeculorum

2130 2544 2378 2622 tanquam
2418 2539 2840 2624 ‘pulchcrrimtim
2892 2561 3108 2602 carmen
3162 2541 3238 2616 (ιι)
3293 2547 3358 2598 ex
3401 2539 3730 2613 quibusdam

2130 2641 2280 2716 quasi
2307 2627 2579 2699 antithetis
2617 2633 2947 2696 honestaret.
2989 2625 3432 2703 Antitheta'cnim
3465 2651 3582 2706 quae
3623 2651 3728 2704 ap~

2129 2743 2414 2812 pellantur,
2439 2742 2490 2795 in
2512 2737 2842 2795 ornamentis
2853 2734 3167 2791 elocutionis
3187 2742 3309 2788 sunt
3324 2728 3729 2796 decentissima,

2131 2851 2250 2906 quae
2277 2835 2439 2888 latine
2469 2825 2806 2903 appellantur
2831 2823 3074 2906 o'p‘posita
3099 2817 3143 2894 ί,
3182 2825 3269 2906 νϊνοι
3316 2823 3455 2894 quod
3499 2819 3732 2892 expres-

2131 2930 2243 2985 sius
2284 2929 2506 2992 dicitur,
2551 2925 2933 2997 contraposita.
2969 2915 3086 2978 Non
3125 2905 3207 2975 est
3241 2917 3384 2990 apud
3427 2933 3524 2972 nos
3561 2911 3733 2984 hujus

2131 3023 2376 3078 vocabuli
2408 3019 2759 3085 consuetudo,
2795 3034 2915 3074 cum
2944 3026 3119 3071 tamen
3152 3011 3355 3069 eisdem
3394 3003 3733 3066 ornamentis

2134 3115 2417 3170 locutionis
2459 3115 2618 3169 etiam
2667 3125 2846 3167 sermo
2889 3108 3087 3163 latinus
3131 3097 3330 3170 utatur,
3383 3103 3490 3158 imo
3525 3095 3733 3173 lingua:

2133 3203 2370 3265 omnium
2413 3207 2672 3279 gentium.
2707 3205 2798 3259 [Iis
2828 3202 3103 3259 antithetis
3135 3209 3187 3255 et
3223 3199 3421 3255 Paulus
3449 3191 3733 3267 apostolus

2135 3298 2186 3356 in
2208 3297 2450 3356 'sccuuda
2482 3297 2551 3353 ad
2585 3296 2892 3352 Corinthios
2913 3293 3177 3364 Epistola,
3217 3292 3369 3344 illum
3395 3283 3569 3344 locum
3601 3303 3735 3343 sua-

2133 3394 2271 3449 viter
2298 3390 2547 3461 eXplieat,
2580 3389 2668 3444 ubi
2691 3387 2849 3443 dicit:
2881 3385 2986 3440 Per
3014 3402 3156 3439 arma
3181 3382 3386 3448 iustitia
3410 3400 3440 3434 a
3468 3379 3656 3434 dextris
3681 3389 3733 3435 et

2134 3503 2168 3540 a
2193 3485 2429 3551 sinistris,
2456 3477 2552 3554 iper
2577 3482 2793 3554 gloriam
2822 3469 2869 3534 et
2913 3478 3297 3551 ignobilitatem,
3337 3475 3424 3546 per
3460 3464 3735 3543 infamiam

2135 3589 2183 3633 et
2209 3577 2392 3632 bonam
2417 3581 2605 3649 faniam
2630 3593 2648 3639 ;
2670 3583 2726 3628 ut
2746 3574 3052 3638 seductores,
3081 3580 3126 3624 et
3149 3585 3346 3623 veraces
3368 3586 3387 3635 ;
3409 3577 3459 3621 ut
3485 3567 3570 3637 qui
3588 3566 3734 3636 igno-

2136 3687 2328 3736 ramur,
2360 3679 2406 3723 et
2434 3667 2784 3739 cognoscinmr
2803 3683 2820 3731 ;
2866 3665 3008 3736 quasi
3036 3661 3322 3726 morientes,
3354 3669 3401 3713 et
3446 3649 3554 3712 erce
3596 3647 3732 3711 viui-

2137 3782 2284 3831 mus;
2315 3773 2366 3818 ut
2393 3761 2593 3817 coerciti
2617 3760 2658 3824 ³,
2689 3768 2732 3812 ct
2759 3775 2857 3811 non
2885 3755 3176 3824 morti/icati
3197 3770 3216 3818 ;
3247 3762 3300 3805 ut
3330 3747 3512 3814 tristes,
3533 3762 3738 3820 semper
3768 3808 3791 3820 ο

2137 3845 2305 3912 autem
2332 3851 2642 3928 gaudentes;
2673 3847 2798 3904 sicut
2842 3849 3004 3920 egeni,
3048 3846 3233 3899 multos
3280 3833 3444 3897 autem
3473 3829 3689 3895 ditantes
3715 3857 3738 3908 ;

2139 3945 2377 4024 tanquam
2419 3949 2545 4002 nihil
2589 3947 2843 4010 habentes,
2890 3951 2935 3996 et
2979 3940 3148 3995 omnia
3191 3927 3583 4007 possidentesm
3609 3933 3736 3989 Cor.

2141 4062 2217 4111 vI,
2242 4023 2430 4114 νἾ-ΊΟ.)
2456 4039 2604 4096 Sicut
2625 4053 2753 4108 ergo
2771 4038 2870 4090 ista
2895 4033 3159 4090 contraria
3185 4023 3466 4086 contrariis
3488 4027 3740 4097 opposita

2140 4133 2401 4196 sermonis
2427 4127 2878 4206 pulchritudinem
2919 4117 3183 4190 reddu'nt;
3217 4123 3290 4176 ita
3328 4119 3578 4192 quadam,
3625 4133 3739 4173 non

2139 4233 2447 4296 verborum,
2479 4227 2572 4283 sed
2603 4240 2781 4281 rerum
2804 4219 3109 4291 eloquentia
3144 4202 3528 4271 contrariorum
3560 4209 3739 4282 oppo-

2141 4326 2334 4380 sitione
2348 4307 2526 4376 Sicculi
2545 4299 2883 4389 pulchritudo
2901 4301 3614 4381 compenittirApertissiiue
3627 4295 3743 4361 hoc

2141 4406 2378 4493 positum
2406 4426 2489 4472 est
2517 4416 2568 4470 iu
2597 4414 2734 4468 libro
2762 4403 3158 4473 Eeelesiastieo,
3188 4392 3289 4460 hoc
3323 4403 3519 4458 modo:
3546 4396 3744 4455 Contra

2142 4516 2333 4570 malum
2356 4515 2538 4567 bonum
2559 4517 2650 4574 est,
2669 4516 2715 4561 et
2740 4514 2915 4559 contra
2933 4511 3142 4556 mortem
3161 4501 3293 4553 vita:
3314 4497 3384 4551 sic
3402 4505 3574 4568 ωηεν-(ι
3595 4491 3746 4565 pium

2145 4617 2394 4683 peccator.
2419 4595 2487 4659 Et
2513 4602 2584 4658 sic
2608 4591 2801 4655 intuere
2821 4597 2873 4649 in
2897 4595 3067 4678 omnia
3092 4607 3246 4662 opera
3267 4587 3531 4652 Altissinti,
3555 4585 3671 4639 bina
3693 4593 3745 4638 et

2145 4697 2282 4766 bina,
2315 4689 2471 4752 unum
2502 4702 2676 4748 contra
2695 4705 2854 4744 unum
2879 4672 3071 4760 (Ereti.
3094 4672 3282 4749 kxxm,
3313 4679 3427 4748 15.)

2145 4791 2370 4851 CAPUT
2408 4783 2552 4844 XIX.
2579 4815 2650 4830 ——
2668 4767 2810 4849 Quid
2836 4777 3148 4834 sentiendum
3189 4772 3416 4829 videatur
3443 4769 3505 4823 de
3525 4785 3580 4824 eo
3605 4767 3748 4839 quod

2216 4877 2460 4956 scriptum
2481 4888 2574 4944 est,
2601 4873 2788 4931 Divisit
2814 4861 2957 4927 Deus
2986 4861 3124 4924 inter
3149 4866 3325 4923 lucem
3348 4872 3400 4919 et
3425 4860 3698 4918 tenebras.

2210 4947 2472 5046 Quamvis
2516 4972 2692 5038 itaque
2738 4963 2901 5019 divini
2922 4957 3194 5016 sermonis
3239 4947 3537 5012 obscuritas
3575 4951 3744 5006 etiam

2148 5069 2216 5126 ad
2230 5038 2350 5120 inec
2376 5063 2445 5118 sit
2474 5059 2640 5126 utilis,
2673 5054 2816 5129 quod
2844 5053 3024 5125 plures
3050 5043 3345 5107 sententias
3380 5038 3621 5100 veritatis
3643 5056 3746 5112 pa—

2149 5149 2221 5217 rit
2240 5168 2294 5215 ct
2321 5158 2371 5212 in
2412 5155 2585 5208 lucem
2616 5149 2817 5205 notitia:
2855 5143 3123 5216 producit,
3165 5141 3290 5196 dum
3323 5133 3458 5193 alius
3487 5150 3606 5191 cum
3639 5132 3746 5200 sic,

2153 5243 2289 5310 alius
2318 5251 2395 5305 sic
2416 5240 2695 5317 intelligit;
2723 5241 2794 5298 ita
2819 5235 3001 5297 tamen
3025 5247 3084 5293 ut
3111 5236 3254 5308 quod
3284 5223 3338 5290 in
3376 5234 3604 5288 obscuro
3623 5229 3751 5286 loco

2153 5345 2485 5416 intelligitur,
2512 5340 2596 5396 vel
2618 5335 2962 5394 attestatione
2996 5345 3176 5389 rerum
3213 5326 3634 5387 manifestarium,
3660 5323 3751 5376 vel

2154 5421 2273 5496 aliis
2302 5414 2433 5492 locis
2458 5427 2676 5490 minime
2714 5428 2890 5486 dubiis
2916 5433 3229 5489 asseratur;
3261 5423 3375 5476 sive
3415 5417 3537 5475 eum
3579 5414 3753 5488 multa

2156 5527 2472 5593 tractantur,
2501 5525 2567 5580 ad
2593 5524 2646 5580 id
2670 5535 2883 5594 quoque
2903 5515 3271 5591 perveniatur,
3296 5509 3439 5584 quod
3467 5501 3636 5565 sensit
3657 5506 3755 5561 ille

2155 5625 2245 5700 qui
2275 5621 2515 5694 scripsit;
2547 5619 2656 5674 sive
2691 5593 2748 5671 id
2775 5607 2986 5685 quidem
3022 5611 3205 5674 lateat,
3247 5603 3342 5662 sed
3367 5619 3433 5660 ex
3460 5593 3748 5658 occasione

2220 5741 2241 5775 ί
2273 5737 2442 5790 Plures
2462 5747 2561 5785 non
2591 5730 2851 5781 deterioris
2869 5735 3000 5778 nota:
3021 5730 3150 5785 Mss.,
3186 5732 3297 5786 qua:
3332 5717 3478 5771 latine
3510 5723 3562 5767 ut
3585 5713 3760 5784 appel-

2158 5799 2855 5874 W’i'_9pl?95i‘q:__u.l.gu
2883 5843 3040 5874 ψει...
3081 5841 3208 5874 ..νμι
3264 5835 3308 5874 11'

2162 5833 2858 5979 Ic"(213:5s‘iiiitnl’io'e‘o'mparatia'ne
2883 5843 3040 5903 utitur
3080 5841 3226 5914 epist.
3264 5835 3374 5908 138,
3413 5856 3465 5894 ιι.
3489 5843 3540 5905 Β,
3565 5847 3620 5893 et
3641 5833 3762 5906 168,

2162 5942 2217 5982 ιι.
2321 5961 2334 5976 .
