4064 6500
274 375 378 437 353

276 501 565 554 tractauace
601 479 883 565 profunda:
928 481 1273 546 obscuritatis
1313 471 1416 543 alia
1456 485 1703 565 quzedam
1733 497 1858 542 vera

276 501 565 554 tractandas
601 499 883 565 profanare
928 499 1273 546 Obscuritatis
1313 499 1416 543 alia
1471 499 1703 542 .nredam
1733 499 1858 542 vera

275 590 552 644 dicantur:
587 601 693 641 non
724 584 852 641 milii
877 583 1088 638 videtur
1117 581 1185 637 ab
1213 499 1578 652 operibtiquei
1606 565 1858 633 absurda"

274 671 562 742 sententia,
614 677 658 732 si
706 693 828 731 eum
877 669 962 730 lu’x
1003 673 1095 730 illa
1137 675 1307 745 prima
1340 672 1474 727 facta
1518 665 1620 735 es't,
1670 657 1860 740 Angeli

273 773 436 828 creati
475 767 872 841 intelliguntur,
901 779 954 825 et
996 770 1134 824 inter
1159 768 1373 822 sanctos
1402 767 1633 836 Angelos
1680 773 1729 820 e’t
1763 766 1861 819 im-

275 863 497 918 mundos
534 863 710 919 misse
755 857 1066 926 discretum,
1115 859 1203 915 tibi
1230 860 1428 914 dictum
1467 869 1569 925 est,
1604 857 1667 912 Et
1695 857 1861 911 divisit

273 953 408 1009 Deus
437 956 569 1008 inter
615 956 778 1009 lucem
809 965 853 1008 et
894 953 1158 1018 tenebras;
1204 962 1250 1006 et
1286 949 1477 1006 vocavit
1524 949 1660 1004 Dens
1703 945 1861 1004 lucem

273 1049 424 1113 diem,
452 1058 500 1100 et
523 1045 759 1100 tenebras
785 1043 979 1100 vocavit
1006 1041 1221 1098 noctem.
1247 1037 1407 1098 Solus
1427 1036 1622 1113 quippe
1650 1035 1738 1096 ille
1761 1030 1860 1096 ista

272 1139 583 1193 discernere
623 1135 818 1208 potuit,
843 1137 937 1206 'qui
967 1136 1139 1206 potuit
1174 1135 1334 1190 etiam
1363 1133 1671 1204 priusQuam
1699 1131 1859 1187 eade-

271 1239 391 1287 rent
419 1225 678 1300 prmse‘i‘r'e
707 1231 944 1292 casuros,
976 1236 1029 1282 et
1049 1227 1252 1282 lumine
1283 1227 1515 1295 privatos
1548 1225 1786 1280 veritatis
1807 1221 1858 1279 in

273 1322 555 1377 tenebrosa
587 1317 837 1390 superbia
861 1319 1228 1373 remansuros.
1252 1311 1381 1371 Nam
1413 1312 1553 1371 inter
1579 1316 1736 1370 ismm
1763 1329 1862 1369 no-

271 1415 350 1468 bis
376 1407 718 1468 notissimum
757 1409 896 1465 diem
947 1419 1000 1465 et
1027 1418 1264 1476 noctem,
1307 1401 1364 1463 id
1413 1411 1500 1462 est
1537 1408 1677 1463 inter
1725 1401 1863 1462 hanc

271 1504 445 1559 lucem
479 1512 533 1558 et
555 1501 658 1556 has
684 1501 959 1562 tenebras,
991 1499 1354 1570 vulgatissima
1385 1498 1630 1554 sensibus
1665 1499 1864 1554 nostris

271 1598 558 1652 luminaria
601 1597 728 1652 caeli
772 1605 831 1650 ut
858 1594 1177 1659 dividerent,
1209 1592 1519 1662 imperavit:
1557 1589 1730 1657 Fiant,
1777 1592 1863 1646 in-

269 1692 404 1762 quit,
453 1690 732 1745 luminaria
772 1689 826 1742 in
856 1688 1171 1757 ﬁrmamento
1213 1686 1345 1750 caeli,
1385 1695 1441 1739 ut
1471 1686 1668 1740 luceant
1709 1686 1864 1756 super

209 1782 211 1785 ’
273 1794 481 1850 terram,
511 1790 556 1835 et
577 1780 805 1834 dividant
825 1781 953 1833 inter
973 1779 1103 1832 diem
1123 1786 1169 1833 et
1189 1785 1404 1832 noctem.
1433 1778 1498 1832 Et
1526 1777 1688 1832 Paulo
1703 1785 1860 1847 post:

271 1876 337 1930 Et
365 1877 508 1948 fecit,
542 1875 734 1945 inquit,
774 1873 906 1930 Deus
932 1873 1034 1927 duo
1060 1872 1333 1926 luminaria
1363 1887 1588 1942 magna;
1619 1871 1864 1926 luminare

270 1973 437 2040 majus
464 1969 518 2022 in
543 1967 797 2044 principia
822 1967 835 1996 ¹
860 1965 980 2029 diei,
1005 1975 1051 2019 et
1073 1964 1322 2018 luminare
1350 1964 1516 2018 minus
1539 1965 1591 2017 in
1613 1963 1865 2035 principia

269 2066 466 2130 noctis;
514 2072 562 2118 et
591 2061 767 2117 stellas
792 2078 812 2115 :
852 2071 898 2115 et
937 2061 1100 2133 posuit
1137 2060 1264 2114 illa”
1291 2059 1429 2115 Deus
1452 2060 1504 2114 in
1548 2059 1864 2129 ﬁrmamento

270 2156 402 2222 tteli,
449 2157 618 2210 luem
656 2171 810 2228 super
837 2164 1041 2220 terram,
1085 2161 1132 2206 et
1163 2168 1376 2224 praesse
1403 2151 1503 2206 diei
1539 2161 1586 2204 et
1634 2151 1786 2216 nocti,
1819 2159 1865 2204 et

269 2248 494 2302 dividere
519 2248 647 2301 inter
675 2247 838 2318 lucem
863 2255 909 2298 et
930 2245 1155 2299 tenebras
1180 2243 1332 2316 (Gen.
1349 2259 1387 2312 ι,
1402 2244 1458 2307 4,
1471 2244 1525 2308 5,
1543 2243 1630 2310 M,
1649 2241 1862 2312 16-18).

271 2336 415 2393 Inter
430 2339 571 2392 illam
591 2353 720 2410 vero
735 2337 931 2404 lucem,
951 2351 1068 2406 quae
1090 2344 1272 2408 sancta
1290 2335 1518 2406 societas
1539 2332 1862 2404 Angelorum
1909 2341 1920 2350 ‘

271 2441 352 2488 est
380 2431 739 2500 illustratione
766 2421 1004 2483 veritatis
1034 2426 1437 2498 intelligibiliter
1472 2424 1702 2496 fulgens,
1733 2435 1786 2478 et
1816 2422 1865 2477 ei

269 2524 569 2579 contrarias
598 2521 866 2586 tenebras,
897 2521 948 2575 id
972 2531 1051 2575 est
1072 2520 1332 2574 malorum
1375 2517 1689 2588 angelorum
1713 2531 1864 2571 aver-

269 2631 452 2671 sorum
473 2631 505 2670 a
529 2616 646 2670 luce
667 2613 888 2684 iustitiae
909 2612 1212 2668 teterrimas
1240 2621 1468 2676 mentes,
1492 2603 1607 2681 ipse
1627 2609 1866 2671 dividere

268 2709 464 2779 potuit,
493 2708 578 2762 cui
606 2707 768 2762 etiam
793 2705 1050 2771 futurum,
1084 2719 1188 2759 non
1217 2713 1442 2770 naturae,
1466 2702 1559 2758 sed
1580 2699 1866 2757 voluntatis

267 2799 493 2863 malum,
526 2797 793 2852 occultum
824 2805 914 2849 aut
934 2795 1196 2850 incertum
1223 2809 1344 2850 esse
1372 2809 1476 2848 non
1505 2793 1694 2864 potuit.

266 2874 499 2946 CAPUT
539 2889 660 2944 XX.
691 2919 764 2928 —
792 2887 868 2942 De
893 2905 950 2942 eo
975 2888 1111 2959 quod
1130 2897 1242 2966 post
1270 2888 1618 2966 discretionem
1648 2884 1778 2939 lucis
1797 2893 1868 2938 at-

339 3001 438 3054 que
463 2983 778 3038 tenebrarum
795 2983 984 3036 dictant
1011 2990 1102 3048 est,
1127 2979 1195 3036 Et
1220 2979 1348 3035 vidit
1371 2980 1514 3035 Deus
1529 2981 1724 3047 lucem,
1744 2978 1864 3050 quia

338 3076 482 3130 bona
512 3083 611 3130 est.

341 3170 585 3246 Denique
606 3183 704 3224 nec
734 3167 859 3222 illud
887 3175 970 3238 est
1001 3165 1433 3237 prietereundum
1462 3166 1695 3230 silentio,
1725 3163 1865 3235 quod

269 3261 358 3317 ubi
390 3261 525 3315 dixit
550 3261 712 3325 Deus,
749 3259 868 3313 Fiat
895 3260 1004 3326 luat,
1057 3267 1102 3313 et
1143 3259 1281 3334 facta
1325 3269 1396 3311 est
1444 3257 1568 3322 lux;
1615 3257 1866 3311 continuo

267 3357 616 3425 subjuuctum
645 3364 745 3419 est,
784 3353 850 3408 Et
899 3354 1022 3408 vidit
1067 3351 1206 3406 Deus
1251 3351 1414 3405 lucem
1439 3351 1557 3421 quia
1600 3350 1729 3404 bona
1750 3358 1820 3404 est
1847 3365 1867 3404 :

268 3464 382 3506 non
451 3459 793 3520 posteaquam
827 3448 1121 3520 separavit
1177 3445 1318 3499 inter
1365 3444 1539 3499 lucem
1591 3451 1646 3497 et
1713 3451 1866 3498 tene-

265 3538 520 3606 'bras;et
569 3540 778 3594 vocavit
829 3538 999 3593 lucem
1075 3533 1216 3591 diem
1249 3577 1266 3603 ,
1334 3545 1388 3590 et
1461 3535 1712 3590 tenebras
1766 3549 1867 3588 no-

269 3645 417 3690 ctem
452 3675 468 3699 ,
511 3648 578 3689 ne
622 3633 780 3687 simul
810 3647 928 3686 cum
985 3631 1104 3686 luce
1157 3630 1317 3684 etiam
1381 3627 1579 3682 talibus
1634 3624 1868 3681 tenebris

271 3726 640 3784 testimonium
684 3725 863 3796 placiti
910 3723 990 3777 sui
1031 3721 1369 3794 perhibuisse
1415 3720 1706 3774 videretur.
1734 3717 1866 3773 Nam

271 3818 365 3874 ubi
419 3818 652 3872 tenebrae
686 3816 1036 3886 inculpabiles
1077 3823 1221 3878 sunt,
1253 3813 1394 3868 inter
1423 3826 1556 3882 quas
1599 3819 1654 3866 et
1693 3809 1866 3865 lucem

270 3909 438 3968 istam
469 3909 552 3964 his
583 3910 750 3965 oculis
777 3909 1120 3978 censpicuam
1152 3904 1429 3986 luminaria
1462 3904 1580 3959 caeli
1605 3902 1865 3970 dividunt,

270 4018 383 4060 non
413 4014 561 4068 ante,
591 4001 684 4057 sed
714 4011 834 4071 post
861 4000 1106 4066 infertur,
1134 3998 1202 4051 Et
1233 3997 1353 4051 vidit
1383 3995 1518 4049 Deus
1545 3997 1663 4068 quia
1685 3995 1870 4050 bonum

273 4108 369 4154 est.
406 4097 475 4152 Et
500 4098 665 4169 posuit
709 4096 820 4159 illa,
861 4093 1054 4164 inquit,
1099 4093 1151 4146 in
1179 4093 1495 4162 ﬁrmamento
1533 4090 1664 4155 cmli,
1709 4090 1872 4144 lucere

272 4209 434 4262 super
465 4201 670 4256 terram,
705 4197 748 4242 et
777 4183 992 4258 praeesse
1017 4177 1116 4240 diei
1143 4195 1188 4238 et
1229 4185 1383 4248 nocti,
1414 4192 1463 4237 et
1487 4200 1726 4262 separare
1745 4183 1872 4236 inter

273 4257 444 4340 lucem
468 4293 510 4336 et
536 4257 783 4335 tenebras.
803 4279 869 4333 Et
886 4278 1009 4332 vidit
1037 4277 1173 4331 Deus
1198 4277 1316 4345 quia
1339 4276 1524 4328 bonum
1543 4284 1630 4328 est.
1656 4257 1872 4329 Utrum-

274 4394 381 4448 que
425 4376 567 4431 enim
611 4374 832 4444 placuit,
865 4374 985 4443 quia
1025 4380 1312 4448 utrumque
1353 4368 1469 4424 sine
1508 4377 1726 4437 peccato
1769 4378 1868 4423 est.

273 4445 381 4525 tibi
426 4455 600 4523 autem
635 4465 770 4521 dixit
794 4447 958 4530 ‘Ileus,
992 4462 1112 4516 Fiat
1143 4445 1251 4527 lux,
1295 4471 1341 4514 et
1381 4463 1516 4533 facta
1546 4469 1616 4513 est
1661 4460 1767 4513 lux.
1800 4457 1872 4514 Et

274 4561 402 4615 vidit
427 4558 566 4614 Deus
587 4560 768 4623 lucem,
787 4553 905 4622 quia
929 4554 1057 4608 bona
1078 4566 1172 4620 est;
1195 4563 1246 4607 et
1271 4552 1604 4622 postmodum
1628 4545 1872 4619 infertur,

273 4655 345 4710 Et
377 4655 629 4724 separavit
677 4651 814 4706 Deus
841 4652 971 4705 inter
1001 4651 1159 4704 lucem
1203 4658 1248 4703 et
1296 4649 1561 4712 tenebras;
1591 4647 1875 4715 vocavitque

273 4735 420 4803 Deus
447 4750 604 4802 lucem
649 4747 802 4809 diem,
835 4754 881 4822 et
925 4727 1150 4798 tenebras
1189 4742 1383 4796 vocavit
1429 4750 1622 4793 noctem
1651 4738 1802 4808 (Gen.
1827 4755 1872 4806 t,

273 4835 401 4907 3-5,
436 4839 521 4904 17,
553 4838 646 4910 18)
673 4854 685 4890 :
723 4853 826 4892 non
854 4834 954 4891 hoc
979 4836 1096 4890 loco
1117 4834 1355 4890 additum
1380 4842 1482 4898 est,
1509 4832 1573 4885 Et
1600 4832 1719 4886 vidit
1744 4831 1877 4887 Deus

275 4935 398 5005 quia
442 4931 629 4985 bonum
679 4940 751 4985 est
793 4947 813 4995 ;
855 4943 922 4984 ne
953 4937 1235 4999 utrumque
1265 4926 1625 4996 appellaretur
1653 4925 1872 4994 bonum,

275 5043 398 5081 eum
432 5037 575 5101 esset
598 5025 790 5078 horum
822 5023 1046 5078 alterum
1079 5023 1298 5088 malum,
1337 5021 1470 5075 vitio
1495 5020 1738 5090 proprio,
1771 5035 1877 5073 non

275 5129 494 5173 natura.
529 5113 594 5172 Et
633 5115 758 5170 ideo
785 5115 897 5169 sola
926 5113 994 5169 ibi
1024 5113 1113 5167 lux
1144 5113 1346 5183 placuit
1374 5109 1652 5168 Conditori
1678 5129 1690 5164 :
1724 5119 1878 5166 tene-

274 5211 389 5264 l.-r;e
439 5219 619 5264 autem
668 5206 945 5277 angelicae,
995 5203 1093 5260 etsi
1137 5203 1347 5260 fuerant
1390 5201 1724 5270 ordinanda,
1770 5218 1876 5258 non

277 5299 465 5355 tamen
499 5297 712 5355 fuerant
741 5295 1117 5370 approbandze.

273 5391 513 5448 CAPUT
543 5389 687 5448 XXI.
718 5422 788 5432 -——
818 5389 896 5444 De
927 5400 1115 5444 (eterna
1150 5397 1196 5443 et
1234 5385 1630 5443 incommutabili
1672 5385 1882 5440 scientia

281 5473 286 5476 ’
365 5485 460 5540 Dei
485 5504 544 5542 ac
571 5486 855 5548 voluntate,
887 5500 986 5554 qua
1014 5485 1208 5554 semper
1232 5481 1311 5535 illi
1340 5481 1569 5535 universa
1593 5493 1707 5550 qua:
1731 5479 1881 5552 fecit,

361 5580 436 5633 sic
465 5577 760 5648 placuerunt
787 5575 1039 5646 facienda,
1070 5569 1491 5646 quemadmodum
1519 5576 1679 5645 facta.

365 5671 500 5741 Quid
529 5682 613 5729 est
637 5671 781 5727 enim
822 5667 962 5724 aliud
999 5665 1402 5738 intelligendum
1437 5666 1490 5721 in
1527 5680 1591 5721 eo
1619 5663 1760 5736 quod
1790 5680 1887 5734 per
1933 5709 1938 5714 .

354 5792 380 5823 ¹
416 5790 575 5840 Plures
595 5786 912 5848 manuscrith
930 5785 1022 5836 hoc
1045 5792 1096 5834 et
1118 5782 1274 5832 altero
1296 5781 1422 5848 loco,
1443 5794 1495 5831 tn
1516 5777 1771 5848 principio.
1795 5779 1889 5830 Sed

276 5857 493 5908 exorsis
509 5853 802 5915 suffragatur
1001 5846 1340 5915 interpretatio
1361 5851 1488 5915 LXX,
1501 5842 1576 5915 eis
1599 5842 1792 5893 archus.

362 5916 392 5948 ¹
419 5918 485 5968 Sic
510 5925 614 5967 uss.
642 5908 700 5964 ἰι
725 5908 861 5972 editi,
877 5908 1007 5963 illas.
1028 5910 1158 5972 Apud
1175 5911 1286 5957 LXX
1311 5914 1404 5967 est,
1428 5911 1611 5956 autous.

923 6044 1064 6069 .r‘g.‘

1579 353 1788 429 mea
1826 341 2234 428 UNDECIMUS.

3443 385 3550 446 εει

1966 487 2144 543 omnia
2171 481 2381 558 dicitdr,
2416 489 2554 547 Vidit
2580 489 2722 550 Deus
2749 496 2866 567 quia
2891 493 3075 553 bonum
3099 503 3174 556 est
3201 517 3218 556 :
3245 502 3345 557 nisi
3371 505 3548 575 Operis

1965 581 2277 666 approlistio
2306 583 2594 642 secundum
2623 597 2789 645 artem
2822 589 2979 658 facti,
3012 585 3131 664 quae
3158 593 3422 665 Sapientia
3456 591 3548 654 D'ei

1964 673 2079 726 eSt?
2101 673 2238 728 Deus
2263 685 2439 730 autem
2463 693 2629 748 usque
2647 679 2781 737 adeo
2805 697 2911 738 non
2933 699 3052 740 cum
3075 677 3271 741 factum
3299 683 3398 754 e‘st,
3416 679 3550 745 time

1963 765 2148 821 didicit
2179 763 2376 823 bonum
2407 769 2478 842 (a)
2502 811 2517 836 ,
2548 779 2604 826 ut
2629 773 2760 829 nihil
2787 777 2968 832 eorum
2997 771 3179 848 fieret,
3209 781 3254 836 si
3284 782 3333 837 ei
3364 775 3553 840 fuisse!

1965 856 2314 930 incognitum.
2359 863 2490 918 Dum
2535 880 2662 935 ergo
2703 861 2845 924 videt
2871 871 2993 940 quia
3029 864 3229 929 bonum
3260 883 3376 944 εει,
3403 856 3571 948 ’q’uo’d-

1965 953 2066 1007 nisi
2096 953 2319 1010 vidisset
2345 964 2625 1039 antequam
2657 959 2826 1026 ﬁeret,
2851 977 2956 1018 non
2978 966 3158 1037 utique
3183 966 3364 1034 ﬁeret;
3391 968 3555 1026 docet

1963 1045 2160 1100 bonum
2189 1061 2342 1116 esse,
2375 1065 2482 1105 non
2511 1050 2686 1106 discit.
2720 1053 2789 1110 Et
2816 1055 2966 1112 Plato
2992 1059 3206 1128 quidem
3240 1063 3358 1132 plus
3387 1077 3551 1122 ausus

1965 1146 2047 1193 est
2073 1140 2273 1209 dicere,
2303 1143 2499 1198 elatum
2530 1159 2650 1201 esse
2685 1148 2889 1204 scilicet
2925 1150 3092 1207 Deum
3117 1155 3332 1223 gaudio,
3363 1159 3547 1228 mundi

1964 1231 2594 1322 universitate-perfecta
2649 1237 2772 1308 (In
2831 1238 3021 1296 Timwo
3063 1243 3103 1312 ).
3176 1245 3271 1301 Ubi
3325 1257 3378 1302 et
3435 1249 3548 1319 ipse

1965 1337 2070 1377 non
2117 1319 2285 1396 usque
2337 1319 2472 1382 adeo
2511 1327 2838 1400 desipiebat,
2887 1341 2946 1386 ut
2992 1342 3203 1404 putaret
3249 1323 3414 1392 Donni
3467 1327 3548 1395 sui

1963 1415 2139 1483 operis
2173 1415 2405 1502 novitate
2431 1418 2628 1474 factum
2667 1421 2958 1479 beatiorem
2990 1443 3003 1480 :
3035 1427 3126 1481 sed
3167 1428 3243 1484 sic
3271 1431 3552 1489 ostendere

1963 1507 2164 1572 voluit,
2209 1499 2396 1565 artiiici
2439 1527 2536 1566 suo
2574 1514 2837 1582 placuiSse
2877 1515 2984 1586 jam
3015 1515 3242 1586 factum,
3273 1513 3411 1591 quod
3436 1515 3555 1591 pla:

1965 1610 2147 1654 euerat
2187 1601 2239 1656 in
2277 1611 2391 1658 arte
2432 1603 2763 1672 faciendum;
2795 1621 2900 1662 non
2939 1609 3079 1680 quod
3116 1602 3234 1665 'ullo
3273 1613 3430 1669 modo
3461 1605 3555 1670 fici

1963 1693 2184 1748 scientia
2212 1696 2469 1763 varietur,
2497 1707 2555 1751 ut
2584 1699 2721 1752 aliud
2749 1700 2800 1754 in
2829 1715 2890 1755 ea
2915 1700 3113 1757 faciant
3133 1704 3151 1736 ι
3177 1715 3294 1774 qua:
3320 1699 3555 1760 nonduin

1963 1795 2122 1851 sunt,
2154 1787 2296 1841 aliud
2340 1803 2458 1857 qum
2500 1789 2608 1857 jam
2651 1800 2805 1855 sunt,
2845 1791 2983 1847 aliud
3024 1809 3142 1864 qum
3178 1781 3409 1851 fuerunt.
3439 1784 3556 1853 Non

1963 1880 2107 1933 enim
2136 1894 2287 1934 more
2313 1891 2499 1936 noSIro
2526 1881 2617 1936 ille
2642 1881 2721 1936 vel
2745 1883 2885 1954 quod
2915 1884 3143 1940 futurum
3172 1899 3254 1942 est
3282 1881 3555 1960 prospicit.

1962 1970 2043 2025 vel
2066 1969 2205 2041 quod
2227 1983 2466 2040 praesens
2497 1983 2578 2028 est
2607 1975 2814 2044 aSpicit,
2841 1977 2922 2031 vel
2951 1977 3091 2048 quod
3119 1971 3448 2048 praeteritum
3476 1991 3560 2039 est

1965 2062 2220 2131 respicit;
2253 2051 2344 2117 sed
2376 2063 2479 2118 alio
2518 2057 2678 2120 modo
2703 2067 2932 2137 quodam
2965 2079 2994 2124 a
3024 2080 3326 2127 nostrarum
3352 2071 3558 2144 cogita-

1965 2152 2167 2206 tionum
2189 2154 2574 2241 eousquetudine
2595 2147 2750 2228 longe
2771 2157 2982 2229 alteque
2999 2162 3018 2191 ³
3038 2157 3273 2216 diverso.
3299 2161 3393 2219 ille
3412 2164 3559 2235 quip-

1963 2253 2030 2313 pe
2056 2259 2159 2300 non
2183 2262 2247 2300 ex
2275 2245 2452 2301 hocin
2477 2247 2600 2302 illud
2623 2249 2946 2319 cogitatione
2973 2247 3193 2315 mutata,
3216 2254 3310 2309 sed
3337 2249 3561 2311 omnino

1967 2332 2474 2394 incommutabiliter
2501 2340 2680 2406 Videt;
2713 2343 2783 2395 ita
2814 2351 2870 2396 ut
2905 2335 2991 2397 illa
3026 2335 3238 2415 quidem
3268 2361 3387 2417 quae
3413 2347 3559 2401 tem-

1964 2430 2220 2499 poraliter
2250 2419 2412 2496 limit,
2449 2439 2504 2486 et
2547 2431 2718 2486 futura
2754 2431 2988 2492 nendum
3020 2429 3155 2501 sint,
3185 2447 3240 2491 et
3275 2435 3558 2506 praesentia

1960 2520 2070 2591 jam
2102 2522 2236 2587 sint,
2269 2532 2323 2578 et
2363 2525 2629 2592 praeterita
2671 2521 2781 2594 jam
2817 2527 2924 2580 non
2962 2526 3104 2594 sint,
3134 2526 3250 2596 ipse
3283 2541 3408 2584 vero
3445 2519 3560 2585 hac

1965 2614 2144 2669 omnia
2165 2605 2336 2669 stabili
2362 2623 2424 2669 ac
2445 2616 2768 2685 sempiterna
2797 2617 3080 2687 prteSentia
3106 2615 3558 2688 comprehendat:

1965 2715 2065 2762 nec
2094 2707 2246 2764 aliter
2269 2701 2441 2764 'oct'ilis
2462 2752 2474 2776 ,
2505 2707 2660 2764 aliter
2699 2718 2916 2774 mente;
2947 2707 3056 2764 non
3097 2712 3240 2766 enim
3276 2728 3340 2768 ex
3381 2709 3561 2768 animo

1968 2809 2175 2855 constat
2203 2811 2254 2856 et
2287 2807 2516 2871 corpore
2548 2819 2561 2854 :
2594 2817 2692 2856 nec
2719 2803 2875 2857 aliter
2903 2819 3078 2870 nunc,
3108 2801 3261 2860 aliter
3286 2816 3440 2861 antea
3461 2849 3475 2872 ,
3507 2797 3562 2862 εἰ

1966 2893 2360 2962 aliterpostea;
2388 2896 2637 2965 quoniam
2666 2901 2771 2950 non
2799 2895 2941 2951 ‘sic'ut
2965 2905 3170 2962 nostra,
3199 2898 3270 2953 ita
3295 2899 3410 2970 ejus
3433 2909 3564 2970 quo-

1966 3001 2068 3056 que
2097 2987 2318 3042 scientia
2347 2989 2506 3043 trium
2535 2995 2835 3059 temporum
2855 3030 2871 3056 ,
2917 2992 3196 3060 praesentis
3231 2993 3478 3049 videlicet
3508 2991 3563 3050 et

1969 3078 2222 3148 praeteriti
2264 3079 2346 3133 vel
2385 3077 2588 3144 futuri,
2621 3080 2877 3134 varietate
2918 3089 3153 3137 mutatur
3185 3101 3197 3135 :
3227 3084 3365 3153 apud
3402 3085 3561 3154 quem

1969 3179 2073 3225 non
2103 3180 2185 3226 est
2214 3167 2546 3235 immutatio,
2578 3187 2678 3226 nec
2707 3172 2960 3226 momenti
2987 3173 3323 3227 obumbratio
3350 3171 3564 3242 (Jacobi

1966 3279 2004 3326 ι,
2035 3263 2147 3333 17).
2172 3261 2356 3332 Neque
2383 3264 2523 3316 enim
2555 3261 2670 3332 ejus
2697 3263 2920 3317 intentio
2947 3262 3015 3318 de
3039 3266 3359 3334 'cogitatione
3384 3266 3436 3320 in
3463 3275 3562 3322 eo;

1967 3355 2276 3426 gitationem
2303 3355 2517 3419 transit,
2550 3353 2601 3408 in
2629 3353 2780 3425 cujus
2801 3353 3114 3424 incorporeo
3140 3357 3377 3411 contuitu
3399 3355 3561 3414 simul

1967 3448 2158 3502 adstmt
2183 3439 2373 3502 cuncta
2404 3461 2522 3516 qua:
2553 3446 2743 3500 novit:
2770 3446 3018 3516 quoniam
3049 3455 3283 3517 tempora
3314 3448 3384 3502 ita
3415 3448 3563 3504 novit

1967 3541 2130 3596 nullis
2163 3541 2276 3596 'sui's
2317 3531 2700 3609 temporalibus
2737 3539 3078 3607 nationibus,
3111 3539 3559 3611 quemadmodum

1969 3635 2277 3704 temporalia
2323 3629 2504 3688 mdvet
2544 3631 2704 3687 nullis
2741 3631 2850 3686 suis
2883 3629 3268 3702 temporalibus
3304 3633 3557 3690 motibus.

1967 3723 2040 3781 lbi
2071 3741 2199 3796 ergo
2226 3723 2354 3779 vidit
2377 3719 2576 3778 bonum
2607 3737 2727 3778 esse
2753 3715 2892 3793 quod
2912 3719 3070 3790 fecit,
3099 3719 3185 3780 ubi
3215 3724 3410 3780 bonum
3435 3725 3556 3782 esse

1973 3815 2103 3871 vidit
2128 3826 2189 3886 ut
2215 3811 2430 3871 faceret.
2455 3815 2563 3870 Nec
2589 3815 2710 3884 quia
2735 3814 2931 3870 factum
2957 3812 3083 3870 vidii
3102 3835 3120 3882 ι,
3151 3817 3423 3873 Scientiam
3451 3812 3557 3873 'du-

1972 3907 2218 3979 plicavit,
2247 3908 2328 3962 vel
2357 3921 2422 3962 ex
2451 3907 2625 3976 aliqua
2661 3903 2816 3976 parte
2848 3908 2994 3962 auxit
3009 3925 3030 3975 ·,
3062 3915 3308 3979 tanquam
3337 3905 3562 3968 minoris

1970 4002 2203 4056 scientiae
2241 3994 2401 4054 fuerit
2443 4001 2750 4070 priusquam
2792 3997 2990 4056 faceret
3027 4005 3165 4072 quod
3195 3999 3397 4058 videret
3427 4021 3441 4058 :
3471 4005 3558 4074 qui

1974 4103 2075 4147 tam
2105 4094 2337 4163 perfecte
2365 4089 2470 4146 no'n
2499 4100 2830 4162 operaretur,
2865 4093 2967 4147 nisi
2993 4102 3098 4146 tam
3131 4094 3358 4163 perfecta
3390 4096 3563 4152 scieri-

1972 4185 2065 4248 tia,
2093 4184 2177 4239 cui
2203 4183 2333 4238 nihil
2364 4184 2426 4238 e'x
2459 4184 2574 4252 ejus
2603 4183 2851 4253 operibus
2876 4183 3176 4239 adderetur.
3205 4183 3560 4257 Quapromer,

1971 4279 2014 4332 si
2056 4277 2421 4331 tantummodo
2459 4273 2615 4330 nobis
2655 4275 3029 4330 insinuandum
3059 4287 3201 4332 esset
3229 4279 3347 4347 quis
3374 4277 3564 4334 fecerit

1973 4368 2141 4422 lucem
2163 4410 2178 4436 ,
2207 4367 2479 4422 sufficeret
2507 4367 2687 4424 dicere
2705 4409 2718 4428 ,
2752 4367 2891 4421 Deus
2923 4366 3044 4423 fecit
3073 4369 3265 4424 lucem.
3297 4367 3352 4425 Si
3379 4377 3560 4424 autem

1973 4475 2077 4515 non
2105 4459 2273 4513 solum
2297 4461 2416 4530 quis
2443 4458 2648 4524 fecerit,
2675 4473 2858 4512 verum
2886 4459 3045 4513 etiam
3073 4475 3172 4528 per
3196 4459 3320 4530 quid
3347 4460 3560 4526 fecerit;

1975 4553 2102 4608 satis
2128 4562 2271 4607 esset
2299 4554 2366 4607 ita
2389 4553 2672 4617 enuntiari,
2701 4549 2768 4604 Et
2793 4552 2920 4605 dixit
2947 4550 3106 4618 Dens,
3133 4552 3250 4606 Fiat
3275 4553 3382 4618 lux,
3412 4565 3459 4609 et
3485 4558 3564 4626 fa-

1975 4655 2053 4699 cta
2079 4655 2147 4697 est
2171 4645 2258 4698 lux
2275 4661 2294 4708 ;
2317 4654 2373 4698 ut
2406 4657 2509 4699 non
2544 4650 2743 4697 Lautum
2772 4643 2961 4709 Deum,
2989 4644 3083 4698 sed
3113 4645 3269 4700 etiam
3302 4661 3399 4716 per
3425 4643 3559 4702 Ver-

1976 4737 2099 4791 bum
2130 4737 2301 4790 lucem
2329 4736 2518 4790 fecisse
2548 4747 2847 4788 nossemus.
2870 4733 3005 4802 Quia
3032 4735 3161 4790 vero
3191 4737 3289 4791 tria
3321 4740 3563 4805 quadam

1979 4831 2207 4884 maxime
2247 4827 2474 4888 scienda,
2494 4827 2560 4881 de
2587 4836 2828 4881 creatura
2857 4827 3010 4883 nobis
3036 4829 3267 4898 opertui't
3297 4829 3524 4882 intima'ri
3546 4871 3562 4895 ,

1979 4925 2094 4994 quis
2116 4936 2232 4976 eam
2264 4921 2464 4982 fecerit,
2489 4923 2588 4989 per
2609 4919 2731 4990 quid
2759 4919 2961 4983 fecerit,
2989 4927 3155 4990 quare
3185 4920 3401 4974 fecerit:
3431 4917 3565 4975 Deus

1980 5016 2138 5079 (ﬁxit,
2169 5013 2366 5084 inquit,
2399 5011 2516 5066 Fiat
2545 5011 2666 5079 tum,
2698 5023 2743 5065 et
2767 5013 2909 5082 facta
2931 5023 3002 5066 est
3029 5011 3134 5066 lum.
3163 5009 3232 5064 Et
3267 5009 3389 5065 vidit
3431 5007 3567 5065 Ddus

1982 5109 2170 5173 limem,
2202 5107 2322 5178 quia
2351 5106 2478 5159 bona
2499 5113 2595 5164 est.
2636 5104 2690 5160 Si
2729 5118 2855 5174 ergo
2882 5097 3164 5174 querimus
3189 5102 3307 5172 quis
3345 5101 3529 5157 fecerit
3552 5148 3566 5168 ,

1982 5201 2121 5255 Deus
2150 5209 2250 5255 est.
2279 5199 2337 5255 Si
2366 5213 2459 5269 per
2487 5196 2612 5268 quid
2641 5195 2846 5262 fecerit,
2875 5195 3034 5259 Dixit,
3068 5191 3208 5258 Fiat,
3237 5199 3282 5248 e‘t
3311 5197 3446 5266 facta
3471 5193 3564 5250 est.

1983 5295 2040 5349 Si
2071 5307 2234 5364 quare
2264 5291 2467 5354 fecerit,
2501 5289 2631 5356 Quia
2659 5287 2789 5342 bona
2818 5295 2908 5340 est.
2941 5285 3050 5340 Nec
3072 5291 3258 5340 auctor
3285 5295 3367 5341 est
3392 5287 3570 5342 excel-

1985 5385 2178 5440 lentior
2202 5383 2342 5450 Deo,
2370 5397 2470 5437 nec
2498 5396 2585 5435 ars
2617 5377 2882 5435 efficacior
2920 5376 3012 5431 Dei
3045 5375 3252 5445 Verbo,
3282 5394 3380 5434 nec
3409 5394 3567 5456 causa

1986 5478 2173 5533 melior
2201 5489 2361 5545 quam
2404 5481 2460 5528 ut
2497 5472 2692 5527 bonum
2719 5476 2991 5538 crearetur
3016 5471 3045 5522 a
3077 5467 3188 5522 Deo
3218 5465 3381 5524 bono.
3421 5469 3570 5526 Hanc

1986 5570 2147 5626 etiarn
2176 5567 2326 5622 Plato
2352 5579 2564 5620 causam
2599 5558 2861 5617 condendi
2893 5560 3076 5614 mundi
3103 5559 3450 5630 iustissimam
3484 5553 3570 5616 di-

2054 5712 2069 5742 ι
2106 5708 2178 5756 sic
2200 5704 2337 5754 Vind.
2363 5710 2462 5762 Am.
2489 5707 2542 5750 et
2561 5704 2667 5749 Mss.
2709 5701 2932 5762 attinet
2957 5701 3088 5762 ωι,
3111 5695 3248 5762 ﬁant.

2055 5775 2074 5803 ²
2109 5779 2180 5818 Er.
2205 5776 2338 5826 1.ov.,
2357 5761 2747 5826 lateque._c:eteri
2769 5759 2899 5826 libri,
2921 5759 3126 5826 alteque;

2055 5815 2282 5894 (al—Istud
2320 5815 2499 5894 nempe
2534 5823 2827 5894 objietebant.
2869 5815 3130 5873 titaniclitei.
3151 5819 3281 5872 conf.
3317 5819 3404 5871 lib.
3445 5818 3469 5870 1
3513 5815 3578 5867 de

1991 5884 2261 5948 Geufeont.
2281 5884 2494 5948 Manich.,
2515 5898 2569 5935 ιι.
2594 5884 2675 5937 15.
