4064 6486
444 357 553 421 835

441 475 553 539 cit,
584 477 645 527 ut
669 483 701 526 a
727 466 870 523 bono
899 462 1008 518 Deo
1036 457 1176 513 bona
1207 462 1369 523 opera
1408 446 1599 501 fierent
1627 440 1732 539 (In
1758 435 1988 506 Timaeo)
2019 451 2034 488 :

444 533 564 621 sive
590 563 690 619 ista
714 556 924 630 legerit,
953 553 1065 608 sive
1095 547 1163 602 ab
1190 544 1275 598 his
1299 540 1390 613 qui
1416 540 1658 610 legerant
1684 533 1819 630 forte
1842 544 2038 600 cogno-

445 656 624 720 verit;
669 623 794 707 sive
822 644 1081 702 acerrimo
1125 633 1336 706 ingenio
1374 628 1665 686 invisibilia
1692 623 1820 691 Dei,
1852 636 1947 694 per
1976 634 2040 675 ea

446 761 568 819 quie
593 713 727 800 facta
758 746 900 803 sunt,
932 732 1197 791 intellecta
1221 724 1580 797 conspexerit,
1611 721 1725 777 sive
1750 717 1819 773 ab
1843 715 1927 771 his
1951 713 2040 785 qui

445 816 551 896 ista
577 834 971 904 conspexerant
997 832 1052 883 et
1073 824 1187 894 ipse
1215 816 1479 875 didicerit.

448 969 674 1031 CAPUT
698 965 866 1023 XXII.
894 994 969 1006 —
996 959 1074 1016 De
1110 959 1190 1014 his
1218 955 1395 1029 quibus
1431 953 1487 1006 iu
1523 945 1841 1005 universitate
1876 955 2044 996 rerum

523 1082 557 1121 α
580 1064 709 1119 bona
734 1062 974 1117 Creatore
1005 1057 1124 1111 bene
1150 1049 1471 1106 conditarum
1498 1041 1729 1116 quaedam
1754 1036 2040 1108 displicent,

523 1164 574 1212 et
598 1160 777 1226 putant
802 1146 1104 1204 nonnullam
1129 1159 1233 1199 esse
1256 1149 1494 1196 naturam
1520 1134 1726 1189 malam.

526 1296 679 1352 Hanc
703 1304 881 1348 tamen
906 1300 1121 1345 causam
1141 1325 1155 1351 ,
1185 1282 1238 1337 id
1264 1287 1348 1337 est
1373 1277 1441 1333 ad
1466 1276 1605 1332 bona
1635 1267 1867 1329 creanda
1889 1263 2046 1321 boni—

452 1398 623 1446 tatem
652 1386 775 1450 Dei;
806 1385 978 1448 hanc,
1010 1381 1226 1450 inquam
1246 1416 1261 1442 ,
1291 1386 1507 1429 causam
1533 1378 1640 1424 tam
1662 1366 1863 1437 justam
1892 1370 2050 1431 atque

453 1485 706 1540 idoneam
731 1521 746 1547 ,
775 1492 895 1549 quae
934 1474 1216 1545 diligenter
1243 1464 1579 1524 considerata
1607 1468 1662 1515 et
1700 1458 1786 1529 pie
1822 1453 2049 1525 cogitata

454 1591 647 1635 omnes
666 1568 1059 1629 controversias
1079 1561 1428 1636 qumrentium
1455 1555 1640 1613 mundi
1663 1552 1924 1623 originem
1948 1557 2054 1603 ter-

454 1670 625 1726 minat
644 1710 659 1733 ,
692 1663 904 1734 quidam
936 1658 1173 1716 haeretici
1212 1670 1318 1710 non
1359 1650 1608 1707 viderunt
1638 1665 1651 1702 :
1680 1645 1802 1718 quia
1832 1655 2056 1713 egenam

457 1760 637 1819 carnis
666 1757 824 1827 hujus
859 1752 1207 1824 fragilemque
1244 1742 1659 1805 mortalitatem,
1685 1738 1795 1808 jam
1822 1734 1889 1827 de
1910 1735 2057 1827 justo

458 1853 721 1925 supplicio
742 1825 1070 1909 venientem,
1096 1841 1221 1897 dum
1246 1839 1296 1894 ei
1325 1851 1431 1892 non
1455 1831 1800 1893 conveniunt,
1828 1825 2059 1897 plurima

458 1917 774 2007 offendunt;
802 1941 940 1993 sicut
964 1935 1122 2005 ignis,
1150 1939 1242 1986 aut
1270 1928 1456 1998 frigus,
1488 1932 1583 1979 aut
1608 1922 1720 1977 l'era
1746 1917 1939 2007 bestia,
1967 1921 2059 2007 aut

460 2035 589 2108 quid
613 2004 940 2101 hujusmodi.
960 2004 1073 2081 Nec
1097 2020 1398 2083 attendunt,
1421 2029 1582 2087 quam
1602 2012 1689 2068 vel
1712 2010 1768 2065 in
1791 2006 1903 2063 suis
1929 2004 2061 2060 locis

459 2102 772 2197 naturisque
808 2124 1049 2195 vigeant,
1080 2115 1414 2189 pulchroque
1442 2107 1634 2166 ordine
1672 2102 2058 2197 disponantur;

460 2187 826 2293 quantumque
855 2187 1189 2268 universitati
1213 2218 1394 2261 rerum
1422 2214 1519 2271 pro
1544 2197 1656 2253 suis
1684 2187 2059 2293 portionibus‘

461 2278 676 2373 decoris
713 2278 966 2377 tanquam
1001 2303 1057 2358 in
1094 2309 1434 2356 communem
1474 2286 1855 2360 rempublicam
1882 2278 2066 2338 confe~

462 2412 603 2471 rant,
628 2401 713 2458 vel
738 2375 894 2455 nobis
918 2395 1069 2468 ipsis,
1098 2393 1143 2447 si
1167 2390 1248 2447 eis
1273 2391 1629 2456 congruenter
1654 2387 1814 2449 atque
1833 2375 2065 2431 scienter

462 2465 697 2559 utamur,
728 2465 1122 2548 commoditatis
1147 2481 1476 2542 attribuant;
1506 2476 1578 2530 ita
1609 2480 1664 2527 ut
1688 2481 1891 2526 venena
1923 2465 2060 2535 ipsa,

464 2603 585 2661 quae
635 2600 733 2657 per
784 2575 1265 2637 inconvenientiam
1316 2569 1616 2642 perniciosa
1662 2571 1823 2628 sunt,
1863 2573 2065 2616 conve-

468 2658 680 2734 nienter
708 2672 944 2728 adhibita
972 2669 1027 2724 in
1060 2663 1297 2722 salubria
1325 2659 1717 2717 medicamenta
1743 2658 2020 2710 vertantur
2049 2666 2063 2703 :

468 2783 739 2842 quamque
764 2782 794 2821 a
824 2761 1094 2821 contrario
1126 2759 1288 2816 etiam
1324 2755 1441 2812 haec
1478 2752 1672 2825 quibus
1710 2748 2089 2817 delectantur,

471 2870 610 2923 sicut
644 2864 796 2919 cibus
822 2870 877 2917 et
905 2866 1063 2931 potus
1087 2858 1151 2913 et
1167 2855 1269 2911 ista
1296 2854 1420 2921 lux,
1452 2849 1806 2907 immoderato
1828 2855 1883 2902 et
1911 2846 2067 2925 inop-

470 2968 704 3032 portuno
720 2958 741 2990 ’
762 2970 864 3011 usu
888 2952 1049 3009 noxia
1074 2948 1371 3006 sentiantur
1395 2944 1494 3017 (α).
1517 2942 1672 3000 Unde
1696 2955 1793 2996 nos
1820 2938 2073 3001 admonet

473 3054 653 3110 divina
693 3046 1062 3121 providentia,
1103 3058 1213 3099 non
1250 3055 1340 3097 res
1380 3038 1695 3110 insipienter
1730 3034 2069 3103 vituperare,

474 3145 572 3201 sed
600 3142 882 3199 utilitatem
912 3152 1091 3194 rerum
1121 3135 1406 3205 diligenter
1432 3130 1740 3202 inquirere;
1772 3136 1822 3183 et
1855 3125 1941 3180 ubi
1971 3139 2073 3180 no-

475 3247 645 3296 strum
670 3234 940 3307 ingenium
964 3231 1050 3287 vel
1079 3227 1364 3285 inﬁrmitas
1390 3223 1598 3291 deﬁcit,
1628 3221 1702 3277 ita
1726 3218 1950 3276 credere
1976 3230 2074 3271 oc-

475 3332 674 3389 cultam
693 3371 708 3397 ,
737 3328 878 3384 sicut
915 3332 1070 3381 erant
1095 3320 1339 3395 quaidam
1364 3333 1485 3390 quas
1510 3316 1597 3372 vix
1625 3313 1896 3385 potuimus
1922 3312 2076 3365 inve-

476 3424 638 3481 nire’:
668 3420 792 3492 quia
820 3427 877 3474 et
904 3418 1020 3489 ipsa
1046 3413 1289 3471 utilitatis
1312 3410 1618 3477 occultatio,
1641 3415 1734 3463 aut
1757 3403 2077 3461 humilitatis

478 3513 793 3575 exercitatio
832 3519 949 3580 est,
995 3517 1087 3565 aut
1130 3504 1376 3563 elationis
1417 3501 1659 3566 attritio;
1697 3513 1819 3555 cum
1858 3496 2079 3552 omnino

481 3616 670 3664 natura
707 3603 853 3661 nulla
886 3601 957 3658 sit
990 3600 1227 3662 malum,
1256 3607 1559 3665 nomenque
1588 3591 1693 3648 hoc
1718 3606 1827 3665 non
1868 3589 1940 3643 sit
1977 3588 2080 3643 nisi

482 3697 798 3774 privationis
817 3693 947 3752 boni
970 3711 984 3749 :
1008 3690 1106 3748 sed
1134 3704 1164 3745 a
1194 3686 1423 3745 terrenis
1449 3699 1619 3756 usque
1643 3681 1712 3738 ad
1738 3680 1999 3774 caelestia,
2028 3685 2084 3733 et

482 3772 837 3848 avisibilibus
874 3800 1043 3857 usque
1079 3782 1147 3838 ad
1185 3778 1472 3837 invisibilia
1498 3784 1629 3833 sunt
1654 3772 1790 3857 alin
1810 3773 1912 3828 alia
1941 3772 2083 3827 bona

483 3882 743 3947 meliora;
781 3877 848 3933 ad
891 3876 995 3933 hoc
1035 3873 1354 3945 iniequalia,
1382 3878 1445 3926 ut
1480 3874 1664 3925 essent
1699 3863 1900 3947 omnia.
1943 3863 2083 3918 Deus

484 3982 664 4030 autem
702 3971 776 4025 ita
814 3977 897 4025 est
932 3965 1123 4022 artifex
1164 3960 1430 4034 magnus'
1465 3961 1520 4016 in
1556 3960 1793 4031 magnis,
1817 3956 1883 4034 ὶμ
1909 3956 2086 4011 minor

487 4080 596 4121 non
621 4064 693 4120 sit
714 4062 770 4117 in
793 4058 1006 4131 parvis:
1033 4072 1153 4129 qua:
1177 4068 1341 4126 parva
1360 4067 1470 4109 non
1494 4066 1591 4107 sua
1612 4046 1916 4131 grandita\e
1937 4046 2085 4119 (nam

488 4156 632 4213 nulla
663 4154 789 4222 est),
819 4152 914 4209 sed
939 4149 1159 4206 artiﬁcis
1181 4146 1445 4219 sapientia
1466 4143 1736 4201 metienda
1762 4141 1924 4222 sunt\:
1949 4141 2088 4196 sicut

491 4251 547 4303 in
581 4246 761 4318 specie
793 4243 1017 4298 visibilis
1035 4240 1059 4274 ⁸
1088 4240 1320 4296 hominis
1338 4280 1354 4306 ,
1384 4239 1431 4294 si
1459 4252 1625 4293 unum
1649 4236 1869 4292 radatur
1893 4236 2087 4318 Ruper-

492 4341 708 4407 cilium,
742 4352 902 4411 quam
939 4333 1328 4408 propemodum
1368 4331 1501 4388 nihil
1543 4330 1791 4402 corpori,
1829 4338 1885 4385 et
1926 4330 2087 4411 quam

492 4432 719 4490 multum
745 4427 1044 4486 detrahitur
1075 4424 1487 4499 pulchritudini;
1516 4422 1768 4495 quoniam
1804 4437 1910 4477 non
1947 4418 2089 4499 tholis

494 4531 736 4591 constat,
777 4520 873 4577 sed
913 4519 1176 4591 parilitate
1213 4533 1279 4574 ac
1320 4517 1657 4573 dimensione
1698 4514 2085 4590 membrorljm.

464 4618 605 4674 ‘Nec
629 4605 759 4672 sane
776 4614 1001 4670 multum
1028 4612 1331 4668 mirandum
1358 4618 1461 4679 est,
1490 4609 1634 4682 quod
1658 4609 1716 4663 hi
1739 4608 1828 4679 qui
1859 4605 2090 4663 nonnul-

493 4710 605 4766 lam
624 4707 819 4764 malam
839 4714 1027 4777 putant
1044 4719 1165 4762 esse
1183 4711 1426 4760 naturam
1447 4717 1545 4759 suo
1566 4700 1797 4774 quodam
1818 4698 2089 4756 contrario

496 4809 741 4859 exortam
786 4808 1239 4871 prepagatamque
1278 4796 1578 4869 principio,
1615 4796 1804 4850 nolunt
1844 4794 2091 4864 accipere

492 4892 655 4951 istam
678 4906 893 4949 causam
919 4890 1208 4947 creationis
1236 4904 1447 4957 rerum,
1472 4896 1532 4944 ut
1568 4887 1742 4944 bonus
1780 4885 1921 4941 Deus
1957 4899 2088 4941 eon-

496 4985 652 5044 deret
689 4986 864 5053 bona;
896 4984 1177 5041 credentes
1202 4998 1324 5040 eum
1355 4970 1530 5053 potius
1568 4980 1637 5037 ad
1674 4980 1792 5036 haec
1818 4978 2089 5036 mundana

494 5079 771 5136 molimina
806 5078 1113 5136 rebellantis
1154 5077 1444 5135 adversum
1483 5090 1543 5132 se
1579 5074 1707 5130 mali
1751 5072 2048 5145 repellendi
2067 5072 2090 5105 ⁵

497 5181 739 5232 extrema
759 5174 1078 5231 necessitate
1095 5172 1434 5243 perductum,
1454 5184 1711 5240 suamque
1733 5176 1974 5223 naturam
1994 5168 2093 5224 bo-

499 5281 626 5322 nam
656 5266 797 5321 malo
827 5264 1127 5322 coercendo
1154 5263 1561 5337 superandoque
1588 5261 1898 5329 miscuisse,
1929 5274 2089 5331 quam

1974 4535 2060 4590 qui

562 5420 585 5485 ξ
618 5418 839 5485 Nonnulli
860 5427 989 5480 Mss.,
1012 5419 1335 5485 positionibus.

560 5482 584 5546 ξ
615 5483 689 5546 sic
703 5482 869 5544 probae.
890 5478 1024 5533 noue
1042 5484 1373 5546 manuscripti.
1398 5488 1455 5533 At
1477 5480 1613 5541 editi,
1635 5478 1922 5543 importuno.

562 5542 585 5575 ³
617 5542 787 5593 Plures
807 5551 936 5602 Mss.,
960 5546 1220 5597 mimus.

560 5604 585 5671 ξ
615 5604 754 5671 Vind.
779 5606 1164 5671 {tm._etaliquot
1185 5616 1312 5671 Mss.,
1331 5606 1521 5660 visibili.

561 5668 604 5741 ι,
1582 5669 1890 5736 repellendis.
1931 5679 1983 5723 in
2022 5679 2092 5736 α,

507 5730 726 5794 verbum,
750 5728 1033 5794 repellendi,
1056 5732 1204 5783 deest
1224 5728 1436 5784 omnino.
1503 5741 1557 5782 M.

500 5791 832 5905 ωωὲοοὲιϐιιδὰ
869 5793 1171 5847 Manichacus.
1197 5795 1296 5848 Vid.
1322 5796 1410 5849 lib.
1435 5796 1461 5848 l
1487 5795 1553 5849 de
1571 5802 1692 5852 Gen.
1715 5805 1847 5851 cont.
1873 5798 2093 5865 Manich.,

572 5888 791 5918 ...μμ-ν.

1471 324 1565 385 ns
1600 318 1918 384 cmrma
1956 277 2092 385 nsi,
2131 312 2189 372 s.
2227 304 2597 369 AUGUSTINI

3622 299 3734 359 336

2145 427 2455 499 turpissime
2502 424 2760 498 pollutam
2805 428 2861 478 et
2901 420 3271 479 crudelissime
3311 419 3631 491 captivatam
3678 427 3737 476 et

2145 533 2455 592 Oppressam
2483 516 2665 572 labore
2694 527 2887 584 magno
2912 512 2999 567 vix
3031 510 3252 567 mundet
3276 524 3341 566 ac
3369 511 3597 577 liberet,
3622 523 3738 566 non

2147 620 2312 668 totam
2340 619 2516 666 tamen
2542 625 2557 676 ;
2586 607 2681 664 sed
2710 606 2854 679 quod
2878 606 2994 677 ejus
3022 618 3129 661 non
3164 602 3398 674 potuerit
3427 602 3496 660 ab
3528 601 3621 658 illa
3650 602 3742 658 in-

2144 702 2455 775 quinatione
2483 699 2720 773 purgari,
2754 708 2965 770 tegmen
2990 711 3054 752 ac
3078 695 3347 751 vinculum
3374 693 3613 750 futurum
3640 692 3745 748 ho-

2148 796 2245 852 stis
2272 796 2398 851 victi
2435 803 2490 850 et
2523 793 2733 849 inclusi.
2763 791 2852 848 Sic
2876 800 3054 847 autem
3089 788 3368 845 Manichiei
3392 803 3498 844 non
3524 787 3746 859 desipe-

2149 896 2273 945 rent
2298 889 2386 944 vel
2411 886 2587 960 potius
2614 885 2931 952 insanirent,
2959 884 3005 939 si
3032 883 3128 939 Dei
3154 891 3424 950 naturam,
3452 862 3609 937 sicuti
3637 888 3747 946 est,

2150 980 2641 1038 incommutabilem
2669 986 2832 1050 atque
2871 978 3092 1033 omnino
3130 972 3590 1045 incorruptibilem
3620 988 3751 1029 cre-

2151 1074 2361 1144 derent,
2389 1074 2475 1132 cui
2500 1088 2696 1131 nocere
2718 1072 2863 1128 nulla
2885 1086 2974 1128 res
2994 1071 3163 1142 possit
3185 1088 3199 1124 :
3227 1069 3461 1125 animam
3477 1082 3608 1125 vero
3628 1083 3752 1140 qua:

2152 1174 2426 1230 voluntate
2455 1168 2649 1226 mutari
2678 1168 2733 1223 in
2762 1166 2997 1223 deterius
3022 1176 3078 1221 et
3102 1172 3324 1237 peccato
3350 1162 3624 1233 corrumpi
3655 1175 3756 1232 po-

2158 1268 2286 1334 tuit,
2308 1273 2476 1337 atque
2511 1265 2583 1319 ita
2615 1259 3066 1318 incommutabilis
3098 1259 3340 1315 veritatis
3369 1258 3489 1314 luce
3515 1256 3754 1329 privari,

2156 1375 2265 1415 non
2292 1358 2387 1413 Dei
2421 1362 2656 1427 partem,
2685 1368 2787 1409 nec
2812 1352 2929 1423 ejus
2967 1361 3171 1407 naturae
3197 1366 3320 1422 qua:
3353 1349 3449 1405 Dei
3477 1357 3563 1407 est
3583 1350 3626 1419 ί,
3657 1347 3760 1405 sed

2157 1452 2344 1509 abillo
2371 1450 2640 1507 conditam
2676 1449 2834 1520 longe
2870 1448 3131 1518 imparem
3155 1444 3433 1502 Conditori
3460 1443 3760 1519 christiana
3847 1447 3861 1493 ξ

2160 1546 2390 1602 sanitate
2413 1544 2697 1599 sentirent.

2160 1658 2387 1717 CAPUT
2414 1657 2606 1713 XXIII.
2636 1686 2706 1699 -
2730 1654 2810 1713 De
2836 1670 3007 1711 errore
3023 1696 3041 1725 ,
3065 1655 3121 1709 in
3144 1652 3505 1740 quo'Origenis
3526 1651 3765 1708 doctrina

2800 1750 3116 1821 inculpatur.

2239 1867 2289 1922 l.
2319 1864 2428 1922 Sed
2461 1865 2633 1921 multo
2672 1872 2757 1921 est
2791 1862 3095 1919 mirandum
3135 1860 3400 1933 amplius,
3430 1857 3574 1932 quod
3597 1857 3765 1915 etiam

2164 1960 2411 2032 quidam,
2443 1960 2533 2031 qui
2561 1974 2724 2015 unum
2753 1956 3034 2014 nobiscum
3064 1955 3291 2012 credunt
3315 1955 3553 2010 omnium
3581 1967 3767 2009 rerum

2165 2067 2287 2109 esse
2307 2051 2645 2123 principium,
2670 2050 2942 2120 ullamque
2960 2058 3226 2115 naturam,
3250 2062 3370 2119 quin
3390 2060 3498 2103 non
3518 2052 3602 2101 est
3620 2042 3767 2116 quod

2166 2143 2310 2199 Deus
2337 2150 2455 2209 est,
2487 2141 2589 2198 nisi
2616 2139 2684 2197 ab
2720 2141 2812 2196 illo
2840 2140 3121 2197 conditore
3144 2153 3267 2196 esse
3292 2153 3400 2195 non
3443 2151 3629 2208 posse;
3661 2149 3767 2191 no-

2168 2236 2384 2292 luerunt
2422 2243 2597 2291 tamen
2645 2234 2803 2289 istam
2844 2247 3059 2290 causam
3102 2230 3398 2288 fabricandi
3438 2228 3623 2285 mundi
3656 2235 3771 2284 tam

2166 2328 2364 2386 bonam
2391 2343 2455 2384 ac
2482 2327 2782 2398 simplicem
2809 2328 2948 2384 bene
2978 2312 3046 2383 ac
3080 2326 3394 2397 simpliciter
3421 2323 3645 2381 credere
3662 2364 3679 2393 ,
3713 2330 3775 2380 ut

2171 2422 2314 2478 Deus
2342 2421 2515 2477 bonus
2541 2420 2798 2477 conderet
2822 2419 2985 2489 bona,
3011 2429 3068 2475 et
3093 2427 3274 2476 essent
3297 2427 3420 2490 post
3453 2418 3620 2475 Deum
3649 2430 3785 2488 qua:

2170 2529 2280 2571 non
2308 2522 2492 2571 essent
2518 2512 2662 2585 quod
2689 2521 2774 2568 est
2799 2513 2961 2579 Deus,
2989 2512 3129 2568 bona
3155 2520 3330 2568 tamen
3354 2526 3474 2583 quae
3500 2524 3608 2566 non
3630 2507 3779 2565 face-

2172 2615 2260 2665 ret
2284 2607 2386 2662 nisi
2414 2606 2589 2662 bonus
2618 2605 2779 2661 Deus.
2813 2603 2919 2661 Sed
2955 2605 3162 2659 animas
3186 2603 3393 2671 dicunt,
3421 2617 3527 2658 non
3553 2597 3778 2672 quidem

2172 2708 2353 2771 partes
2381 2699 2509 2767 Dei,
2550 2696 2646 2754 sed
2682 2696 2852 2753 factas
2885 2712 2918 2752 a
2958 2696 3071 2753 Deo
3093 2739 3111 2766 ,
3143 2711 3394 2767 peccasse
3420 2710 3453 2750 a
3481 2693 3779 2751 Conditore

2172 2790 2512 2859 recedendo;
2549 2800 2604 2846 et
2638 2788 2865 2846 diversis
2909 2788 3285 2861 progressibus
3329 2802 3425 2860 pro
3466 2785 3781 2843 diversitate

2177 2893 2538 2957 peccatorum,
2570 2898 2601 2939 a
2629 2882 2782 2939 caelis
2810 2897 2980 2954 usque
3005 2882 3073 2937 ad
3102 2890 3294 2951 terras,
3326 2891 3383 2938 et
3416 2880 3625 2938 diversa
3651 2893 3784 2957 cor-

2175 2993 2309 3049 pora
2337 2978 2490 3050 quasi
2516 2976 2729 3033 vincula
2757 2975 3020 3031 meruisse
3049 2991 3065 3031 :
3093 2982 3150 3031 et
3176 2974 3319 3031 hunc
3343 2989 3464 3031 esse
3491 2954 3780 3044 mundum,

2178 3087 2405 3142 eamque
2444 3084 2657 3127 causam
2702 3068 2888 3125 mundi
2935 3067 3098 3124 fuisse
3136 3065 3401 3136 faciendi,
3432 3082 3539 3123 non
3563 3074 3622 3121 ut
3647 3080 3786 3121 con-

2178 3163 2435 3220 derentur
2472 3164 2608 3219 bona
2628 3203 2644 3231 ,
2675 3160 2772 3217 sed
2798 3169 2859 3216 ut
2897 3159 3036 3216 mala
3064 3157 3465 3227 cohiberentur.
3495 3157 3630 3213 Hinc
3654 3154 3787 3212 Ori-

2179 3273 2344 3330 genes
2367 3258 2490 3328 jure
2518 3257 2784 3327 culpatur.
2816 3254 2875 3309 In
2906 3254 3057 3310 libris
3083 3252 3227 3310 enim
3251 3267 3389 3325 quos
3408 3244 3647 3323 appellat
3674 3257 3791 3323 περί

2180 3345 2348 3424 Ᾰρχῶν
2366 3394 2380 3419 ,
2409 3350 2461 3407 id
2484 3359 2596 3418 cst,
2625 3350 2692 3406 de
2717 3347 2996 3418 Principiis
3015 3387 3032 3415 ,
3059 3346 3163 3403 hoc
3190 3347 3385 3413 sensit,
3414 3344 3518 3400 hoc
3543 3343 3788 3414 scripsit.

2188 3446 2288 3503 Ubi
2313 3447 2435 3517 plus
2463 3461 2620 3517 quam
2645 3443 2752 3500 dici
2781 3450 2985 3514 potest,
3016 3442 3184 3497 miror
3208 3439 3481 3496 hominem
3514 3438 3568 3492 in
3602 3436 3789 3493 eccle-

2183 3539 2415 3595 siasticis
2435 3536 2627 3593 litteris
2650 3545 2755 3599 tam
2777 3534 2989 3590 doctum
3010 3540 3066 3589 et
3085 3531 3588 3598 cxercitatum,-non
3609 3524 3795 3583 atten‘«

2187 3634 2331 3690 disse
2350 3675 2367 3699 ,
2392 3633 2626 3703 primum
2655 3645 2815 3702 quam
2845 3629 2948 3685 hoc
2972 3636 3117 3684 esset
3141 3625 3465 3683 contrarium
3492 3623 3794 3694 Scriptura:

2187 3728 2347 3798 hujus
2386 3735 2548 3781 tanta:
2594 3723 2926 3779 auctoritatis
2971 3720 3286 3788 intentioni,
3313 3733 3443 3791 quin.
3471 3731 3569 3788 per
3602 3714 3799 3774 omnia

2188 3833 2347 3891 Opera
2382 3821 2476 3875 Dei
2504 3818 2863 3888 subjungens,
2894 3816 2960 3870 Et
2987 3815 3111 3869 vidit
3135 3813 3301 3880 Deus,
3328 3813 3453 3884 quia
3472 3811 3657 3867 bonum
3677 3816 3799 3877 est;

2188 3911 2571 3983 completisque
2595 3909 2845 3967 omnibus
2871 3907 3138 3972 inferens,
3166 3905 3236 3961 Et
3264 3904 3387 3961 vidit
3418 3903 3552 3960 Deus
3577 3902 3755 3958 omnia
3771 3941 3796 3971 ,

2190 4021 2303 4077 (μιαί
2331 4005 2481 4075 fecit,
2510 4013 2557 4059 et
2582 4021 2693 4058 ecce
2720 4003 2851 4057 bona
2884 4001 3031 4055 valde
3059 3999 3220 4073 (Gen.
3253 3999 3306 4070 1)
3342 4018 3355 4054 :
3387 3997 3588 4053 nullam
3624 3995 3797 4051 aliam

2124 4134 2137 4157 .
2191 4113 2405 4156 causam
2449 4097 2675 4153 faciendi
2714 4096 2899 4152 mundi
2941 4094 3168 4165 intelligi
3196 4094 3397 4162 voluit,
3428 4092 3533 4148 nisi
3561 4099 3620 4147 ut
3646 4082 3799 4147 bona

2191 4190 2383 4250 tierent
2409 4206 2440 4246 a
2468 4189 2614 4246 bono
2644 4189 2775 4246 Deo.
2803 4188 2905 4246 Ubi
2934 4188 2982 4243 si
3009 4202 3169 4243 nemo
3206 4193 3517 4258 peccasset,
3550 4192 3799 4240 tantum-

2192 4285 2353 4341 modo
2381 4285 2588 4340 naturis
2614 4284 2770 4340 bonis
2797 4290 2942 4340 esset
2967 4280 3200 4338 mundus
3224 4288 3447 4336 ornatus
3472 4288 3529 4336 et
3553 4279 3748 4349 plenus
3778 4294 3799 4335 :

2193 4387 2247 4434 et
2270 4377 2393 4448 quia
2431 4385 2708 4448 peccatum
2736 4386 2850 4443 est,
2886 4390 2993 4431 non
3028 4374 3149 4431 ideo
3181 4384 3374 4431 cuncta
3412 4381 3537 4430 sunt
3572 4371 3803 4443 impleta

2192 4472 2428 4544 peccatis
2447 4514 2463 4541 ,
2492 4487 2613 4528 cum
2649 4472 2910 4529 bonorum
2939 4472 3096 4542 longe
3121 4469 3293 4540 major
3317 4483 3575 4525 numerus
3601 4467 3655 4523 in
3680 4481 3805 4523 ca:-

2194 4564 2421 4621 lestibus
2446 4580 2557 4620 suae
2582 4573 2786 4620 natura:
2812 4562 3051 4618 ordinem
3077 4571 3275 4619 servet.
3305 4561 3416 4617 Nec
3439 4561 3578 4616 mala
3604 4558 3808 4614 volun.

2196 4666 2308 4725 tas,
2339 4658 2463 4730 quia
2500 4667 2705 4714 naturae
2733 4656 2977 4714 ordinem
3017 4670 3234 4712 servare
3272 4654 3477 4722 noluit,
3508 4652 3629 4708 ideo
3665 4651 3807 4722 justi

2194 4751 2291 4807 Dei
2337 4752 2481 4823 leges
2532 4750 2710 4806 omnia
2758 4750 2896 4807 bene
2940 4748 3238 4805 ordinantis
3281 4745 3485 4818 ellugit.
3529 4743 3807 4813 Quoniam

2195 4844 2334 4901 sicut
2371 4843 2579 4915 pictura
2620 4858 2743 4898 cum
2779 4842 2961 4898 colore
2988 4841 3175 4912 nigro,
3206 4840 3325 4896 loco
3352 4854 3451 4895 suo
3488 4835 3692 4909 posita,
3721 4834 3809 4891 ita

2196 4937 2519 4993 universitas
2544 4951 2754 5002 rerum,
2787 4935 2834 4990 si
2873 4933 2993 5005 quis
3016 4933 3187 5003 possit
3208 4931 3400 4987 intueri
3425 4970 3442 4999 ,
3470 4930 3631 4986 etiam
3669 4941 3808 4983 cum

2197 5029 2567 5102 peccatoribus
2595 5027 2817 5100 pulchra
2847 5037 2965 5095 est,
2994 5026 3239 5099 quamvis
3266 5040 3364 5097 per
3397 5039 3459 5081 se
3488 5023 3632 5096 ipsos
3658 5036 3807 5077 con-

2197 5124 2461 5181 sideratus
2490 5137 2587 5178 sua
2614 5121 2925 5179 deformitas
2955 5129 3152 5193 turpet.

2266 5216 2322 5270 2.
2346 5214 2548 5271 Deinde
2574 5213 2756 5271 videre
2778 5213 2963 5270 debuit
2982 5213 3261 5285 Origenes,
3289 5220 3345 5268 et
3370 5208 3692 5282 quicumque
3717 5207 3809 5266 ita

2197 5312 2431 5381 sapiunt,
2468 5311 2514 5365 si
2545 5311 2660 5366 haec
2683 5309 2864 5380 opinio
2887 5324 3012 5365 vera
3040 5315 3213 5376 esset,
3258 5305 3516 5372 mundum
3556 5303 3678 5360 ideo
3714 5301 3813 5359 fa-

2200 5412 2368 5470 ctum,
2396 5410 2455 5457 ut
2483 5402 2676 5457 animae
2705 5417 2804 5472 pro
2828 5401 3032 5457 meritis
3062 5409 3403 5472 peccatorum
3431 5410 3647 5453 suorum
3676 5404 3812 5450 tan-

2198 5509 2359 5567 quam
2384 5494 2649 5565 ergastula
2688 5493 2880 5566 quibus
2919 5494 3200 5564 poenaliter
3229 5491 3645 5554 includerentur,
3673 5500 3814 5543 cor—

2197 5602 2328 5658 pora
2372 5588 2707 5657 acciperent,
2765 5586 3039 5657 superiora
3088 5594 3144 5641 et
3185 5585 3387 5641 leviora
3431 5596 3548 5653 quae
3580 5578 3809 5651 minus,

2200 5679 2453 5736 inferiora
2477 5696 2607 5736 vero
2633 5689 2688 5736 et
2709 5679 2955 5751 graviora
2991 5694 3110 5750 quae
3147 5677 3376 5749 amplius
3398 5681 3763 5749 peccaverunt
3780 5690 3811 5750 ;

3361 5823 3368 5832 '
3492 5836 3513 5841 τ.
3546 5826 3577 5843 ιι.
3603 5841 3607 5846 ,
3673 5828 3679 5837 ν

2267 5866 2286 5899 ί
2319 5864 2536 5899 Nnnnulli
2560 5872 2649 5899 “ea
2711 5876 2821 5899 (ulla
2852 5871 2972 5899 nam
2992 5869 3064 5899 ad
3628 5854 3648 5885 ἰ
3740 5819 3812 5868 Ἴ

2319 5864 2540 5919 Nonnulli
2560 5872 2688 5931 Mss,
2710 5876 2821 5930 qua:
2841 5871 2972 5923 Dm
2991 5869 3083 5920 est.
