4064 6480
243 449 354 509 πῖ

253 562 536 620 daemones
565 561 762 635 quibus
791 561 1030 620 deterius
1057 561 1192 618 nihil
1229 571 1312 618 est
1331 603 1348 630 ,
1391 569 1604 617 terrena
1633 573 1862 630 corpora

253 653 452 726 quibus
509 653 738 710 inferius
781 662 836 710 et
882 655 1096 726 gravius
1147 653 1278 708 nihil
1319 660 1436 720 est,
1483 651 1662 723 potius
1700 665 1862 722 quam

255 747 509 804 homines
549 749 718 804 etiam
757 747 966 803 malos‘
999 747 1198 804 habere
1235 746 1504 802 debuisse.
1544 743 1696 800 Nunc
1734 755 1864 800 vero

259 851 320 896 ut
343 841 776 912 intelligeremus
805 843 1102 898 animarum
1143 841 1332 896 merita
1371 855 1478 896 non
1521 837 1864 910 qualitatibus

261 949 554 1004 corporum
587 951 711 991 esse
741 935 1010 1006 pensanda
1033 979 1048 1004 ,
1096 935 1302 992 aerium
1329 933 1590 1006 pessimus
1613 932 1825 988 daemon
1843 969 1860 998 ,

269 1027 434 1083 homo
461 1037 650 1084 autem
679 1037 734 1084 cl
773 1045 912 1086 nunc
941 1030 1064 1084 licet
1090 1029 1262 1085 malus
1285 1069 1302 1096 ,
1332 1028 1488 1098 longe
1516 1027 1738 1082 minoris
1763 1024 1864 1080 mi-

269 1117 528 1190 tiorisque
559 1117 776 1173 malitiae
795 1161 810 1186 ,
861 1129 918 1174 et
941 1129 1098 1176 certe
1123 1129 1248 1174 ante
1277 1127 1550 1188 peccatum
1583 1127 1758 1172 tamen
1785 1116 1892 1190 lup,

269 1219 414 1298 tertia
443 1228 646 1283 corpus
671 1213 894 1282 accepit.
925 1213 1064 1281 Quid
1091 1223 1268 1268 autem
1301 1213 1512 1266 stultius
1539 1211 1644 1266 dici
1669 1215 1864 1279 potest,

269 1319 426 1374 quam
459 1306 588 1374 per’I
619 1305 778 1358 istum
805 1305 995 1372 solem,
1028 1313 1087 1360 ut
1111 1305 1164 1359 in
1191 1319 1296 1358 uno
1319 1303 1516 1358 mundo
1543 1317 1681 1356 unus
1703 1307 1866 1368 esset,

271 1413 378 1452 non
421 1395 612 1454 decori
655 1397 1101 1468 pulchritudinis,
1149 1398 1232 1454 vel
1272 1397 1434 1454 etiam
1477 1396 1634 1452 saluti
1687 1408 1868 1450 rerum

273 1490 640 1559 corporalium
667 1491 1006 1546 consuluisse
1031 1490 1288 1546 artiﬁcem
1323 1491 1488 1546 Deum
1515 1490 1614 1560 (α),
1645 1487 1742 1544 sed
1768 1487 1872 1544 hoc

277 1581 458 1652 potius
485 1581 734 1637 evenisse
755 1623 769 1648 ,
809 1583 932 1651 quia
963 1597 1066 1638 una
1091 1583 1266 1638 anima
1305 1582 1383 1638 sic
1425 1587 1768 1652 peccaverat,
1815 1585 1874 1634 ut

271 1672 366 1726 tali
395 1687 626 1742 corpore
653 1681 962 1730 mereretur
987 1673 1218 1729 includi?
1245 1675 1322 1728 Ae
1351 1689 1446 1743 per
1469 1672 1572 1728 hoc
1607 1671 1654 1728 si
1697 1669 1870 1726 conti-

275 1765 444 1836 gisset
465 1806 483 1832 ,
529 1773 588 1820 ut
615 1779 724 1822 non
751 1781 850 1822 una
869 1807 884 1832 ,
915 1767 1006 1822 sed
1038 1766 1186 1834 dure;
1215 1767 1322 1822 imo
1350 1780 1456 1821 non
1485 1764 1626 1830 duae,
1657 1761 1752 1818 sed
1777 1761 1874 1818 de-

273 1871 416 1920 cem,
449 1857 536 1912 vcl
559 1867 776 1912 centum
796 1899 810 1926 ,
843 1857 1092 1916 similiter
1113 1857 1494 1929 aequaliterque
1523 1863 1870 1927 peccassent,

271 1955 488 2002 centum
517 1947 662 2004 soles
687 1947 910 2006 haberet
928 1948 1016 2004 hic
1039 1949 1292 2005 mundus.
1319 1948 1472 2016 Quod
1493 1955 1550 2002 ut
1569 1963 1676 2002 non
1698 1947 1870 2014 fieret,

275 2057 382 2096 non
411 2043 623 2110 opiﬁcis
645 2043 950 2114 provisione
975 2045 1203 2101 mirabili
1227 2045 1292 2100 ad
1315 2059 1498 2102 rerum
1517 2041 1874 2112 corporalium

277 2133 508 2188 salutem
535 2131 894 2206 decoremque
919 2137 1222 2192 consultum
1251 2145 1361 2202 est;
1407 2135 1502 2192 sed
1531 2134 1752 2204 contigit
1775 2146 1874 2204 po.

277 2225 382 2278 tius
403 2231 548 2280 tanta
573 2225 730 2280 unius
751 2225 944 2282 anima:
967 2228 1342 2300 progressione
1361 2227 1656 2298 peccantis,
1679 2233 1736 2280 ut
1759 2223 1875 2280 sola

275 2329 476 2386 corpus
519 2319 625 2376 tale
669 2330 994 2378 mereretur.
1049 2323 1166 2379 Non
1219 2324 1378 2394 plane
1429 2323 1758 2390 animarum,
1805 2319 1876 2376 de

275 2409 474 2479 quibus
503 2413 750 2468 nesciunt
775 2415 900 2486 quid
929 2416 1214 2487 loquantur
1233 2459 1248 2484 ,
1295 2417 1392 2472 sed
1421 2431 1606 2472 eorum
1633 2415 1874 2484 ipsorum

277 2501 374 2572 qui
403 2501 531 2558 talia
557 2505 806 2574 sapiunt,
855 2507 1080 2562 multum
1111 2509 1266 2580 longe
1289 2523 1320 2564 a
1349 2511 1572 2564 veritate
1601 2515 1656 2563 et
1683 2505 1877 2562 merito

275 2601 362 2648 est
387 2595 686 2650 coercenda
712 2599 1034 2668 progressio.
1065 2599 1192 2656 Haec
1211 2615 1342 2670 ergo
1363 2601 1462 2655 tria
1484 2615 1603 2671 qua:
1631 2597 1878 2669 superius

279 2685 675 2756 commendavi,
699 2703 818 2744 cum
837 2689 890 2746 in
915 2705 1232 2762 unaquaque
1249 2701 1492 2748 creatura
1509 2691 1870 2762 requiruntur,

281 2778 404 2847 quis
433 2793 552 2834 eam
583 2779 812 2850 fecerit,
843 2799 939 2853 per
968 2785 1094 2854 quid
1125 2785 1346 2854 fecerit,
1375 2800 1541 2856 quare
1569 2783 1790 2850 fecerit,
1819 2789 1880 2838 ut

277 2871 692 2940 respondeatur,
737 2874 898 2938 Deus,
945 2891 1043 2946 per
1087 2877 1350 2943 Verbum,
1395 2878 1528 2946 Quia
1557 2877 1696 2934 bona
1722 2885 1804 2934 est
1828 2875 1875 2946 ⁸,

281 2971 464 3018 utrum
501 2965 786 3022 altitudine
823 2969 1046 3038 mystica
1075 2969 1228 3024 nobis
1259 2971 1370 3040 ipsa
1399 2969 1632 3026 Trinitas
1657 2969 1875 3025 intime-

279 3063 369 3110 tur
389 3096 408 3122 ,
453 3055 556 3113 hoc
594 3069 678 3114 est
711 3059 868 3116 Pater
893 3069 948 3116 ct
977 3061 1142 3116 Filius
1173 3071 1228 3118 et
1260 3061 1488 3132 Spiritus
1515 3069 1758 3127 sanctus;
1803 3075 1878 3118 an

279 3147 484 3218 aliquid
515 3159 796 3220 occurrat,
843 3153 986 3223 quod
1017 3153 1068 3208 in
1112 3155 1214 3210 hoc
1243 3155 1360 3210 loco
1403 3153 1796 3223 Scripturarum
1821 3151 1876 3208 id

279 3242 654 3312 accipiendum
681 3260 802 3302 esse
827 3245 1132 3316 prohibeat,
1160 3248 1312 3302 multi
1336 3248 1598 3304 sermonis
1622 3255 1704 3302 est
1725 3261 1874 3318 qua:-

277 3337 386 3390 stio
405 3377 424 3404 ,
469 3351 568 3392 nec
593 3337 772 3393 omnia
797 3354 904 3396 uno
931 3339 1200 3396 volumine
1228 3348 1286 3395 ut
1309 3340 1639 3410 explicemus
1679 3353 1874 3410 urgen-

279 3425 410 3482 dum
437 3437 536 3484 cst.

281 3539 508 3598 CAPUT
547 3541 739 3598 XXIV.
763 3573 835 3584 -—
855 3543 934 3598 De
961 3543 1209 3600 Trinitate
1233 3546 1420 3612 divina,
1453 3561 1564 3612 quia
1588 3561 1676 3618 per
1703 3547 1876 3601 omnia

449 3654 604 3710 opera
633 3655 726 3693 sua
751 3639 1136 3710 signiﬁcationis
1163 3657 1270 3696 sua:
1295 3641 1478 3710 sparsit
1502 3641 1710 3696 indicia.

351 3749 670 3817 Credimus,
715 3763 770 3807 et
813 3761 1090 3816 tenemus,
1133 3763 1188 3810 et
1229 3753 1458 3810 ﬁdeliter
1489 3753 1872 3825 praedicamus,

279 3841 424 3912 quod
456 3843 613 3900 Pater
641 3846 887 3915 genuerit
919 3847 1150 3902 Verbum
1175 3889 1190 3914 ,
1239 3847 1342 3903 hoc
1383 3857 1468 3902 est
1507 3847 1832 3918 Sapientiam
1854 3889 1870 3916 ,

281 3951 378 4004 per
399 3952 559 4006 quam
593 3937 728 3993 facta
755 3947 878 3994 sunt
907 3940 1104 4008 omnia,
1135 3941 1464 4011 unigenitum
1493 3941 1710 4008 Filium,
1733 3955 1874 3997 unus

279 4043 444 4083 unum
465 4071 482 4096 ,
509 4039 746 4086 mternus
773 4039 1098 4086 eomternum
1124 4075 1139 4100 ,
1172 4047 1382 4088 summe
1405 4032 1574 4088 bonus
1601 4033 1876 4103 aequaliter

281 4117 510 4184 bonum;
561 4131 618 4176 et
643 4121 784 4192 quod
814 4121 1042 4192 Spiritus
1085 4133 1302 4180 sanctus
1329 4123 1486 4178 simul
1525 4133 1580 4179 et
1619 4123 1792 4179 Patris
1819 4131 1876 4180 et

283 4209 398 4266 Filii
423 4213 498 4268 sit
520 4213 753 4282 Spiritus
775 4209 794 4276 ἰ
839 4221 895 4270 et
925 4215 1038 4285 ipse
1069 4216 1536 4272 consubstantialis
1565 4227 1616 4272 et
1647 4227 1874 4273 coaeter-

283 4319 384 4360 nus
407 4305 676 4363 ambobus
701 4325 714 4362 :
737 4317 894 4376 atque
923 4308 1024 4363 hoc
1047 4317 1212 4364 totum
1235 4319 1288 4365 et
1311 4309 1544 4364 Trinitas
1567 4311 1636 4365 sit
1660 4319 1876 4382 propter

283 4399 664 4468 proprietatem
689 4414 1062 4468 personarum,
1085 4411 1138 4455 et
1163 4415 1298 4456 unus
1327 4401 1465 4456 Deus
1493 4411 1708 4472 prepter
1733 4401 1876 4456 inse-

283 4489 575 4558 parabilem
605 4489 957 4558 divinitatem,
987 4492 1126 4546 sicut
1145 4507 1282 4546 unus
1302 4493 1640 4560 omnipotens
1659 4501 1877 4562 propter

283 4579 700 4650 inseparabilem
747 4581 1188 4652 omnipotentiam
1224 4601 1236 4636 :
1271 4582 1342 4636 ita
1393 4593 1566 4636 tamen
1615 4591 1674 4636 ut
1715 4583 1874 4636 etiam

283 4687 404 4728 cum
453 4673 522 4728 de
567 4673 793 4744 singulis
835 4675 1127 4744 quaeritur,
1175 4675 1537 4744 unusquisque
1587 4687 1772 4728 eorum
1823 4681 1879 4728 et

288 4765 430 4820 Deus
453 4776 508 4822 et
533 4767 874 4837 omnipotens
902 4781 1024 4822 esse
1067 4765 1480 4838 respondeatur;
1509 4779 1630 4820 cum
1659 4779 1787 4820 vero
1809 4763 1879 4820 de

283 4857 534 4912 erunibus
573 4858 772 4924 simul,
817 4873 922 4912 non
953 4866 1062 4914 tres
1101 4857 1172 4912 dii
1202 4858 1285 4912 vel
1313 4865 1420 4912 tres
1448 4857 1876 4926 omnipotentes,

283 4949 380 5003 sed
417 4964 556 5004 unus
597 4949 738 5004 Deus
777 4951 1146 5021 omnipotens;
1189 4959 1334 5004 tanta
1377 4949 1446 5004 ibi
1489 4957 1574 5004 est
1611 4949 1663 5002 in
1711 4949 1879 5003 tribus

285 5039 664 5112 inseparabilis
707 5042 920 5110 unitas,
968 5057 1087 5112 qua:
1132 5043 1210 5098 sic
1261 5057 1320 5096 se
1369 5041 1534 5096 voluit
1579 5041 1876 5112 praedicari.

285 5131 476 5187 Utrum
501 5141 682 5188 autem
701 5133 822 5188 boni
843 5133 1015 5188 Patris
1035 5143 1089 5188 et
1111 5134 1234 5188 boni
1253 5133 1372 5188 Filii
1391 5133 1619 5202 Spiritus
1641 5141 1874 5198 sanctus,

283 5227 408 5297 quia
435 5227 738 5282 communis
765 5227 1024 5302 ambobus
1043 5235 1144 5290 est,
1179 5235 1325 5280 recte
1350 5225 1560 5280 bonitas
1585 5223 1686 5279 dici
1711 5223 1882 5294 possit

283 5317 592 5386 amborum,
623 5333 730 5374 non
757 5317 932 5374 audeo
955 5317 1293 5374 temerariam
1317 5317 1647 5386 prmcipitare
1669 5323 1881 5370 senten-

357 5545 370 5574 ι
409 5551 532 5602 uss,
580 5541 730 5592 etiam
767 5541 924 5592 bonos.
948 5541 1044 5602 psic
1089 5541 1243 5602 etiam,
1273 5537 1414 5587 Vind.
1459 5543 1512 5602 et
1553 5545 1649 5602 Ain.
1699 5537 1791 5585 Sed
1831 5536 1882 5586 hi

279 5606 386 5654 duo
431 5597 547 5655 editi
579 5615 708 5667 post,
751 5603 900 5654 etiam
937 5601 1112 5664 bonos;
1157 5601 1354 5660 addunt,
1395 5600 1552 5663 potius
1573 5597 1716 5648 etiam
1737 5611 1882 5660 quam

279 5667 658 5786 Wgotgarticula,
684 5741 792 5791 per,
815 5727 955 5778 abest
977 5741 1004 5777 a
1026 5727 1364 5788 manuscriptis
1389 5731 1440 5774 et
1470 5723 1530 5772 ab
1571 5721 1717 5772 editis
1743 5721 1878 5772 Vind.

279 5801 391 5884 An}
491 5801 634 5903 lvlint}.
659 5863 758 5900 Arn.
790 5859 842 5902 et
865 5859 970 5902 Mss.
1009 5859 1060 5901 Μ,
1081 5857 1155 5900 Er.
1197 5859 1247 5900 et
1277 5857 1406 5908 1.(ι“.’.,
1434 5861 1546 5910 quia
1569 5845 1714 5896 bonus
1730 5852 1816 5896 est.

277 5915 428 6028 η’(ῗέ
449 5913 579 5966 conf.
605 5912 696 5966 lib.
719 5915 778 5966 ad
800 5921 936 5965 Oros.
961 5922 1116 5966 contr.
1155 5911 1497 5965 Priscillianist.
1525 5917 1574 5961 et
1598 5911 1880 5976 origemsu,

1607 437 1814 496 LIBER
1849 433 2266 497 UNDECIMUS.

1967 560 2102 614 tiam
2127 575 2140 612 :
2165 565 2534 616 verumtamen
2559 559 2842 618 amborum
2867 575 2994 618 eum
3017 559 3197 628 dicere
3223 563 3554 626 sanctitatem

1969 650 2178 707 facilius
2207 665 2372 708 ausus
2397 651 2568 720 fuero,
2593 667 2704 708 non
2731 654 3014 710 amborum
3042 654 3192 726 quasi
3219 655 3554 726 qualitatem,

1973 745 2066 802 sed
2086 746 2256 816 ipsum
2274 746 2292 778 ¹
2313 761 2526 818 quoque
2543 747 2912 816 substantiam,
2929 757 2984 804 et
3001 749 3210 806 tertiam
3233 749 3284 804 in
3302 749 3560 809 Trinitate

1975 855 2280 910 personam.
2313 839 2396 896 Ad
2423 840 2527 896 hoc
2551 841 2694 898 enim
2721 858 2810 898 me
2845 843 3168 912 probabilius
3195 845 3376 913 ducit,
3415 847 3562 917 quod

1973 949 2096 988 cum
2123 933 2194 988 sit
2217 941 2272 988 et
2299 933 2456 988 Pater
2479 933 2696 1002 spiritus
2731 943 2784 988 et
2811 933 2976 990 Filius
3010 937 3226 1006 spiritus
3249 979 3266 1006 ,
3313 945 3370 994 et
3401 937 3562 996 Pater

1973 1035 2210 1092 sanctus,
2236 1033 2292 1080 et
2309 1025 2478 1080 Filius
2497 1035 2732 1092 sanctus,
2753 1027 2968 1096 proprie
2990 1036 3170 1084 tamen
3195 1031 3309 1100 ipse
3339 1041 3562 1087 vocatur

1975 1119 2206 1188 Spiritus
2241 1125 2478 1183 sanctus,
2525 1125 2774 1186 tanquam
2821 1119 3077 1174 sanctitas
3119 1121 3480 1176 substantialis
3509 1131 3564 1178 et

1975 1207 2442 1262 cunsubstantialis
2485 1207 2786 1262 amborum.
2817 1207 2924 1264 Sed
2953 1209 2996 1264 si
3027 1209 3158 1264 nihil
3179 1211 3324 1268 aliud
3353 1221 3435 1267 est
3463 1212 3562 1266 bo-

1977 1301 2116 1355 nitas
2141 1301 2318 1354 divina
2344 1315 2502 1370 quam
2529 1300 2805 1366 sanctitas,
2841 1299 3075 1369 profecto
3095 1309 3150 1356 et
3173 1301 3262 1356 illa
3291 1285 3560 1374 diligentia

1977 1391 2200 1446 rationis
2225 1399 2342 1456 est,
2395 1405 2501 1444 non
2529 1390 2961 1460 prtesumptionis
2987 1391 3228 1460 audacia,
3259 1403 3319 1448 ut
3347 1397 3398 1450 in
3439 1411 3566 1465 ope-

1979 1491 2124 1546 ribus
2151 1490 2240 1544 Dei
2263 1499 2472 1546 secreto
2497 1489 2726 1560 quodam
2757 1492 3011 1561 loquendi
3043 1493 3224 1560 modo,
3253 1509 3360 1564 quo
3383 1506 3564 1550 nostra

1978 1593 2290 1638 exerceatur
2313 1583 2566 1649 intentio,
2609 1585 2796 1640 eadem
2829 1584 2982 1640 nobis
3009 1585 3274 1641 insinuata
3305 1587 3566 1658 intelliga-

1981 1685 2065 1728 tur
2091 1674 2342 1740 Trinitas,
2387 1690 2816 1746 unamquamque
2859 1687 3162 1733 creaturam
3203 1679 3323 1748 quis
3351 1677 3568 1748 fecerit,

1977 1781 2076 1840 per
2101 1768 2226 1838 quid
2258 1766 2479 1833 fecerit,
2511 1777 2735 1840 propter
2770 1769 2898 1840 quid
2945 1771 3150 1828 fecerit.
3183 1772 3342 1828 Pater
3371 1775 3568 1844 quippe

1979 1859 2292 1930 intelligitur
2317 1859 2500 1928 Verbi,
2545 1859 2638 1930 qui
2686 1861 2840 1926 dixit,
2885 1861 3026 1916 Fiat.
3073 1863 3226 1931 Quod
3263 1875 3442 1920 autem
3479 1867 3570 1922 illo

1979 1953 2192 2008 dicente
2220 1952 2417 2007 factum
2447 1961 2548 2016 est,
2579 1955 2764 2022 procul
2793 1953 2956 2010 dubio
2983 1971 3078 2026 per
3107 1957 3340 2013 Verbum
3369 1957 3570 2014 factum

1981 2055 2080 2101 est.
2117 2046 2172 2100 In
2215 2061 2281 2100 eo
2309 2061 2437 2100 vero
2465 2045 2607 2116 quod
2637 2045 2831 2102 dicitur
2849 2089 2865 2116 ,
2907 2047 3044 2103 Vidit
3073 2049 3208 2106 Dens
3233 2055 3351 2122 quia
3379 2053 3568 2108 bonum

1981 2149 2084 2202 est;
2115 2141 2246 2194 satis
2275 2139 2638 2208 significatur,
2669 2140 2834 2194 Deum
2869 2142 3014 2198 nulla
3043 2145 3360 2202 necessitate
3380 2187 3395 2212 ,
3423 2147 3570 2202 nulla

1981 2245 2090 2284 sua:
2121 2230 2434 2300 cujusquam
2459 2231 2702 2286 utilitatis
2731 2231 3046 2303 indigentia,
3075 2235 3170 2289 sed
3195 2235 3308 2290 sola
3333 2237 3572 2294 bonitate

1981 2321 2172 2378 fecisse
2195 2321 2336 2391 quod
2359 2321 2556 2377 factum
2579 2331 2684 2388 est,
2715 2323 2766 2378 id
2791 2333 2892 2390 est,
2915 2325 3036 2396 quia
3057 2325 3258 2382 bonum
3285 2337 3367 2383 est
3392 2347 3406 2384 :
3427 2329 3572 2400 quod

1981 2413 2126 2484 ideo,
2155 2423 2502 2486 posteaquam
2531 2415 2726 2472 factum
2747 2425 2848 2480 est,
2873 2416 3088 2484 dicitur,
3111 2427 3170 2474 ut
3187 2435 3275 2475 res
3293 2437 3412 2492 quae
3433 2421 3570 2478 facta

1979 2517 2082 2572 est,
2110 2521 2408 2576 congruere
2433 2507 2658 2562 bonitati
2683 2517 2904 2578 propter
2935 2525 3094 2580 quam
3121 2510 3256 2566 facta
3281 2521 3362 2568 est
3381 2553 3395 2578 ,
3427 2513 3570 2570 indi-

1982 2609 2154 2654 cetur.
2185 2599 2316 2667 Qum
2347 2599 2554 2656 bonitas
2581 2601 2624 2654 si
2651 2599 2886 2670 Spiritus
2911 2610 3126 2657 sanctus
3153 2612 3298 2658 recte
3317 2603 3570 2673 intelligi-

1985 2701 2102 2756 tur,
2145 2691 2389 2746 univcrsa
2419 2690 2572 2746 nobis
2597 2691 2830 2748 Trinitas
2855 2693 2908 2746 in
2941 2693 3052 2748 suis
3080 2693 3334 2763 operibus
3357 2693 3572 2748 intima-

1983 2791 2089 2838 tur.
2119 2783 2248 2839 lnde
2277 2793 2362 2840 est
2389 2783 2620 2840 civitatis
2647 2793 2878 2850 sanctae,
2912 2799 3031 2854 qua:
3054 2785 3110 2841 in
3131 2785 3328 2842 sanctis
3353 2787 3572 2858 Angelis

1983 2890 2194 2932 sursum
2221 2885 2324 2942 est,
2351 2885 2406 2930 et
2427 2876 2600 2948 origo,
2625 2885 2680 2930 et
2701 2874 3026 2944 informatio,
3044 2885 3100 2934 et
3118 2875 3406 2932 beatitudo.
3435 2877 3570 2934 Nam

1981 2968 2028 3024 si
2053 2979 2324 3039 quieratur
2353 2968 2496 3024 unde
2523 2969 2612 3034 sit,
2645 2969 2786 3025 Deus
2813 2985 2930 3026 eam
2961 2971 3236 3026 condidit:
3259 2973 3304 3026 si
3331 2971 3472 3026 unde
3501 2973 3574 3028 sit

1981 3063 2216 3132 sapiens,
2265 3077 2296 3116 a
2341 3062 2454 3116 Deo
2501 3061 2936 3117 illuminaturzsi
2977 3063 3118 3118 unde
3155 3063 3226 3118 sit
3265 3064 3412 3132 felix,
3459 3065 3572 3120 Deo

1981 3154 2177 3208 fruitur
2204 3170 2218 3208 :
2245 3152 2548 3210 subsistens
2565 3153 2921 3220 modificatur,
2947 3155 3318 3224 contemplans
3339 3156 3572 3210 illustra-

1981 3255 2088 3312 tur,
2115 3245 2386 3302 inhaerens
2406 3245 2759 3316 jucundatur;
2787 3253 2890 3312 est,
2919 3245 3096 3312 videt,
3123 3255 3300 3312 amat;
3331 3247 3382 3300 in
3409 3257 3572 3303 aeter-

1987 3339 2152 3394 nitate
2177 3338 2272 3394 Dei
2297 3338 2460 3408 viget,
2493 3337 2548 3392 in
2570 3337 2794 3394 veritate
2820 3337 2912 3392 Dei
2943 3337 3106 3406 lucet,
3137 3339 3188 3392 in
3215 3337 3452 3393 bonitate
3471 3337 3570 3394 Dei

1977 3433 2192 3504 gaudeL

1979 3545 2206 3606 CAPUT
2233 3545 2400 3602 XXV.
2425 3575 2494 3586 --
2509 3543 2585 3601 De
2611 3546 2866 3617 tripertita
2887 3545 3038 3600 totius
3060 3544 3398 3616 philosOpltite
3415 3545 3570 3600 disci-
3633 3563 3650 3578 ο

2695 3637 2853 3708 plina.
2929 3633 2942 3650 “

2051 3758 2320 3826 Quantum
2353 3754 2576 3824 intelligi
2603 3753 2778 3819 datur,
2813 3751 2938 3806 hinc
2961 3749 3264 3824 philosophi
3289 3749 3568 3821 sapientiae

1979 3849 2318 3919 disciplinam
2351 3846 2669 3917 tripartitam
2713 3859 2834 3900 esse
2857 3843 3167 3908 voluerunt;
3199 3843 3307 3897 imo
3335 3841 3567 3912 triparti-

1982 3953 2086 3998 tam
2125 3957 2244 3998 esse
2282 3940 2709 3995 animadvertere
2737 3945 3023 4007 potuerunt
3060 3937 3254 4006 (neque
3283 3935 3426 3990 enim
3464 3935 3567 4006 ipsi

1981 4035 2326 4089 instituerunt
2355 4041 2412 4088 ut
2443 4032 2514 4086 ita
2540 4039 2704 4096 esset,
2741 4028 2836 4084 sed
2880 4029 2948 4084 ita
2991 4043 3108 4083 esse
3147 4027 3322 4097 potius
3350 4027 3566 4082 invene-

1981 4125 2128 4198 runt)
2157 4143 2169 4180 :
2195 4125 2348 4195 cujus
2387 4137 2490 4178 una
2535 4137 2659 4193 pars
2701 4121 3058 4192 appellaretur
3097 4119 3351 4190 physica,
3399 4119 3568 4174 altera

1981 4217 2168 4288 logica,
2201 4215 2356 4270 tertia
2383 4213 2574 4269 ethica.
2599 4213 2834 4280 Quarum
2863 4211 3074 4264 nomina
3099 4209 3259 4263 latina
3284 4209 3393 4278 jam
3423 4208 3567 4264 mul-

1943 4327 1948 4336 '
1983 4321 2157 4366 turum
2203 4308 2396 4362 litteris
2425 4303 2758 4374 frequentata
2787 4311 2942 4367 sunt,
2984 4309 3040 4356 ut
3065 4299 3326 4355 naturalis
3349 4341 3363 4366 ,
3405 4299 3570 4355 ratio-

1983 4405 2138 4472 nalis,
2181 4403 2506 4472 moralisque
2543 4406 2900 4454 vocarentur:
2933 4411 3066 4464 quas
3095 4395 3252 4449 etiam
3299 4393 3352 4448 in
3379 4401 3570 4448 octavo

1983 4499 2118 4552 libro
2149 4495 2386 4550 breviter
2421 4490 2830 4562 perstrinximus
2866 4487 3014 4556 (Cap.
3037 4485 3269 4556 αἰδοίη).
3293 4483 3570 4554 Nonquod

1983 4591 2050 4642 sit
2079 4585 2473 4656 consequens',
2507 4591 2566 4636 ut
2602 4581 2687 4636 isti
2727 4581 2780 4634 in
2823 4579 2906 4632 his
2939 4577 3109 4632 tribus
3135 4575 3335 4646 aliquid
3367 4589 3564 4630 secun-

1981 4683 2106 4736 dum
2137 4679 2301 4734 Deum
2333 4677 2402 4732 de
2429 4675 2689 4730 Triuitate
2728 4669 3098 4742 cogitaverim.
3141 4667 3394 4735 Quamvis
3415 4665 3571 4722 Plato

1985 4775 2186 4844 primus
2221 4773 2375 4826 istam
2420 4765 2848 4823 distributionem
2891 4763 3162 4832 reperisse
3201 4769 3255 4816 et
3294 4774 3568 4815 commen-
3661 4801 3664 4804 .

1983 4868 2138 4920 dasse
2162 4863 2370 4918 dicatur
2393 4902 2406 4926 ,
2439 4860 2524 4914 cui
2555 4873 2728 4928 neque
2773 4865 3081 4911 naturarum
3117 4851 3352 4908 omnium
3383 4856 3570 4902 auctor

1987 4959 2084 5013 nisi
2118 4957 2256 5012 Deus
2283 4955 2429 5010 visus
2453 4961 2536 5008 est
2557 4993 2572 5020 ,
2607 4965 2778 5020 neque
2807 4946 3166 5018 intelligentia:
3191 4943 3364 5004 dator,
3397 4955 3571 5010 neque

1986 5053 2203 5114 amoris,
2246 5065 2350 5120 quo
2389 5048 2528 5102 bene
2566 5045 2824 5114 beateque
2865 5041 3078 5106 vivitur,
3127 5035 3430 5103 inspirator.
3463 5032 3570 5088 Sed

1985 5157 2130 5204 certe
2150 5160 2272 5201 cum
2294 5151 2348 5198 et
2371 5142 2438 5197 de
2463 5149 2650 5198 natura
2681 5151 2880 5200 rerum,
2909 5143 2962 5187 et
2987 5131 3054 5186 de
3081 5127 3285 5184 ratione
3316 5123 3573 5196 indagan-

1985 5241 2104 5295 da:3
2137 5237 2372 5292 veritatis
2397 5279 2411 5303 ,
2453 5245 2506 5290 et
2547 5231 2613 5288 de
2647 5230 2770 5284 boni
2811 5225 2916 5280 fine
2957 5221 3023 5278 ad
3050 5235 3207 5292 quem
3235 5225 3422 5274 cuncta
3454 5233 3572 5288 qua:

1986 5336 2192 5406 agimus
2226 5329 2428 5386 referre
2471 5325 2758 5386 debemus,
2805 5315 3002 5373 diversi
3045 5313 3254 5367 diversa
3297 5309 3570 5366 sentiant:

1987 5405 2038 5484 in
2067 5429 2150 5482 his
2181 5437 2355 5479 tamen
2389 5421 2560 5476 tribus
2592 5415 2794 5484 magnis
2822 5420 2876 5466 et
2899 5406 3236 5481 generalibus
3257 5405 3572 5476 quaestioni-

1987 5521 2087 5574 bus
2117 5515 2290 5572 omnis
2319 5527 2502 5568 corum
2531 5515 2774 5564 versatur
2803 5501 3048 5558 intentio.
3083 5499 3157 5555 Ita
3187 5513 3308 5554 cum
3345 5497 3396 5552 in
3435 5511 3567 5551 una-

1988 5627 2196 5684 quaque
2226 5623 2408 5662 carum
2433 5601 2560 5673 quid
2599 5599 2826 5670 quisque
2869 5603 3139 5658 sectetur,
3183 5589 3458 5660 multiplex
3504 5589 3546 5640 si

1989 5699 2344 5772 discrepantia
2371 5693 2680 5765 Opinionum
2699 5732 2714 5756 ,
2745 5703 2866 5746 esse
2895 5697 3072 5744 tamen
3100 5685 3332 5756 aliquam
3361 5688 3566 5738 naturae

2052 5841 2069 5871 ί
2105 5839 2176 5887 Sic
2196 5841 2301 5884 Mss.
2327 5831 2444 5880 Editi
2471 5841 2606 5886 vero,
2629 5825 2802 5886 ipsam.

2051 5905 2071 5934 ³
2107 5882 2317 5947 ﬁndi—et
2341 5893 2564 5956 plerique
2720 5902 2742 5956 :_
2759 5895 2858 5956 Non
2879 5895 2974 5946 quo
2993 5882 3054 5934 sit
3076 5887 3376 5940 consequens.

2056 5965 2078 5996 ⁸
2107 5961 2274 6012 Probae
2287 5949 2412 6008 notae
2435 5949 2564 6020 llis,
2587 5949 2895 6004 inveniendis-
