4054 6478
488 452 594 513 339

488 584 729 638 unum,
757 570 994 626 scientiae
1022 565 1274 632 formam,
1297 561 1423 618 vita
1447 571 1735 623 summam,
1765 567 1925 610 nemo
1946 564 2078 606 cun-

1552 440 1642 499 DE
1676 433 2003 498 CIVITATE
2040 427 2177 499 DEI;
2216 426 2279 484 8.
2318 421 2685 486 AUGUSTINI

3662 398 3778 477 ΜΦ

2187 541 2567 614 imaginatione
2585 534 2968 601 todihcatoria.
2997 530 3131 595 mihi
3156 543 3281 595 esse
3299 540 3406 593 me.
3427 524 3589 597 idque
3610 537 3779 587 nosse

493 673 689 720 etatur.
714 615 852 718 ’Tria
895 660 1053 715 etiam
1088 666 1212 712 sunt
1242 615 1364 725 qua:
1409 652 1463 707 in
1500 661 1822 719 unoquoque
1865 643 2083 698 homine
2183 646 2242 694 et
2263 649 2446 691 amare
2467 630 2829 695 certissimum
2849 635 2952 684 est.
2980 622 3137 683 Nulla
3164 623 3221 679 in
3248 620 3331 677 bis
3378 618 3520 676 veris
3569 615 3780 675 Acade-
3824 634 3829 661 ε

501 756 710 812 artiﬁce
748 762 1077 823 spectantur,
1109 758 1166 804 ut
1206 745 1407 818 aliquid
1448 743 1680 808 efﬁciat;
1731 748 1941 803 natura,
1982 735 2083 790 do-

496 849 691 911 ctrina,
725 861 887 900 usus:
914 853 1102 899 natura
1133 841 1369 911 ingenio,
1407 835 1651 893 doctrina
1678 832 1920 896 scientia,
1954 842 2085 884 usus

497 938 673 995 fructu
715 936 1087 1007 dijudicandus
1133 926 1234 989 est.
1288 930 1397 988 Nec
1440 931 1629 1000 ignoro
1676 924 1820 996 quod
1873 922 2088 994 proprie

502 1031 709 1086 fructus
732 1030 980 1096 iruentis,
1010 1042 1139 1083 usus
1163 1024 1362 1081 utentis
1382 1021 1480 1087 sit;
1510 1029 1672 1090 atque
1695 1016 1798 1071 hoc
1826 1015 2089 1069 interesse

504 1123 767 1188 videatur,
800 1121 945 1193 quod
971 1136 1033 1183 ea
1063 1135 1125 1175 re
1169 1118 1275 1172 l'rui
1318 1115 1547 1173 dicimur
1568 1153 1583 1178 ,
1620 1124 1741 1182 quae
1766 1123 1865 1163 nos
1890 1120 2000 1161 non
2022 1101 2091 1159 ad

502 1215 645 1273 aliud
670 1213 955 1271 referenda
985 1228 1080 1284 per
1112 1225 1172 1266 se
1210 1208 1417 1278 ipsam‘
1441 1205 1708 1269 delectat;
1749 1201 1826 1256 uti
1859 1212 1988 1255 vero
2026 1210 2092 1254 ea

504 1326 584 1378 re,
614 1325 774 1382 quam
800 1316 1022 1379 propter
1038 1303 1187 1360 aliud
1208 1301 1496 1373 quaerimus
1519 1298 1618 1369 la).
1647 1294 1799 1355 Unde
1825 1302 2093 1363 tempora-

506 1403 649 1459 libus
694 1400 863 1472 magis
894 1397 1148 1455 utendum
1178 1405 1280 1461 est,
1325 1407 1486 1465 quam
1529 1387 1847 1453 fruendum,
1895 1392 1955 1440 ut
1990 1383 2094 1438 l'rui

506 1511 812 1552 mereamur
830 1494 1068 1550 aeternis.
1094 1490 1210 1547 Non
1233 1494 1370 1545 sicut
1392 1485 1649 1557 perversi,
1673 1482 1763 1554 qui
1784 1480 1886 1537 frui
1908 1478 2096 1535 volunt

509 1594 750 1650 nummo,
779 1586 853 1641 uti
873 1594 1052 1641 autem
1079 1582 1221 1647 Deo;
1252 1579 1503 1652 quoniam
1531 1591 1639 1631 non
1668 1586 1945 1629 nummum
1973 1582 2097 1641 pro-

512 1689 632 1749 pter
660 1677 825 1737 Deum
868 1675 1200 1747 impendunt,
1248 1672 1343 1728 sed
1377 1673 1542 1726 Deum
1573 1676 1791 1739 propter
1819 1678 2096 1720 nummum

511 1770 715 1837 colunt.
762 1769 1141 1825 Verumtamen
1187 1781 1253 1822 eo
1296 1763 1549 1836 loquendi
1580 1761 1762 1828 modo,
1791 1775 1951 1830 quem
1978 1758 2098 1828 plus

511 1861 743 1921 obtinuit
779 1859 1132 1926 consuetudo,
1183 1865 1240 1915 et
1280 1855 1547 1912 fructibus
1586 1854 1805 1918 utimur,
1834 1859 1891 1907 et
1918 1849 2099 1905 usibus

510 1956 756 2010 l'ruimur.
780 1953 915 2009 Nam
935 1962 991 2008 et
1014 1952 1221 2008 fructus
1261 1950 1375 2021 jam
1420 1947 1634 2019 proprie
1660 1946 1910 2000 dicuntur
1946 1955 2102 2012 agro-

513 2062 662 2115 rum,
690 2048 885 2118 quibus
910 2046 1093 2116 utique
1118 2057 1309 2099 omnes
1337 2039 1701 2111 temporaliter
1729 2038 1954 2092 utimur.
1986 2033 2123 2090 Hoc‘

514 2138 695 2210 itaque
718 2139 902 2194 more'
926 2151 1081 2192 usum
1107 2134 1334 2192 dixerim
1370 2134 1424 2188 in
1463 2128 1549 2187 his
1579 2130 1746 2185 tribus
1777 2143 1895 2199 quae
1922 2126 1976 2181 in
2005 2126 2102 2181 ho-

516 2233 660 2287 mine
676 2230 965 2301 spectanda
982 2228 1312 2293 commonui,
1332 2242 1452 2297 quae
1468 2232 1595 2280 sunt
1610 2231 1818 2286 natura,
1835 2221 2097 2286 doctrina,

519 2338 666 2378 usus.
705 2323 783 2378 Ex
824 2323 907 2376 liis
934 2330 1151 2391 propter
1174 2317 1519 2374 obtinendam
1546 2315 1754 2371 beatam
1783 2314 1977 2378 vitam,
2006 2310 2103 2365 tri-

520 2414 730 2485 partita,
771 2422 831 2469 ut
854 2412 995 2479 dixi,
1019 2428 1052 2467 a
1077 2409 1409 2482 philosophis
1438 2409 1651 2463 inventa
1675 2413 1758 2461 est
1785 2403 2100 2473 disciplina;

517 2508 772 2565 naturalis
800 2516 1019 2579 propter
1044 2496 1292 2561 naturam
1310 2545 1325 2571 ,
1364 2500 1639 2559 rationalis
1662 2509 1878 2572 propter
1901 2498 2104 2555 doctri-

519 2616 674 2667 nam,
712 2600 937 2655 moralis
971 2607 1189 2670 propter
1230 2611 1404 2657 usum.
1448 2594 1506 2651 Si
1543 2608 1670 2664 ergo
1698 2602 1883 2648 natura
1921 2602 2106 2648 nostra

519 2700 714 2749 esseta
737 2691 913 2760 nobis,
960 2691 1201 2762 proiecto
1239 2700 1294 2745 et
1334 2697 1572 2744 nostram
1611 2702 1710 2741 nos
1734 2686 2107 2757 genuissemus

522 2787 863 2859 sapientiam,
894 2801 997 2843 nec
1020 2802 1137 2843 eam
1168 2776 1410 2841 doctrina
1428 2826 1443 2852 ,
1476 2783 1528 2839 id
1553 2790 1637 2839 est
1659 2782 1873 2837 aliunde
1898 2780 2110 2837 discen-

497 2879 610 2962 gdo,
659 2880 934 2952 percipere
974 2894 1322 2945 curaremus;
1372 2887 1427 2934 et
1467 2888 1653 2933 noster
1692 2892 1845 2932 amor
1885 2891 1915 2931 a
1955 2875 2110 2932 nobis

524 2971 827 3042 profectus,
870 2981 926 3028 et
946 2973 1015 3028 ad
1038 2988 1139 3028 nos
1168 2972 1387 3037 relatus,
1415 2971 1483 3026 ad
1507 2971 1664 3027 beate
1690 2970 1973 3025 vivendum
1994 2968 2110 3024 suf-

526 3064 746 3132 liceret,
792 3080 893 3121 nec
920 3065 1063 3121 bono
1085 3065 1192 3120 alio
1218 3079 1327 3134 quo
1356 3063 1652 3119 fruerentur
1677 3063 1782 3117 ullo
1811 3062 2108 3131 indigeret:

527 3170 666 3211 nunc
689 3172 814 3212 vero
845 3157 966 3227 quia
993 3165 1182 3212 natura
1224 3165 1436 3221 nostra,
1472 3164 1530 3210 ut
1557 3163 1719 3221 esset,
1754 3155 1921 3210 Deum
1948 3153 2113 3210 habet

526 3258 828 3314 auctorem;
862 3249 1045 3320 procul
1072 3248 1237 3305 dubio
1261 3256 1319 3303 ut
1346 3262 1471 3304 vera
1491 3248 1782 3317 sapiamus,
1816 3248 1988 3317 ipsum
2013 3247 2112 3304 de-

527 3339 715 3395 bemus
735 3338 933 3397 hahere
953 3340 1262 3407 doctorem;
1292 3341 1469 3411 ipsum
1493 3339 1655 3397 etiam
1682 3349 1738 3395 ut
1756 3340 1900 3396 beati
1922 3340 2111 3410 simus,

529 3430 810 3486 suavitatis
834 3431 1036 3486 intima:
1060 3432 1390 3502 largitorem.

528 3521 753 3591 CAPUT
793 3521 983 3589 XXVI.
1013 3553 1086 3563 —
1119 3521 1202 3578 De
1224 3524 1443 3595 imagine
1464 3539 1674 3581 suum
1696 3522 1982 3591 Trinitatis,
2002 3538 2119 3595 qua:

600 3616 874 3672 secundum
893 3617 1159 3688 quemdam
1185 3617 1394 3679 modum
1418 3619 1472 3672 in
1500 3624 1683 3671 natura
1717 3617 1869 3672 etiam
1904 3616 2117 3671 necdum

603 3709 873 3789 beati/ficari
898 3710 1118 3775 hominis
1134 3711 1406 3787 invenitur.

602 3799 670 3867 Et
695 3816 791 3855 nos
833 3800 1049 3871 quidem
1090 3801 1142 3857 in
1195 3800 1385 3866 nobis,
1417 3802 1629 3867 tametsi
1666 3816 1772 3858 non
1821 3800 2116 3875 aqualem,

533 3892 640 3951 imo
655 3892 808 3948 valde
830 3892 1092 3965 longeque
1113 3893 1399 3954 distantem
1418 3935 1433 3960 ,
1466 3908 1640 3964 neque
1678 3902 2003 3949 coaeternam
2023 3935 2040 3962 ,
2064 3902 2121 3950 et

535 4000 641 4059 quo
666 3984 882 4042 brevius
910 3995 1076 4041 totum
1107 3984 1351 4050 dicitur’,
1377 3999 1483 4040 non
1515 3965 1756 4056 ejusdem
1783 3985 2115 4053 substantiae,

534 4079 684 4148 cujus
709 4086 793 4151 est
822 4078 961 4151 Deus
981 4119 996 4145 ,
1026 4087 1204 4133 tamen
1223 4091 1326 4148 qua
1347 4077 1460 4133 Deo
1481 4076 1613 4155 nihil
1639 4077 1709 4135 sit
1749 4078 1805 4137 in
1842 4075 2006 4133 rebus
2052 4076 2122 4132 ab

539 4184 604 4227 eo
633 4168 787 4227 factis
812 4177 1005 4229 natura
1032 4170 1384 4245 propinquius
1402 4210 1418 4237 ,
1441 4169 1731 4245 imaginem
1758 4169 1886 4239 Dei,
1911 4169 2013 4229 hoc
2041 4177 2124 4226 est

537 4277 761 4332 summa:
785 4262 931 4327 illius
971 4261 1249 4317 Trinitatis
1270 4302 1286 4328 ,
1313 4262 1658 4337 agnoscimus
1682 4303 1697 4329 ,
1719 4262 1895 4319 adhuc
1947 4261 2121 4319 refor-

432 4426 437 4433 κ
536 4355 770 4435 matione
788 4353 1175 4427 perﬁciendam
1194 4396 1213 4433 ,
1242 4362 1298 4409 ut
1322 4355 1390 4411 sit
1411 4355 1577 4431 etiam!
1601 4356 1948 4412 similitudine
2002 4371 2124 4428 pro-

472 4528 481 4533 .
538 4449 685 4515 xima
704 4447 747 4503 ⁸.
771 4447 902 4505 Nam
928 4456 1216 4516 etsumus,
1242 4458 1298 4505 et
1351 4463 1452 4504 nos
1497 4463 1619 4523 esse
1648 4448 1927 4515 novimus,
1972 4458 2027 4508 et
2069 4450 2126 4506 id

538 4541 695 4599 esse“
742 4556 807 4598 ac
860 4556 1023 4599 nosse
1065 4541 1351 4614 diligimus.
1383 4540 1442 4598 In
1468 4542 1555 4599 bis
1595 4552 1771 4599 autem
1800 4543 1972 4599 tribus
2004 4559 2124 4613 quae

679 4676 695 4704 ,
749 4636 893 4707 nulla
939 4651 1039 4694 nos
1091 4635 1294 4709 falsitas
1366 4635 1674 4707 verisimilis
1736 4637 1930 4693 turbat.
2008 4635 2126 4692 Non

539 4730 684 4801 enim
730 4745 828 4798 ea,
881 4731 1023 4803 sicut
1090 4729 1179 4793 illa
1218 4745 1338 4801 qua:
1403 4729 1531 4785 foris
1573 4739 1699 4787 sunt
1726 4770 1741 4793 ,
1791 4729 1899 4785 ullo
1964 4744 2125 4785 sensu

538 4822 778 4892 corporis
847 4822 1153 4897 tangimus,
1201 4821 1346 4893 velut
1391 4821 1601 4895 colores
1649 4821 1879 4878 videndo
1901 4864 1917 4890 ,
1963 4836 2127 4879 sonos

539 4915 842 4991 audiendo,
896 4914 1091 4989 odores
1151 4912 1480 4984 olfaciendo,
1551 4929 1772 4984 sapores
1821 4914 2125 4986 gustando,

539 5006 673 5081 dura
745 5016 801 5078 et
853 5006 1035 5079 mollia
1094 5006 1477 5077 contrectando
1540 5009 1829 5081 sentimus,
1902 5023 2129 5079 quorum

541 5099 873 5173 sensibilium
934 5099 1094 5155 etiam
1167 5098 1424 5171 imagines
1486 5100 1566 5157 eis
1633 5100 1963 5169 simillimas,
2030 5115 2130 5173 nec

541 5189 651 5263 iam
718 5204 1005 5260 corporeas
1036 5230 1051 5256 ,
1116 5190 1435 5266 cogitatione
1498 5206 1804 5258 versamus,
1873 5192 2130 5246 memoria

544 5288 786 5353 tenemus
811 5322 828 5348 ,
858 5290 913 5337 et
941 5297 1034 5351 per
1059 5282 1204 5361 ipsas
1232 5282 1286 5341 in
1308 5282 1535 5340 istorum
1584 5283 1846 5340 desideria
1894 5284 2132 5341 concita-

547 5386 700 5443 ntur:
724 5372 818 5441 sed
849 5373 967 5437 sine
998 5374 1104 5449 ulla
1126 5373 1523 5446 phantasiarum
1562 5375 1653 5443 vel
1701 5376 2131 5446 phantasmatum

607 5506 624 5573 Ξ
661 5503 829 5573 Plures
848 5512 977 5573 μει·
997 5505 1192 5573 mirer
1207 5522 1259 5560 se
1279 5505 1450 5571 ipsum

604 5568 630 5659 ς
659 5566 1394 5659 assam-aese-
1421 5576 1474 5622 ει
1492 5576 1623 5631 ωνη
1647 5570 1805 5621 modo-

662 5626 766 5679 Sola
781 5629 927 5680 editio
941 5624 1089 5689 Lov.,"
1100 5624 1306 5683 dicatur.

606 5688 923 5818 gmcipit
941 5688 1087 5756 caput
1102 5696 1390 5759 vigesimum
1406 5696 1666 5759 septimum
1681 5694 1733 5745 in
1754 5696 2009 5759 praecipuis
2027 5710 2132 5747 ma-

607 5800 634 5879 ξ
644 5800 863 5879 Vsiciss.
886 5818 1004 5870 Editi
1025 5832 1164 5879 vero,
1187 5827 1235 5871 et
1254 5800 1475 5871 nostrum
1491 5834 1608 5873 esse.

561 5901 592 5950 ·,
610 5877 683 5941 (α)
708 5879 821 5950 "Ide
844 5878 927 5929 lib.
959 5880 1071 5950 tog
1094 5877 1252 5937 οόοιτ.
1272 5882 1467 5949 Christ,
1488 5884 1658 5948 iss-5,
1679 5889 1733 5936 et
1751 5882 1839 5937 lib.
1857 5884 1917 5938 to
1936 5885 2003 5939 de
2034 5886 2135 5937 m-

544 5940 732 6006 nit.,'n.
756 5940 833 6007 l2,
852 5955 1007 6006 prope
1025 5942 1110 5996 lin.

2187 731 2450 786 micorum
2493 730 2803 797 argumenta
2832 717 3062 779 formido
3084 759 3100 785 ,
3157 714 3479 777 dicentium.
3515 710 3654 780 Quid
3679 753 3693 777 ,
3729 709 3783 768 si

2188 819 2431 878 hilaris?
2454 817 2512 879 Si
2568 818 2713 875 enim
2738 814 2910 882 fallor,
2937 826 3077 873 sum.
3096 808 3229 871 Nam
3255 807 3349 878 qui
3374 820 3483 869 non
3506 814 3618 869 est,
3670 802 3782 861 uti-
3808 808 3813 811 ‘

2189 929 2294 984 que
2349 925 2453 969 nec
2493 908 2601 967 falli
2635 914 2845 981 potest:
2872 918 2935 961 ac
2958 918 3054 974 per
3074 901 3177 965 hoc
3201 914 3349 966 sum,
3376 897 3423 953 si
3449 894 3618 955 fallor.
3645 893 3787 963 Quia

2190 1020 2321 1076 ergo
2343 1019 2465 1062 sum
2488 1003 2533 1061 si
2560 1000 2740 1068 fallor,
2766 996 3035 1070 quomodo
3062 1010 3183 1053 esse
3212 1007 3297 1047 me
3352 990 3526 1057 fallor,
3566 987 3787 1059 quando

2191 1106 2397 1154 certum
2413 1104 2499 1153 est
2526 1109 2614 1152 me
2638 1107 2759 1163 esse
2779 1131 2796 1158 ,
2822 1091 2870 1151 si
2888 1089 3045 1149 lallor
3075 1089 3100 1143 τ
3129 1086 3266 1154 Quia
3303 1083 3461 1154 igitur
3487 1094 3667 1139 essent
3692 1077 3787 1148 qui

2192 1190 2422 1261 lallerer,
2453 1187 2665 1246 etiamsi
2689 1185 2939 1249 fallerer;
2970 1179 3155 1255 procul
3178 1177 3341 1239 dubio
3361 1176 3414 1231 in
3436 1190 3502 1232 eo
3525 1171 3679 1261 quod
3698 1187 3789 1227 nte

2194 1286 2322 1342 novi
2352 1248 2516 1351 Iesse,
2548 1297 2659 1338 non
2720 1278 2898 1335 fallor.
2923 1248 2929 1249 ί
2951 1248 3298 1344 Consequens
3341 1277 3425 1327 est
3474 1248 3687 1334 autcuf,
3730 1272 3792 1321 ut

2195 1376 2436 1434 etiamin
2476 1388 2545 1431 eo
2588 1371 2735 1444 quod
2786 1385 2872 1429 me
2919 1367 3045 1433 novi
3065 1377 3380 1431 nosse,non
3427 1359 3601 1419 fallar.
3639 1356 3793 1413 Sicut

2195 1471 2343 1529 enim
2370 1468 2498 1527 novi
2516 1481 2609 1524 me
2634 1480 2784 1532 esse,
2802 1464 2877 1523 ita
2904 1460 3028 1521 novi
3065 1457 3233 1523 etiam
3269 1455 3372 1511 hoc
3399 1455 3602 1523 ipsum,
3625 1464 3795 1505 nosse

2197 1579 2304 1622 me.
2328 1562 2510 1631 anue
2537 1558 2645 1616 duo
2667 1572 2791 1613 cum
2819 1569 2943 1615 amo
2961 1593 2978 1620 ,
3007 1550 3259 1611 eumdem
3292 1561 3506 1619 quoque
3545 1556 3793 1607 amorem

2198 1656 2450 1730 quiddam
2473 1655 2688 1711 tertium
2708 1690 2727 1718 ,
2748 1664 2850 1706 nec
2878 1645 3097 1717 imparis
3116 1638 3486 1704 estimationis
3506 1679 3522 1705 ,
3543 1638 3626 1695 eis
3655 1648 3795 1707 quas

2200 1752 2326 1809 novi
2345 1751 2507 1807 rebus
2529 1745 2781 1817 adiungo.
2830 1740 3014 1810 Neque
3042 1736 3191 1795 enim
3231 1733 3393 1791 fallor
3443 1744 3627 1789 amare
3662 1740 3792 1795 me,

2201 1861 2324 1902 cum
2353 1845 2407 1899 in
2427 1841 2512 1897 his
2535 1855 2655 1911 quae
2684 1850 2807 1893 amo
2847 1848 2957 1891 non
3001 1829 3516 1898 lallar:quanquam
3550 1821 3654 1878 etsi
3698 1819 3798 1876 illa

2203 1939 2337 1996 falsa
2379 1943 2594 2002 essent,
2623 1931 2757 1993 falsa
2790 1943 2877 1984 me
2909 1937 3091 1980 amare
3110 1936 3298 1979 verum
3338 1928 3500 1977 esset.
3526 1914 3658 1972 Nam
3683 1929 3797 1985 quo

2203 2040 2362 2104 pacto
2411 2038 2561 2085 recte
2604 2019 3029 2095 reprehenderer
3081 2024 3136 2075 et
3171 2024 3318 2073 recte
3368 2010 3695 2104 prohiberen
3725 2007 3799 2065 ab

2204 2100 2392 2183 amore
2411 2121 2695 2185 falsorum,
2720 2117 2769 2173 si
2792 2128 2880 2170 me
2904 2112 2994 2168 illa
3020 2122 3205 2167 amare
3232 2107 3425 2164 falsum
3451 2102 3634 2161 esset?
3655 2100 3800 2157 Cum

2203 2232 2336 2274 vero
2354 2224 2412 2271 et
2436 2214 2528 2270 illa
2553 2225 2683 2268 vera
2706 2217 2866 2278 atque
2890 2213 3037 2262 certa
3063 2204 3200 2267 sint,
3228 2201 3349 2272 quis
3395 2196 3603 2254 dubitet
3648 2194 3801 2265 quod

2206 2323 2395 2367 eorum
2414 2346 2431 2375 ,
2459 2320 2583 2362 eum
2602 2308 2879 2364 amantur,
2906 2306 2965 2356 et
2992 2297 3109 2368 ipse
3132 2309 3284 2352 amor
3312 2304 3475 2349 verus
3508 2297 3566 2345 et
3614 2296 3802 2344 certus

2207 2405 2323 2461 est?
2350 2401 2483 2459 Tam
2529 2411 2692 2469 porro
2735 2407 2896 2453 nemo
2943 2399 3031 2447 est
3063 2387 3300 2460 quiesse
3342 2398 3405 2440 se
3430 2381 3605 2448 nolit,
3634 2394 3804 2449 quin

2210 2510 2368 2551 nemo
2395 2501 2480 2549 est
2506 2491 2597 2563 qui
2643 2502 2751 2544 non
2790 2485 2980 2549 beatus
3002 2495 3124 2539 esse
3157 2478 3304 2543 velit.
3331 2472 3606 2544 Quomodo
3651 2469 3804 2528 enirn

2210 2596 2386 2661 potest
2407 2588 2595 2642 beatus
2621 2596 2745 2638 esse
2762 2621 2777 2646 ,
2809 2578 2858 2634 si
2873 2575 3009 2633 nihil
3034 2572 3142 2630 sit?

2210 2696 2435 2777 CAPUT
2472 2693 2688 2753 XXVII.
2704 2720 2777 2734 —-
2793 2689 2875 2745 De
2900 2686 3115 2745 essentia
3133 2692 3182 2740 et
3203 2681 3414 2738 scientia
3433 2722 3448 2748 ,
3478 2687 3525 2735 et
3539 2677 3805 2747 utriusque

2897 2795 3087 2835 αηιοτε.

2285 2908 2337 2963 l.
2379 2903 2456 2960 lta
2483 2916 2612 2961 vero
2635 2899 2686 2954 vi
2717 2895 2945 2971 quadam
2975 2889 3202 2967 naturali
3233 2889 3404 2959 ipsum
3444 2899 3564 2942 esse
3603 2882 3807 2954 jucun-

2214 3001 2340 3077 dum
2368 3008 2489 3066 est,
2522 3005 2709 3053 utnon
2736 2993 2806 3063 ob
2827 2989 2969 3045 aliud
2995 2998 3053 3049 et
3078 2987 3130 3041 hi
3160 2986 3252 3058 qui
3278 2982 3459 3038 miseri
3484 2988 3608 3036 sunt
3627 2978 3809 3035 nolint

2215 3076 2434 3165 interire
2458 3135 2475 3159 ,
2510 3099 2563 3148 et
2597 3103 2719 3147 cum
2749 3101 2807 3155 se
2828 3085 3054 3163 miseros
3096 3093 3217 3136 esse
3272 3076 3537 3140 sentiant,
3583 3086 3693 3127 non
3745 3086 3810 3127 se

2216 3160 2362 3259 ipsos
2408 3185 2476 3240 de
2527 3182 2723 3246 rebus,
2759 3160 2855 3233 sed
2898 3172 3168 3230 miseriam
3198 3184 3348 3224 suam
3396 3165 3568 3237 potius
3603 3160 3811 3218 auferri

2218 3280 2401 3335 velint.
2436 3276 2545 3331 Illis
2573 3273 2735 3331 etiam
2759 3270 2850 3342 qui
2880 3276 2933 3324 et
2960 3265 3062 3322 sibi
3096 3261 3381 3318 miserrimi
3435 3262 3729 3329 apparent,
3753 3262 3813 3310 et

2220 3348 2378 3442 plane
2419 3377 2563 3432 sunt,
2611 3372 2668 3420 et
2712 3379 2818 3418 non
2868 3359 3043 3415 solum
3092 3371 3120 3410 a
3162 3351 3522 3423 sapientibus,
3550 3347 3812 3420 quoniam

2220 3439 2401 3528 stulti,
2434 3474 2617 3515 verum
2648 3465 2703 3512 et
2722 3454 2789 3509 ab
2815 3453 2900 3508 his
2918 3451 3009 3522 qui
3032 3464 3093 3528 se
3116 3448 3304 3504 beatos
3358 3451 3575 3515 putant,
3621 3439 3813 3495 miseri

2216 3524 2540 3627 iudicantur,
2568 3546 2692 3619 quia
2720 3557 2980 3615 pauperes
2999 3524 3159 3610 atque
3179 3535 3409 3592 mendici
3434 3541 3588 3598 sunt,
3610 3532 3657 3587 si
3685 3531 3815 3601 quis

2222 3624 2682 3702 immortalitatem
2710 3637 2896 3701 daret,
2927 3647 3032 3704 qua
3068 3645 3168 3686 nec
3191 3630 3303 3699 ipsa
3328 3624 3541 3682 miseria
3566 3638 3814 3679 morere-

2222 3748 2327 3803 tur,
2338 3734 2609 3808 proposito
2632 3730 2738 3789 sibi
2763 3727 2906 3799 quod
2930 3726 2977 3781 si
3000 3726 3056 3780 in
3098 3722 3287 3780 eadem
3329 3718 3545 3775 miseria
3594 3729 3816 3786 semner

2222 3806 2350 3888 esse
2385 3806 2615 3892 nollent,
2662 3822 2794 3879 nulli
2847 3828 2904 3879 et
2948 3829 3210 3887 nusquam
3256 3819 3438 3871 essent
3468 3808 3660 3873 futuri,
3713 3806 3816 3864 sed

2224 3921 2373 3980 omni
2397 3918 2558 3977 modo
2579 3913 2835 3986 perituri,
2862 3910 3099 3981 proiecto
3125 3906 3455 3967 exsultarent
3499 3899 3718 3966 laetitia,
3758 3905 3819 3955 et

2224 4015 2304 4070 sic
2325 4026 2539 4081 semper
2557 4008 2817 4078 eligerent
2839 4016 2993 4067 esse,
3021 4014 3181 4070 quam
3229 3996 3450 4053 omnino
3498 4007 3605 4048 non
3661 4006 3811 4048 esse.

2226 4107 2396 4177 Hujus
2421 4103 2499 4159 rei
2525 4099 2675 4157 testis
2700 4106 2786 4155 est
2810 4095 3117 4155 notissimus
3141 4105 3335 4147 sensus
3372 4086 3610 4142 illorum.
3647 4082 3804 4141 Unde

2225 4201 2371 4257 enim
2392 4195 2534 4252 mori
2549 4202 2822 4257 metuunt,
2844 4197 2899 4247 et
2921 4185 3125 4245 nmlunt
3150 4184 3205 4241 in
3232 4182 3322 4237 illa
3350 4193 3589 4236 aerumna
3605 4177 3815 4244 vivere,

2226 4306 2388 4365 quam
2409 4304 2529 4346 eam
2552 4294 2726 4343 morte
2751 4282 2905 4341 linire
2922 4322 2938 4348 ,
2966 4278 3069 4334 nisi
3090 4276 3217 4347 quia
3240 4275 3370 4333 satis
3394 4280 3617 4343 apparet
3635 4284 3800 4341 quam

2228 4364 2454 4453 refugiat
2526 4386 2711 4435 natura
2779 4390 2887 4431 non
2934 4370 3086 4429 esse?
3142 4371 3314 4438 Atque
3359 4364 3486 4425 ideo.
3561 4378 3683 4419 cum
3757 4376 3821 4418 se

2231 4477 2476 4535 noverint
2535 4487 2656 4530 esse
2724 4469 3011 4525 morituros
3039 4506 3055 4531 ,
3109 4477 3207 4534 pro
3281 4473 3474 4529 magno
3546 4456 3808 4512 beneﬁcio

2230 4567 2334 4625 sibi
2386 4566 2524 4620 hanc
2585 4558 2820 4633 impendi
2887 4551 3307 4612 misericordiam
3354 4548 3705 4613 desiderant,
3763 4554 3827 4602 ut

2231 4663 2502 4733 aliquanto
2570 4652 2895 4728 productius
2938 4649 2993 4704 in
3054 4644 3244 4703 eadem
3315 4641 3527 4699 miseria
3602 4639 3824 4706 vivant,

2234 4754 2541 4822 tardiusque
2587 4748 2903 4803 moriantur.
2962 4739 3155 4799 Procul
3201 4736 3366 4794 dubio
3413 4749 3541 4806 ergo
3587 4732 3829 4788 indicant

2233 4843 2686 4903 immortalitatem
2760 4837 2950 4893 saltem
3018 4832 3182 4888 talum
3236 4843 3358 4900 quae
3435 4841 3544 4882 non
3628 4824 3834 4880 habeat

2234 4939 2396 4996 ﬁnem
2436 4931 2822 4998 mendicitatis,
2851 4936 3048 4999 quanta
3075 4922 3430 4995 gratulatione
3460 4918 3828 4989 susciperent.

2234 5030 2410 5100 Quid?
2440 5026 2688 5089 animalia
2730 5021 2911 5079 omnia
2967 5018 3128 5075 etiam
3196 5012 3524 5072 irrationalia
3559 5051 3576 5078 ,
3629 5010 3823 5080 quibus

2234 5123 2414 5180 datum
2437 5135 2544 5175 non
2572 5126 2657 5173 est
2679 5118 2778 5172 ista
2806 5113 3041 5183 cogitare
3058 5151 3074 5176 ,
3101 5109 3168 5164 ab
3191 5105 3465 5163 immensis
3490 5102 3815 5159 draconibus

2237 5228 2404 5285 usque
2427 5210 2494 5267 ad
2521 5209 2741 5279 exiguos
2790 5202 3115 5261 vermiculos
3133 5242 3148 5268 ,
3174 5202 3353 5275 nonne
3404 5211 3464 5252 se
3499 5209 3621 5252 esse
3646 5193 3819 5263 velle,

2236 5318 2395 5379 atque
2424 5306 2494 5361 ob
2517 5304 2622 5361 hoc
2650 5299 2921 5356 interitum
2947 5295 3132 5366 fugere
3173 5291 3420 5347 omnibus
3460 5288 3654 5360 quibus
3694 5300 3831 5357 pos.

2236 5376 2361 5457 sunt
2382 5396 2615 5452 motibus
2632 5388 2902 5449 indicant?
2928 5385 3108 5456 Quid?
3133 5385 3348 5439 arbusta
3389 5393 3679 5448 omnesque
3719 5376 3843 5432 l‘ru-

2238 5492 2369 5548 tices
2387 5531 2402 5556 ,
2431 5489 2623 5563 quibus
2645 5483 2824 5541 nullus
2844 5491 2932 5539 est
2955 5491 3147 5549 sensus
3173 5475 3240 5530 ad
3265 5473 3533 5537 vitandam
3547 5468 3844 5527 manifesta

2236 5586 2471 5641 motione
2493 5579 2785 5653 perniciem
2799 5619 2812 5643 ,
2843 5590 3020 5631 nonne
3040 5572 3171 5628 utin
3191 5584 3354 5627 auras
3382 5576 3553 5623 tutum
3573 5564 3844 5621 culminis

2234 5694 2455 5754 germen
2479 5677 2755 5741 emittant,
2797 5670 2956 5729 altius
2985 5676 3142 5725 terra:
3175 5662 3384 5719 radices
3426 5656 3694 5728 aliigunt‘,
3724 5672 3846 5729 quo

2875 5804 3028 5857 nnnlli
3042 5812 3149 5857 Mss.
3171 5801 3259 5853 Alii
3276 5797 3604 5858 veteresllbri
3626 5795 3846 5858 habent,

3551 5865 3726 5929 ξωπφ
3751 5870 3850 5912 ra-

2301 5820 2320 5853 ¹
2352 5818 2428 5871 Sic
2447 5814 2582 5865 Vind.
2608 5820 2708 5860 Am.
2737 5816 2789 5863 et
2875 5814 3028 5857 unum
3042 5814 3149 5857 Mss.
3171 5814 3259 5853 Alu
3276 5814 3479 5867 veteres
3495 5814 3555 5848 ιιι]

2301 5878 2373 5939 Μ
2404 5886 2549 5940 terra
2777 5822 2994 5940 ςδβοααηιο
3017 5875 3074 5937 At.
3093 5869 3167 5937 EF-
3190 5869 3245 5938 ξι
3264 5870 3397 5935 ωῑιυ

2235 5878 2373 5943 (“iud
2404 5886 2549 5943 ιεὶτα
2570 5870 2799 5943 ϊαάὶοίερ

2238 5932 2373 5997 tum
2390 5932 2603 6011 aﬂigtmt'.
