4054 6484
289 363 390 438 ω

287 479 870 554 alimentumtrabant,
895 487 1058 552 atque
1073 477 1146 536 ita
1161 493 1318 538 suum
1339 479 1732 552 quodammodo
1753 496 1875 540 esse

287 573 652 632 conservent?
704 572 822 644 Ipsa
887 581 1160 642 postremo
1209 587 1466 643 corpora,
1515 575 1707 645 quibus
1775 589 1884 630 non

287 669 460 724 solum
481 681 682 742 sensus
703 707 718 732 ,
749 665 844 724 sed
871 681 972 734 nec
1001 666 1106 722 ulla
1133 666 1324 724 saltem
1349 667 1624 724 seminalis
1645 677 1728 724 est
1753 669 1883 736 vita,

285 761 360 818 ita
381 769 572 832 ωηιξη,
591 759 678 814 vel
704 759 958 826 exsiliunt
989 759 1044 812 in
1077 773 1338 828 superna,
1375 759 1460 814 vel
1514 760 1568 816 in
1633 761 1742 816 ima
1787 759 1884 816 de-

282 852 592 918 scendunt,
620 852 712 908 vel
739 851 1070 908 libranturin
1089 851 1300 920 inediis,
1319 861 1376 908 ut
1399 853 1688 914 essentiam
1711 869 1884 922 suam,

288 947 376 1002 ubi
404 944 704 1002 secundum
727 955 974 999 naturam
1005 955 1230 1014 possunt
1271 960 1390 1002 esse
1411 987 1426 1011 ,
1457 947 1778 1002 custodiant.

355 1041 412 1094 9..
454 1037 574 1098 Jam
615 1054 742 1094 vero
769 1053 924 1094 nosse
951 1047 1206 1110 quantum
1232 1050 1462 1104 ametur,
1493 1033 1756 1110 quamque
1779 1039 1888 1096 falli

284 1134 420 1190 nolit
435 1133 670 1188 humana
699 1138 888 1202 natura
911 1173 925 1196 ,
947 1133 1034 1198 vel
1053 1132 1182 1188 hinc
1229 1133 1452 1202 intelligi
1507 1141 1717 1204 potest,
1747 1133 1890 1204 quod

287 1226 574 1298 lamentari
601 1226 832 1296 quisque
859 1239 990 1282 sana
1028 1235 1208 1280 mente
1237 1226 1472 1292 mavult,
1505 1241 1664 1296 quam
1719 1226 1888 1282 lmtari

287 1319 342 1388 in
363 1318 622 1388 amentia.
645 1317 778 1384 Quae
805 1319 886 1372 vis
917 1333 1106 1388 magna
1136 1327 1297 1388 atque
1337 1319 1596 1374 mirabilis
1651 1305 1891 1376 mortali?-

287 1410 426 1478 bus,
467 1421 670 1482 praeter
713 1409 920 1464 homini
943 1411 986 1476 ί,
1015 1409 1374 1466 animantibus
1421 1411 1560 1466 nulla
1607 1422 1727 1474 est;
1769 1411 1892 1466 licet

285 1518 480 1572 eorum
511 1501 832 1572 quibusdam
858 1500 924 1554 ad
955 1501 1110 1570 istam
1135 1501 1308 1556 lucem
1333 1503 1690 1558 contuendum
1723 1503 1890 1560 multo

283 1610 450 1668 quam
479 1593 636 1648 nobis
665 1593 740 1648 sit
787 1592 961 1648 acrior
989 1607 1176 1648 sensus
1203 1593 1478 1648 oculorum
1505 1611 1518 1648 :
1569 1593 1668 1652 sed
1717 1595 1888 1652 lucem

287 1687 436 1744 illam
483 1687 858 1756 incorpoream
903 1687 1212 1756 contingere
1261 1695 1558 1756 nequeunt,
1589 1703 1694 1758 qua
1739 1701 1892 1742 mens

289 1789 478 1836 nostra
531 1777 930 1849 quodammodo
973 1778 1276 1844 irradiatur,
1307 1788 1364 1834 ut
1381 1779 1450 1836 de
1505 1779 1588 1840 his
1643 1781 1893 1836 omnibus

289 1881 438 1928 recte
467 1869 708 1938 judicare
731 1869 1018 1939 possimus.
1048 1867 1180 1924 Nam
1205 1869 1256 1924 in
1281 1881 1536 1940 quantum
1579 1885 1698 1928 eam
1745 1873 1894 1941 capi-

289 1979 444 2030 mus,
477 1962 530 2015 in
565 1971 769 2016 tantum
801 1959 852 2016 id
875 1976 1180 2031 possumus.
1209 1961 1584 2020 Verumtamen
1608 1963 1745 2020 inest
1771 1979 1894 2020 sen-

291 2055 440 2112 sibus
469 2054 866 2112 irrationalium
899 2055 1246 2112 animantium
1273 2098 1288 2120 ,
1321 2058 1422 2112 etsi
1469 2059 1690 2116 scientia
1745 2059 1892 2114 nullo

291 2147 458 2202 modo
483 2189 500 2214 ,
531 2155 590 2202 at
611 2157 760 2202 certe
786 2147 1028 2218 quendam
1057 2147 1294 2204 scientia:
1333 2149 1646 2206 similitudo.
1687 2149 1892 2206 Caetera

289 2249 474 2296 autem
525 2255 706 2294 rerum
734 2239 1094 2308 corporalium
1120 2283 1134 2307 ,
1165 2255 1275 2294 non
1329 2241 1450 2310 quia
1479 2241 1751 2308 sentiunt,
1799 2241 1894 2298 sed

289 2333 424 2406 quia
449 2334 778 2402 sentiuntur,
806 2331 1080 2388 seusibilia
1117 2341 1420 2404 nuncupata
1462 2341 1604 2390 sunt.
1655 2335 1894 2400 Quorum

291 2425 344 2496 in
376 2423 616 2480 arbustis
641 2423 744 2478 hoc
773 2423 948 2490 simile
971 2431 1052 2480 est
1078 2425 1326 2481 sensibus
1347 2467 1361 2492 ,
1386 2426 1528 2496 quod
1578 2427 1790 2482 aluntur
1841 2435 1898 2484 et

289 2516 578 2592 gignunt”.
609 2513 988 2582 Verumtamen
1041 2525 1098 2572 et
1143 2517 1259 2584 haec
1287 2527 1344 2574 et
1371 2519 1546 2580 omnia
1599 2519 1908 2590 corporalia.

291 2607 532 2680 latentes
557 2607 612 2668 in
639 2615 826 2680 natura
849 2623 1040 2668 causas
1065 2605 1264 2672 habent
1290 2627 1304 2676 ;
1335 2611 1434 2668 sed
1481 2611 1682 2670 fortnas
1729 2627 1856 2670 suas
1877 2655 1892 2680 ,

293 2700 492 2776 quibus
529 2697 716 2766 mundi
743 2698 902 2769 hujus
930 2699 1152 2760 visibilis
1182 2711 1448 2768 structura
1501 2701 1732 2762 formosa
1779 2713 1894 2772 est,

297 2791 612 2854 sentiendas
635 2791 880 2862 sensibus
903 2792 1150 2864 praebent
1171 2835 1186 2860 ,
1217 2802 1274 2852 ut
1303 2809 1402 2864 pro
1453 2809 1520 2852 eo
1543 2795 1684 2866 quod
1735 2811 1898 2852 nosse

299 2899 406 2950 non
433 2893 700 2956 possunt,
729 2884 882 2956 quasi
913 2884 1250 2942 innotescere
1277 2885 1415 2944 velle
1451 2886 1750 2952 videantur.
1795 2887 1902 2944 Sed

303 2989 460 3046 nosse
483 2991 546 3032 ea
571 2989 736 3046 sensu
761 2975 1004 3048 corporis
1032 2973 1104 3030 ita
1160 2977 1400 3048 capimus
1419 3018 1436 3045 ,
1463 2987 1522 3032 ut
1557 2978 1634 3042 de
1671 2979 1756 3034 his
1792 2993 1903 3034 non

302 3084 464 3132 sensu
493 3068 740 3142 corporis
761 3069 1085 3140 judicemus.
1115 3069 1388 3128 Habemus
1401 3071 1546 3126 enim
1575 3071 1740 3128 alium
1767 3073 1904 3128 inte-

303 3164 462 3238 rioris
517 3162 752 3220 hominis
795 3179 1012 3224 sensum
1063 3163 1166 3220 isto
1225 3164 1383 3238 longe
1437 3165 1900 3236 prmstantiorem,

305 3272 408 3328 quo
431 3255 580 3325 justa
610 3265 664 3310 et
692 3254 888 3326 injusta
933 3257 1227 3314 sentimus:
1253 3257 1392 3325 justa
1411 3299 1426 3323 ,
1453 3253 1558 3328 per
1591 3257 1904 3326 intelligibi-

307 3349 409 3406 Iern
441 3351 678 3420 speciem
707 3369 720 3418 ;
749 3349 964 3420 injusta,
995 3365 1091 3420 per
1119 3351 1236 3420 ejus
1255 3351 1628 3421 privationem.
1648 3351 1727 3406 Ad
1749 3351 1908 3421 hujus

308 3457 506 3516 sensus
533 3442 770 3504 ofﬁcium
793 3457 900 3498 non
929 3443 1074 3508 acies
1103 3443 1316 3516 pupillae
1336 3485 1350 3510 ,
1383 3459 1486 3500 non
1525 3443 1764 3502 foramen
1808 3460 1906 3500 au-

309 3535 514 3600 riculae,
543 3549 652 3589 non
684 3535 1010 3604 spiramenta
1037 3535 1268 3602 narium,
1295 3551 1400 3590 non
1429 3545 1613 3606 gustus
1639 3535 1907 3602 faucium,

311 3645 418 3686 non
441 3629 581 3684 ullus
611 3643 904 3700 corporeus
925 3637 1094 3684 tactus
1115 3628 1340 3684 accedit.
1370 3629 1444 3684 lbi
1473 3645 1558 3688 me
1601 3637 1658 3686 et
1683 3643 1806 3684 esse
1857 3637 1912 3684 et

311 3717 416 3776 hoc
441 3735 602 3775 nosse
623 3727 806 3774 certus
831 3735 946 3790 sum
972 3762 986 3788 ,
1017 3730 1068 3774 et
1092 3719 1207 3775 htec
1233 3735 1355 3776 amo
1376 3720 1398 3750 ³
1421 3729 1580 3790 atque
1609 3735 1791 3775 amare
1819 3736 1908 3776 me

311 3813 558 3869 similiter
588 3820 767 3868 certus
793 3828 931 3867 sum.

315 3945 542 4022 CAPUT
597 3945 838 4004 XXVIII.
881 3975 950 3986 --
987 3949 1070 4016 An
1110 3946 1262 4002 etiam
1303 3945 1472 4016 ipsum
1513 3961 1770 4014 antorem,
1817 3961 1917 4016 quo

384 4049 560 4100 etesse
609 4049 658 4094 et
709 4040 840 4094 scire
882 4039 1180 4112 diligimus.
1233 4039 1442 4111 diligere
1469 4041 1776 4108 debeamus,
1819 4057 1918 4110 quo

389 4134 552 4206 magis
577 4132 764 4188 divinae
788 4131 1053 4198 Trinitatis
1083 4131 1294 4204 imagini
1317 4133 1734 4202 propinquamus.

395 4269 501 4324 Sed
533 4267 604 4322 de
645 4267 856 4322 duobus
895 4265 1029 4330 illis,
1056 4266 1284 4320 essentia
1332 4265 1533 4320 scilicet
1588 4273 1642 4318 et
1693 4265 1877 4318 notitia
1903 4307 1917 4330 ,

325 4369 588 4430 quantum
622 4369 870 4414 alnentur
901 4359 952 4410 in
985 4357 1138 4411 nobis
1167 4399 1180 4422 ,
1207 4367 1258 4412 ct
1280 4355 1728 4426 quemadmodum
1758 4355 1920 4412 etiam

327 4455 538 4510 caneris
559 4453 722 4508 rebus
749 4467 867 4521 qua:
893 4451 1030 4504 intra
1058 4459 1220 4516 sunt,
1251 4465 1434 4503 eorum
1477 4449 1791 4518 reperiatur,
1825 4448 1925 4504 etsi

327 4543 600 4610 dili'erens,
628 4541 872 4614 quasdam
928 4550 1104 4596 tamen
1163 4539 1474 4602 similitudo,
1515 4553 1769 4610 quantum
1809 4555 1928 4595 sus-

329 4639 466 4708 cepti
489 4637 656 4707 hujus
683 4635 865 4705 operis
889 4635 1026 4689 ratio
1051 4633 1163 4688 visa
1197 4641 1280 4688 est
1307 4631 1574 4700 postulare
1596 4673 1608 4694 ,
1633 4631 1762 4684 satis
1786 4631 1927 4686 dixi-

333 4745 449 4786 mus
479 4747 494 4783 :
525 4729 594 4784 de
624 4743 809 4783 amore
837 4739 1015 4782 autem
1058 4741 1166 4795 quo
1189 4733 1455 4788 amantur,
1489 4732 1664 4778 utrum
1706 4735 1759 4778 et
1813 4723 1929 4793 ipse

333 4839 482 4880 amor
533 4833 768 4888 ametur,
821 4837 926 4876 non
985 4819 1184 4874 dictum
1211 4829 1312 4874 est.
1357 4821 1580 4872 Amatur
1605 4825 1826 4872 autem:
1877 4825 1932 4872 et

336 4915 458 4970 hinc
487 4915 775 4986 probamus
793 4955 808 4980 ,
832 4913 976 4984 quod
1005 4911 1058 4967 in
1089 4911 1393 4966 hominibus
1421 4911 1511 4982 qui
1535 4909 1729 4965 rectius
1749 4923 1934 4964 aman-

339 5007 481 5074 tur",
515 5007 635 5076 ipse
690 5006 858 5076 magis
900 5014 1128 5060 amatur.
1185 5003 1367 5074 Neque
1412 5003 1556 5058 enim
1623 5003 1703 5058 vir
1759 5003 1932 5060 bonus

339 5101 528 5153 merito
555 5097 750 5153 dicitur
781 5098 870 5168 qui
899 5099 1001 5152 scit
1022 5097 1162 5167 quod
1191 5097 1389 5152 bonum
1442 5105 1542 5162 est,
1574 5095 1668 5150 sed
1695 5095 1786 5164 qui
1814 5095 1936 5150 dili-

341 5191 434 5262 git.
467 5191 572 5246 Cur
621 5205 720 5262 ego
751 5201 802 5246 et
833 5191 885 5245 in
915 5189 1069 5244 nobis
1095 5189 1222 5260 ipsis
1271 5205 1378 5243 non
1403 5199 1457 5243 et
1483 5189 1655 5258 ipsum
1698 5204 1938 5244 amorem

343 5299 441 5338 nos
486 5297 670 5338 amare
709 5283 1005 5348 sentimus,
1051 5296 1156 5351 quo
1191 5295 1435 5336 amamus
1461 5279 1586 5349 quid
1640 5279 1768 5350 quid
1814 5279 1940 5335 boni

345 5374 610 5430 amamus?
627 5373 726 5430 Est
740 5375 880 5430 enim
894 5383 948 5431 et
969 5389 1140 5442 amor,
1162 5389 1270 5445 quo
1297 5383 1506 5429 amatur
1526 5383 1580 5429 et
1601 5371 1740 5444 quod
1766 5389 1942 5429 aman-

412 5557 432 5587 ι
465 5562 535 5606 Er.
565 5563 618 5607 et
633 5563 767 5618 t.ov.,
791 5555 1032 5617 homines;
1053 5555 1458 5608 dissentientibus
1482 5555 1626 5606 editis
1641 5555 1748 5606 aliis
1765 5563 1818 5606 et
1835 5564 1922 5606 Mss

351 5625 513 5690 -_Its..
536 5618 679 5690 2056,
697 5619 959 5690 autument.
1019 5627 1074 5668 It.

415 5682 434 5744 ξ
466 5682 536 5730 sic
561 5681 697 5730 vind.
723 5691 822 5730 Αιιι.
852 5689 903 5730 et
923 5688 1029 5730 Mss.
1057 5689 1111 5730 At.
1127 5687 1201 5730 Er.
1228 5689 1279 5731 et
1295 5687 1424 5742 Lov.,
1447 5685 1724 5744 gignuntur.

417 5743 438 5773 ³
471 5750 532 5792 tta
553 5751 658 5794 lttss.
677 5745 796 5792 mliti
815 5755 950 5802 vero,
974 5743 1122 5794 ethoc
1140 5757 1263 5794 amo.

353 5804 454 5917 ω
473 5805 576 5856 Sola
599 5805 748 5856 editio
785 5811 914 5867 Lov.,
949 5808 1076 5870 quod
1115 5805 1382 5860 [tumoribus
1415 5818 1524 5870 qua:
1553 5813 1730 5859 rectm
1777 5819 1943 5858 antan-

1611 362 1820 424 LIBEB
1855 361 2269 428 UNDECIMUS.

3479 357 3592 426 ω

1991 483 2118 540 dum
2140 499 2246 540 non
2269 491 2379 540 est:
2420 492 2478 541 et
2501 485 2660 548 istum
2685 497 2928 540 amorem
2951 481 3066 538 odit
3089 482 3145 538 in
3191 495 3252 538 se
3273 523 3288 550 ,
3313 481 3404 552 qui
3429 481 3586 542 illum

1992 577 2294 648 diligit,quo
2321 575 2376 632 id
2395 585 2603 632 amatur
2615 575 2758 647 quod
2771 575 3060 640 amandum
3073 583 3173 630 est.
3189 573 3578 630 Possuntenim

1992 669 2150 724 ambo
2199 684 2320 725 esse
2353 669 2406 724 in
2442 685 2548 724 uno
2587 669 2823 734 homine,
2855 677 2914 723 et
2937 667 3042 723 hoc
3065 667 3265 724 bonum
3293 674 3376 722 est
3399 665 3578 722 homi-

1993 761 2070 830 ni,
2099 771 2155 816 ut
2178 761 2268 816 illo
2305 761 2614 831 proliciente
2638 777 2744 831 quo
2799 760 2934 816 bene
2955 759 3208 828 vivimus,
3231 759 3334 814 iste
3373 757 3581 820 deﬁciat

1991 869 2100 924 quo
2128 853 2268 908 male
2291 851 2567 919 vivimus',
2593 852 2764 907 donec
2787 851 2856 907 ad
2905 852 3200 922 perlectum
3255 859 3501 918 sanetur,
3530 857 3584 908 et

1993 947 2046 1001 in
2076 946 2274 1002 bonum
2305 945 2668 1002 cummutetur
2693 959 2853 1000 omne
2881 944 3024 1015 quod
3049 944 3298 998 vivimus.
3329 941 3384 998 Si
3439 942 3586 998 enim

1993 1055 2186 1112 pecora
2215 1054 2456 1096 essemus
2482 1080 2497 1104 ,
2523 1037 2793 1102 carnalem
2835 1037 3000 1092 vitam
3021 1044 3078 1092 et
3122 1035 3264 1106 quod
3289 1033 3588 1090 secundum

1993 1147 2212 1189 sensum
2245 1132 2360 1202 ejus
2401 1139 2488 1188 est
2533 1143 2876 1195 amaremus;
2922 1127 3080 1199 idque
3129 1137 3272 1183 esset
3313 1125 3590 1182 sufﬁciens

1995 1221 2192 1280 bonum
2215 1235 2458 1280 nostrum
2489 1266 2504 1292 ,
2547 1231 2606 1280 et
2631 1221 2920 1280 secundum
2945 1221 3048 1275 hoc
3067 1235 3190 1276 cum
3245 1227 3390 1275 esset
3429 1215 3590 1273 nobis

1995 1317 2132 1373 bene
2150 1359 2164 1384 ,
2189 1316 2320 1372 nihil
2351 1316 2497 1371 aliud
2523 1327 2906 1386 quiereremus.
2937 1311 3069 1367 ltem
3095 1312 3140 1366 si
3168 1311 3386 1366 arbores
3433 1323 3586 1366 esse-

1995 1426 2144 1478 mus,
2189 1409 2328 1464 nihil.
2345 1409 2562 1480 quidem
2583 1407 2853 1463 sentiente
2885 1415 3034 1459 motu
3059 1418 3240 1458 amare
3269 1415 3547 1472 possemus
3567 1441 3584 1468 ,

1997 1514 2368 1572 verumtamen
2393 1503 2445 1557 id
2469 1503 2619 1573 quasi
2641 1509 2894 1570 appetere
2919 1497 3252 1562 videremur,
3281 1509 3388 1564 quo
3441 1493 3590 1550 lera-

1997 1597 2110 1652 cius
2139 1611 2380 1651 essemus
2407 1595 2732 1664 uberiusque
2761 1593 3064 1646 fructuosas.
3085 1588 3144 1644 Si
3169 1601 3416 1643 essemus
3457 1585 3592 1654 lapi-

1997 1689 2126 1758 des,
2155 1699 2248 1745 aut
2271 1689 2462 1744 ﬂuctus
2487 1731 2502 1756 ,
2534 1697 2627 1743 aut
2671 1695 2899 1752 ventus,
2927 1692 3020 1738 aut
3055 1682 3270 1737 ﬂanima
3290 1721 3304 1748 ,
3332 1680 3418 1736 vel
3463 1678 3596 1749 quid

1997 1783 2296 1854 ejusmodi,
2329 1784 2446 1838 sine
2473 1781 2581 1838 ullo
2629 1779 2846 1851 quidem
2900 1791 3060 1834 sensu
3111 1787 3272 1846 atque
3313 1775 3455 1838 vita,
3482 1785 3596 1829 non

1999 1887 2174 1932 tamen
2207 1875 2360 1930 nobis
2402 1875 2612 1930 deesset
2647 1872 2797 1942 quasi
2840 1870 3053 1941 quidam
3103 1876 3408 1922 nostrorum
3457 1865 3596 1919 loco-

1997 1987 2118 2026 rum
2139 1981 2296 2041 atque
2317 1969 2518 2024 ordinis
2547 1969 2834 2038 appetitus.
2859 1963 2990 2020 Nam
3025 1963 3172 2018 velut
3211 1975 3424 2017 amores
3482 1973 3598 2015 eor-

1998 2079 2186 2135 porum
2241 2071 2508 2118 momenta
2581 2067 2708 2114 sunt
2785 2057 3110 2128 ponderum,
3159 2053 3304 2108 sive‘
3340 2051 3596 2108 deorsum

1997 2155 2274 2227 gravitate,
2298 2156 2410 2208 sive
2437 2167 2650 2208 sursum
2679 2149 2896 2206 levitate
2925 2149 3179 2202 nitantur.
3213 2143 3286 2199 Ita
3309 2143 3453 2198 enim
3474 2157 3598 2197 cor-

1997 2262 2100 2318 pus
2127 2247 2360 2316 poudere
2381 2287 2396 2312 ,
2423 2244 2560 2299 sicut
2585 2243 2794 2297 animus
2818 2255 3004 2294 amore
3023 2237 3214 2304 fertur,
3249 2248 3592 2307 quocumque

1999 2339 2169 2394 fertur
2193 2337 2294 2408 (α).
2323 2337 2584 2404 Quoniam
2617 2335 2774 2406 igitur
2795 2331 3042 2388 homines
3063 2343 3248 2384 sumus
3268 2370 3282 2394 ,
3309 2327 3375 2382 ad
3423 2326 3598 2381 nostri

1998 2431 2272 2486 Creatoris
2305 2429 2590 2498 imaginem
2625 2426 2830 2492 creati,
2855 2423 3006 2492 cujus
3033 2432 3118 2478 est
3141 2436 3268 2476 vera
3297 2419 3592 2480 teter-nitas,

2000 2533 2201 2579 aeterna
2225 2523 2452 2586 veritas,
2483 2529 2682 2576 aeterna
2723 2527 2778 2573 et
2801 2531 2927 2572 vera
2951 2516 3206 2580 cliaritas,
3227 2521 3414 2583 estque
3445 2511 3558 2581 ipsa
3577 2509 3597 2542 ι

2001 2626 2202 2674 aeterna
2217 2625 2272 2672 et
2292 2631 2414 2670 vera
2430 2623 2486 2668 et
2497 2613 2658 2668 chara
2675 2609 2932 2672 Trinitas,
2953 2621 3128 2677 neque
3141 2603 3384 2664 confusa,
3425 2617 3602 2671 neque

2002 2719 2269 2780 separata;
2294 2707 2346 2762 in
2365 2707 2428 2760 iis
2447 2705 2660 2776 quidem
2683 2702 2845 2758 rebus
2870 2715 2989 2771 qua:
3014 2697 3150 2754 intra
3172 2711 3272 2752 nos
3289 2703 3434 2760 sunt,
3461 2707 3602 2763 quo-

2003 2807 2148 2861 niam
2171 2813 2224 2860 et
2249 2804 2482 2872 ipsanec
2503 2801 2680 2870 aliquo
2703 2797 2862 2852 modo
2888 2801 3088 2860 essent,
3111 2807 3210 2848 nec
3223 2790 3398 2860 aliqua
3422 2787 3604 2858 specie

2006 2897 2432 2960 continerentur,
2453 2907 2552 2948 nec
2566 2890 2796 2962 aliquem
2809 2887 3054 2944 ordinem
3073 2884 3156 2940 vel
3172 2888 3501 2954 appeterent,
3515 2878 3607 2933 vel

2009 2997 2270 3050 tenerent,
2302 2986 2402 3040 nisi
2441 2985 2510 3038 ab
2559 2983 2648 3036 illo
2697 2981 2835 3036 facta
2888 2975 3184 3046 essentqui
3231 2987 3440 3029 summe
3481 2979 3606 3037 est,

2007 3082 2094 3153 qui
2123 3093 2332 3136 summe
2361 3077 2576 3147 sapiens
2595 3083 2680 3130 est
2704 3115 2719 3140 ,
2742 3071 2839 3143 qui
2867 3085 3076 3126 summe
3115 3068 3290 3123 bonus
3337 3071 3420 3120 est
3444 3081 3458 3118 :
3487 3071 3612 3116 tan»

2009 3191 2168 3246 quam
2191 3189 2285 3244 per
2306 3171 2485 3226 omnia
2511 3185 2630 3239 qua:
2655 3167 2780 3224 fecit
2811 3163 3042 3219 mirabili
3065 3161 3354 3216 stabilitate
3375 3171 3606 3213 curren-

2013 3275 2114 3334 tes,
2135 3265 2284 3338 quasi
2301 3261 2546 3334 quaedam
2564 3259 2681 3329 ejus
2699 3257 2824 3312 alibi
2843 3255 3032 3325 magis,
3051 3252 3175 3308 alibi
3193 3255 3370 3305 minus
3391 3249 3610 3317 impres-

2011 3377 2072 3418 sa
2095 3359 2316 3430 vestigia
2337 3355 2667 3424 colligamus;
2689 3351 2742 3404 in
2761 3347 2914 3404 nobis
2934 3355 3112 3402 autem
3131 3343 3260 3414 ipsis
3271 3342 3386 3410 ejus
3417 3339 3610 3408 imagi-

2014 3473 2136 3514 nem
2166 3459 2502 3516 contuentes,
2519 3457 2770 3517 tanquam
2797 3444 2974 3499 minor
2991 3439 3080 3494 ille
3105 3435 3448 3507 evangelicus
3468 3431 3608 3487 ﬁlius.

2015 3548 2084 3605 ad
2135 3545 2492 3615 nosmetipsos
2531 3539 2730 3596 reversi
2753 3547 3033 3608 surgamus
3059 3531 3209 3605 (Luc.
3233 3545 3321 3594 xv,
3357 3525 3468 3598 l8),
3499 3536 3557 3580 ut
3585 3525 3606 3556 ¹

2017 3642 2084 3699 ad
2114 3641 2263 3697 illum
2291 3637 2602 3702 redeamus,
2641 3649 2670 3687 a
2717 3647 2822 3702 quo
2873 3625 3148 3700 peccando
3195 3635 3606 3678 recesseramus.

2019 3735 2096 3794 Ibi
2126 3748 2248 3790 esse
2274 3739 2516 3786 nostrum
2546 3741 2653 3781 non
2677 3723 2894 3779 habebit
2918 3727 3164 3784 mortem,
3201 3717 3278 3800 ibi
3299 3729 3458 3770 nosse
3484 3725 3616 3768 nos-

2019 3839 2160 3884 trum
2189 3841 2296 3880 non
2323 3821 2538 3877 habebit
2581 3831 2857 3884 errorem,
2888 3814 2958 3870 ibi
2981 3827 3164 3867 amare
3213 3817 3452 3864 nostrum
3507 3819 3620 3860 non

2025 3921 2242 3976 habebit
2292 3909 2843 3972 oll‘ensionem.Ntmc
2891 3917 3070 3962 autem
3131 3905 3230 3958 ista
3285 3901 3382 3956 tria
3431 3909 3616 3954 nostra
3667 3979 3678 3984 _

2022 4011 2268 4086 quamvis
2297 4019 2440 4065 certa
2467 4017 2764 4068 teneamus,
2798 4016 2898 4058 nec
2928 4001 3044 4055 aliis
3074 4014 3138 4054 ea
3154 3996 3437 4053 credamus
3465 3993 3620 4048 teSti-

2025 4109 2124 4164 bus
2152 4149 2167 4176 ,
2194 4105 2286 4160 sed
2318 4119 2416 4158 nos
2443 4102 2542 4173 ipsi
2571 4095 2859 4170 prmsentia
2905 4093 3221 4156 sentiamus,
3273 4099 3434 4158 atque
3484 4087 3624 4141 inte-

2025 4204 2169 4260 riore
2197 4195 2544 4254 veracissimo
2573 4203 2858 4248 cernamus
2902 4194 3140 4256 aSpectu,
3173 4193 3346 4237 tamen
3371 4177 3624 4251 quamdiu

2027 4295 2236 4359 futura,
2259 4291 2342 4344 vel
2373 4297 2550 4344 utrum
2581 4297 2848 4352 nunquam
2878 4278 3145 4342 defutura,
3182 4283 3236 4330 et
3259 4271 3432 4343 quosi
3461 4271 3622 4334 bene,

2003 4403 2138 4460 'quo
2163 4395 2339 4442 autem
2369 4384 2411 4437 si
2448 4381 2588 4435 male
2639 4385 2883 4448 agantur,
2943 4379 3264 4444 perventura
3311 4367 3418 4422 sint
3441 4405 3456 4430 ,
3486 4379 3622 4432 quo-

2033 4454 2174 4538 niam
2199 4493 2296 4548 per.
2327 4489 2423 4530 nos
2447 4475 2593 4542 ipsos
2615 4483 2776 4526 nosse
2820 4481 2923 4534 non
2961 4475 3244 4534 possmuus
3267 4499 3280 4524 ,
3313 4457 3448 4512 alios
3501 4454 3626 4508 hinc

2036 4545 2316 4628 testes—vel
2339 4563 2655 4635 quaerimus,
2689 4559 2774 4626 vel
2807 4557 3098 4620 habemus;
3129 4552 3194 4608 de.
3241 4563 3466 4621 quorum
3523 4545 3628 4600 (ide

2035 4677 2131 4718 cur
2158 4659 2300 4714 nulla
2340 4657 2532 4712 debeat
2579 4665 2700 4708 esse
2755 4645 3052 4712 dubitatio,
3097 4659 3205 4710 non
3252 4651 3334 4696 est
3363 4641 3460 4694 iste
3487 4681 3500 4706 ,
3533 4637 3628 4690 sed

2036 4751 2302 4824 posterior
2344 4745 2446 4802 erit
2501 4740 2808 4813 diligentius
2853 4734 3154 4820 disserendi
3204 4733 3378 4810 locus.
3435 4731 3487 4783 In
3523 4729 3627 4782 hoc

2037 4821 2216 4910 autem
2243 4841 2378 4896 libro
2395 4837 2462 4900 de
2487 4836 2702 4891 civitate
2733 4833 2827 4888 Dei
2849 4873 2866 4900 ,
2895 4846 3014 4902 quae
3043 4845 3146 4884 non
3173 4825 3539 4896 peregrinatur
3569 4821 3624 4876 iu

2039 4935 2200 5005 hujus
2223 4934 2346 4988 vitae
2399 4928 2764 4994 mortalitate,
2793 4923 2888 4988 sed
2937 4919 3252 4980 immortalis
3299 4928 3512 4982 semper
3571 4912 3628 4968 in

2041 5032 2194 5092 caelis
2219 5039 2304 5084 est
2325 5070 2340 5096 ,
2373 5025 2430 5082 id
2449 5033 2532 5080 est
2555 5064 2569 5088 ,
2598 5023 2664 5086 de
2691 5019 2910 5091 Angelis
2938 5015 3138 5072 sanctis
3187 5009 3296 5076 Deo
3346 5007 3630 5062 coli-acrem

2043 5126 2208 5190 tibus,
2239 5121 2327 5192 qui
2351 5133 2448 5174 nec
2469 5115 2686 5172 fuerunt
2711 5125 2964 5182 unquam,
2987 5121 3088 5162 nec
3115 5101 3275 5158 futuri
3298 5107 3424 5154 sunt
3444 5098 3630 5154 deser-

2045 5229 2221 5282 tores,
2253 5191 2394 5268 inter
2423 5223 2557 5280 quos
2585 5215 2641 5262 et
2687 5204 2804 5260 illos
2852 5201 2944 5270 qui
2975 5208 3228 5252 :eternam
3276 5193 3446 5248 lucem
3476 5191 3632 5246 dese-a

2045 5317 2248 5374 rentes,
2277 5303 2514 5360 tenebrae
2538 5297 2659 5354 facti
2683 5303 2808 5351 sunt
2837 5333 2852 5358 ,
2879 5291 3052 5346 Deum
3097 5285 3342 5359 primitus
3385 5282 3632 5340 divisisse

2041 5404 2152 5474 jam
2173 5401 2425 5462 diximus,
2454 5393 2547 5468 illo
2571 5389 2854 5468 adjuvante
2881 5381 3026 5458 quod
3071 5381 3333 5466 ccepimus
3353 5421 3368 5448 ,
3398 5387 3460 5436 ut
3509 5391 3634 5448 pos-

2045 5509 2233 5552 sumus
2261 5490 2614 5560 explicemus.

2115 5745 2132 5772 ι
2165 5738 2240 5788 sic
2257 5743 2362 5786 Mss.
2393 5735 2446 5780 Αι
2469 5727 2599 5780 editi.
2625 5727 2918 5786 cstqnet'pse.

2117 5807 2130 5832 ς
2167 5782 2400 5852 Eam—Et;
2423 5782 2828 5852 dissetttieutil-ms
2845 5787 3098 5852 veteribus
3117 5782 3264 5834 librili-

2123 5863 2192 5923 (u)
2221 5849 2322 5910 \id.
2343 5849 2428 5908 lii).
2455 5854 2516 5906 13
2537 5849 2771 5914 ϐυώθὸδη
2789 5863 2894 5914 cep.
2919 5851 2966 5902 υ.
