4054 6530
355 330 515 457 βιδ

405 507 638 567 CAPUT
662 505 855 564 XXIX.
884 505 962 563 De
988 512 1279 562 sanctorum
1304 503 1613 575 Angetorum
1636 502 1866 570 scientia,
1897 517 1999 572 qua

484 600 790 658 Trinitatem
812 600 866 655 in
887 605 1003 671 ipsa
1039 599 1148 672 ejus
1172 598 1355 653 deitate
1377 606 1643 666 noverunt,
1671 606 1719 651 et
1743 612 1844 666 qua
1877 610 2003 665 ope-

484 712 598 752 rum
638 712 818 752 causa:
861 694 1002 765 prius
1042 692 1097 747 in
1137 692 1393 763 operantis
1430 699 1561 760 arte,
1602 705 1755 760 quam
1795 689 1850 743 in
1883 687 2007 761 ipsis

486 788 721 859 operibus
740 786 951 855 artiﬁcis
976 786 1256 839 intuentur.

487 878 571 935 llli
608 879 805 950 quippe
833 876 1023 948 Angeli
1065 876 1237 932 sancti
1277 890 1384 931 non
1423 889 1520 947 per
1562 873 1726 931 verba
1765 872 2009 929 sonantia

415 969 590 1028 Deum
615 969 858 1036 discunt;
882 969 977 1025 sed
1002 983 1097 1039 per
1114 968 1283 1039 ipsam
1298 967 1648 1039 praesentiam
1664 965 2011 1022 immutabilis

422 1059 692 1125 veritatis,
745 1058 849 1114 hoc
907 1068 1025 1124 est,
1089 1058 1325 1115 Verbum
1363 1059 1481 1130 ejus
1524 1058 1855 1131 unigenitum
1903 1074 1917 1111 :
1959 1065 2015 1113 et

410 1149 595 1219 ipsum
638 1150 871 1206 Verbum
909 1158 965 1206 et
1000 1151 1213 1206 Patrem
1262 1159 1317 1205 et
1357 1165 1543 1207 eorum
1614 1150 1869 1223 Spiritum
1900 1162 2017 1204 san-
2064 1152 2075 1155 ‘

416 1251 610 1310 ctum;
652 1259 877 1314 eamque
921 1258 1042 1298 esse
1088 1243 1493 1315 inseparabilem
1536 1242 1873 1310 Trinitatem,
1902 1243 2015 1297 sin-

410 1336 679 1408 gulasque
714 1335 767 1390 in
792 1351 853 1391 ea
895 1350 1151 1405 personas
1183 1350 1305 1392 esse
1346 1350 1507 1391 unam
1551 1334 1900 1390 substantiam
1926 1341 2020 1399 ;et

416 1438 601 1489 tamen
649 1444 838 1485 omnes
873 1443 977 1484 non
1019 1439 1126 1484 tres
1164 1428 1296 1484 deos
1332 1443 1472 1493 esse,
1491 1427 1588 1484 sed
1629 1443 1793 1482 unum
1825 1426 2018 1493 Deum,

412 1521 498 1578 ita
538 1531 823 1587 noverunt,
868 1530 923 1574 ut
966 1521 1046 1576 eis
1077 1521 1244 1591 magis
1272 1520 1394 1585 ista,
1422 1534 1581 1590 quam
1614 1534 1712 1574 nos
1737 1518 1840 1590 ipsi
1864 1518 2021 1574 uobis

420 1613 626 1684 cogniti
673 1627 874 1667 smnus.
915 1612 1086 1682 Ipsam
1130 1626 1341 1683 quoque
1381 1618 1681 1667 creaturam
1709 1611 1901 1666 melius
1924 1611 2020 1679 ibi,

423 1705 534 1761 hoc
563 1712 645 1761 est
672 1705 723 1760 in
752 1704 1013 1775 sapientia
1054 1702 1170 1772 Dei,
1204 1714 1452 1774 tanquam
1496 1706 1553 1760 in
1590 1713 1706 1758 arte
1746 1719 1850 1774 qua
1889 1703 2023 1759 facta

426 1808 534 1867 est,
583 1814 742 1869 quam
789 1799 841 1852 in
887 1813 948 1853 ea
980 1799 1096 1867 ipsa
1124 1798 1300 1853 sciunt
1332 1814 1351 1871 :j
1376 1812 1441 1852 ac
1462 1811 1559 1867 per
1589 1797 1690 1852 hoc
1718 1806 1772 1853 et
1796 1812 1855 1852 se
1879 1797 2025 1867 ipsos

426 1892 504 1947 ibi
549 1892 742 1949 melius
780 1906 937 1961 quam
985 1892 1037 1946 in
1084 1906 1143 1946 se
1187 1891 1358 1962 ipsis,
1398 1902 1769 1948 verumtamen
1810 1900 1864 1946 et
1889 1890 2028 1946 inse

428 1984 582 2055 ipsis.
602 1983 747 2040 Facti
772 1991 895 2039 sunt
911 1983 1073 2051 enim,
1090 1993 1146 2039 et
1168 1983 1309 2039 aliud
1336 1992 1634 2054 suntquam
1657 1983 1748 2039 ille
1763 1982 1854 2054 qui
1877 1981 2025 2038 fecit.

422 2075 510 2131 lbi
540 2090 669 2147 ergo
708 2085 957 2146 tanquam
1002 2076 1055 2130 iu
1086 2075 1389 2146 cognitione
1434 2075 1658 2141 diurna,
1704 2075 1760 2130 in
1802 2089 1861 2130 se
1901 2074 2032 2144 ipsis

430 2176 612 2224 autem
641 2177 891 2238 tanquam
924 2168 977 2222 in
1006 2168 1332 2239 vespertina,
1375 2169 1514 2223 sicut
1559 2182 1721 2239 supra
1750 2167 1863 2239 jam
1890 2166 2032 2223 dixi-

428 2275 554 2317 mus
607 2259 777 2332 (Cap.
836 2260 932 2329 7).
958 2260 1177 2316 Multum
1229 2261 1372 2317 enim
1414 2259 1595 2317 diﬂ'ert
1636 2269 1818 2317 utrum
1867 2259 1922 2315 in
1970 2274 2034 2314 ea

438 2352 655 2409 ratione
683 2362 1034 2423 cognoscatur
1056 2352 1256 2422 aliquid
1292 2351 1587 2424 secundum
1631 2366 1793 2422 quam
1835 2349 2034 2406 factum

435 2452 545 2511 est,
563 2459 630 2501 an
648 2443 702 2500 in
722 2459 781 2500 se
803 2444 937 2515 ipso.
956 2442 1105 2501 Sicut
1120 2445 1276 2500 aliter
1288 2444 1455 2499 scitur
1488 2444 1753 2500 rectitude
1772 2443 2036 2499 linearum

435 2551 534 2593 seu
551 2536 747 2593 veritas
770 2537 1079 2608 ﬁgurarum,
1098 2553 1220 2593 cum
1239 2537 1505 2593 intellecta
1522 2537 1868 2607 conspicitur,
1883 2535 2038 2591 aliter

437 2643 565 2684 cum
590 2629 645 2684 in
680 2629 897 2698 pulvere
938 2626 1556 2701 scribitur(a);etaliter
1595 2628 1874 2699 justitiain
1893 2628 2039 2684 veri-

444 2730 556 2776 tate
597 2721 1044 2787 ineommutabili,
1077 2722 1232 2777 aliter
1268 2720 1321 2776 in
1363 2720 1711 2791 animajusti.
1739 2719 1829 2776 Sic
1844 2718 2040 2776 deinde

444 2822 662 2882 caetera,
705 2814 843 2869 sicut
870 2813 1262 2869 ﬁrmamentum
1301 2814 1443 2869 inter
1467 2826 1635 2884 aquas
1655 2812 1960 2882 superiores
1984 2819 2042 2867 et

448 2907 758 2975 inferiores,
788 2907 931 2978 quod
959 2908 1153 2964 coelum
1190 2914 1436 2963 vocatum
1464 2914 1582 2972 est;
1615 2905 1754 2961 sicut
1789 2904 2040 2961 deorsum

440 3014 705 3071 aquarum
745 2998 1021 3070 congeries
1065 3008 1328 3069 terraeque
1352 2996 1626 3066 nudatio,
1657 3006 1712 3053 et
1755 2995 2041 3054 herbarum

443 3091 711 3148 institutio
735 3099 893 3161 atque
919 3090 1214 3161 lignorum;
1244 3090 1385 3145 sicut
1410 3088 1539 3144 solis
1571 3098 1628 3145 et
1669 3087 1809 3143 lunae
1856 3087 2043 3142 stella-

444 3197 674 3254 rumque
698 3183 959 3247 conditio;
983 3183 1121 3237 sicut
1146 3198 1212 3238 ex
1240 3181 1392 3252 aquis
1410 3179 1742 3247 animalium,
1760 3178 2042 3235 volucrum

445 3272 654 3330 scilicet
680 3283 840 3345 atque
868 3273 1095 3345 piscium
1122 3272 1529 3342 belluarumque
1550 3271 1881 3339 natantium;
1907 3272 2048 3327 sicut

447 3368 940 3437 quorumcumquet
972 3366 1026 3421 in
1068 3374 1212 3422 terra
1254 3364 1609 3435 gradientium
1644 3374 1804 3434 atque
1852 3378 2045 3435 repen-

448 3458 608 3525 tium,
640 3466 696 3514 et
723 3458 892 3528 ipsius
921 3457 1175 3519 hominis,
1228 3458 1318 3528 qui
1365 3459 1572 3512 cunctis
1605 3457 1657 3511 in
1704 3467 1843 3511 terra
1882 3438 2045 3513 rebus

449 3549 756 3607 excelleret.
787 3549 978 3606 Omnia
1004 3550 1119 3606 haec
1146 3549 1300 3605 aliter
1319 3550 1372 3604 in
1398 3549 1576 3606 Verbo
1603 3549 1698 3605 Dei
1726 3563 2049 3620 cognoscun-

450 3651 542 3697 tur
568 3641 638 3698 ab
664 3642 902 3711 Angelis,
934 3642 1024 3699 ubi
1050 3641 1252 3698 habent
1292 3656 1484 3698 causas
1516 3642 1860 3712 rationesque
1899 3657 2043 3710 suas,

450 3732 511 3790 id
532 3740 616 3789 est
634 3733 927 3791 secundum
944 3747 1078 3805 quas
1099 3732 1237 3789 facta
1253 3742 1396 3801 sunt,
1410 3733 1916 3789 incommutabiliter
1935 3747 2053 3803 per-

453 3835 756 3893 manentes,
782 3825 938 3880 aliter
963 3826 1016 3880 in
1045 3839 1106 3881 se
1140 3825 1299 3896 ipsis;
1330 3824 1441 3880 illic
1465 3825 1714 3892 clariore,
1747 3823 1834 3878 hic
1857 3824 2052 3879 obscu‘

454 3919 636 3975 τίοι-ε’
677 3918 1014 3989 cognitione,
1064 3917 1213 3974 velut
1253 3918 1385 3972 artis
1426 3925 1587 3988 atque
1632 3930 1852 3987 operum
1887 3930 2052 3986 :quae

455 4019 636 4065 tamen
662 4023 824 4081 opera
854 4024 975 4065 cum
1001 4007 1068 4064 ad
1096 4009 1262 4078 ipsius
1286 4007 1554 4063 Creatoris
1581 4006 1791 4063 laudem
1820 4020 2052 4062 venera-

460 4101 771 4173 tionemque
825 4101 1148 4165 referuntur,
1206 4109 1460 4172 tanquam
1508 4114 1670 4156 mane
1727 4100 1950 4158 lucescit
1995 4101 2054 4157 in

456 4193 726 4249 mentibus
750 4192 1245 4263 contemplantium.

459 4305 691 4366 CAPUT
717 4306 889 4363 XXX.
919 4306 997 4360 De
1023 4306 1209 4362 senarii
1256 4306 1451 4361 numeri
1481 4306 1807 4379 perfectione,
1834 4306 1921 4377 qui
1943 4306 2053 4378 pri-

647 4415 761 4455 mus
791 4399 1014 4470 partium
1036 4412 1246 4452 suarum
1269 4397 1547 4469 quantitate
1567 4394 1865 4464 completur.

532 4512 664 4569 Haec
686 4519 865 4566 autem
895 4518 1115 4580 propter
1157 4509 1353 4565 senarii
1388 4509 1598 4564 numeri
1643 4506 2052 4579 perfectionem,

461 4604 653 4661 eodem
679 4602 766 4660 die
789 4603 964 4659 sexies
994 4594 1243 4671 repetito,
1279 4616 1375 4657 sex
1414 4600 1603 4656 diebus
1646 4598 1884 4670 perfecta
1928 4614 2056 4655 uar-

461 4705 691 4752 rantur:
722 4709 831 4751 non
875 4690 1001 4766 quia
1046 4692 1160 4748 Deo
1204 4691 1505 4748 necessaria
1541 4689 1702 4747 fuerit
1724 4705 1874 4746 mora
1918 4699 2057 4746 tem-

462 4803 682 4860 porum,
714 4786 865 4857 quasi
903 4786 995 4856 qui
1034 4800 1144 4840 non
1161 4784 1407 4855 ,potuerit
1443 4796 1631 4839 creare
1668 4783 1849 4839 omnia
1874 4783 2055 4849 simul,

463 4899 584 4953 qua:
643 4880 900 4950 deinceps
957 4878 1208 4949 congruis
1265 4876 1498 4932 motibus
1549 4885 1865 4947 peragerent
1926 4884 2063 4931 tem-

463 4988 639 5045 Ροης
693 4970 788 5028 sed
834 4970 956 5041 quia
1014 4984 1111 5040 per
1173 4968 1443 5024 senarium
1478 4981 1759 5023 numerum
1806 4974 1890 5021 est
1934 4981 2062 5037 ope-

462 5082 584 5123 rum
628 5064 924 5137 signiﬁcata
971 5061 1247 5134 perfectio.
1286 5060 1552 5116 Numerus
1594 5060 1792 5131 quippe
1818 5058 2062 5115 senarius

462 5157 672 5229 primus
706 5155 1006 5226 completur
1060 5154 1172 5209 suis
1219 5151 1459 5225 partibus
1478 5190 1495 5219 ,
1534 5151 1590 5206 id
1633 5158 1751 5219 est,
1792 5156 1944 5206 sexta
1980 5150 2062 5206 sui

531 5333 554 5426 ζ
587 5337 1217 5454 glssltnil’mfnac
1238 5391 1530 5442 obscunore.

534 5455 612 5518 (a)
636 5450 825 5504 Certius
846 5450 1123 5518 meliusque
1147 5456 1295 5518 scitur
1319 5454 1564 5518 totaratio
1603 5450 1841 5501 linearum
1858 5452 2066 5518 superﬁ-

470 5515 759 5579 cierumque
784 5530 847 5566 ex
872 5515 1112 5579 dogmatis
1152 5516 1522 5576 mathematicis,
1569 5526 1713 5579 quam
1749 5526 1825 5579 ex;
1858 5515 2063 5577 pictura,

470 5594 583 5644 qua:
604 5577 849 5644 nunquam
867 5577 963 5627 tam
987 5585 1159 5644 exacta
1178 5584 1271 5637 est,
1295 5583 1348 5627 ut
1368 5586 1483 5627 ante
1508 5577 1792 5644 oculosrem
1816 5577 1985 5640 ipsam,
2010 5584 2068 5626 ιιι

468 5636 528 5693 ιῑε
551 5636 739 5703 habet;
764 5650 1001 5703 exponat;
1042 5636 1319 5702 meliusque
1352 5647 1521 5689 mente
1556 5636 1850 5703 intelligitur
1881 5644 2066 5703 rectam

472 5716 588 5766 esse
606 5701 786 5766 lineam
804 5700 915 5766 qua:
933 5716 961 5752 a
985 5700 1097 5752 nota
1124 5703 1174 5750 in
1206 5700 1370 5751 notam
1391 5710 1468 5766 est
1488 5700 1789 5766 brevissima,
1810 5706 1865 5749 ut
1893 5700 1960 5749 ait
1979 5705 2066 5748 Eu-

470 5764 642 5825 clides,
669 5774 751 5814 aut
775 5763 930 5814 lineas
952 5776 1126 5813 omnes
1147 5776 1175 5812 a
1196 5771 1368 5813 centro
1390 5763 1449 5813 ad
1472 5765 1652 5812 circum
1677 5774 1789 5812 esse
1814 5773 1978 5825 pares,
2000 5773 2062 5825 ex

471 5821 731 5890 praeceptis
747 5828 1059 5890 geometriae,
1072 5837 1217 5890 quam
1240 5837 1305 5873 ex
1327 5825 1655 5890 descriptione
1677 5836 1775 5873 non
1796 5821 1941 5873 modo
1958 5821 2065 5886 pul-

469 5885 626 5952 veris,
637 5885 733 5940 sed
750 5885 817 5939 ne
831 5888 1065 5939 Parrhasii
1077 5885 1276 5950 qmdem
1292 5894 1378 5938 aut
1398 5885 1597 5949 Apellis.
1619 5891 1733 5936 wn.
1758 5892 1916 5937 VIVES.

1473 388 1564 447 DE
1601 386 1926 448 CIVITATE
1965 385 2102 459 DEI,
2143 387 2204 448 S.
2247 385 2623 448 AUGUSTINI

3582 387 3695 446 ω

2107 512 2281 576 parte,
2313 512 2368 560 et
2393 502 2580 569 tertia,
2609 509 2664 559 et
2682 500 2932 572 dimidia,
2956 515 3078 574 quae
3104 509 3232 560 sunt
3267 517 3457 573 unum,
3487 511 3542 560 et
3561 503 3694 572 duo,

2108 604 2164 654 et
2201 597 2303 651 tria
2336 614 2349 649 :
2380 612 2500 667 qua:
2548 596 2601 650 in
2640 609 2904 651 summam
2944 594 3134 665 ducta,
3182 610 3278 651 sex
3330 596 3696 654 ﬁunt.Partes

2108 695 2288 743 autem
2313 687 2368 743 in
2392 685 2493 743 hac
2531 686 2962 743 consideratione
2991 702 3335 743 numerorum
3366 688 3471 743 illa:
3498 687 3700 745 intelli-

2108 780 2299 853 gendas
2322 790 2466 850 sunt,
2487 796 2609 853 qua:
2629 789 2804 853 quotae
2846 779 2953 835 sint
2979 779 3084 836 diei
3111 789 3294 847 potest
3324 797 3339 835 :
3371 781 3512 836 sicut
3536 779 3703 835 dimi-

2112 871 2221 939 dia,
2262 873 2438 941 tertia,
2469 882 2695 945 quarta,
2747 880 2801 928 et
2848 870 3100 943 deinceps
3143 872 3212 928 ab
3255 872 3435 944 aliquo
3477 886 3706 928 numero

2115 967 2491 1024 denominatus.
2531 967 2715 1038 Neque
2756 966 2921 1035 enim,
2970 966 3202 1035 exempli
3247 967 3439 1038 gratia,
3486 968 3611 1038 quia
3651 965 3707 1020 in

2116 1062 2407 1117 novenario
2435 1075 2660 1117 numero
2688 1068 2917 1132 quatuor
2942 1075 3069 1131 pars
3097 1060 3274 1130 aliqua
3301 1059 3419 1130 ejus
3448 1068 3552 1125 est,
3584 1058 3709 1115 ideo

2116 1152 2221 1208 dici
2246 1161 2423 1225 potest
2446 1161 2605 1224 quota
2635 1150 2751 1222 ejus
2788 1151 2858 1206 sit
2889 1169 2904 1205 :
2932 1166 3095 1206 unum
3137 1159 3316 1207 autem
3355 1158 3553 1222 potest,
3582 1164 3711 1206 nam

2108 1259 2260 1323 .uona
2299 1244 2414 1315 ejus
2454 1253 2569 1311 est;
2607 1252 2661 1298 et
2703 1243 2803 1298 tria
2844 1251 3052 1313 potest,
3085 1258 3207 1298 nam
3249 1243 3405 1297 tertia
3446 1242 3564 1313 ejus
3594 1251 3711 1298 est.

2118 1339 2433 1410 Conjunctae
2460 1352 2592 1394 vero
2616 1336 2734 1393 istae
2764 1336 2883 1393 duae
2928 1346 3106 1408 partes
3144 1336 3280 1408 ejus,
3325 1351 3467 1392 nona
3508 1335 3719 1392 scilicet

2122 1439 2282 1502 atque
2312 1432 2488 1496 tertia,
2516 1430 2568 1485 id
2613 1440 2716 1500 est,
2746 1445 2911 1485 unum
2936 1440 2991 1485 et
3021 1430 3141 1496 tria,
3171 1428 3330 1500 longe
3366 1438 3494 1485 sunt
3540 1443 3572 1483 a
3605 1437 3719 1485 tota

2125 1539 2332 1587 summa
2372 1523 2510 1595 ejus,
2550 1523 2691 1595 quod
2732 1532 2815 1578 est
2860 1537 3076 1579 novem.
3118 1521 3354 1594 Itemque
3397 1521 3451 1577 in
3493 1520 3722 1577 denario

2125 1616 2499 1689 quaternarius
2528 1625 2609 1671 est
2633 1616 2809 1686 aliqua
2830 1630 2956 1685 pars
2994 1614 3136 1686 ejus;
3178 1613 3271 1669 sed
3310 1622 3468 1684 quota
3509 1613 3580 1669 sit
3613 1612 3724 1667 dici

2126 1725 2236 1766 non
2273 1719 2447 1781 potest
2476 1728 2490 1763 :
2523 1724 2687 1765 unum
2716 1718 2893 1764 autem
2932 1716 3143 1781 potest;
3176 1723 3299 1762 nam
3345 1708 3551 1762 decima
3595 1721 3728 1777 pars

2129 1800 2248 1871 ejus
2275 1808 2376 1855 est.
2408 1800 2578 1856 Habet
2607 1808 2664 1856 et
2682 1800 2942 1871 quintam,
2967 1799 3109 1870 quod
3136 1811 3262 1854 sunt
3288 1798 3393 1853 duo
3425 1816 3439 1852 :
3478 1797 3642 1853 habet
3673 1810 3730 1852 ct

2130 1893 2425 1962 dimidiam,
2487 1892 2630 1963 quod
2672 1902 2798 1948 sunt
2837 1893 3090 1964 quinque.
3129 1890 3233 1948 Sed
3277 1892 3360 1947 ha:
3400 1901 3509 1946 tres
3544 1897 3730 1962 partes

2133 1987 2271 2059 ejus,
2298 1987 2506 2042 decima
2532 1996 2587 2042 et
2612 1986 2793 2057 quinta
2819 1995 2875 2040 et
2897 1984 3136 2051 dimidia,
3161 1984 3212 2039 id
3235 1992 3320 2039 est
3347 1999 3508 2038 unum
3541 1991 3597 2038 et
3620 1982 3733 2037 duo

2134 2088 2190 2136 et
2218 2079 2471 2150 quinque,
2503 2077 2665 2132 simul
2690 2077 2861 2134 ductae
2893 2092 3001 2133 non
3029 2076 3301 2146 complent
3339 2075 3525 2131 decem
3556 2091 3570 2128 :
3603 2083 3736 2130 sunt

2136 2173 2279 2228 enim
2308 2179 2450 2227 octo.
2480 2169 2802 2225 Duodenarii
2842 2183 2973 2225 vero
3014 2175 3191 2239 partes
3233 2166 3443 2222 numeri
3488 2166 3540 2220 in
3582 2180 3737 2221 sum-

2136 2281 2280 2322 mam
2300 2265 2496 2332 ductaa,
2511 2273 2788 2321 transeunt
2815 2277 2937 2319 eum
2959 2281 2972 2317 :
2992 2260 3154 2317 habet
3172 2261 3314 2316 enim
3335 2258 3735 2327 duodecimam,

2139 2357 2280 2429 quod
2307 2367 2390 2412 est
2418 2372 2614 2422 unum;
2660 2354 2821 2411 habet
2845 2360 3073 2420 sextam,
3103 2368 3225 2423 qua:
3253 2362 3377 2406 sunt
3406 2350 3541 2418 duo;
3570 2349 3741 2406 habet

2139 2458 2421 2521 quartam,
2462 2462 2581 2518 qua:
2626 2454 2751 2501 sunt
2773 2445 2908 2509 tria;
2968 2444 3129 2500 habet
3186 2444 3399 2499 tertiam
3454 2457 3571 2513 qua:
3611 2450 3743 2497 sunt

2140 2551 2410 2613 quatuor;
2458 2539 2620 2595 habet
2660 2547 2715 2594 et
2753 2537 3050 2605 dimidiam,
3095 2552 3215 2608 qua:
3245 2543 3372 2591 sunt
3394 2550 3493 2592 sex
3525 2551 3744 2591 :uuum

2141 2645 2321 2693 autem
2351 2643 2406 2690 et
2432 2633 2539 2689 duo
2567 2641 2622 2689 et
2647 2633 2748 2688 tria
2774 2640 2831 2687 et
2855 2639 3087 2702 quatuor
3123 2637 3179 2685 et
3223 2642 3344 2696 sex,
3387 2642 3495 2683 non
3534 2626 3746 2683 duode-

2143 2728 2269 2794 cim,
2299 2724 2395 2782 sed
2416 2725 2666 2797 amplius,
2698 2724 2751 2779 id
2772 2733 2879 2793 est,
2906 2721 3179 2779 sexdecim
3197 2720 3349 2776 ﬁunt.
3370 2720 3480 2777 Hoc
3503 2721 3747 2777 breviter

2143 2818 2672 2877 commemorandum
2702 2817 2881 2888 putavi
2915 2816 2983 2872 ad
3021 2814 3496 2871 commendandam
3538 2815 3746 2871 senarii

2145 2911 2357 2967 numeri
2399 2908 2804 2981 perfectionem,
2845 2909 2937 2980 qui
2975 2907 3207 2979 primus,
3247 2915 3309 2962 ut
3336 2906 3466 2974 dixi,
3498 2907 3747 2977 partibus

2146 3004 2259 3060 suis
2283 3004 2338 3059 in
2367 3017 2632 3059 summam
2657 3001 2892 3058 redactis
2912 3001 3031 3072 ipse
3058 3000 3333 3071 perﬁcitur
3362 3016 3375 3052 :
3404 2999 3459 3053 in
3485 3013 3593 3070 quo
3612 3013 3748 3070 per-

2149 3098 2274 3154 fecit
2317 3097 2459 3154 Deus
2505 3109 2668 3166 opera
2704 3110 2800 3151 sua
2828 3092 2926 3169 (a).
2958 3092 3114 3150 Unde
3151 3093 3289 3148 ratio
3311 3092 3520 3147 numeri
3557 3099 3750 3147 eonte-

2150 3189 2383 3245 mnenda
2408 3203 2514 3251 non
2532 3196 2635 3255 est,
2662 3201 2781 3258 quae
2806 3186 2863 3241 in
2892 3186 3075 3241 multis
3101 3193 3405 3241 sanctarum
3435 3182 3751 3254 Scriptura-

2149 3298 2269 3337 rum
2300 3282 2451 3345 locis,
2479 3294 2638 3351 quam
2670 3277 2848 3349 magni
2878 3276 3191 3333 :estimanda
3212 3276 3301 3343 sit,
3320 3276 3495 3332 elucet
3515 3274 3753 3346 diligen-

2152 3383 2235 3431 ter
2276 3372 2625 3429 intuentibus.
2669 3370 2780 3426 Nec
2824 3370 3023 3426 frustra
3065 3369 3119 3424 in
3149 3367 3395 3424 laudibus
3418 3368 3516 3427 Dei
3540 3367 3752 3424 dictum

2152 3475 2256 3534 est,
2275 3466 2461 3521 Omnia
2481 3465 2536 3519 in
2564 3480 2802 3522 mensura
2825 3473 2874 3519 et
2896 3478 3109 3518 numero
3136 3472 3183 3518 et
3205 3462 3427 3533 pondere
3450 3461 3754 3530 disposuisti

2153 3559 2325 3634 (Sap.
2356 3576 2432 3625 xi,
2467 3556 2597 3631 21).

2152 3673 2380 3732 CAPUT
2400 3672 2596 3729 XXXI.
2626 3702 2697 3713 —
2726 3670 2801 3725 De
2820 3670 2902 3725 die
2928 3670 3162 3741 septimo,
3182 3669 3238 3723 in
3270 3684 3369 3739 quo
3410 3667 3669 3740 plenitudo
3698 3677 3757 3724 et

2613 3762 2806 3836 requies
2832 3761 3232 3817 commendatur.

2225 3883 2283 3940 In
2326 3882 2555 3954 septimo
2599 3887 2776 3935 autem
2820 3876 2929 3943 die,
2960 3874 3014 3931 id
3063 3882 3147 3930 est
3187 3873 3377 3929 eodem
3419 3872 3508 3928 die
3552 3871 3759 3942 septies

2157 3975 2409 4047 repetito,
2427 3972 2521 4044 qui
2540 3984 2795 4026 numerus
2819 3968 2981 4024 etiam
2997 3966 3114 4036 ipse
3129 3965 3231 4021 alia
3255 3964 3462 4021 ratione
3482 3963 3759 4034 perfectus

2157 4078 2263 4138 est,
2285 4068 2381 4124 Dei
2396 4065 2610 4137 requies
2625 4060 3052 4128 commendatur,
3075 4060 3130 4115 in
3146 4074 3248 4130 qua
3278 4058 3503 4130 primum
3525 4057 3761 4113 sanctiﬁ-

2157 4162 2299 4218 catio
2319 4165 2475 4214 sonat
2490 4154 2639 4228 (Gen.
2656 4170 2716 4220 ιι,
2728 4152 2850 4225 2,5)
2872 4151 2971 4224 (ὁ).
2988 4151 3064 4207 Ita
3086 4150 3227 4207 Deus
3241 4148 3415 4205 noluit
3431 4149 3591 4203 istum
3607 4148 3759 4204 diem

2159 4254 2216 4310 in
2241 4252 2363 4308 ullis
2389 4250 2503 4306 suis
2538 4247 2792 4320 operibus
2830 4243 3189 4311 sanetilicare,
3219 4241 3317 4299 sed
3337 4242 3392 4297 in
3416 4241 3605 4312 requie
3627 4255 3755 4310 sua,

2158 4360 2279 4418 quae
2300 4357 2409 4400 non
2439 4340 2600 4397 habet
2624 4351 2903 4409 vesperam
2939 4352 2954 4389 :
2986 4349 3163 4406 neque
3186 4322 3346 4390 enim
3375 4331 3483 4387 ulla
3506 4340 3757 4389 creatura

2160 4446 2262 4502 est,
2307 4441 2369 4490 ut
2417 4432 2579 4489 etiam
2622 4430 2737 4503 ipsa
2766 4425 2837 4502 (ο)
2862 4426 3017 4483 aliter
3053 4426 3108 4482 in
3143 4424 3239 4481 Dei
3267 4422 3467 4489 Verbo,
3505 4423 3661 4479 aliter
3694 4423 3762 4479 in

2160 4544 2221 4586 se
2266 4527 2499 4599 cognita,
2541 4522 2702 4580 faciat
2746 4520 2908 4576 aliam
2947 4518 3094 4575 velut
3126 4516 3396 4583 diurnam,
3420 4514 3578 4570 aliam
3607 4512 3764 4571 velut

2161 4619 2526 4691 vespertinam
2566 4615 2827 4671 notitiam.
2875 4611 2953 4667 De
2987 4608 3279 4681 septenarii
3326 4620 3488 4678 porro
3540 4619 3741 4661 numer

2163 4712 2492 4787 perfectione
2539 4708 2644 4763 dici
2681 4704 2897 4778 quidem
2929 4702 3081 4774 plura
3106 4709 3331 4773 possunt
3362 4717 3375 4753 :
3405 4697 3500 4755 sed
3524 4706 3580 4754 et
3615 4696 3767 4755 liber

2164 4807 2267 4862 iste
2307 4805 2415 4875 jam
2464 4800 2701 4873 prolixus
2742 4804 2938 4864 est;et
2965 4807 3155 4850 vereor
3183 4808 3253 4848 ne
3279 4791 3564 4847 occasione
3600 4804 3768 4845 com—

2165 4906 2340 4970 perta,
2370 4893 2705 4952 scientiolam
2736 4897 2977 4946 nostram
3005 4886 3196 4940 leviter
3217 4882 3388 4954 magis
3413 4896 3573 4954 quam
3607 4879 3769 4935 utili-

2169 5002 2249 5048 ter
2272 4991 2474 5062 jactare
2502 4987 2637 5042 velle
2660 4983 2957 5040 videamur.
2989 4976 3242 5035 Habenda
3272 4984 3356 5032 est
3398 4975 3577 5045 itaque
3619 4972 3771 5029 ratio

2169 5078 2553 5140 moderationis
2593 5084 2754 5147 atque
2800 5072 3094 5145 gravitatis,
3141 5084 3212 5124 ne
3254 5067 3392 5123 forte
3418 5081 3541 5122 cum
3567 5065 3633 5121 de
3660 5079 3773 5119 nu-

2168 5191 2320 5234 mero
2343 5173 2568 5230 multum
2602 5168 2892 5240 loquimur,
2922 5176 3225 5220 mensuram
3253 5169 3310 5215 et
3334 5158 3544 5230 pondus
3591 5155 3773 5227 negli-

2170 5285 2298 5342 gere
2318 5265 2637 5339 judicemur.
2662 5260 2775 5316 Hoc
2801 5259 2981 5328 itaque
3009 5255 3141 5313 satis
3166 5253 3237 5308 sit
3264 5251 3575 5317 admonere,
3614 5249 3771 5319 quod

2097 5406 2107 5417 .
2172 5370 2316 5418 totus
2342 5358 2511 5427 impar
2541 5354 2740 5431 primus
2770 5362 3024 5406 numerus
3055 5346 3319 5403 ternarius
3342 5351 3447 5410 est,
3485 5349 3625 5397 totus
3666 5356 3767 5411 par

2173 5449 2547 5525 quaternarius
2579 5463 2591 5500 :
2622 5460 2685 5502 ex
2714 5442 2905 5515 quibus
2936 5438 3145 5496 duobus
3175 5435 3506 5507 septenarius
3526 5439 3769 5489 constat.

2237 5630 2311 5695 (a)
2323 5628 2465 5695 poni.
2492 5628 2578 5678 lib.
2603 5626 2636 5676 4
2655 5625 2720 5677 de
2740 5632 2859 5676 Gen.
2896 5622 2956 5674 ad
2974 5623 3100 5684 ιλιι..
3125 5633 3175 5670 ιι.
3200 5618 3299 5680 2-7,
3318 5624 3372 5669 et
3390 5615 3456 5667 de
3477 5614 3645 5665 mnit.
3673 5611 3758 5672 lib.

2172 5694 2222 5755 Δί’
2239 5693 2438 5812 8,3713%.
2462 5754 2570 5804 ade
2588 5761 2705 5803 Gen.
2725 5750 2785 5801 ad
2808 5752 2932 5810 mu,
2955 5761 3005 5797 n.
3027 5746 3123 5804 ιθ,
3148 5752 3201 5796 ει
3221 5744 3306 5794 lib.
3327 5738 3632 5812 anisi-s7.

2262 5756 2290 5806 Ι)
2338 5756 2438 5805 Lib.
2462 5755 2570 5804 ﬁde
2588 5761 2705 5803 Gen.
2725 5755 2785 5801 ad
2808 5755 2932 5810 Litt.,
2955 5761 3005 5797 n.
3027 5755 3123 5804 1-3,
3148 5755 3201 5796 et
3222 5755 3306 5794 ιιι).
3327 5755 3377 5803 4,
3401 5755 3452 5791 n.
3469 5755 3632 5812 ὀι-ῡι.

2239 5755 2314 5881 is;
2342 5825 2455 5882 Ipsa
2487 5817 2678 5868 scilicet
2712 5815 2916 5877 requies
2936 5811 3041 5871 Dei,
3074 5821 3185 5871 qua:
3206 5820 3304 5858 non
3323 5810 3402 5856 est
3420 5803 3578 5866 aliqua
3619 5814 3768 5853 aea-

2174 5890 2300 5932 tura.
