4054 6486
275 436 375 493 545

277 551 397 608 Ideo
442 563 541 619 pro
590 561 846 603 universo
884 559 1028 616 smpe
1069 543 1305 615 ponitur,
1345 542 1503 598 siculi
1538 549 1641 607 est,
1668 541 1864 612 Septies

276 637 415 691 cadet
454 635 655 704 justus,
701 642 750 686 et
793 639 1017 702 resurget
1056 627 1248 700 (Prov.
1289 643 1451 695 xxrv,
1495 627 1632 696 {6):
1664 627 1713 680 id
1761 635 1863 693 est,

277 729 724 801 quotiescumque
770 723 1042 788 ceciderit,
1087 737 1194 776 non
1238 721 1450 792 peribit.
1481 719 1634 788 Quod
1666 734 1769 773 non
1797 717 1864 773 de

275 822 668 893 iniquitatibus,
700 820 797 875 sed
827 819 893 875 de
927 816 1358 874 tribulationibus
1399 814 1466 870 ad
1510 813 1861 869 humilitatem

275 915 699 986 perducentibus
727 911 946 982 intelligi
985 910 1166 965 voluit.
1195 909 1280 971 Et,
1308 907 1508 978 Septies
1531 907 1585 960 in
1629 906 1710 976 die
1751 906 1863 958 lau-

275 1008 402 1061 dabo
450 1007 714 1077 te(Psal.
762 1020 942 1070 cxvm,
993 1002 1150 1073 164).
1190 999 1340 1068 Quod
1381 999 1505 1054 alibi
1552 997 1657 1052 alio
1705 995 1864 1051 modo

272 1101 472 1154 dictum
503 1109 588 1154 est
617 1117 630 1152 :
665 1098 881 1167 Semper
904 1097 1016 1150 laus
1045 1096 1152 1165 ejus
1178 1095 1230 1147 in
1251 1109 1337 1147 ore
1357 1108 1466 1146 meo
1489 1090 1657 1164 (Psal.
1678 1105 1860 1156 xxxm,

267 1194 346 1262 Ξ.)
374 1193 440 1245 Et
468 1192 637 1246 multa
668 1188 969 1260 hujusmodi
993 1188 1042 1242 in
1067 1187 1260 1242 divinis
1285 1183 1690 1241 auctoritatibus
1713 1197 1862 1252 repe-

285 1286 514 1350 riuntur,
547 1283 600 1336 in
627 1283 820 1353 quibus
848 1280 1180 1352 septenarius
1205 1293 1480 1342 numerus,
1511 1285 1568 1330 ut
1593 1274 1724 1342 dixi,
1765 1289 1861 1344 pro

269 1377 533 1445 cujusque
583 1375 660 1430 rei
706 1374 1048 1429 universitate
1090 1372 1212 1442 poni
1266 1372 1422 1426 solet.
1485 1369 1706 1439 PrOpter
1760 1367 1862 1424 hoc

268 1469 460 1524 eodem
489 1484 636 1539 saepe
663 1483 887 1523 numero
917 1466 1242 1538 significatur
1265 1465 1492 1534 Spiritus
1523 1470 1737 1517 sanctus
1757 1461 1857 1532 (a),

269 1561 340 1617 de
379 1576 488 1632 quo
544 1562 804 1615 Dominus
847 1561 954 1626 ait,
1003 1558 1208 1612 Docebit
1252 1574 1338 1611 vos
1380 1571 1577 1610 omnem
1605 1555 1860 1608 veritatem

271 1651 472 1722 (Jouu.
504 1669 618 1716 xvi,
651 1653 776 1723 15).
808 1653 882 1707 Ibi
920 1651 1133 1721 requies
1160 1650 1274 1714 Dei,
1297 1664 1400 1720 qua
1428 1647 1778 1719 requiescitur
1805 1647 1858 1700 in

271 1744 400 1797 Deo.
439 1745 494 1798 lu
525 1754 636 1799 toto
665 1744 882 1813 quippe,
909 1743 960 1798 id
991 1744 1150 1797 estin
1184 1743 1339 1812 plena
1380 1741 1725 1812 perfectione,
1771 1754 1858 1794 rc-

269 1839 455 1906 quies;
483 1838 535 1891 iu
561 1846 712 1907 parte
740 1849 916 1890 autem
944 1836 1112 1891 labor.
1142 1835 1266 1889 Ideo
1299 1833 1622 1900 laboramus,
1667 1848 1857 1904 quam-

267 1930 357 1985 diu
383 1947 452 1985 ex
473 1940 625 2000 parte
653 1932 884 1998 scimus;
907 1929 999 1985 sed
1025 1946 1143 1985 cum
1174 1931 1380 1984 venerit
1400 1929 1540 1999 quod
1563 1927 1858 1998 perfectum

266 2033 368 2088 est,
396 2021 538 2091 quod
570 2037 638 2077 ex
663 2032 812 2093 parte
832 2030 913 2075 est
936 2021 1276 2076 evacuabitur
1302 2020 1359 2091 (1
1387 2019 1504 2075 Cor.
1529 2035 1642 2089 xm,
1665 2018 1719 2088 9,
1743 2019 1855 2090 10).

267 2115 401 2169 IIinc
443 2124 529 2170 est
569 2114 711 2186 quod
752 2115 909 2170 etiam
959 2114 1260 2184 Scripturas
1305 2113 1434 2170 istas
1491 2127 1612 2168 cum
1675 2111 1856 2168 labore

265 2207 546 2260 rimamur.
574 2206 754 2260 Sancti
799 2220 928 2260 vero
969 2205 1192 2274 Angeli,
1235 2203 1585 2275 ad‘quorum
1629 2203 1856 2258 societa-

263 2310 372 2354 tem
397 2309 448 2355 et
472 2302 936 2370 congregationem
965 2300 1016 2353 in
1044 2299 1143 2353 hac
1172 2299 1594 2369 peregrinatione
1620 2297 1853 2352 laborio-

262 2391 477 2445 sissima
508 2391 861 2462 suspiramus,
894 2389 1028 2444 sicut
1058 2390 1259 2445 habent
1307 2388 1652 2460 permanendi
1691 2397 1853 2444 aeter-

263 2483 510 2548 nitatem,
541 2482 611 2535 ita
649 2481 1003 2550 cognoscendi
1045 2481 1347 2535 facilitatem
1389 2490 1443 2536 et
1481 2481 1852 2552 requiescendi

261 2574 594 2629 felicitatem.
639 2574 768 2630 Sine
811 2575 1122 2630 difficultate
1177 2576 1372 2646 quippe
1423 2590 1522 2630 nos
1564 2575 1847 2645 adjuvant;

260 2669 513 2738 quoniam
561 2669 927 2740 spiritualibus
966 2669 1198 2724 motibus
1241 2670 1386 2740 puris
1424 2678 1478 2724 et
1521 2668 1704 2724 liberis
1744 2684 1848 2724 non

260 2759 534 2816 laborant.

257 2895 486 2954 CAPUT
515 2895 730 2952 XXXII.
750 2927 820 2937 —
844 2896 923 2953 De
943 2898 1178 2968 opinione
1209 2914 1382 2953 eorum
1421 2899 1508 2969 qui
1541 2898 1848 2970 Angelorum

362 2992 667 3046 creationem
695 2991 994 3046 anteriorem
1020 2993 1190 3046 volunt
1210 3009 1334 3060 esse,
1362 3009 1514 3063 quam
1542 2993 1736 3046 mundi.

324 3128 406 3183 Ne
430 3129 549 3198 quis
575 3138 750 3183 autem
774 3129 1084 3196 contendat,
1114 3139 1166 3184 et
1192 3129 1333 3184 dicat
1361 3144 1464 3183 non
1491 3139 1702 3184 sanctos
1731 3130 1845 3183 An-

255 3221 402 3289 gelos
427 3236 548 3274 esse
585 3220 930 3290 Significatos,
965 3222 1015 3276 in
1044 3238 1110 3277 eo
1135 3223 1275 3292 quod
1305 3223 1563 3292 scriptum
1591 3236 1693 3289 ess,
1722 3222 1845 3277 Fiat

257 3314 364 3376 lux,
408 3325 453 3366 et
481 3318 618 3384 facta
649 3323 720 3367 est
764 3315 886 3378 lux;
928 3315 1021 3369 sed
1049 3315 1340 3386 quamlibet
1379 3316 1552 3370 lucem
1583 3323 1707 3368 tunc
1736 3313 1846 3384 pri-

253 3421 399 3458 mum
427 3405 621 3460 factam
658 3420 779 3460 esse
820 3421 1130 3477 corpoream
1175 3416 1267 3461 aut
1306 3408 1574 3475 opinetur,
1623 3414 1715 3460 aut
1741 3405 1842 3460 do-

253 3507 369 3550 ceat
397 3513 410 3550 :
439 3497 676 3567 Angelos
707 3505 884 3551 autem
918 3498 1062 3566 prius
1102 3512 1222 3553 esse
1261 3496 1452 3564 factos,
1502 3513 1607 3552 non
1637 3507 1841 3553 tantum

251 3595 373 3642 ante
397 3590 817 3653 firmamentum,
840 3589 982 3659 quod
1006 3590 1146 3645 inter
1164 3605 1330 3660 aquas
1350 3600 1404 3646 et
1428 3605 1592 3662 aquas
1620 3590 1838 3656 factum,

250 3678 574 3748 appellatum
613 3688 698 3734 est
733 3680 951 3747 coelum,
984 3681 1075 3736 sed
1123 3691 1246 3737 ante
1289 3682 1416 3736 illud
1459 3682 1602 3754 quod
1641 3683 1840 3740 dictum

250 3779 374 3845 εει,
410 3769 476 3824 1η
519 3773 771 3843 principio
798 3777 914 3843 fecit
953 3772 1093 3829 Deus
1129 3775 1312 3829 caelum
1353 3785 1399 3830 et
1427 3786 1612 3831 terram
1641 3785 1840 3849 :atque

249 3862 376 3918 illud
406 3865 547 3934 quod
573 3865 775 3920 dictum
815 3873 916 3930 est,
951 3865 1019 3920 In
1058 3868 1326 3938 principio,
1373 3883 1478 3924 non
1523 3869 1594 3924 ita
1638 3869 1837 3925 dictum

251 3966 499 4026 tanquam
547 3958 778 4026 primum
822 3957 922 4013 hoc
953 3960 1146 4012 factum
1190 3959 1278 4026 sit,
1325 3974 1447 4014 cum
1492 3969 1615 4016 ante
1653 3961 1847 4018 fecerit“

249 4050 512 4118 Angelos;
541 4050 636 4104 sed
663 4051 783 4120 quia
814 4051 992 4105 omnia
1019 4051 1072 4106 in
1116 4052 1374 4122 sapientia
1404 4053 1555 4121 fecit,
1584 4055 1727 4122 quod
1754 4065 1836 4111 est

246 4141 477 4198 Verbum
511 4143 646 4214 ejus,
690 4154 745 4199 et
786 4145 956 4214 ipsum
988 4147 1259 4216 Scriptura
1302 4147 1624 4218 principium
1655 4127 1830 4203 nomi-

246 4236 421 4299 navit;
469 4236 610 4290 sicut
652 4237 765 4306 ipse
812 4237 864 4291 in
910 4238 1200 4308 Evangelia
1237 4238 1435 4295 Iudaeis
1474 4241 1835 4311 qumrentibus

243 4329 360 4396 quis
393 4338 554 4396 esset,
597 4330 872 4399 reSpondit
911 4345 970 4386 se
1013 4347 1132 4387 esse
1160 4333 1476 4402 principium
1508 4334 1683 4404 (Joan.
1716 4352 1830 4403 vin,

241 4421 335 4491 25)
362 4467 373 4477 .
402 4439 509 4477 non
549 4438 580 4477 c
605 4425 876 4478 contrario
899 4425 1124 4479 referam
1153 4426 1572 4493 contentionem,
1601 4428 1831 4483 maxime

238 4516 359 4583 quia
380 4514 483 4570 hoc
505 4531 591 4571 me
613 4515 842 4570 delectat
868 4515 1170 4585 plurimum,
1197 4516 1340 4586 quod
1361 4517 1520 4571 etiam
1543 4518 1596 4572 in
1621 4533 1831 4574 summo

240 4608 463 4662 exordio
488 4611 656 4663 sancti
691 4609 811 4664 libri
839 4610 1112 4666 Geneseos
1135 4610 1372 4666 Trinitas
1401 4609 1826 4668 commendatur.

236 4701 369 4756 Cum
407 4703 550 4757 enim
584 4704 655 4758 ita
685 4703 897 4771 dicitur,
931 4703 997 4759 In
1041 4705 1290 4776 principio
1317 4705 1435 4774 fecit
1473 4703 1614 4759 Deus
1648 4707 1830 4761 caelum

235 4807 282 4849 et
323 4807 549 4861 terram,
616 4807 673 4852 ut
725 4799 885 4854 Pater
928 4798 1120 4854 fecisse
1168 4799 1492 4871 intelligatur
1545 4801 1597 4855 in
1655 4801 1823 4869 Filio,

234 4887 370 4941 sicut
412 4898 694 4943 attestatur
747 4889 1024 4956 Psalmus,
1075 4890 1166 4946 ubi
1221 4892 1445 4962 legitur,
1503 4892 1668 4957 Quam
1719 4910 1827 4947 ma-

227 4980 472 5048 gni/Scala
514 4990 632 5034 sunt
663 4997 816 5051 opera
847 4991 954 5047 tua,
998 4980 1250 5037 Domine!
1288 4985 1457 5038 omnia
1485 4985 1538 5038 in
1578 4988 1825 5056 sapientia

230 5070 392 5139 fecisti
429 5069 601 5139 (Psal.
653 5087 763 5139 cm,
800 5072 894 5143 24)
929 5092 940 5126 :
975 5075 1477 5131 convenientissima
1517 5077 1672 5146 paulo
1708 5086 1823 5148 post

226 5172 681 5216 commemoratur
726 5163 884 5217 etiam
932 5164 1163 5234 Spiritus
1215 5176 1451 5222 sanctus.
1496 5167 1627 5222 Cum
1680 5169 1822 5224 enim

225 5249 430 5304 dictum
464 5262 628 5317 esset,
661 5253 877 5322 qualem
913 5263 1110 5310 terram
1153 5258 1293 5311 Deus
1337 5257 1582 5327 primitus
1612 5258 1818 5328 fecerit,

222 5344 312 5397 vel
349 5361 503 5414 quam
552 5347 746 5402 molem
793 5348 1138 5404 materiamve
1176 5349 1364 5405 futura:
1410 5353 1820 5408 constructionis

220 5437 407 5492 mundi
429 5439 546 5494 εωιί
563 5449 619 5493 et
639 5449 794 5494 terra:
818 5443 1034 5497 nomine
1056 5446 1460 5514 nuncupaverit,
1485 5445 1820 5516 subjiciendo

214 5539 273 5584 et
303 5530 566 5598 addendo,
596 5530 759 5586 Terra
779 5543 946 5588 autem
968 5546 1077 5590 erat
1106 5537 1375 5592 invisibilis
1389 5549 1436 5592 et
1461 5539 1815 5610 incomposita,

220 5635 270 5680 et
309 5623 517 5676 tenebra:
563 5635 708 5679 erant
758 5643 911 5697 super
962 5629 1395 5700 abyssum:mox
1440 5639 1498 5686 ut
1544 5632 1816 5688 Trinitatis

281 5799 443 5877 instes.-
469 5802 697 5877 gnti‘ttunt
734 5803 1032 5877 particulam,
1069 5810 1136 5861 ad
1174 5817 1268 5862 :et
1291 5825 1354 5862 ex
1395 5813 1471 5863 his
1494 5812 1712 5866 nonnulli
1735 5814 1816 5863 ha-

201 5859 359 5927 bent,
381 5860 594 5927 societati
609 5871 655 5912 et
679 5859 1046 5927 congregationi.

277 5921 355 5982 (a)
378 5923 507 5972 uiui.
534 5937 683 5975 serm.
703 5918 819 5990 8,?1.
849 5918 924 5979 i3.

1580 422 1786 480 LIBER
1822 419 2230 480 UNDECIMUS.

1972 540 2410 596 commemoratio
2457 540 2834 612 compleretur,
2865 539 2935 596 Et
2971 542 3197 614 spiritus,
3235 543 3427 616 inquit,
3456 547 3554 605 Dei

1970 631 2372 704 superferebatur
2415 651 2566 705 super
2591 653 2774 706 aquam
2801 634 2952 708 (Gen.
2983 651 3022 705 ι,
3056 638 3196 708 1-5).
3225 638 3456 698 Proinde
3493 651 3554 699 ut

1967 725 2112 780 volet
2137 726 2359 797 quisque
2383 728 2626 798 accipiat,
2655 730 2798 799 quod
2827 731 2897 786 ita
2926 732 3246 802 profundum
3265 742 3368 800 est,
3404 742 3460 789 ut
3484 733 3554 791 ad

1968 817 2401 874 exercitationem
2430 818 2716 890 legentium
2746 837 2775 876 a
2804 821 2925 878 fidei
2954 824 3134 895 regula
3161 839 3266 880 non
3292 825 3552 882 aberran.

1969 917 2050 964 tes
2076 909 2255 980 plures
2273 911 2441 980 possit
2459 926 2718 981 generare
2736 915 3024 970 sententias
3053 915 3211 971 :dum
3235 926 3411 972 tamen
3435 918 3552 973 An-

1966 1002 2115 1072 gelos
2137 1011 2351 1058 sanctos
2381 1004 2432 1058 in
2451 1003 2766 1060 sublimibus
2787 1006 3002 1062 sedibus
3020 1010 3060 1074 ί,
3079 1025 3185 1063 non
3206 1009 3418 1079 quidem
3439 1010 3551 1067 Deo

1966 1105 2282 1162 coaeternus,
2313 1097 2406 1153 sed
2434 1106 2613 1154 tamen
2642 1099 2710 1155 de
2752 1115 2848 1154 sua
2883 1103 3203 1171 sempiterna
3229 1112 3284 1158 et
3315 1118 3441 1159 vera
3467 1103 3549 1159 fe-

1967 1189 2165 1246 licitate
2182 1206 2401 1248 securos
2425 1202 2480 1248 et
2505 1201 2683 1248 certos
2702 1209 2842 1262 esse,
2866 1209 3022 1249 nemo
3041 1195 3289 1267 ambigat.
3315 1196 3396 1252 Ad
3414 1211 3549 1267 quo-

1965 1296 2083 1337 rum
2106 1284 2414 1340 societatem
2439 1285 2710 1355 pertinere
2740 1287 2988 1356 parvulos
3012 1299 3138 1341 suos
3166 1287 3422 1342 Dominus
3445 1287 3547 1342 do-

1965 1387 2113 1441 cens,
2142 1389 2248 1430 non
2284 1376 2458 1431 solum
2500 1375 2628 1431 illud
2667 1377 2759 1443 ait,
2783 1375 2952 1431 Erunt
2978 1378 3196 1448 wquales
3224 1378 3427 1449 Angelis
3452 1378 3550 1434 Dei

1968 1465 2180 1537 (Matth.
2203 1483 2329 1534 χχιι,
2356 1467 2448 1539 50)
2475 1485 2486 1521 :
2509 1484 2694 1524 verum
2722 1469 2822 1539 ipsi
2844 1483 3055 1540 quoque
3081 1469 3269 1540 Angeli
3297 1486 3400 1540 qua
3422 1485 3550 1526 con-

1967 1557 2308 1626 templatione
2339 1558 2600 1625 fruantur,
2627 1559 2880 1626 ostendit,
2904 1560 2994 1616 ubi
3020 1560 3113 1628 ait,
3147 1559 3322 1616 Videte
3349 1577 3412 1615 ne
3430 1577 3550 1616 con-

1963 1649 2195 1702 temnatis
2227 1665 2384 1702 unum
2419 1666 2483 1704 ex
2511 1651 2707 1720 pusillis
2745 1651 2897 1705 istis:
2927 1652 3042 1706 dico
3084 1652 3220 1706 enim
3257 1651 3392 1706 vobis
3431 1651 3552 1721 quia

1964 1745 2143 1815 Angeli
2169 1761 2342 1798 eorum
2365 1744 2418 1798 in
2447 1746 2583 1799 caelis
2612 1763 2807 1816 semper
2832 1745 3000 1801 uident
3030 1747 3210 1816 faciem
3238 1744 3408 1801 Patris
3429 1745 3549 1814 mei,

1961 1838 2049 1907 qui
2074 1838 2128 1890 in
2155 1836 2292 1892 caelis
2315 1847 2387 1892 est
2417 1835 2527 1907 (Id.
2559 1853 2714 1904 xvm,
2745 1837 2854 1909 l0).

1959 1927 2188 1985 CAPUT
2219 1928 2459 1984 XXXIII.
2487 1958 2557 1968 ——
2586 1928 2665 1983 De
2695 1929 2889 1985 duabus
2907 1930 3212 2002 Angelorum
3230 1930 3548 1986 societatibus

2033 2019 2238 2074 diversis
2265 2029 2412 2090 atque
2437 2020 2742 2090 disparibus,
2778 2037 2892 2090 qua:
2919 2037 3020 2074 non
3050 2022 3326 2092 incongrue
3353 2021 3548 2076 intelli-

2031 2121 2218 2183 guntur
2248 2112 2374 2166 lucis
2401 2121 2447 2166 et
2471 2113 2790 2168 tenebrarum
2815 2113 3101 2168 nominibus
3127 2122 3448 2183 nuncupata.

2030 2204 2287 2260 Peccasse
2304 2215 2480 2260 autem
2502 2206 2760 2275 quosdam
2781 2206 3018 2276 angelos,
3042 2207 3165 2261 etin
3187 2206 3342 2276 hujus
3358 2207 3546 2263 mundi

1957 2295 2063 2351 ima
2088 2295 2355 2363 detrusus,
2384 2297 2474 2367 qui
2503 2297 2583 2352 eis
2604 2297 2750 2352 velut
2776 2311 2962 2353 carcer
2990 2308 3092 2364 est,
3120 2312 3289 2368 usque
3313 2297 3382 2352 ad
3410 2298 3548 2354 futu-

1957 2401 2069 2440 ram
2116 2387 2170 2441 in
2197 2387 2281 2442 die
2303 2388 2486 2456 judicii
2535 2387 2772 2442 ultimam
2817 2388 3232 2455 damnationem,
3275 2390 3549 2460 apostolus

1956 2476 2147 2532 Petrus
2163 2479 2500 2547 apertissime
2517 2478 2768 2545 ostendit,
2790 2480 2992 2546 dicens,
3019 2481 3162 2551 quod
3185 2481 3323 2537 Deus
3346 2481 3550 2552 angelis

1958 2571 2300 2640 peccantibus
2328 2588 2432 2626 non
2464 2573 2783 2642 pepercerit,
2825 2573 2920 2628 sed
2961 2574 3266 2629 carceribus
3303 2575 3547 2646 caliginis

1955 2660 2150 2716 inferi’
2190 2662 2472 2718 retrudens
2518 2663 2792 2719 tradiderit
2830 2665 2883 2718 in
2909 2664 3108 2736 judicio
3135 2665 3429 2734 puniendos
3462 2680 3549 2721 re-

1953 2755 2155 2808 servari
2189 2752 2255 2823 (ll
2276 2753 2421 2808 Petr.
2451 2771 2510 2816 ιι.
2539 2757 2620 2826 4).
2649 2756 2792 2811 Inter
2821 2755 2918 2812 hos
2955 2771 3084 2827 ergo
3120 2765 3175 2811 et
3201 2757 3341 2822 illos,
3375 2757 3546 2812 Deum

1953 2845 2039 2900 vel
2069 2846 2401 2916 priescientia
2429 2848 2510 2902 vel
2533 2862 2695 2918 opere
2723 2847 2968 2903 divisisse
2988 2849 3106 2918 quis
3126 2849 3370 2904 dubitet?
3399 2849 3546 2906 illos-

1953 2954 2059 3009 que
2078 2939 2249 2995 lucem
2279 2941 2472 2995 merito
2512 2941 2787 3011 appellari,
2819 2941 2938 3012 quis
2963 2941 3341 2997 contradicat?
3370 2957 3544 3013 quan-

1951 3029 2238 3100 doquidem
2292 3047 2390 3086 nos
2435 3031 2610 3086 adhuc
2665 3033 2718 3087 in
2772 3032 2877 3086 fide
2921 3033 3196 3097 viventes,
3251 3042 3304 3089 et
3355 3048 3544 3089 eorum

1949 3122 2307 3193 aequalitatem
2332 3122 2506 3178 adhuc
2535 3133 2834 3193 sperantes,
2867 3124 3048 3193 utique
3085 3125 3321 3180 nondum
3353 3133 3544 3180 tenen-

1951 3223 2051 3282 tes,
2087 3214 2198 3285 jam
2224 3214 2312 3269 lux
2355 3214 2480 3269 dicti
2510 3214 2577 3270 ab
2611 3215 2868 3285 Apostolo
2911 3230 3094 3271 sumus
3119 3235 3132 3270 :
3156 3215 3352 3270 Fuistis
3380 3219 3537 3284 enim,

1947 3308 2138 3378 inquit,
2163 3307 2438 3377 aliquando
2468 3307 2702 3373 tenebrce,
2754 3323 2887 3360 nunc
2915 3316 3082 3361 autem
3113 3306 3204 3362 tua:
3232 3309 3284 3361 in
3329 3306 3544 3362 Domino

1953 3402 2166 3474 (Ephes.
2196 3418 2251 3471 ν,
2277 3402 2356 3472 8).
2403 3401 2538 3458 Istos
2577 3418 2706 3457 vero
2732 3401 3056 3469 desertores,
3107 3401 3353 3456 tenebras
3385 3416 3544 3472 aper-

1949 3495 2156 3552 tissime
2192 3496 2509 3566 nuncupari,
2555 3495 2793 3566 profeclo
2840 3495 3142 3564 advertunt,
3189 3495 3282 3566 qui
3330 3495 3542 3566 pejores

1947 3601 2068 3642 esse
2104 3586 2410 3642 hominibus
2437 3586 2741 3642 infidelibus
2769 3587 2882 3642 sive
2920 3587 3240 3657 intelligunt,
3274 3585 3386 3641 sive
3414 3601 3538 3641 cre—

1945 3678 2100 3735 dunt.
2123 3680 2479 3750 Quapropter,
2501 3681 2602 3735 etsi
2634 3681 2734 3734 alia
2766 3681 2856 3734 lux
2878 3681 2932 3734 in
2957 3680 3059 3736 isto
3088 3679 3245 3748 hujus
3272 3679 3393 3735 libri
3417 3680 3538 3734 Ioco

1944 3770 2288 3842 intelligenda
2313 3782 2414 3836 est,
2449 3772 2538 3826 ubi
2560 3772 2806 3841 legimus,
2837 3770 2978 3825 Dixit
3007 3771 3166 3838 Deus,
3198 3769 3320 3824 Fiat
3351 3770 3459 3836 lux,
3490 3780 3539 3824 et

1945 3865 2081 3934 facta
2119 3872 2190 3917 est
2216 3864 2341 3928 lux;
2367 3871 2422 3918 et
2450 3862 2569 3916 alia:
2614 3861 2849 3917 tenebras
2886 3861 3195 3932 significata:
3223 3869 3346 3916 sunt
3376 3861 3428 3914 in
3469 3875 3538 3916 eo

1944 3955 2087 4027 quod
2126 3957 2383 4026 scriptum
2413 3963 2517 4020 est,
2550 3953 2732 4009 Divisit
2777 3953 2915 4008 Deus
2943 3955 3073 4008 inter
3102 3953 3265 4006 lucem
3301 3962 3348 4007 et
3393 3963 3533 4007 tene-

1943 4047 2059 4102 bras
2085 4044 2236 4119 (Gen.
2267 4061 2304 4113 ι,
2336 4046 2390 4113 3,
2421 4043 2476 4118 4)
2511 4063 2524 4098 :
2553 4059 2652 4100 nos
2683 4053 2860 4100 tamen
2888 4044 2983 4099 has
3006 4043 3138 4099 duas
3157 4043 3424 4114 angelicas
3449 4058 3538 4098 so-

1940 4140 2182 4203 cietates,
2210 4153 2368 4192 unam
2397 4135 2657 4192 fruentem
2687 4136 2820 4204 Deo,
2860 4135 3082 4190 alteram
3124 4144 3416 4191 tumentem
3448 4144 3535 4207 ty-

1941 4229 2049 4300 pho
2070 4230 2090 4261 ⁸
2117 4230 2195 4300 (a)
2221 4248 2234 4283 :
2264 4245 2423 4284 unam
2453 4229 2770 4296 cuidicitur,
2799 4228 3022 4282 Adorate
3050 4243 3186 4296 eum,
3219 4244 3390 4282 omnes
3429 4228 3538 4282 An-

1939 4323 2039 4393 geli
2076 4324 2185 4394 ejus
2223 4321 2394 4393 (Psal.
2423 4338 2565 4388 xcvn,
2599 4321 2688 4388 8);
2717 4322 2874 4376 aliam
2912 4321 3063 4392 cujus
3103 4321 3350 4392 princeps
3375 4320 3526 4390 dicit,

1941 4416 2067 4472 Hcce
2115 4417 2284 4471 omnia
2331 4416 2420 4470 tibi
2466 4416 2632 4482 dabo,
2684 4417 2728 4469 si
2778 4424 3055 4486 prostratus
3108 4414 3398 4468 adoraueris
3451 4429 3532 4468 me

1942 4507 2153 4578 (Matth.
2183 4522 2260 4574 tv,
2293 4508 2348 4579 9)
2381 4526 2394 4561 :
2423 4523 2580 4562 unam
2611 4507 2707 4562 Dei
2755 4516 2942 4561 sancto
2983 4520 3164 4560 amore
3195 4505 3527 4576 flagrantem,

1936 4600 2158 4655 alteram
2187 4600 2414 4670 propriae
2439 4598 2770 4654 celsitudinis
2797 4597 3070 4653 immundo
3105 4613 3291 4654 amore
3316 4599 3528 4653 fuman-

1937 4701 2044 4746 tem
2074 4709 2086 4745 :
2114 4702 2170 4746 et
2197 4691 2467 4760 quoniam,
2513 4692 2650 4744 sicut
2692 4692 2948 4760 scriptum
2987 4699 3089 4757 est,
3116 4689 3257 4746 Deus
3295 4691 3526 4760 superbis

1933 4785 2137 4851 resistit,
2183 4782 2452 4837 humilibus
2499 4792 2668 4836 autem
2713 4782 2801 4835 dat
2845 4782 3062 4853 gratiam
3102 4781 3307 4852 (Jacobi
3341 4797 3416 4846 tv,
3453 4781 3522 4846 6;

1934 4876 2122 4932 IPetr.
2168 4890 2220 4939 v,
2254 4874 2345 4947 5),
2388 4875 2532 4930 illam
2581 4875 2635 4928 in
2690 4873 2840 4930 caelis
2876 4873 3132 4929 etnlorum
3176 4873 3519 4935 habitantem,

1933 4971 2088 5026 istam
2124 4968 2248 5024 inde
2285 4968 2546 5039 dejectam
2575 4969 2627 5022 in
2658 4967 2760 5022 hoc
2791 4968 2974 5022 infimo
3000 4967 3145 5021 aerio
3167 4965 3303 5018 coelo
3325 4964 3521 5018 tumul-

1931 5073 2168 5119 tuantem
2209 5062 2396 5118 :illatn
2444 5062 2704 5116 luminosa
2734 5060 2928 5130 pietate
2964 5056 3323 5125 tranquillam,
3365 5053 3522 5110 istam

1930 5155 2229 5211 tenebrosis
2257 5153 2635 5224 cupiditatibus
2656 5151 3012 5206 turbulentam
3045 5164 3057 5200 :
3087 5146 3231 5199 illam
3264 5145 3358 5200 Dei
3390 5157 3521 5201 nutu

1928 5249 2220 5303 clementer
2273 5247 2698 5308 subvenientem,
2745 5241 2885 5310 juste
2931 5237 3311 5304 ulciscentem;
3361 5238 3519 5294 istam

1928 5355 2027 5395 suo
2047 5339 2186 5394 fastu
2214 5337 2476 5395 subdendi
2505 5347 2559 5392 et
2581 5333 2805 5389 nocendi
2834 5331 3052 5388 libidine
3081 5339 3468 5386 extestuantem
3499 5351 3512 5387 :

1927 5431 2091 5498 illam,
2125 5439 2180 5485 ut
2205 5439 2459 5500 quantum
2491 5428 2601 5482 vult
2630 5423 2890 5489 consulat,
2934 5422 3029 5477 Dei
3065 5422 3332 5478 bonitati"
3359 5424 3518 5480 mini-

1992 5568 2008 5598 ι
2046 5565 2184 5624 Editi,
2207 5563 2317 5615 caeli
2339 5563 2548 5614 sedibus.
2574 5562 2739 5620 Abest,
2762 5559 2888 5624 creti,
2909 5573 2938 5609 a
2959 5566 3066 5611 Mss.

1987 5632 2010 5660 ί
2045 5637 2142 5676 Am.
2167 5622 2240 5678 Er.
2266 5635 2394 5685 Low,
2421 5623 2614 5685 inferni.
2637 5632 2690 5672 Αι
2715 5623 2847 5678 yind.
2875 5631 2928 5673 et
2947 5631 3072 5686 uss,
3090 5622 3249 5684 infert.

1989 5693 2010 5758 fl
2045 5689 2177 5758 vind.
2206 5699 2304 5737 Am.
2333 5687 2573 5758 cepi-ures
2598 5695 2719 5758 iussu,
2745 5694 2875 5752 typo.

1985 5754 2009 5784 δ
2041 5754 2112 5802 sic
2134 5758 2239 5800 Mss.
2266 5757 2320 5800 At
2343 5747 2477 5806 editi.
2503 5747 2736 5799 bonitatis.

1989 5813 2262 5878 (a)}todem
2303 5812 2454 5878 verbo
2494 5813 2644 5878 utitur
2667 5814 2962 5878 Augustinus
2983 5810 3070 5878 lib.
3094 5811 3126 5859 5
3146 5808 3380 5878 Confess.,
3408 5820 3513 5878 ap:

1921 5879 1973 5935 3,
1998 5871 2053 5925 et
2074 5876 2228 5947 lib._7,
2253 5888 2357 5939 cap.
2395 5875 2442 5935 9,
2465 5875 2523 5926 ad
2548 5871 2916 5938 exprimendam
2939 5873 3126 5926 scilicet
3147 5871 3426 5934 superbiam
3461 5874 3519 5921 et

1928 5945 2271 6002 arrogantiam.
