4054 6492
315 456 414 520 349

315 576 460 634 riore
481 575 626 632 libro
651 580 966 649 apparuisse
1003 579 1059 637 in
1098 582 1316 654 Angelis
1337 584 1448 655 jam
1475 587 1722 660 videtur;
1754 591 1903 662 prius

315 671 446 726 mihi
467 671 720 740 quadam
752 673 820 730 de
847 676 978 745 ipsis
1003 678 1224 748 Angelis
1275 679 1432 736 video
1478 697 1598 738 esse
1641 683 1862 739 dicenda
1892 726 1904 752 ,

315 762 508 832 quibus
529 762 950 832 demonstretur,
982 777 1244 838 quantum
1272 786 1300 824 a
1333 771 1487 827 nobis
1507 783 1718 848 potest,
1746 791 1906 848 quam

313 869 418 912 non
447 855 834 913 inconveniens
873 873 1048 930 neque
1083 861 1375 933 incongrua
1415 863 1621 920 dicatur
1647 882 1766 922 esse
1804 867 1907 924 ho-

311 947 548 1006 minibus
579 950 908 1022 AngeliSque
935 953 1166 1010 societas
1197 971 1212 1009 :
1248 965 1304 1011 ut
1350 973 1455 1012 non
1505 969 1760 1030 quatuor,
1787 959 1909 1018 duae

315 1041 530 1096 scilicet
577 1043 904 1113 Angelos-um
949 1047 1280 1119 totidemque
1309 1048 1582 1106 hominum
1607 1094 1622 1120 ,
1653 1051 1748 1108 sed
1789 1051 1910 1110 dua:

313 1134 494 1202 potius
541 1134 832 1202 civitates,
897 1135 1000 1194 hoe
1053 1150 1134 1195 est
1187 1143 1504 1210 societates,
1549 1144 1742 1202 merito
1790 1162 1910 1204 esse

313 1211 612 1294 dicantur;
647 1245 754 1286 una
781 1231 834 1286 in
858 1231 1012 1288 bonis
1035 1275 1051 1302 ,
1083 1235 1254 1291 altera
1283 1237 1338 1292 in
1375 1237 1528 1294 malis
1550 1291 1564 1308 ί
1599 1255 1704 1294 non
1735 1241 1908 1297 solum

311 1319 537 1390 Angelis
562 1361 580 1386 ,
613 1335 800 1376 verum
830 1324 992 1379 etiam
1021 1325 1326 1384 hominibus
1353 1330 1673 1385 constimtae.

382 1411 438 1464 2.
482 1412 820 1484 Angelorum
841 1415 1106 1474 bonorum
1146 1427 1202 1474 et
1233 1421 1498 1476 malorum
1535 1423 1674 1479 inter
1694 1439 1753 1480 se
1779 1439 1909 1480 con-

315 1505 516 1562 trarios
555 1509 826 1578 appetitus
869 1525 974 1566 non
1001 1513 1208 1568 naturis
1239 1514 1620 1586 principiisque
1649 1517 1904 1585 diversis,

305 1610 434 1652 eum
483 1598 628 1654 Deus
677 1601 914 1657 omnium
967 1605 1390 1661 substantiarum
1439 1607 1610 1663 bonus
1643 1619 1828 1666 auctor
1853 1619 1910 1668 et

303 1688 560 1744 conditor
587 1700 844 1762 utrosque
872 1697 1150 1764 creaverit,
1179 1699 1272 1754 sed
1303 1699 1661 1762 voluntatibus
1683 1711 1736 1758 et
1760 1703 1909 1774 cupi-

307 1779 568 1840 ditatibus
591 1787 893 1854 exstitisse,
931 1788 1172 1845 dubitare
1215 1789 1292 1846 fas
1337 1808 1444 1847 non
1491 1802 1609 1860 est;
1638 1795 1762 1850 dum
1815 1797 1906 1854 alii

303 1882 626 1930 constanter
670 1876 726 1931 in
773 1881 1041 1934 communi
1069 1882 1318 1937 omnibus
1355 1883 1496 1940 bono
1525 1926 1539 1950 ,
1596 1886 1736 1956 quod
1767 1885 1906 1957 ‘ipse

306 1965 419 2020 illis
445 1966 588 2022 Deus
606 1977 708 2032 est,
740 1977 900 2040 atque
924 1971 980 2026 in
1017 1973 1130 2043 ejus
1159 1975 1475 2040 aeternitate,
1505 1977 1748 2045 veritate,
1779 1979 1905 2036 cha-

305 2055 468 2112 ritate
489 2059 818 2127 persistent;
865 2062 955 2116 alii
989 2077 1082 2118 sua
1129 2074 1388 2134 potestate
1420 2069 1594 2142 potius
1618 2070 1864 2127 delectati
1885 2115 1902 2140 ,

305 2147 458 2201 velut
485 2147 684 2205 bonum
716 2166 869 2208 suum
900 2154 998 2209 sibi
1031 2155 1130 2226 ipsi
1160 2167 1360 2226 essent,
1391 2175 1422 2214 a
1452 2163 1726 2230 superiore
1751 2179 1903 2219 cum-

303 2240 460 2294 muni
489 2241 728 2297 omnium
757 2243 1002 2302 beatiﬁco
1031 2247 1172 2304 bono
1196 2247 1262 2304 ad
1287 2251 1499 2322 prepria
1531 2251 1900 2324 deﬂuxerunt;

299 2341 364 2387 et
389 2333 650 2390 habentes
677 2337 923 2394 elationis
951 2339 1144 2396 fastum
1175 2357 1271 2413 pro
1295 2345 1654 2400 excelsiSsima
1687 2347 1902 2404 aeterni-

303 2435 420 2482 tate
439 2469 456 2494 ,
485 2427 738 2486 vanitatis
763 2433 1010 2487 astutiam
1053 2449 1151 2504 pro
1176 2437 1470 2492 certissima
1501 2441 1724 2494 veritate
1745 2482 1758 2507 ,
1785 2449 1900 2496 stu-

303 2519 394 2574 dia
415 2522 648 2591 partium
677 2539 774 2594 pro
795 2525 1060 2580 individua
1089 2529 1368 2596 eharitate,
1391 2530 1626 2600 superbi,
1659 2531 1898 2603 fallaces,

309 2609 474 2676 invidi
497 2611 676 2668 effecti
700 2625 844 2672 sunt.
883 2617 1236 2674 Beatitudinis
1283 2619 1441 2691 igitur
1483 2621 1696 2678 illorum
1739 2640 1900 2682 causa

303 2713 420 2771 est,
451 2705 736 2764 adhaerere
777 2709 906 2765 Deo.
937 2710 1194 2778 Quocirca
1231 2715 1454 2770 istorum
1485 2717 1716 2774 miseria:
1741 2733 1900 2776 causa

305 2810 376 2850 ex
411 2799 688 2853 contrario
723 2809 808 2856 est
848 2789 1224 2874 intelligenda,
1253 2807 1394 2878 quod
1422 2817 1536 2876 est,
1571 2825 1676 2866 non
1714 2811 1898 2866 adhae-

303 2901 426 2944 rere
477 2889 612 2946 Deo.
635 2891 1035 2964 Quamobrem,
1078 2897 1124 2952 si
1165 2903 1590 2972 cum'qureritur
1613 2921 1778 2975 quare
1821 2905 1900 2963 illi

301 2977 445 3034 beati
497 2981 634 3046 sint,
661 2993 808 3040 recte
843 2989 1231 3058 respondetur,
1259 2991 1380 3062 quia
1427 2993 1708 3050 adbznrent
1750 2997 1896 3066 Deo;

298 3077 358 3124 et
380 3085 506 3125 cum
541 3073 800 3142 quaeritur
841 3091 937 3132 cur
973 3077 1059 3134 isti
1103 3081 1210 3136 sint
1247 3083 1468 3150 miseri,
1501 3095 1645 3141 recte
1673 3101 1899 3158 reSpon-

297 3159 492 3228 detur,
519 3165 642 3233 quia
695 3181 802 3222 non
846 3167 1122 3226 adhaerent
1175 3173 1322 3228 Deo:
1355 3189 1462 3230 non
1513 3185 1596 3231 est
1641 3189 1900 3248 creatura:

299 3255 580 3312 rationalis
626 3258 709 3314 vel
747 3259 1120 3320 intellectualis
1167 3265 1404 3334 bonum,
1450 3285 1557 3340 quo
1601 3269 1755 3326 beata
1793 3273 1892 3340 sit,

297 3347 408 3402 nisi
447 3347 612 3405 Deus.
641 3349 718 3406 Ita
760 3355 998 3423 quamvis
1027 3371 1134 3412 non
1173 3359 1349 3416 omnis
1387 3361 1540 3417 beata
1587 3365 1752 3434 possit
1778 3380 1896 3420 esse

257 3437 552 3495 'ereatura
578 3441 776 3512 (neque
820 3447 961 3500 enim
1009 3447 1112 3505 hoc
1153 3467 1346 3508 munus
1393 3453 1758 3523 adipiscuntur
1806 3467 1896 3514 aut

297 3532 528 3601 capiunt
552 3531 703 3602 ferre,
735 3535 910 3606 ligna,
936 3553 1084 3608 saxa,
1118 3552 1172 3598 et
1215 3544 1258 3598 si
1289 3545 1416 3614 quid
1460 3545 1722 3616 ejusmodi
1765 3551 1892 3623 est),

297 3635 366 3680 ea
387 3631 572 3684 tanien
600 3641 722 3697 qua:
747 3637 953 3698 potest,
978 3647 1086 3690 non
1114 3651 1181 3690 ex
1209 3649 1267 3692 se
1303 3625 1414 3706 ipsa
1443 3647 1656 3708 potest,
1680 3642 1802 3711 quia
1829 3657 1898 3699 ex

301 3715 473 3774 nihilo
515 3728 698 3775 creata
727 3731 847 3788 est;
876 3725 972 3780 sed
999 3743 1064 3782 ex
1087 3727 1178 3783 illo
1197 3771 1212 3792 ,
1241 3745 1270 3783 a
1308 3745 1414 3802 quo
1444 3742 1616 3787 creata
1649 3743 1750 3790 est.
1782 3733 1897 3792 Hoc

301 3810 446 3866 enim
473 3811 672 3883 adepto
701 3814 854 3870 beata
877 3857 890 3882 ,
919 3833 1026 3888 quo
1052 3821 1252 3876 amisso
1297 3823 1490 3879 misera
1517 3835 1618 3881 est.
1649 3826 1740 3882 llle
1767 3844 1896 3886 vero

303 3903 394 3974 qui
432 3919 542 3959 non
579 3905 714 3974 alio,
744 3909 838 3964 sed
865 3925 924 3966 se
950 3909 1066 3982 ipso
1105 3913 1248 3970 bono
1283 3915 1470 3973 beatus
1498 3929 1608 3984 est,
1635 3919 1755 3976 ideo
1781 3923 1896 3992 ipse

301 3997 464 4054 miser
499 4014 608 4054 non
635 4009 808 4070 potest
832 4017 972 4069 esse,
1002 4005 1122 4074 quia
1173 4023 1278 4062 non
1326 4023 1384 4064 se
1419 4019 1594 4078 potest
1621 4009 1891 4070 amittere.

371 4091 426 4148 3.
469 4091 708 4149 Dicimus
735 4095 910 4166 itaque
935 4097 1366 4156 incommutabile
1389 4101 1585 4158 bonum
1613 4120 1720 4160 non
1749 4121 1890 4172 esse,

301 4185 404 4240 nisi
444 4202 612 4241 unum
650 4203 832 4244 verum
857 4189 1069 4246 beatum
1098 4192 1264 4248 Deum
1295 4209 1394 4250 :ea
1426 4211 1551 4252 vero
1570 4213 1688 4268 quae
1731 4198 1854 4254 fecit
1874 4242 1891 4268 ,

303 4277 438 4334 bona
459 4279 676 4349 quidem
707 4295 825 4337 esse
846 4323 859 4346 ,
891 4283 1032 4353 quod
1058 4284 1124 4340 ab
1153 4284 1244 4342 illo
1273 4303 1287 4352 ;
1318 4299 1682 4346 verumtamen
1723 4303 1894 4348 muta-

303 4370 448 4448 bilia,
483 4371 626 4454 quod
669 4387 776 4446 non
824 4373 892 4446 de
939 4373 1055 4448 illo,
1083 4375 1179 4434 sed
1234 4377 1302 4434 de
1349 4381 1515 4448 nihilo
1559 4380 1698 4439 facta
1747 4393 1890 4452 sunt.

305 4461 618 4535 Quanquam
661 4481 790 4538 ergo
832 4483 1042 4540 annona
1086 4485 1190 4532 non
1231 4472 1370 4540 sint;
1399 4475 1590 4544 quibus
1631 4486 1714 4532 est
1753 4479 1894 4536 Deus

305 4558 474 4628 majus
526 4560 722 4614 bonum
777 4579 790 4613 :
847 4577 1036 4632 magna
1095 4573 1218 4619 sunt
1275 4573 1449 4621 tamen
1503 4583 1564 4622 ea
1621 4571 1894 4638 mutabilia

305 4647 440 4703 bona
465 4693 478 4714 ,
513 4668 634 4722 quae
659 4651 934 4709 adhaerere
965 4665 1188 4724 possunt
1216 4665 1272 4711 ut
1299 4657 1450 4712 beata
1483 4659 1616 4726 sint,
1649 4659 1894 4717 immuta-

305 4740 392 4796 bili
437 4742 615 4810 bono;
647 4745 788 4815 quod
833 4761 1003 4817 usque
1047 4747 1182 4803 adeo
1231 4747 1428 4804 bonum
1466 4766 1648 4807 eorum
1692 4763 1807 4821 est,
1837 4764 1896 4811 ut

305 4834 416 4887 sine
447 4834 540 4888 illo
569 4835 766 4890 misera
795 4851 914 4892 esse
943 4853 1166 4894 necesse
1193 4839 1279 4894 sit.
1310 4839 1419 4896 Nec
1457 4841 1578 4897 ideo
1605 4851 1800 4900 czetera
1839 4845 1894 4901 in

307 4924 406 4982 hac
429 4935 694 4982 creatura:
724 4929 1070 4986 universitate
1097 4931 1320 4986 meliora
1351 4943 1516 5002 sunt,
1547 4935 1670 5005 quia
1701 4937 1895 4992 misera

306 5034 423 5076 esse
469 5037 576 5076 non
626 5031 866 5090 possunt.
889 5021 1074 5094 Neque
1099 5025 1241 5080 enim
1286 5035 1478 5082 czetera
1503 5029 1741 5084 membra
1769 5045 1893 5085 cor-

307 5113 450 5180 poris
477 5113 652 5168 nostri
679 5113 798 5169 ideo
823 5113 1109 5171 dicendum
1136 5127 1220 5172 est
1264 5119 1434 5175 oculis
1477 5135 1596 5176 esse
1636 5121 1892 5191 meliora,

305 5207 426 5275 quia
453 5221 595 5260 cmca
624 5221 744 5262 esse
776 5224 880 5263 non
923 5221 1164 5279 possunt.
1189 5209 1339 5268 Sicut
1379 5224 1555 5270 autem
1595 5215 1786 5272 melior
1813 5226 1896 5272 est

309 5309 493 5354 natura
524 5301 765 5356 sentiens
804 5313 858 5358 et
882 5319 1002 5359 eum
1028 5305 1201 5374 dolet,
1229 5323 1385 5376 quam
1427 5307 1561 5377 lapis
1597 5310 1684 5380 qui
1713 5309 1896 5367 dolere

308 5393 454 5446 nullo
485 5393 646 5449 modo
684 5403 896 5465 potest:
926 5397 996 5451 ita
1023 5389 1296 5453 rationalis
1334 5409 1519 5454 natura
1557 5403 1896 5471 prmstantior

307 5493 390 5539 est
417 5485 578 5541 etiam
607 5487 802 5542 misera
822 5529 836 5553 ,
868 5503 1027 5558 quam
1068 5489 1158 5544 illa
1202 5507 1318 5561 quia
1347 5493 1566 5548 rationis
1590 5495 1672 5550 vel
1706 5513 1897 5552 sensus

309 5586 391 5632 est
419 5592 646 5647 expers,
673 5587 726 5634 et
751 5579 871 5636 ideo
900 5581 954 5635 in
984 5597 1104 5650 eam
1133 5599 1246 5648 non
1280 5583 1422 5640 cadit
1465 5585 1699 5642 miseria.
1736 5587 1892 5655 Quod

309 5685 428 5728 cum
461 5671 534 5728 ita
560 5674 661 5740 sit,
693 5673 818 5728 huic
861 5685 1094 5741 naturae,
1125 5693 1246 5747 quae
1286 5678 1338 5732 in
1389 5687 1532 5734 tanta
1579 5679 1896 5737 excellentia

311 5775 488 5832 creata
521 5775 602 5822 est
621 5808 636 5833 ,
667 5777 726 5836 ut
751 5765 874 5824 licet
900 5769 1012 5838 ipsa
1038 5769 1106 5824 sit
1135 5769 1400 5826 mutabilis
1425 5813 1440 5838 ,
1473 5771 1780 5830 inliterendo
1813 5781 1894 5828 ta-

311 5874 436 5916 men
467 5860 882 5916 incommutabili
909 5863 1053 5918 bono
1073 5903 1088 5930 ,
1120 5863 1172 5918 id
1203 5851 1298 5920 est.
1325 5881 1532 5920 summo
1555 5867 1694 5932 Deo,
1726 5865 1894 5922 beati-

311 5953 554 6011 tudinem
578 5963 931 6025 consequatur
947 5993 965 6027 ,
992 5951 1090 6014 n'ec
1117 5957 1327 6028 expleat
1359 5955 1706 6031 indigentiam
1740 5974 1894 6020 suam

1633 473 1838 532 LIBER
1877 473 2336 542 DUODECIMUS.

1989 359 2004 368 α
2017 358 2102 373 .-ιι-,ι
2117 365 2128 370 ..
2139 355 2164 370 -ι
2193 351 2202 360 ⁴”

3485 495 3597 566 550

2017 595 2118 652 nisi
2161 599 2344 676 utique
2377 601 2530 660 beata
2575 606 2676 678 sit,
2707 609 2864 684 eique
2905 611 3182 684 explendae
3222 628 3330 674 non
3371 617 3598 678 sufﬁciat

2013 689 2115 746 nisi
2155 693 2330 762 Deus,
2363 697 2602 768 profecto
2647 717 2754 772 non
2796 703 2870 768 illi
2917 705 3232 776 adhaerere,
3257 709 3443 766 vitium
3492 721 3593 770 est.

2013 777 2190 840 Omne
2208 795 2385 842 autem
2409 789 2591 868 vitium
2623 802 2824 850 natura:
2849 807 3003 854 nocet
3027 841 3042 865 ,
3074 815 3136 855 ac
3167 817 3261 872 per
3287 801 3388 864 hoc
3412 813 3596 870 contra

2015 885 2257 942 naturam
2299 890 2398 934 est.
2433 881 2512 936 Ab
2551 882 2638 950 illa
2687 886 2846 956 igitur
2884 905 3002 960 quae
3042 891 3282 956 adiuerct
3307 894 3418 950 Deo
3443 935 3458 962 ,
3492 911 3595 952 non
3655 921 3660 924 ·

2015 977 2203 1026 natura
2241 971 2418 1040 differt
2444 973 2542 1028 ista
2569 1017 2584 1044 ,
2613 977 2706 1032 sed
2735 979 2863 1034 vitio
2893 998 2907 1034 :
2943 998 3048 1052 quo
3074 993 3246 1052 tamen
3281 986 3442 1042 etiam
3469 987 3598 1042 vitio

2014 1063 2166 1120 valde
2213 1081 2402 1142 magna
2449 1068 2780 1140 multumque
2823 1072 3100 1140 laudabilis
3139 1078 3437 1142 ostenditur
3482 1083 3598 1150 ipsa

2014 1163 2219 1212 natura.
2249 1157 2413 1228 Cujus
2451 1159 2595 1224 enim
2624 1171 2768 1218 recte
2799 1165 3130 1238 vituperatur
3157 1169 3342 1226 vitium
3362 1211 3379 1238 ,
3411 1171 3598 1242 procul

2014 1245 2174 1306 dubio
2193 1243 2388 1304 natura
2439 1251 2704 1308 laudatur.
2735 1253 2868 1312 Nam
2924 1245 3069 1314 recta
3115 1261 3226 1316 vitii
3279 1262 3598 1332 vituperatio

2013 1347 2128 1408 est,
2161 1341 2300 1418 quod
2328 1342 2420 1398 illo
2457 1343 2839 1410 dehonestatur
2867 1357 3052 1406 natura
3101 1349 3400 1416 laudabilis.
3449 1355 3598 1412 Sicut

2013 1447 2142 1504 ergo
2167 1449 2287 1490 cum
2315 1437 2499 1506 vitium
2529 1439 2806 1510 oculorum
2833 1441 3028 1512 dicitur
3053 1443 3264 1498 cwcitas
3286 1485 3300 1514 ,
3335 1445 3386 1500 id
3413 1455 3597 1508 osten-

2014 1522 2182 1590 ditur,
2211 1526 2352 1594 quod
2379 1527 2444 1588 ad
2471 1539 2721 1586 naturam
2763 1533 3038 1600 oculorum
3085 1536 3316 1604 pertinet
3337 1536 3513 1604 visus;
3545 1543 3601 1595 et

2013 1629 2134 1668 cum
2166 1615 2349 1688 vitium
2372 1620 2577 1690 aurium
2605 1623 2797 1690 dicitur
2818 1624 3082 1692 surditas,
3113 1625 3179 1680 ad
3222 1641 3406 1682 earum
3447 1635 3600 1682 natu-

2011 1723 2126 1768 ram
2157 1712 2424 1780 pertinere
2447 1713 2843 1782 demonstratur
2871 1718 3084 1776 auditus
3118 1738 3132 1774 :
3163 1720 3234 1774 ita
3265 1735 3384 1776 cum
3411 1721 3600 1778 vitium

2013 1812 2274 1872 creatura:
2303 1807 2556 1878 angelicae
2597 1808 2790 1864 dicitur
2813 1851 2827 1874 ,
2859 1812 3001 1884 quod
3028 1827 3136 1878 non
3161 1813 3402 1869 adhaeret
3443 1809 3556 1870 Deo
3580 1853 3596 1882 ,

2011 1891 2136 1949 hinc
2188 1897 2523 1968 apertissime
2573 1887 2908 1972 declaratur,
2948 1903 3062 1974 ejus
3115 1913 3352 1970 naturae,
3383 1912 3440 1960 ut
3485 1905 3598 1962 Deo

2010 1987 2319 2070 adhaereat,
2347 1995 2657 2050 convenire.
2708 1995 2878 2068 Quam
2923 2013 3084 2068 porro
3131 2013 3318 2070 magna
3361 1998 3430 2054 sit
3482 1999 3597 2054 laus

2009 2067 2285 2140 adhazrere
2313 2083 2444 2160 Deo,
2476 2095 2532 2140 ut
2560 2088 2609 2144 ei
2639 2089 2798 2158 vivat,
2830 2067 2954 2144 inde
2977 2090 3168 2162 sapiat,
3201 2067 3292 2146 illo
3319 2091 3550 2164 gaudeat
3575 2131 3592 2160 ,
3671 2149 3684 2166 ,

2011 2179 2263 2246 tantoque
2290 2174 2430 2231 bono
2454 2180 2568 2246 sine
2587 2189 2761 2244 morte
2782 2223 2795 2247 ,
2819 2181 2935 2248 sine
2963 2199 3147 2240 errore
3163 2224 3178 2248 ,
3213 2184 3328 2240 sine
3349 2183 3596 2241 molestia

2009 2253 2346 2338 perfruatur,
2375 2269 2495 2340 quis
2539 2272 2774 2342 cegitare
2819 2274 2975 2346 digne
3017 2276 3214 2346 possit,
3247 2281 3336 2332 alit
3376 2275 3595 2348 eloqui?

2008 2355 2344 2430 Quapropter
2364 2363 2524 2428 etiam
2551 2363 2679 2418 vitio
2707 2365 2970 2438 malorum
3000 2367 3328 2438 angelorum,
3351 2383 3457 2440 quo
3485 2382 3595 2424 non

2007 2450 2284 2507 adhaerent
2313 2453 2442 2522 Deo,
2474 2455 2725 2528 quoniam
2755 2473 2914 2520 cuiue
2953 2459 3135 2514 vitium
3163 2467 3366 2514 natura:
3389 2467 3548 2514 nocet
3571 2498 3592 2526 ,

2008 2543 2136 2612 satis
2161 2545 2532 2616 manifestatur
2559 2549 2728 2604 Deum
2776 2559 2882 2616 tam
2924 2549 3118 2606 bonam
3163 2565 3348 2606 eorum
3381 2564 3595 2608 creasse

2007 2651 2270 2710 naturam,
2299 2643 2384 2710 cui
2413 2643 2632 2710 noxium
2659 2645 2730 2702 sit
2748 2659 2854 2702 non
2881 2660 3002 2712 esse
3041 2661 3164 2712 cuti).
3189 2645 3320 2708 Deo.

2007 2753 2232 2822 CAPUT
2257 2755 2396 2818 ll.—
2426 2756 2644 2820 Nullam
2681 2759 2948 2822 essentiam
2975 2758 3084 2818 Deo
3117 2775 3226 2818 esse
3263 2759 3590 2824 contrarian»,

2075 2848 2194 2918 quia
2223 2848 2285 2902 ab
2313 2865 2372 2914 eo
2399 2850 2485 2920 qui
2509 2857 2704 2908 summa
2729 2861 2804 2908 est
2842 2862 2888 2908 et
2917 2867 3115 2921 semper
3137 2859 3210 2912 at
3227 2891 3244 2920 ,
3272 2851 3364 2908 hoc
3389 2859 3550 2908 totum
3573 2852 3594 2884 ⁸

2076 2941 2271 2996 videtur
2299 2943 2554 3008 diversum
2581 2959 2688 3008 esse
2713 2943 2850 3014 quod
2875 2961 2977 2998 non
3003 2953 3098 3004 est.

2076 3053 2202 3108 llaec
2227 3054 2368 3109 dicta
2393 3055 2502 3109 sint
2521 3097 2535 3122 ,
2567 3071 2634 3110 ne
2663 3057 2964 3126 quisquam,
2997 3071 3118 3112 eum
3143 3055 3211 3112 de
3232 3055 3435 3127 angelis
3461 3071 3594 3127 apo-

2003 3147 2207 3202 staticis
2239 3148 2525 3218 loquimur,
2554 3150 2826 3205 existimet
2867 3165 2964 3206 eos
3005 3151 3162 3206 aliam
3201 3152 3346 3207 velut
3391 3167 3458 3209 ex
3485 3153 3594 3209 alio

2003 3241 2262 3311 principio
2289 3241 2486 3297 habere
2509 3243 2744 3312 potuisse
2773 3255 3036 3309 naturam,
3060 3259 3160 3300 nec
3180 3259 3365 3300 eorum
3392 3255 3594 3302 natura)

2003 3343 2276 3388 auctorem
2319 3333 2509 3396 Deum.
2541 3335 2703 3404 Cujus
2729 3337 2929 3392 erroris
2959 3337 3228 3407 impietate
3257 3347 3404 3393 tanto
3442 3339 3592 3409 quis-

2005 3439 2112 3496 que
2149 3425 2356 3482 carebit
2404 3427 2703 3498 exlieditius
2733 3439 2787 3484 et
2815 3429 3050 3496 facilius,
3075 3437 3276 3501 quanto
3327 3433 3594 3502 perspica-

2003 3519 2120 3574 eius
2173 3519 2474 3592 intelligere
2525 3523 2794 3592 potuerit,
2823 3523 2964 3592 quod
3007 3523 3116 3594 ’per
3161 3523 3404 3594 angelum
3460 3523 3596 3580 dixit

2003 3609 2144 3666 Deus
2168 3653 2183 3678 ,
2211 3612 2424 3682 quando
2471 3612 2686 3685 Moysen
2717 3614 2960 3672 mittebat
2995 3616 3060 3670 ad
3083 3615 3217 3671 filios
3243 3615 3407 3670 lsrael
3436 3631 3450 3669 :
3481 3615 3591 3687 Ego

2000 3719 2134 3772 sum,
2157 3705 2244 3776 qui
2270 3721 2381 3759 sum
2413 3705 2603 3778 (Exod.
2633 3723 2709 3772 ιιι,
2741 3708 2852 3777 Η).
2881 3707 3014 3762 Cum
3044 3707 3186 3762 enim
3217 3708 3356 3763 Deus
3383 3721 3593 3764 summa

2001 3799 2232 3854 essentia
2263 3799 2369 3864 sit,
2397 3799 2498 3856 hoc
2525 3811 2608 3855 est
2638 3817 2846 3856 summe
2874 3802 2976 3866 sit,
3008 3809 3064 3856 et
3093 3799 3214 3856 ideo
3243 3801 3592 3856 immutabilis

2001 3894 2109 3958 sit;
2143 3893 2304 3950 rebus
2325 3909 2456 3964 quas
2483 3909 2546 3948 ex
2574 3893 2744 3950 nihilo
2769 3895 2994 3957 creavit,
3023 3909 3142 3950 esse
3169 3893 3336 3962 dedit,
3367 3893 3460 3950 sed
3483 3909 3592 3951 non

2001 3999 2210 4042 summe
2237 4001 2377 4054 esse,
2409 3987 2546 4042 sicut
2577 3987 2692 4057 ipse
2717 3995 2834 4052 est;
2864 3995 2918 4042 et
2962 3986 3080 4040 aliis
3121 3985 3269 4042 dedit
3312 4001 3430 4040 esse
3471 3999 3590 4039 am-

2003 4079 2319 4150 plius,aliis
2369 4067 2790 4148 minus;'atque
2849 4081 2920 4135 ita
2973 4088 3188 4134 naturas
3237 4077 3591 4134 essentiarum

1999 4173 2254 4244 gradibus
2276 4173 2561 4228 ordinavit.
2585 4171 2734 4228 Sicut
2753 4173 2894 4226 enim
2923 4171 2990 4226 ab
3018 4187 3082 4226 eo
3102 4169 3244 4241 quod
3271 4179 3354 4226 est
3379 4185 3586 4241 sapere.

2002 4275 2222 4320 vocatur
2247 4265 2503 4333 sapientia
2529 4279 2544 4330 ;
2577 4265 2654 4320 sic
2682 4265 2750 4318 ab
2791 4280 2856 4318 eo
2885 4264 3025 4334 quod
3063 4272 3143 4318 est
3186 4279 3306 4318 esse
3328 4306 3341 4329 ,
3369 4273 3591 4319 vocatur

2001 4358 2230 4410 essentia
2264 4375 2275 4410 :
2309 4373 2447 4411 novo
2477 4357 2690 4427 quidem
2721 4357 2936 4412 nomine
2957 4398 2970 4420 ,
3003 4371 3108 4426 quo
3139 4359 3214 4412 usi
3243 4365 3454 4412 veteres
3479 4373 3587 4412 non

2000 4459 2128 4506 sunt
2168 4450 2314 4510 latini
2347 4449 2612 4508 sermonis
2647 4459 2894 4504 auctores
2915 4490 2930 4514 ,
2959 4449 3052 4504 sed
3074 4449 3182 4518 jam
3215 4449 3410 4504 nostris
3447 4457 3587 4504 tem-

2003 4543 2220 4612 poribus
2243 4545 2455 4604 usitato.
2483 4560 2550 4596 ne
2573 4543 2788 4598 deesset
2813 4542 2976 4598 etiam
3000 4541 3196 4612 lingua:
3219 4542 3588 4612 n.ostr:e,quod

2001 4635 2174 4692 Grreei
2198 4636 2470 4706 appellant
2492 4638 2680 4689 οὗσίαν.
2709 4635 2820 4690 lloc
2840 4635 2984 4690 enim
3009 4636 3228 4690 verbum
3259 4651 3290 4691 e
3309 4635 3474 4690 verbo
3499 4651 3589 4690 ex-

2001 4744 2245 4806 pressum
2275 4737 2377 4796 est,
2401 4736 2458 4784 ut
2474 4727 2744 4788 diceretur
2765 4727 3100 4786 essentia.Ae
3120 4743 3212 4798 per
3229 4727 3331 4784 hoc
3355 4728 3404 4784 ei
3433 4737 3587 4790 natu-

2000 4838 2218 4892 requa:
2233 4837 2441 4888 sunnne
2465 4831 2674 4894 est,qua
2697 4821 2922 4882 faciente
2937 4830 3064 4876 sunt
3078 4835 3424 4892 quaecumque
3439 4827 3584 4885 sunt,

1999 4915 2270 4984 contraria
2289 4922 2480 4980 natura
2509 4929 2616 4974 non
2639 4923 2740 4978 est,
2769 4913 2872 4982 nisi
2899 4931 3022 4986 qua;
3049 4929 3155 4974 non
3183 4921 3285 4967 est.
3309 4912 3366 4968 Ei
3390 4913 3588 4982 quippe

2000 5009 2144 5080 quod
2169 5016 2272 5076 est,
2300 5023 2408 5066 non
2437 5023 2556 5072 esse
2578 5009 2906 5076 contrarium
2933 5015 3034 5066 est.
3063 5007 3132 5072 Et
3155 5015 3436 5076 propterea
3455 5005 3585 5074 Deo,

2000 5099 2056 5164 id
2098 5109 2180 5154 est
2223 5113 2450 5168 summa:
2490 5101 2756 5168 essentia,
2779 5099 3057 5164 etauctori
3077 5095 3312 5150 omnium
3337 5097 3586 5165 qualium-

2001 5206 2232 5263 cumque
2278 5193 2654 5260 esscntiarum,
2684 5193 2914 5258 essentia
2943 5190 3088 5250 nulla
3115 5188 3390 5252 contraria
3411 5199 3516 5248 est.

2003 5303 2090 5360 CA
2107 5305 2239 5360 PUT
2271 5305 2360 5360 lli.
2391 5335 2462 5346 —-
2483 5304 2562 5358 De
2587 5305 2800 5358 inimicis
2828 5301 2946 5370 Dei,
2978 5319 3080 5358 non
3106 5317 3196 5373 per
3219 5311 3473 5370 naturam,
3503 5303 3590 5358 sed

2075 5415 2164 5467 per
2209 5398 2518 5452 contrariam
2569 5399 2892 5461 uoluntatem,
2927 5411 3038 5466 qua:
3075 5411 3192 5450 cum
3239 5397 3364 5468 ipsis
3421 5407 3587 5466 nocet,

2075 5489 2216 5544 home
2243 5492 2415 5560 utique
2443 5500 2640 5546 natura:
2679 5498 2821 5543 nocet
2849 5495 3004 5559 :quie
3029 5490 3202 5545 vitium
3227 5491 3270 5545 si
3293 5507 3392 5546 non
3424 5499 3586 5556 nocet,

2073 5599 2174 5636 non
2203 5591 2293 5636 est.

2074 5695 2334 5751 Dicuntur
2359 5703 2538 5748 autem
2569 5694 2622 5747 in
2655 5693 2946 5764 Scripturis
2988 5695 3184 5752 inimici
3217 5695 3332 5761 Dei,
3363 5695 3450 5764 qui
3479 5709 3587 5750 non
3649 5743 3652 5746 .

2003 5797 2212 5860 natura,
2241 5785 2338 5864 sed
2369 5785 2509 5852 vitiis
2530 5786 2884 5854 adversantur
2909 5787 3032 5857 ejus.
3071 5787 3300 5858 imperio
3331 5805 3342 5840 :
3375 5784 3510 5840 nihil
3533 5783 3586 5842 ei

2065 5968 2082 6000 ⁵
2119 5964 2314 6026 Quidam
2329 5965 2658 6030 manuscripti,
2684 5965 2772 6019 hoc
2796 5964 2846 6020 in
2862 5969 2974 6020 toto.
