4054 6482
459 424 561 484 δδι

461 543 701 598 valentes
748 555 961 608 nocere,
1001 538 1095 596 sed
1139 537 1262 597 sibi.
1306 537 1513 594 Inimici
1550 538 1696 594 enim
1738 546 1865 594 sunt
1905 538 2041 593 resi-

461 637 634 693 stendi
665 636 954 701 voluntate,
986 639 1093 690 neu
1135 640 1398 703 potestate
1427 630 1677 688 laedendi.
1718 631 1860 687 Deus
1888 646 2042 686 nam-

462 744 569 800 que
606 724 949 783 immutabilis
990 734 1091 793 est,
1139 733 1195 781 et
1231 723 1545 779 omnimodo
1595 722 2039 793 incorruptibilis.

463 820 663 875 Idcirco
693 819 873 872 vitium
915 833 1021 888 quo
1046 816 1309 873 resistunt
1336 816 1469 883 Deo,
1498 816 1589 887 qui
1614 816 1732 887 ejus
1771 816 2017 887 appellan

365 900 375 913 ’
463 920 549 964 tur
599 908 817 973 inimici,
866 922 971 963 non
1018 916 1099 963 est
1144 908 1274 976 Deo,
1317 906 1412 964 sed
1459 907 1590 978 ipsis
1614 907 1832 962 malum.
1862 906 2047 976 Neque

461 1000 563 1054 hoc
591 999 661 1054 ob
688 1000 854 1065 aliud,
897 1000 996 1055 nisi
1027 1001 1150 1070 quia
1190 1000 1485 1070 corrumpit
1512 1000 1565 1053 in
1609 999 1687 1055 eis
1714 1007 1919 1054 natura:
1944 998 2044 1054 bo-

461 1111 611 1149 num.
639 1092 835 1149 Natura
880 1094 1041 1165 igitur
1077 1109 1184 1149 non
1230 1102 1315 1150 est
1361 1092 1626 1149 contraria
1666 1092 1798 1161 Deo,
1828 1090 1921 1147 sed
1970 1091 2045 1146 νὶι

460 1186 615 1241 tium.
643 1186 775 1254 Quia
805 1185 947 1257 quod
982 1186 1183 1240 malum
1213 1197 1295 1241 est
1318 1226 1334 1252 ,
1364 1182 1693 1240 contrarium
1717 1192 1800 1240 est
1828 1183 1970 1239 bono
2001 1184 2042 1248 ¹,

461 1279 591 1347 Quis
642 1285 821 1333 autem
874 1287 1031 1349 neget
1088 1277 1259 1336 Deum
1306 1291 1514 1332 summe
1560 1275 1797 1331 bonum?
1843 1274 2044 1330 Vitium

462 1388 589 1444 ergo
631 1373 961 1428 contrarium
1014 1380 1096 1427 est
1128 1372 1294 1446 .Deo,
1351 1378 1601 1441 tanquam
1651 1368 1853 1424 malum
1882 1367 2046 1422 bono.

465 1466 635 1522 Porro
655 1473 833 1519 autem
865 1463 1066 1519 bonum
1091 1471 1174 1519 est
1201 1470 1257 1518 et
1281 1471 1469 1516 natura
1497 1474 1658 1531 quam
1685 1459 1875 1524 vitiat;
1907 1456 2048 1513 unde

463 1566 520 1615 et
545 1557 666 1613 huic
690 1558 834 1613 bono
864 1558 1047 1628 utique
1066 1556 1393 1612 contrarium
1416 1563 1499 1610 est
1523 1574 1536 1610 :
1560 1553 1656 1610 sed
1675 1552 1786 1609 Deo
1813 1558 2044 1607 tantum-

463 1648 624 1705 modo
650 1656 899 1719 tanquam
941 1649 1081 1707 bono
1110 1647 1339 1712 malum;
1373 1654 1577 1700 natura:
1608 1658 1740 1700 vero
1769 1658 1931 1715 quam
1959 1643 2042 1697 vi-

463 1740 583 1809 tiat,
631 1754 739 1795 non
786 1748 985 1795 tantum
1017 1739 1216 1793 malum
1241 1780 1256 1806 ,
1284 1736 1379 1794 sed
1423 1737 1584 1792 etiam
1629 1735 1867 1791 noxium.
1898 1733 2053 1790 Nulla

464 1835 661 1905 quippe
680 1835 820 1889 mala
858 1834 971 1889 Deo
1000 1833 1179 1900 noxia,
1225 1832 1319 1887 sed
1352 1829 1697 1886 mutabilibus
1724 1828 2052 1900 corruptibi-

465 1927 709 1997 libusque
749 1927 974 1995 naturis,
1000 1926 1155 1981 bonis
1183 1933 1359 1981 tamen
1391 1925 1629 1995 ipsorqu
1658 1938 1871 1995 quoque
1906 1918 2052 1978 testi-

464 2018 646 2075 monio
675 2019 944 2075 vitiorum.
993 2017 1048 2074 Si
1080 2017 1221 2074 enim
1252 2019 1407 2074 bona:
1433 2032 1540 2071 non
1568 2024 1753 2072 essent
1771 2056 1785 2081 ,
1814 2015 1894 2071 eis
1923 2014 2053 2069 vitia

346 2132 355 2143 ’
440 2120 663 2168 'nocere
709 2127 814 2167 non
843 2123 1078 2183 possent.
1122 2110 1253 2166 Nam
1282 2110 1410 2182 quid
1451 2110 1530 2166 eis
1558 2108 1802 2166 nocendo
1832 2107 2050 2177 faciunt,

466 2204 567 2258 nisi
598 2203 840 2258 adimunt
884 2204 1264 2274 integritatem,
1291 2200 1764 2273 pulchritudinem,
1798 2199 2049 2265 salutem,

466 2296 739 2363 virtutem,
771 2301 825 2350 et
854 2294 1110 2365 quidquid
1132 2294 1255 2349 boni
1275 2302 1477 2349 natura:
1506 2307 1605 2363 per
1625 2290 1813 2347 vitium
1842 2290 2055 2347 detrahi

466 2388 581 2444 sive
630 2380 799 2443 minui
845 2386 1155 2443 consuevit?
1179 2386 1333 2455 Quod
1380 2386 1424 2441 si
1455 2386 1674 2444 omnino
1705 2383 1877 2451 desit,
1925 2382 2056 2437 nihil
2094 2420 2103 2444 ς

442 2479 594 2534 ‘boni
621 2479 909 2535 adimendo
933 2494 1037 2534 non
1064 2488 1242 2545 nocet,
1268 2493 1333 2534 ac
1361 2494 1457 2549 per
1479 2478 1582 2533 hoc
1606 2491 1708 2532 nec
1734 2477 1921 2531 vitium
1949 2484 2053 2531 est.
2098 2459 2108 2503 ἶ

467 2570 602 2626 Nam
625 2584 747 2625 esse
773 2570 957 2624 vitium
982 2611 996 2635 ,
1043 2578 1097 2623 et
1140 2584 1247 2625 non
1277 2584 1495 2638 nocere,
1535 2583 1642 2623 non
1681 2575 1877 2639 potest.
1903 2566 2059 2623 Unde

1489 423 1580 481 ne
1605 420 1931 480 omnm
1964 419 2103 493 DEI,
2159 422 2222 480 s.
2263 404 2636 486 AUGUSTINI
2712 470 2726 491 .

2106 535 2320 607 "tebat,
2349 541 2452 598 alia
2480 543 2598 601 aliis
2624 543 2992 609 deﬁcientibus
3012 520 3278 625 oriun‘tur,
3303 565 3359 614 et
3382 564 3744 623 succumbunt

2128 631 2358 717 minora
2385 634 2698 707 majoribus,
2743 649 2902 714 atque
2949 643 3005 700 in
3044 648 3329 718 qualitates
3372 658 3743 728 superantium

2151 737 2401 795 superata
2450 738 2751 803 vertuntur,
2795 751 2978 794 rerum
3021 748 3105 796 est
3143 741 3277 799 ordo
3322 750 3741 807 transeuntium.

2151 815 2316 921 cujus
2343 821 2546 921 ordinis
2571 825 2733 884 decus
2760 841 3044 902 propterea
3069 850 3168 893 nos
3193 852 3301 895 non
3321 839 3576 910 delectat,
3607 859 3737 914 quo-

2154 915 2297 966 niam
2326 915 2460 985 parti
2498 917 2614 988 ejus
2655 935 2754 990 pro
2797 923 3106 983 conditione
3148 938 3350 988 nostrae
3400 935 3743 992 mortalitatis

2151 998 2363 1072 intexti,
2394 1007 2719 1080 universum,
2757 1015 2841 1070 cui
2867 1017 3139 1087 particulae
3161 1036 3283 1092 qua:
3309 1037 3409 1079 nos
3431 1024 3738 1096 offendunt,

2153 1096 2283 1152 satis
2312 1107 2434 1168 apte
2476 1100 2833 1176 decenterque
2860 1106 3204 1179 conveniunt,
3235 1116 3435 1172 sentire
3473 1132 3580 1171 non
3613 1132 3742 1187 pos-

2152 1203 2357 1243 sumus.
2384 1189 2539 1248 Unde
2564 1195 2715 1252 nobis
2734 1238 2752 1267 ,
2781 1198 2835 1254 in
2860 1201 3052 1271 quibus
3077 1218 3198 1259 eam
3240 1208 3594 1278 contemplari
3637 1199 3745 1264 mi-

2153 1293 2255 1334 nus
2298 1279 2474 1337 idonei
2525 1300 2709 1342 sumus
2732 1329 2747 1350 ,
2776 1290 3075 1349 rectissime
3122 1295 3390 1353 credenda
3434 1300 3746 1371 praecipitur

2153 1373 2485 1442 providentia
2496 1375 2817 1452 Conditoris,
2838 1399 2904 1440 ne
2930 1386 3059 1441 tanti
3078 1386 3296 1444 artiﬁcis
3312 1404 3448 1460 opus
3479 1391 3536 1447 in
3560 1392 3745 1464 aliquo

2148 1465 2551 1536 reprehendere
2569 1472 2804 1529 vanitate
2828 1474 3081 1534 humante
3098 1480 3410 1538 temeritatis
3424 1482 3744 1540 audeamus.

2155 1558 2467 1633 Quanquam
2510 1574 2562 1619 et
2585 1566 2711 1622 vitia
2732 1584 2908 1625 rerum
2936 1580 3269 1629 terrenarum
3295 1590 3404 1631 non
3422 1575 3747 1644 voluntaria,

2155 1668 2330 1726 neque
2354 1657 2603 1743 penatis,
2631 1668 2848 1718 naturas
2871 1663 3013 1734 ipsas
3042 1705 3059 1731 ,
3090 1681 3312 1737 quarum
3338 1667 3485 1733 nulla
3522 1668 3749 1725 omnino

2157 1754 2259 1810 est,
2281 1747 2434 1818 cujus
2453 1764 2561 1806 non
2581 1750 2650 1807 sit
2676 1761 2862 1809 auctor
2880 1761 2935 1810 et
2951 1754 3199 1811 conditor
3213 1758 3372 1825 Deus,
3392 1759 3439 1814 si
3455 1757 3751 1828 prudenter

2153 1839 2525 1928 attendamus,
2547 1843 2736 1902 eadem
2758 1847 2965 1904 ratione
3006 1850 3386 1907 commendant
3417 1869 3432 1907 :
3456 1852 3580 1922 quia
3610 1862 3666 1908 et
3694 1853 3749 1909 in

2158 1930 2238 1986 eis
2266 1930 2368 1988 hoc
2396 1933 2550 1990 nobis
2571 1950 2667 2007 per
2684 1936 2871 1999 vitium
2894 1939 3011 1995 tolli
3036 1939 3302 2012 diSpIicet,
3320 1941 3463 2013 quod
3483 1942 3537 1997 in
3552 1950 3747 1998 natura

2158 2022 2332 2094 placet
2365 2043 2379 2081 :
2409 2026 2510 2081 nisi
2541 2028 2663 2099 quia
2691 2028 3000 2089 hominibus
3025 2033 3189 2088 etiam
3235 2035 3367 2104 ipsa:
3392 2042 3599 2091 natum
3626 2035 3744 2106 ple-

2159 2129 2387 2187 rumque
2409 2115 2709 2189 displicent,
2734 2135 2855 2177 cum
2870 2122 2948 2177 eis
3004 2124 3140 2180 ﬁunt
3158 2124 3352 2193 norim,
3381 2139 3487 2181 non
3512 2140 3606 2182 eas
3631 2140 3751 2181 con-

2162 2207 2545 2280 siderantibus,
2568 2212 2662 2268 sed
2682 2213 2966 2271 utilitatem
2998 2231 3150 2273 suam
3174 2233 3191 2284 ;
3212 2218 3351 2275 sicut
3367 2218 3456 2274 illa
3471 2219 3748 2289 animalia,

2161 2315 2388 2371 quorum
2417 2303 2740 2362 abundantia
2768 2308 3139 2381 Aﬂgyptiorum
3169 2313 3420 2383 superbia
3459 2313 3750 2384 vapulavit.

2115 2389 2269 2491 ﬁssa
2309 2393 2410 2449 isto
2450 2396 2611 2451 modo
2641 2408 2863 2468 possunt
2909 2408 2963 2456 et
3008 2403 3179 2458 solem
3220 2403 3564 2474 vituperare;
3609 2417 3752 2475 quo-

2133 2482 2304 2575 :niam
2347 2484 2563 2555 quidam
2598 2498 2903 2560 peccantes,
2949 2491 3032 2547 vel
3064 2492 3241 2549 debita
3281 2508 3389 2551 non
3434 2494 3751 2565 reddentes,
3794 2549 3807 2563 ,

2122 2649 2126 2658 τ
2162 2576 2289 2643 poni
2318 2591 2349 2631 a
2368 2577 2636 2646 iudicibus
2681 2580 2936 2651 iubentur
2973 2583 3043 2640 ad
3088 2585 3255 2642 solem
3286 2583 3385 2659 (a).
3429 2585 3546 2642 Non
3573 2586 3756 2658 itaque

468 2663 769 2754 colligitur,
789 2664 1032 2733 quamvis
1073 2677 1181 2719 non
1218 2663 1388 2734 possit
1411 2662 1597 2718 vitium
1625 2676 1823 2718 nocere
1851 2661 2057 2754 incom-
2163 2682 2231 2722 ex
2260 2671 2541 2727 commodo
2563 2673 2650 2728 vel
2675 2673 3019 2733 incommodo
3035 2688 3241 2747 nostro,
3390 2693 3487 2750 per
3515 2651 3755 2751 seipsam

470 2754 711 2808 mutabili
758 2752 934 2821 bono,
970 2769 1076 2809 non
1108 2764 1287 2810 tamen
1324 2768 1484 2824 posse
1514 2767 1710 2809 nocere
1738 2753 1841 2819 nisi
1868 2752 2010 2808 bono
2040 2769 2054 2806 :
2106 2745 2114 2769 ³

468 2848 591 2916 quia
627 2859 732 2900 non
761 2847 920 2914 inest,
950 2847 1051 2902 nisi
1082 2847 1172 2902 ubi
1200 2856 1378 2903 nocet.
1422 2846 1534 2902 Hoc
1577 2847 1741 2902 etiam
1767 2847 1870 2902 isto
1899 2846 2060 2902 modo

469 2938 572 2994 dici
606 2948 811 3009 potest,
859 2941 1043 2996 vitium
1073 2953 1193 2995 esse
1237 2956 1338 2996 nec
1364 2941 1421 2995 in
1454 2955 1666 2995 summo
1691 2955 1849 3011 posse
1889 2940 2054 3007 bono,

471 3046 574 3087 nec
600 3032 705 3086 nisi
731 3032 782 3087 in
828 3032 1007 3103 aliquo
1036 3033 1196 3088 bono.
1231 3032 1353 3090 Sola
1384 3047 1514 3104 ergo
1542 3033 1684 3089 bona
1707 3032 1905 3089 alicubi
1934 3047 2057 3088 esse
2135 3031 2142 3039 '

471 3133 716 3196 possunt,
747 3125 857 3181 sola
880 3126 1017 3181 mala
1047 3142 1311 3198 nusquam
1342 3144 1355 3181 :
1383 3128 1636 3198 quoniam
1667 3137 1870 3184 natum
1897 3128 2060 3185 etiam

470 3218 578 3275 illm
622 3234 742 3290 qua:
772 3234 837 3275 ex
877 3220 1034 3275 make
1062 3220 1351 3276 voluntatis
1396 3221 1526 3277 vitio
1554 3223 1575 3254 ²
1602 3222 1802 3278 vitiatae
1828 3231 1972 3291 sunt,
2005 3222 2061 3277 in

472 3319 727 3378 quantum
753 3310 958 3365 vitiosa:
983 3321 1125 3379 sunt,
1148 3312 1305 3368 malae
1329 3320 1484 3378 sunt;
1515 3313 1570 3367 in
1594 3321 1850 3383 quantum
1880 3322 2060 3367 autem

472 3410 679 3455 natura:
702 3410 846 3468 sunt,
874 3402 1029 3458 bonae
1057 3410 1202 3458 sunt.
1240 3404 1451 3459 Etcum
1477 3403 1530 3459 in
1561 3404 1738 3473 ptenis
1763 3411 1847 3459 est
1872 3411 2062 3459 natura

476 3496 695 3559 vitiosa,
728 3506 951 3566 excepto
979 3511 1045 3552 eo
1073 3496 1215 3566 quod
1249 3505 1437 3551 natura
1482 3505 1584 3561 est,
1634 3492 1796 3552 etiam
1837 3496 1939 3552 hoc
1987 3496 2064 3553 ibi

475 3586 677 3643 bonum
701 3595 800 3654 est,
825 3587 966 3658 quod
996 3574 1255 3658 impunita
1297 3602 1403 3643 non
1437 3596 1540 3643 est.
1563 3587 1676 3644 Hoc
1698 3588 1843 3645 enim
1868 3595 1953 3644 est
1969 3588 2062 3657 ju-

474 3688 636 3747 stum,
683 3688 739 3736 et
780 3693 940 3735 omne
977 3680 1180 3749 justum
1226 3680 1413 3750 procul
1454 3680 1617 3736 dubio
1662 3680 1883 3736 bonum.
1938 3679 2057 3736 Non

474 3773 618 3827 enim
643 3774 922 3843 quisquam
947 3772 1016 3829 de
1041 3774 1184 3829 vitiis
1203 3774 1555 3842 naturalibus,
1584 3774 1680 3831 sed
1708 3775 1775 3832 de
1803 3776 2056 3832 volunta-

475 3862 570 3917 riis
591 3877 776 3932 pmnas
806 3865 922 3919 luit.
946 3865 1081 3920 Nam
1111 3865 1269 3921 etiam
1296 3866 1441 3936 quod
1460 3866 1645 3922 vitium
1676 3867 2064 3924 consuetudine

476 3952 709 4010 nimiove
734 3970 1021 4025 progressu
1046 3956 1356 4012 roboratum
1399 3957 1547 4013 velut
1592 3960 1908 4016 naturaliter
1935 3961 2058 4017 ino-

476 4047 642 4114 levit,
700 4063 727 4100 a
782 4048 1054 4105 voluntate
1116 4050 1347 4119 sumpsit
1414 4049 1711 4107 exordium.
1781 4053 1857 4107 De
1924 4053 2066 4110 vitiis

476 4138 671 4207 quippe
706 4155 845 4194 nunc
888 4141 1157 4211 loquimur
1197 4140 1314 4212 ejus
1360 4149 1585 4211 naturae,
1616 4144 1703 4199 cui
1744 4158 1897 4201 mens
1925 4146 2066 4202 inest

476 4241 645 4298 capax
672 4228 1016 4301 intelligibilis
1053 4232 1186 4288 lucis
1212 4274 1227 4300 ,
1259 4222 1361 4303 qua
1388 4232 1709 4292 discernitur
1752 4235 1956 4307 justum
1996 4238 2066 4295 ab

479 4319 698 4390 injuste.

479 4433 707 4491 CAPUT
748 4434 835 4490 IV.
890 4465 963 4477 --
997 4428 1076 4492 De
1100 4446 1285 4492 natura
1307 4439 1703 4509 irrationalium,
1731 4449 1822 4496 aut
1846 4443 1948 4497 vita
1977 4459 2066 4497 ca—
2137 4500 2144 4508 ,

550 4525 787 4589 rentium,
808 4543 922 4597 quas
945 4528 999 4581 in
1021 4544 1115 4583 suo
1141 4546 1325 4601 genere
1342 4538 1491 4602 atque
1514 4529 1691 4586 ordine
1712 4533 1777 4587 ab
1821 4533 2067 4589 universi-

550 4615 666 4670 tatis
694 4614 873 4669 decore
900 4633 1001 4673 non
1024 4618 1298 4689 discrepat.

548 4728 813 4785 Caeterum
839 4729 963 4785 vitia
1009 4746 1263 4801 pecorum
1309 4742 1364 4788 et
1415 4733 1686 4802 arborum,
1733 4735 2066 4807 aliarumque

477 4837 654 4878 rerum
699 4821 1033 4878 mutabilium
1075 4832 1235 4895 atque
1273 4826 1601 4894 mortalium,
1639 4827 1724 4884 vel
1770 4828 2063 4895 intellectu,

477 4914 561 4970 vel
590 4929 771 4982 sensu,
802 4915 887 4970 vel
917 4914 1028 4970 vita
1053 4916 1273 4971 omnino
1302 4918 1620 4984 carentium,
1651 4920 1847 4990 quibus
1871 4935 2057 4976 eorum

480 5007 807 5063 dissolubilis
836 5019 1024 5064 natura
1068 5012 1448 5081 corrumpitur,
1499 5010 1822 5068 damnabilia
1851 5022 2061 5084 putare,

416 5102 425 5117 ’
478 5097 758 5153 ridiculum
783 5108 866 5154 est
906 5117 918 5154 :
950 5114 1070 5157 cum
1100 5101 1216 5156 istae
1237 5110 1495 5157 creatura:
1516 5117 1639 5158 eum
1667 5104 1882 5159 modum
1933 5113 2064 5159 nutu

477 5186 745 5244 Creatoris
772 5192 1100 5261 acceperint,
1135 5201 1193 5247 ut
1217 5180 1458 5249 cedendo
1483 5208 1545 5249 ac
1572 5195 1909 5251 succedendo
1937 5211 2064 5266 per-

477 5289 638 5351 agant
680 5280 915 5336 inﬁmam
959 5283 1414 5354 pulchritudinem
1456 5295 1759 5357 temporum
1790 5288 1843 5342 in
1868 5303 2065 5358 genere

422 5384 427 5451 ρ
476 5385 576 5427 suo
603 5370 759 5426 istius
782 5373 965 5428 mundi
1006 5374 1246 5445 partibus
1269 5386 1672 5449 congruentem.
1703 5377 1886 5449 Neque
1916 5378 2065 5434 enim

422 5457 425 5492 ῖ
474 5460 785 5519 cmlestibus
810 5462 1022 5520 fuerant
1050 5475 1258 5524 terrena
1288 5468 1635 5539 coaequanda,
1667 5478 1761 5524 aut
1783 5469 1903 5525 ideo
1933 5471 2058 5524 uni-

474 5553 714 5609 versitati
762 5554 951 5612 deesse
992 5557 1090 5612 ista
1128 5558 1451 5629 debuerunt,
1499 5561 1749 5632 quoniam
1796 5569 1922 5618 sunt
1969 5562 2065 5617 illa

475 5649 725 5705 meliora.
753 5647 883 5705 Cum
907 5667 1035 5723 ergo
1058 5652 1110 5708 in
1142 5652 1225 5709 his
1249 5655 1399 5723 locis,
1429 5656 1517 5712 ubi
1550 5655 1674 5711 talia
1699 5670 1819 5713 esse
1850 5670 2066 5727 compe-

476 5782 812 5897 cg‘bggmulli
832 5790 959 5846 Mss,
983 5786 1069 5837 sed
1098 5785 1283 5849 vitium,
1307 5788 1421 5852 quia
1459 5789 1641 5843 malum
1661 5797 1749 5857 est,
1773 5791 2068 5845 contrarium

539 5909 562 5942 ³
594 5906 759 5960 Plures
772 5918 825 5962 et
844 5912 1009 5974 probae
1030 5917 1159 5967 notae
1181 5919 1309 5979 Mss,
1326 5912 1476 5967 mitto.

2164 2761 2500 2818 considerata
2530 2772 2717 2820 natura
2743 2765 2835 2823 dat
2870 2768 3062 2824 artiﬁci
3088 2783 3186 2825 suo
3208 2769 3454 2841 gloriam.
3476 2769 3566 2827 Sic
3589 2779 3675 2826 est
3698 2779 3758 2828 et

2108 2928 2140 2944 η,
2164 2862 2354 2909 natura
2401 2856 2537 2926 ignis
2578 2859 2764 2914 πιθηιὶ
2807 2861 2925 2918 sine
2962 2862 3070 2917 ulla
3093 2862 3425 2921 dubitatione
3451 2864 3754 2931 laudabilis,

2166 2948 2409 3017 quamvis
2434 2948 2697 3008 damnatis
2742 2953 2920 3024 impiis
2962 2953 3139 3011 futura
3163 2957 3412 3028 pmnalis.
3439 2957 3576 3026 Quid
3607 2958 3758 3014 enim

2166 3048 2249 3094 est
2277 3040 2397 3111 igne
2426 3042 2753 3111 ﬂammante,
2783 3046 3018 3118 vigente,
3046 3048 3257 3105 lucente
3282 3050 3599 3121 pulchrius?
3623 3050 3758 3121 quid

2166 3133 2539 3201 calefaciente,
2569 3146 2809 3205 curante,
2847 3150 3109 3210 coquente
3152 3143 3374 3199 utilius?
3396 3144 3641 3215 quamvis
3685 3158 3757 3201 eo

2166 3224 2298 3279 nihil
2326 3226 2396 3280 sit
2433 3237 2622 3283 urente
2661 3229 2958 3286 molestius.
3008 3231 3152 3289 Idem
3186 3233 3347 3305 igitur
3388 3235 3506 3306 ipse
3551 3234 3708 3291 aliter
3736 3235 3756 3268 ¹

2166 3318 2441 3387 appositus
2494 3320 2856 3391 perniciosus,
2899 3325 2992 3394 qui
3047 3327 3433 3384 convenienter
3487 3327 3760 3385 adhibitus

2167 3410 2635 3469 commodissimus
2686 3415 2976 3473 invenitur.
3040 3418 3173 3475 Nam
3225 3420 3357 3497 ejus
3398 3422 3453 3477 in
3504 3422 3761 3482 universo

2168 3501 2370 3556 mundo
2411 3503 2664 3561 utilitates
2713 3507 2891 3564 verbis
2931 3510 3198 3581 explicare
3241 3512 3361 3581 quis
3394 3511 3623 3570 sufﬁcit?
3646 3512 3762 3571 Nec

2168 3597 2417 3655 audiendi
2457 3610 2602 3670 sunt,
2631 3603 2723 3674 qui
2765 3604 2986 3661 laudant
3029 3605 3085 3661 in
3127 3606 3248 3678 igne
3269 3607 3466 3676 lucem,
3506 3606 3761 3664 ardorem

2168 3698 2346 3746 autem
2375 3692 2679 3764 vituperant
2707 3714 2720 3750 :
2753 3696 3000 3753 videlicet
3042 3713 3150 3753 non
3176 3714 3243 3754 ex
3279 3699 3363 3755 sui
3398 3709 3611 3768 natura,
3658 3697 3763 3755 sed

2170 3794 2238 3836 ex
2267 3796 2366 3837 suo
2392 3785 2677 3841 commodo
2723 3787 2810 3841 vel
2855 3787 3218 3845 incommodo.
3246 3789 3445 3845 Videre
3484 3788 3628 3845 enim
3654 3802 3760 3846 vo-

2169 3871 2304 3939 lunt,
2332 3875 2521 3932 ardere
2548 3877 2756 3933 nolunt.
2788 3878 2896 3935 Sed
2920 3896 3105 3950 parum
3133 3881 3415 3937 attendunt
3443 3896 3564 3937 eam
3583 3880 3762 3952 ipsam

2169 3967 2368 4034 lucem,
2396 3983 2515 4038 quae
2561 3976 2707 4024 certe
2730 3977 2786 4024 et
2811 3970 2914 4025 illis
2952 3970 3147 4042 placet,
3191 3973 3360 4028 oculis
3387 3971 3615 4029 inﬁrmis
3658 3988 3764 4044 per

2169 4060 2655 4116 inconvenientiam
2702 4077 2935 4129 nocere;
2977 4072 3032 4119 et
3068 4065 3121 4120 in
3166 4065 3258 4120 illo
3285 4063 3494 4132 ardore,
3551 4065 3643 4137 qui
3678 4064 3766 4123 eis

2170 4152 2434 4223 displicet,
2467 4155 2719 4209 nonnulla
2744 4154 2995 4211 animalia
3036 4172 3132 4228 per
3158 4156 3583 4214 convenientiam
3608 4156 3763 4214 salu-

2169 4244 2335 4301 briter
2356 4246 2540 4302 vivere
2565 4246 2660 4318 (b).

2169 4380 2397 4439 CAPUT
2428 4381 2491 4437 V.
2517 4381 2761 4449 —Quod
2787 4383 2842 4437 in
2889 4381 3024 4438 omni
3050 4392 3249 4439 natura!
3290 4385 3456 4439 soeeie
3504 4399 3565 4438 ac
3605 4383 3767 4439 modo

2635 4474 2906 4530 laudabilis
2956 4475 3021 4530 sit
3068 4473 3293 4530 Creator.

2240 4611 2454 4667 Naturae
2471 4612 2632 4682 igitur
2652 4626 2862 4680 omnes,
2884 4610 3136 4682 quoniam
3162 4618 3304 4677 sunt,
3328 4617 3384 4666 et
3412 4607 3535 4665 ideo
3557 4607 3770 4666 habent

2170 4704 2387 4760 modum
2414 4719 2591 4770 suum,
2613 4703 2848 4774 speciem
2865 4717 3039 4770 suam,
3064 4710 3119 4758 et
3141 4701 3430 4773 quamdam
3453 4715 3638 4757 secum
3667 4715 3770 4770 pa-

2170 4814 2286 4856 cem
2310 4810 2483 4861 suam,
2529 4796 2767 4867 proiecto
2794 4795 2949 4852 bona:
2973 4801 3117 4851 sunt.
3146 4794 3362 4850 Etcum
3389 4793 3464 4849 ibi
3490 4800 3636 4860 sunt,
3668 4793 3769 4850 ubi

2170 4908 2289 4950 esse
2316 4908 2415 4963 per
2457 4900 2662 4947 natura:
2690 4889 2933 4946 ordinem
2978 4889 3205 4954 debent,
3253 4897 3511 4960 quantum
3538 4901 3770 4957 accepe-

2171 4997 2317 5055 runt,
2345 5003 2499 5043 suum
2529 4999 2650 5043 esse
2678 4983 3001 5039 custodiunt.
3036 4984 3102 5037 Et
3121 4997 3240 5052 qua:
3266 4995 3479 5052 semper
3507 4995 3631 5037 esse
3652 4995 3769 5037 non

2171 5088 2514 5151 acceperunt,
2541 5092 2638 5148 pro
2664 5091 2764 5131 usu
2792 5086 3047 5146 motuque
3072 5089 3277 5141 rerum,
3305 5072 3499 5144 quibus
3537 5070 3769 5128 Creato-

2170 5174 2246 5228 ris
2275 5172 2392 5243 lege
2432 5168 2733 5226 subduntur
2759 5210 2774 5235 ,
2812 5169 2867 5222 in
2898 5167 3090 5224 melius
3131 5166 3435 5223 deteriusve
3463 5173 3765 5234 mutantur,

2171 5264 2225 5320 in
2268 5277 2390 5319 eum
2437 5260 2615 5316 divina
2658 5258 2989 5331 providentia
3028 5257 3309 5314 tendentes
3348 5256 3571 5325 exitum,
3597 5270 3769 5326 quem

2171 5354 2308 5411 ratio
2355 5349 2714 5425 gubernanda:
2754 5350 3119 5406 universitatis
3150 5349 3373 5405 includit
3405 5366 3417 5403 :
3446 5347 3520 5404 ita
3558 5356 3617 5402 ut
3655 5362 3769 5403 nec

2175 5455 2319 5504 tanta
2343 5445 2652 5517 corruptio,
2687 5453 2886 5515 quanta
2928 5458 3096 5515 usque
3121 5442 3188 5498 ad
3227 5442 3499 5497 interitum
3539 5448 3769 5495 naturas

2237 5604 2255 5668 ἓ
2290 5602 2424 5653 Vind.
2459 5608 2557 5668 Am.
2580 5610 2632 5654 et
2652 5609 2747 5665 Er.,
2773 5601 3041 5668 ptmaliter.

2235 5665 2310 5729 (a)
2332 5672 2492 5729 Genus
2515 5666 2607 5716 hoc
2631 5672 2707 5715 est
2729 5661 3031 5729 paenmquod
3049 5663 3108 5729 ad
3127 5662 3367 5729 infamiam
3389 5665 3578 5722 spectat
3599 5662 3775 5729 potius
3851 5661 3872 5729 ξ

2173 5722 2393 5793 (ιιιξιώίδᾴ
2415 5728 2681 5793 cruciatum
2702 5722 2950 5793 supplicii;
2977 5727 3070 5775 etsi
3093 5738 3187 5793 nec
3196 5725 3346 5793 deest
3358 5735 3479 5793 suus
3498 5722 3771 5773 cruciatus.

2171 5784 2234 5841 tio
2256 5791 2525 5841 aﬂiciuntur
2547 5791 2597 5837 in
2615 5784 2834 5851 uiSpania
2856 5784 2983 5837 lenm
3006 5786 3234 5851 numellis
3256 5784 3410 5851 afﬁxa:
3435 5790 3488 5833 et
3509 5793 3774 5845 per-uncta

2172 5853 2344 5914 melle,
2369 5865 2468 5915 quo
2490 5864 2668 5915 muscae
2691 5846 2884 5915 et‘apes
2908 5858 2961 5900 et
2984 5862 3150 5915 vespae
3169 5846 3410 5899 advolant.
3434 5852 3546 5897 Lua.
3570 5852 3737 5899 Vivus.

2239 5914 2310 5981 (υ)
2332 5910 2451 5966 'viile
2471 5911 2613 5979 infra,
2635 5913 2723 5966 lib.
2743 5910 2825 5978 2t,
2848 5924 2957 5977 cap.
2977 5910 3028 5965 4.
