4054 6484
287 375 389 438 353

280 493 571 554 mutabiles
611 489 974 564 mortalesque
1021 490 1294 562 perducit,
1325 491 1403 548 sic
1431 491 1590 548 faciat
1615 509 1723 548 non
1751 507 1870 551 esse

279 589 420 663 quod
446 595 570 646 erat
594 629 611 657 ,
663 595 721 644 ut
744 601 852 644 non
879 585 1005 642 inde
1035 585 1128 642 fiat
1165 594 1557 657 consequenter
1580 586 1724 657 quod
1753 600 1872 642 esse

277 683 491 740 debeat.
525 681 660 751 Quae.
682 695 805 738 cum
844 681 916 736 ita
945 681 1053 737 sint
1076 721 1091 746 ,
1120 680 1263 736 Deus
1291 681 1382 751 qui
1412 696 1618 736 summe
1644 687 1728 737 est
1751 722 1766 748 ,
1793 688 1872 736 at-

273 791 378 848 que
401 776 475 831 ob
500 775 606 831 hoc
633 775 704 830 ab
728 774 820 830 illo
843 773 979 830 facta
1006 782 1088 830 est
1122 774 1301 829 omnis
1335 774 1592 843 essentia,
1619 789 1740 846 qua:
1762 789 1870 829 non

271 886 485 927 summe
509 877 596 926 est
639 868 801 942 (quia
854 883 1029 940 neque
1074 868 1152 924 illi
1193 869 1414 940 aequalis
1460 883 1580 925 esse
1627 868 1868 936 deberet,

271 979 391 1034 qua:
411 963 482 1018 de
505 963 678 1018 nihilo
697 961 836 1017 facta
859 960 1060 1035 esset);
1091 977 1264 1034 neque
1284 962 1392 1018 ullo
1415 961 1576 1018 modo
1599 975 1718 1017 esse
1748 977 1871 1032 pos-

268 1065 373 1124 set,
404 1055 451 1111 si
477 1055 547 1111 ab
594 1054 688 1110 illo
714 1053 852 1111 facta
886 1070 991 1110 non
1015 1061 1160 1110 esset
1187 1072 1200 1107 :
1234 1069 1334 1110 nec
1357 1053 1588 1109 ullorum
1615 1051 1867 1108 vitiorum

267 1147 572 1203 offensione
597 1147 1000 1216 vituperandus,
1033 1158 1087 1202 et
1111 1147 1350 1202 omnium
1393 1155 1703 1201 naturarum
1739 1160 1866 1203 con-

268 1239 600 1296 sideratione
626 1239 923 1296 laudandus
949 1249 1051 1295 est.

249 1359 252 1362 ’
277 1356 506 1413 CAPUT
537 1356 627 1411 Vl.
670 1386 741 1397 —
782 1355 910 1422 Qui:
931 1372 1088 1410 causa
1113 1355 1178 1410 sit
1207 1355 1529 1410 beatitudinis
1555 1354 1865 1426 Angelorum

294 1449 562 1516 bonorum,
587 1455 632 1503 et
655 1463 930 1519 quacama
947 1448 1011 1502 sit
1029 1446 1543 1517 miseriwangelorum
1565 1445 1830 1500 malorum.

337 1562 577 1619 Proinde
618 1576 778 1618 causa
842 1560 1185 1616 beatitudinis
1229 1561 1554 1631 Angelorum
1596 1561 1861 1617 bonorum

268 1671 332 1712 ea
354 1655 637 1710 verissima
667 1653 954 1724 reperitur,
981 1651 1124 1724 quod
1153 1651 1203 1707 ei
1231 1651 1508 1707 adhatrent
1536 1652 1624 1722 qui
1654 1666 1862 1708 summe

264 1757 367 1806 est.
410 1747 545 1804 Cum
592 1763 720 1804 vero
761 1762 918 1804 causa
961 1745 1191 1803 miseria:
1243 1747 1505 1802 malorum
1548 1745 1858 1817 angelorum

265 1841 539 1912 quaeritur,
574 1855 638 1896 ea
666 1841 856 1895 merito
885 1840 1136 1905 occurrit,
1165 1838 1307 1909 quod
1332 1839 1509 1894 abillo
1535 1838 1625 1909 qui
1646 1854 1857 1896 summe

263 1942 344 1988 est
370 1931 566 1996 aversi,
591 1930 657 1986 ad
687 1946 745 1987 se
767 1930 910 2001 ipsos
939 1930 1183 1985 conversi
1213 1938 1355 1995 sunt,
1388 1929 1476 2000 qui
1509 1944 1615 1985 non
1648 1944 1857 1988 summe

263 2036 387 2083 sunt
416 2045 430 2082 ι
455 2035 510 2082 et
535 2025 638 2081 hoc
667 2025 853 2081 vitium
894 2024 1018 2096 quid
1061 2023 1205 2079 aliud
1246 2038 1405 2095 quam
1436 2023 1683 2094 superbia
1713 2039 1854 2078 nun-

260 2121 524 2192 cupatur?
554 2119 768 2175 Initium
795 2119 990 2190 quippe
1011 2118 1174 2173 omnis
1197 2118 1386 2190 peccati
1405 2117 1639 2188 superbia
1661 2117 1852 2189 (Eccli.

259 2230 319 2280 ι,
348 2214 477 2285 15).
521 2212 820 2268 Noluerunt
843 2227 971 2283 ergo
993 2211 1058 2267 ad
1091 2212 1239 2267 illum
1279 2209 1551 2266 custodire
1581 2208 1852 2266 fortitudi-

256 2321 378 2361 nem
406 2320 556 2360 suam
592 2304 610 2375 (
634 2303 780 2359 Psal.
811 2319 955 2369 LvIII,
987 2303 1095 2374 10)
1125 2321 1138 2356 :
1168 2313 1223 2359 et
1252 2303 1342 2373 qui
1369 2302 1540 2372 magis
1565 2309 1764 2366 essent,
1794 2301 1840 2356 si

255 2400 305 2453 ei
333 2399 425 2470 qui
451 2413 662 2454 summe
688 2407 771 2453 est
796 2397 1134 2453 adhzererent
1161 2413 1176 2462 ;
1203 2412 1261 2452 se
1291 2396 1366 2450 illi
1407 2394 1764 2466 praeferendo,
1798 2395 1849 2450 id

255 2493 399 2563 quod
429 2493 610 2548 minus
634 2500 718 2548 est
742 2490 1111 2562 prmtulerunt.
1144 2489 1240 2545 llic
1284 2489 1484 2560 primus
1530 2487 1770 2543 defectus
1798 2495 1853 2543 et

256 2585 424 2656 prima
472 2585 651 2655 inopia
697 2584 1036 2655 primumque
1090 2582 1276 2637 vitium
1309 2582 1426 2651 ejus
1473 2591 1695 2647 naturae,
1733 2594 1851 2652 qua)

254 2680 323 2735 ita
350 2687 534 2736 creata
559 2687 664 2747 est,
695 2687 755 2734 ut
779 2693 878 2735 nec
904 2692 1112 2733 summe
1136 2686 1312 2741 esset,
1343 2685 1397 2731 et
1427 2685 1602 2731 tamen
1631 2675 1696 2730 ad
1726 2675 1848 2730 bea-

255 2771 540 2828 titudinem
585 2771 912 2839 habendam,
945 2786 1011 2827 eo
1037 2771 1126 2842 qui
1153 2785 1364 2825 summe
1389 2778 1470 2824 est
1510 2768 1612 2824 frui
1644 2776 1845 2839 posset,

252 2881 284 2922 a
325 2881 434 2938 quo
475 2881 686 2933 aversa,
715 2880 821 2921 non
857 2865 1082 2937 ‘quidem
1113 2865 1280 2930 nulla,
1309 2862 1402 2918 sed
1433 2871 1615 2917 tamen
1670 2862 1847 2917 minus

252 2969 415 3025 esset,
444 2968 608 3031 atque
627 2960 697 3015 ob
725 2959 827 3015 hoc
850 2959 1042 3015 misera
1079 2959 1248 3014 erret.
1284 2956 1455 3027 Hujus
1494 2971 1659 3026 porro
1687 2956 1843 3012 malae

253 3053 544 3109 voluntatis
571 3067 732 3108 causa
753 3051 991 3109 efficiens
1008 3051 1054 3105 si
1080 3057 1367 3121 quaeratur,
1390 3047 1520 3103 nihil
1549 3048 1841 3102 invenitur.

253 3144 387 3212 Quid
429 3154 514 3201 est
553 3145 698 3200 enim
723 3143 864 3214 quod
917 3143 1038 3198 facit
1081 3141 1412 3196 voluntatem
1463 3139 1681 3206 malam,
1723 3153 1847 3195 cum

252 3237 362 3307 ipsa
415 3235 577 3291 faciat
605 3251 739 3307 opus
782 3234 1016 3290 malum?
1059 3235 1137 3289 Ac
1162 3249 1257 3304 per
1288 3233 1387 3287 hoc
1416 3231 1552 3286 mala
1601 3230 1848 3287 voluntas

253 3329 492 3404 efficiens
516 3336 601 3386 est
625 3327 805 3400 operis
833 3328 956 3382 mali
986 3369 1002 3396 ,
1033 3327 1171 3382 male
1197 3336 1376 3381 autem
1407 3324 1695 3380 voluntatis
1731 3323 1832 3380 effr

251 3422 398 3477 ciens
423 3431 510 3477 est
534 3420 687 3476 nihil.
715 3419 973 3488 Quoniam
1003 3418 1048 3473 si
1074 3433 1160 3474 res
1187 3417 1362 3487 aliqua
1391 3425 1510 3482 est,
1543 3425 1634 3471 aut
1665 3417 1822 3473 habet

250 3524 340 3570 aut
381 3529 489 3570 non
522 3512 684 3568 habet
729 3514 961 3584 aliquam
1017 3511 1349 3566 voluntatem
1393 3510 1484 3569 :si
1534 3510 1713 3579 habet,
1756 3526 1824 3566 au

250 3605 445 3662 bonam
495 3603 742 3676 profecto
772 3602 952 3670 habet,
1000 3611 1091 3658 aut
1118 3602 1312 3657 malam
1341 3618 1356 3656 :
1389 3603 1432 3658 si
1475 3602 1692 3666 bonam,
1726 3601 1842 3671 quis

251 3698 318 3755 ita
341 3699 591 3769 desipiat,
624 3707 683 3752 ut
703 3697 845 3752 dicat
867 3695 1007 3767 quod
1029 3695 1167 3751 bona
1190 3694 1435 3753 voluntas
1465 3693 1622 3750 faciat
1648 3693 1836 3748 volun-

252 3804 413 3849 tatem
440 3791 678 3847 malam?
728 3789 844 3846 Erit
871 3790 1014 3845 enim
1035 3831 1050 3855 ,
1084 3789 1129 3844 si
1165 3789 1238 3845 ita
1277 3798 1378 3856 est,
1413 3789 1550 3844 bona
1599 3787 1847 3842 voluntas

248 3902 405 3943 causa
435 3884 640 3957 peccati
672 3902 687 3939 :
715 3898 821 3954 quo
846 3880 1129 3938 absurdius
1162 3881 1334 3952 putari
1389 3880 1519 3935 nihil
1548 3887 1744 3950 potest.
1787 3877 1851 3970 Si5

250 3990 424 4037 autem
448 3995 538 4036 res
567 3980 664 4034 ista
683 3992 802 4048 quae
820 3985 1037 4050 putatur
1065 3976 1240 4032 facere
1269 3974 1597 4030 voluntatem
1625 3973 1840 4040 malam,

250 4183 366 4238 qua:
411 4167 596 4222 fecerit
626 4179 715 4222 res
737 4205 756 4231 ,
783 4171 1178 4235 consequenter
1229 4163 1502 4233 interrogo
1532 4181 1545 4218 :
1578 4170 1738 4233 atque
1783 4169 1844 4217 ut

249 4260 315 4315 sit
339 4258 538 4331 aliquis
581 4255 883 4329 inquirendi
923 4255 1136 4322 modus,
1184 4268 1400 4310 causam
1452 4254 1636 4324 primae
1685 4252 1842 4309 malae

249 4354 535 4411 voluntatis
561 4352 791 4422 inquiro.
813 4349 928 4405 Non
946 4349 1184 4407 estenim
1208 4349 1378 4420 prima
1415 4346 1658 4402 voluntas
1678 4346 1839 4415 mala,

251 4465 404 4519 quam
432 4447 562 4503 fecit
588 4445 835 4501 voluntas
865 4441 1004 4498 mala
1033 4443 1049 4474 ⁸
1079 4459 1091 4495 :
1117 4439 1209 4497 sed
1240 4440 1329 4495 illa
1351 4439 1524 4506 prima
1549 4446 1651 4503 est,
1677 4453 1837 4508 quam

253 4542 389 4597 nulla
423 4540 568 4596 fecit.
617 4538 747 4593 Nam
776 4536 818 4592 si
848 4534 1122 4606 prmcessit
1161 4549 1190 4587 a
1218 4549 1321 4604 qua
1349 4531 1521 4598 ﬁeret,
1570 4529 1659 4584 illa
1690 4528 1838 4599 prior

251 4646 350 4699 est,
380 4651 501 4704 quae
525 4633 748 4688 alterum
777 4631 917 4687 fecit.
939 4629 996 4686 Si
1015 4627 1369 4699 respondetur
1386 4625 1527 4698 quod
1552 4640 1670 4682 eam
1696 4623 1838 4679 nulla

253 4744 337 4784 res
366 4727 576 4789 fecerit,
625 4733 680 4780 et
708 4722 827 4778 ideo
856 4736 1072 4791 semper
1099 4719 1304 4785 fuerit;
1358 4733 1541 4789 quaaro
1582 4725 1760 4772 utrum
1787 4716 1838 4771 in

251 4821 422 4891 aliqua
451 4827 641 4873 natura
675 4813 851 4870 fuerit.
900 4813 956 4868 Si
993 4811 1138 4868 enim
1173 4812 1226 4866 in
1276 4810 1423 4866 nulla
1471 4809 1590 4876 fuit,
1621 4809 1841 4864 omnino

251 4927 353 4967 non
381 4910 480 4966 fuit
509 4927 522 4962 :
558 4908 604 4963 si
635 4915 810 4962 autem
835 4905 890 4961 in
907 4902 1345 4975 aliqua,vitiabat
1372 4916 1490 4956 eam
1513 4911 1566 4956 et
1597 4915 1841 4956 corrum-

251 5006 432 5076 pebat,
461 5011 686 5074 eratque
711 4999 786 5055 illi
812 4998 991 5063 noxia,
1033 5012 1098 5052 ac
1124 5011 1218 5067 per
1262 4993 1367 5051 hoc
1392 4996 1534 5050 bono
1575 4993 1836 5064 privabat.

251 5098 320 5154 Et
343 5097 465 5154 ideo
494 5096 548 5151 in
577 5093 718 5150 mala
745 5100 932 5148 natura
957 5089 1210 5145 voluntas
1239 5087 1377 5142 mala
1403 5101 1522 5143 esse
1548 5101 1654 5142 non
1683 5093 1839 5157 pote-

250 5199 364 5255 rat;
407 5187 504 5245 sed
543 5187 597 5242 in
647 5185 810 5250 bona,
858 5180 1098 5238 mutabili
1141 5189 1340 5245 tamen,
1369 5178 1454 5233 cui
1502 5179 1686 5234 vitium
1737 5177 1838 5234 hoc

253 5289 430 5354 posset
447 5293 664 5336 nocere.
682 5275 737 5332 Si
758 5275 900 5332 enim
923 5289 1029 5329 non
1053 5273 1268 5336 nocuit,
1291 5285 1398 5326 non
1429 5270 1613 5342 utique
1645 5269 1830 5327 vitium

252 5373 348 5429 fuit
378 5391 392 5428 :
417 5387 482 5427 ac
509 5386 604 5442 per
633 5368 736 5424 hoc
757 5381 856 5424 nec
875 5367 1012 5422 mala
1034 5365 1277 5421 voluntas
1297 5363 1465 5420 fuisse
1481 5362 1704 5420 dicenda
1728 5372 1834 5420 est.

250 5467 421 5523 Porro
471 5465 517 5521 si
565 5463 768 5531 nocuit,
820 5462 1020 5519 bonum
1070 5459 1362 5517 auferendo
1417 5460 1502 5516 vel
1548 5459 1839 5517 minuendo

249 5561 432 5631 utique
455 5557 656 5614 nocuit.
686 5555 804 5611 Non
850 5555 1010 5626 igitur
1046 5568 1164 5610 esse
1192 5553 1363 5625 potuit
1388 5555 1709 5625 sempiterna
1740 5568 1838 5609 vo-

247 5653 429 5710 luntas
457 5649 594 5706 mala
625 5649 677 5704 in
704 5663 767 5705 ea
797 5663 876 5714 re,
900 5649 952 5702 in
973 5661 1074 5718 qua
1105 5647 1305 5703 bonum
1332 5646 1572 5702 naturale
1601 5661 1835 5716 praeces-

245 5755 414 5814 serat,
446 5743 589 5817 quod
637 5741 780 5798 mala
818 5740 1065 5797 voluntas
1090 5740 1333 5797 nocendo
1361 5748 1540 5812 posset
1575 5739 1835 5796 adimere.

1598 373 1800 437 LIBER
1839 376 2299 442 DUODECIMUS.

3464 403 3571 466 354

1989 493 2044 550 Si
2065 511 2194 568 ergo
2212 511 2318 553 non
2335 505 2451 555 erat
2477 501 2826 574 sempiterna,
2845 502 2964 576 quis
2982 521 3101 564 eam
3130 508 3336 581 fecerit,
3363 529 3567 586 quaero.

1985 589 2169 646 Restat
2199 602 2257 648 ut
2283 594 2510 665 dicatur,
2540 601 2679 670 quod
2707 617 2766 656 ea
2793 611 2880 659 res
2922 603 3112 662 fecerit
3138 609 3331 664 malam
3373 611 3566 668 volun-
3585 663 3620 695 κ

1983 691 2168 752 tatem,
2198 686 2250 743 in
2278 705 2380 760 qua
2407 692 2550 746 nulla
2583 695 2826 752 voluntas
2867 699 2982 755 fuit.
3018 700 3144 758 Haec
3182 711 3358 759 utrum
3404 721 3567 777 supe-

1979 780 2094 834 rior
2147 783 2236 849 sit,
2285 785 2528 856 requiro;
2583 802 2648 843 an
2705 791 2944 858 inferior,
2993 809 3060 851 an
3110 799 3348 868 aequalis.
3389 799 3493 856 Sed
3518 802 3566 860 si

1977 873 2238 942 superior,
2288 879 2469 948 utique
2513 880 2701 936 melior
2733 900 2746 936 :
2778 887 3047 954 quomodo
3090 906 3216 962 ergo
3244 893 3460 961 nullius,
3501 909 3566 951 ac

1977 980 2082 1021 non
2129 969 2304 1038 potius
2335 969 2488 1027 bonae
2532 974 2862 1032 voluntatis?
2894 978 3005 1050 Hoc
3041 983 3179 1039 idem
3226 986 3464 1056 profecto
3509 997 3565 1045 et

1975 1061 2194 1130 {aqualis
2214 1063 2249 1116 ¹.
2282 1062 2395 1119 Duo
2424 1064 2619 1136 quippe
2664 1071 2896 1139 quandiu
2923 1084 3046 1129 sunt
3091 1081 3289 1146 pariter
3316 1080 3563 1136 volunta-

1976 1149 2041 1204 tis
2071 1151 2242 1218 bonac,
2268 1169 2370 1210 non
2400 1155 2524 1212 facit
2549 1158 2685 1214 alter
2713 1161 2765 1215 in
2787 1163 2956 1219 altero
2981 1167 3309 1225 voluntatem
3339 1174 3555 1228 malam.

1972 1239 2312 1315 Relinquitur
2353 1258 2412 1303 ut
2457 1249 2675 1306 inferior
2718 1270 2824 1321 res,
2870 1257 2954 1311 cui
2996 1260 3137 1314 nulla
3180 1262 3424 1320 voluntas
3452 1275 3557 1336 est,

1970 1334 2155 1391 fecerit
2180 1339 2434 1408 angelica:
2462 1352 2685 1411 naturae,
2727 1361 2848 1415 quae
2877 1341 3042 1417 prima
3075 1355 3333 1420 peccavit,
3366 1334 3557 1412 volun;

1971 1433 2131 1481 tatem
2179 1429 2394 1484 malam.
2437 1431 2541 1487 Sed
2581 1434 2740 1490 etiam
2791 1452 2878 1492 res
2927 1439 3040 1509 ipsa
3083 1457 3426 1516 quaecumque
3473 1456 3558 1504 est

1970 1516 2188 1573 inferior
2219 1534 2386 1592 usque
2411 1523 2478 1577 ad
2507 1524 2742 1581 infimam
2773 1537 2990 1598 terram,
3017 1535 3269 1603 quoniam
3299 1547 3484 1593 natura
3504 1546 3558 1596 et

1967 1613 2199 1668 essentia
2229 1623 2343 1682 est,
2377 1619 2559 1685 procul
2589 1620 2751 1677 dubio
2781 1621 2919 1679 bona
2963 1636 3066 1693 est,
3101 1628 3304 1686 habens
3335 1632 3555 1690 modum

1967 1711 2020 1758 et
2047 1706 2281 1775 speciem
2335 1724 2485 1764 suam
2534 1712 2586 1766 in
2632 1728 2831 1784 genere
2856 1725 3017 1789 atque
3037 1720 3226 1777 ordine
3253 1737 3368 1777 suo.
3420 1724 3556 1792 Quo-

1963 1795 2125 1851 modo
2152 1812 2282 1869 ergo
2333 1815 2420 1857 res
2461 1802 2599 1859 bona
2643 1806 2881 1864 efficiens
2912 1819 2994 1865 est
3033 1812 3318 1869 voluntatis
3361 1817 3554 1873 malae?

1963 1892 2250 1961 quomodo,
2276 1895 2512 1966 inquam,
2541 1899 2738 1957 bonum
2768 1915 3033 1962 estcausa
3063 1909 3229 1962 mali?
3250 1908 3380 1965 Cum
3409 1911 3554 1968 enim

1963 1997 2023 2038 se
2066 1985 2311 2043 voluntas
2341 1989 2528 2046 relicto
2558 1997 2835 2065 superiore
2866 2000 2930 2053 ad
2981 2000 3231 2056 inferiora
3261 2005 3547 2074 convertit,

1962 2075 2191 2133 efficitur
2231 2080 2370 2136 mala
2397 2101 2409 2137 :
2442 2099 2547 2139 non
2576 2089 2698 2158 quia
2728 2090 2924 2145 malum
2953 2101 3034 2146 est
3055 2136 3069 2157 ,
3105 2109 3211 2166 quo
3240 2111 3298 2150 se
3327 2110 3552 2151 conver-

1962 2173 2062 2234 tit;
2093 2171 2185 2226 sed
2213 2172 2334 2242 quia
2366 2190 2616 2244 perversa
2648 2190 2728 2253 est
2756 2182 2865 2252 ipsa
2896 2185 3194 2240 conversio.
3221 2186 3421 2243 Idcirco
3441 2203 3551 2244 non

1959 2275 2047 2317 res
2088 2262 2308 2321 inferior
2341 2268 2665 2328 voluntatem
2696 2275 2890 2330 malam
2939 2277 3096 2342 fecit;
3128 2279 3220 2332 sed
3265 2295 3376 2335 rem
3410 2277 3549 2337 infe-

1959 2354 2155 2411 riorem
2191 2373 2354 2426 prave
2392 2371 2551 2433 atque
2578 2365 2876 2421 inordinate
2913 2371 3025 2436 ipsa
3076 2386 3194 2440 quae
3221 2372 3240 2402 '
3273 2369 3410 2426 facta
3441 2380 3542 2441 est,

1957 2450 2231 2519 appetivit.
2260 2450 2315 2507 Si
2345 2456 2486 2510 enim
2526 2457 2685 2529 aliqui
2734 2459 2840 2514 duo
2869 2463 3148 2532 aequaliter
3173 2465 3342 2521 afl‘ecti
3367 2467 3548 2522 animo

1956 2550 2012 2596 et
2052 2557 2278 2614 corpore
2321 2548 2535 2605 videant
2585 2553 2739 2607 unius
2787 2556 3030 2625 corporis
3073 2558 3542 2632 pulchritudinem,

1954 2647 2060 2702 qua
2091 2634 2200 2690 visa
2234 2655 2370 2694 unus
2398 2655 2583 2696 eorum
2611 2643 2676 2698 ad
2703 2644 2888 2701 illicite
2917 2646 3295 2716 perfruendum
3324 2666 3540 2708 movea-

1958 2731 2063 2792 tur,
2111 2725 2251 2785 alter
2289 2731 2340 2785 in
2387 2733 2656 2790 voluntate
2711 2737 2900 2807 pudica
2944 2740 3148 2796 stabilis
3201 2753 3544 2813 perseveret;

1954 2817 2082 2889 quid
2112 2831 2360 2893 putamus
2389 2841 2509 2882 esse
2550 2842 2746 2895 causae,
2778 2840 2834 2886 ut
2865 2832 2916 2886 in
2959 2833 3048 2888 illo
3083 2835 3194 2902 fiat,
3232 2835 3284 2892 in
3320 2835 3410 2890 illo
3440 2853 3546 2893 non

1954 2907 2050 2966 flat
2077 2912 2323 2970 voluntas
2349 2918 2531 2974 mala?
2559 2919 2689 2988 Qua:
2729 2922 2872 2977 illam
2899 2938 2988 2980 res
3017 2924 3162 2994 fecit,
3195 2926 3247 2981 in
3274 2943 3380 2998 quo
3407 2928 3546 2986 facta

1951 3004 2079 3058 est?
2105 3004 2292 3076 Neque
2315 3009 2457 3063 enim
2490 3012 2935 3081 pulchritudoilla
2966 3018 3208 3087 corporis
3235 3035 3249 3084 ;
3279 3035 3400 3076 nam
3423 3037 3543 3077 eam

1953 3109 2060 3150 non
2087 3095 2214 3153 fecit
2257 3099 2308 3154 in
2339 3101 2601 3159 ambobus
2627 3122 2639 3158 :
2683 3105 3110 3176 quandoquidem
3137 3110 3414 3166 amborum
3437 3127 3545 3169 non

1953 3187 2277 3259 dispariliter
2301 3193 2536 3249 occurrit
2582 3198 2904 3266 aspectibus.
2932 3199 3016 3254 An
3047 3216 3174 3256 caro
3203 3203 3460 3259 intuentis
3483 3205 3538 3260 in

1953 3298 2111 3340 causa
2139 3286 2263 3340 est?
2299 3285 2408 3342 Cur
2435 3303 2541 3343 non
2587 3299 2641 3344 et
2671 3290 2851 3345 illius?
2894 3293 2976 3347 An
3003 3309 3132 3348 vero
3160 3295 3405 3351 animus?
3433 3297 3543 3355 Cur

1952 3391 2058 3430 non
2099 3377 2412 3448 utriusque?
2454 3379 2658 3435 Ambos
2704 3381 2844 3436 enim
2886 3393 2940 3437 ct
2994 3385 3174 3440 animo
3217 3395 3270 3440 et
3318 3402 3544 3457 corpore

1952 3468 2229 3539 mqualiter
2275 3469 2696 3528 affectos-fuisse
2721 3472 3085 3544 prmdiximus.
3121 3476 3203 3531 An
3255 3476 3542 3535 dicendum

1952 3570 2054 3628 est,
2099 3562 2325 3618 alterum
2380 3579 2566 3620 eorum
2603 3567 2810 3622 occulta
2855 3567 3070 3638 maligni
3103 3570 3318 3636 Spiritus
3346 3586 3540 3644 sugge-

1955 3654 2126 3710 stione
2179 3659 2487 3712 tentatum?
2535 3660 2686 3729 quasi
2741 3675 2846 3715 non
2887 3661 3060 3717 eidem
3111 3665 3434 3734 suggestioni
3485 3672 3544 3722 et

1951 3748 2322 3820 qualicumque
2351 3752 2586 3807 suasioni
2623 3754 2836 3824 propria
2864 3755 3132 3812 voluntate
3180 3759 3535 3814 consenserit.

1952 3839 2098 3896 lianc
2155 3841 2314 3912 igitur
2341 3845 2777 3912 consensionem,
2813 3845 2952 3902 hanc
2981 3849 3172 3904 malam
3204 3867 3362 3922 quam
3401 3851 3540 3910 male

1951 3930 2192 3986 suadenti
2223 3931 2462 3988 adhibuit
2495 3934 2844 4002 voluntatem,
2886 3953 3004 4008 quae
3033 3939 3086 3994 in
3113 3955 3178 3995 eo
3209 3956 3294 3996 res
3330 3941 3538 4015 fecerit,

249 4025 636 4144 {£11.3in
683 4025 856 4126 ιίειδεῖ
891 4025 1219 4125 ζγοιῑιηιριεηι
1259 4068 1488 4134 malam;
1531 4067 1692 4123 etiam
1721 4025 1859 4144 ρωιὲ
1923 4025 2498 4144 ςξιξξῗςξξῗξιῗχιῗῇξιξέιξ
2523 4027 3540 4144 ιῖςερξιφευῇξιξῖιῖξθξιίξηςηιξιπιηθυηίεια

1926 4124 1934 4196 '_
1950 4119 2244 4190 quaestione
2273 4121 2507 4189 tollatur,
2540 4123 2588 4178 si
2616 4123 2800 4180 eadem
2824 4127 3116 4182 tentatione
3138 4129 3298 4185 ambo
3329 4138 3542 4187 tenten-

1953 4218 2056 4276 tur,
2088 4220 2143 4266 et
2170 4228 2304 4267 unus
2339 4214 2386 4270 ei
2414 4214 2566 4270 cedat
2590 4224 2750 4286 atque
2777 4219 3093 4286 consentiat,
3125 4221 3262 4277 alter
3285 4221 3424 4279 idem
3447 4225 3541 4296 qui

1950 4306 2121 4362 fuerat
2143 4317 2484 4378 perseveret;
2510 4311 2633 4380 quid
2663 4310 2806 4365 aliud
2845 4322 3084 4383 apparet,
3119 4315 3217 4369 nisi
3251 4332 3412 4372 unum
3441 4333 3542 4374 vo-

1953 4401 2134 4465 luisse,
2169 4403 2393 4457 alterum
2428 4403 2664 4459 noluisse
2692 4421 2718 4456 a
2767 4407 3015 4463 castitate
3047 4408 3323 4473 deiicere?
3365 4411 3538 4481 Unde,

1952 4497 2054 4553 nisi
2084 4498 2294 4568 propria
2338 4497 2632 4563 voluntate,
2662 4497 2752 4551 ubi
2789 4499 2977 4554 eadem
3015 4498 3188 4556 fuerat
3219 4502 3269 4556 in
3314 4509 3542 4573 utroque

1949 4589 2189 4660 corporis
2241 4597 2295 4643 et
2346 4589 2507 4643 animi
2549 4587 2802 4644 affectio?
2840 4591 3133 4645 Amhorum
3195 4593 3362 4648 oculis
3398 4592 3544 4664 pari-

1951 4697 2034 4743 ter
2075 4686 2189 4742 visa
2227 4693 2311 4741 est
2361 4685 2545 4742 eadem
2596 4683 2973 4756 pulchritudo,
3029 4685 3289 4743 ambobus
3341 4688 3541 4758 pariter

1948 4781 2141 4840 institit
2172 4780 2379 4837 occulta
2423 4779 2644 4837 tentatio
2676 4798 2690 4834 :
2742 4780 3013 4850 propriam
3043 4781 3201 4850 igitur
3222 4782 3275 4835 in
3312 4796 3417 4836 uno
3447 4795 3540 4836 eo-

1948 4893 2067 4934 rum
2092 4875 2421 4933 voluntatem
2461 4874 2652 4928 malam
2679 4889 2799 4944 qua:
2839 4889 2926 4930 res
2956 4875 3148 4930 fecerit
3176 4875 3312 4930 scire
3346 4876 3535 4932 volen-

1950 4971 2112 5037 tibus,
2133 4971 2178 5026 si
2200 4969 2336 5026 bene
2362 4968 2688 5036 intueantur,
2715 4967 2844 5022 nihil
2869 4968 3118 5023 occurrit.
3139 4969 3193 5023 Si
3221 4968 3360 5022 enim
3384 4968 3535 5026 dixe-

1949 5067 2116 5129 rimus
2149 5064 2290 5137 quod
2340 5051 2454 5134 ipse
2504 5077 2621 5118 eam
2668 5061 2871 5128 fecerit,
2911 5061 3035 5131 quid
3093 5067 3207 5115 erat
3254 5060 3367 5130 ipse
3411 5070 3537 5120 ante

1951 5159 2280 5214 voluntatem
2323 5157 2515 5211 malam
2563 5155 2664 5210 nisi
2719 5163 2906 5209 natura
2938 5153 3099 5217 bona,
3151 5152 3304 5222 cujus
3352 5163 3538 5212 auctor

1950 5252 2108 5316 Deus,
2155 5251 2242 5320 qui
2285 5257 2368 5305 est
2410 5246 2841 5304 incommutabile
2870 5245 3105 5300 bonum?
3130 5245 3230 5313 Qui
3256 5262 3384 5318 ergo
3407 5248 3537 5308 dicit

1951 5365 2070 5404 eum
2118 5347 2206 5417 qui
2248 5345 2520 5401 consensit
2563 5343 2781 5398 tentanti
2812 5351 2968 5412 atque
3003 5344 3266 5413 suadenti,
3315 5350 3536 5408 cuinon

1947 5442 2221 5500 consensit
2257 5439 2413 5507 alius,
2440 5437 2508 5494 ad
2540 5436 2721 5492 illicito
2751 5434 3006 5491 utendum
3043 5438 3264 5505 pulchro
3283 5456 3531 5514 corpore,

1947 5537 2088 5611 quod
2134 5534 2417 5591 videndum
2467 5528 2728 5587 ambobus
2752 5528 2950 5598 pariter
3000 5529 3200 5598 adfuit,
3233 5547 3353 5588 cum
3405 5543 3532 5590 ante

1949 5635 2092 5690 illam
2117 5631 2372 5688 visionem
2403 5642 2466 5683 ac
2493 5624 2838 5682 tentati-onem
2867 5623 3068 5680 similes
3093 5625 3253 5681 ambo
3277 5626 3454 5682 animo
3474 5635 3531 5683 et

2009 5794 2025 5826 ί
2061 5799 2132 5841 Sic
2147 5795 2254 5838 Mss.
2282 5792 2337 5837 At
2357 5785 2476 5837 editi
2498 5795 2512 5833 :
2537 5789 2639 5835 Hoc
2654 5780 2788 5834 idem
2805 5783 3044 5847 profecto,
3071 5787 3120 5835 et
3133 5781 3334 5848 «aqualis
3355 5781 3400 5835 si
3430 5784 3532 5850 fae-

316 5863 338 5895 ί
368 5859 507 5910 Vind.
531 5865 630 5922 Am.
667 5863 723 5907 et
741 5863 874 5922 non,
907 5868 1052 5920 quam
1071 5853 1208 5908 nulla
1228 5857 1341 5922 fecit
1366 5855 1487 5922 (vel,
1509 5855 1646 5921 fuat)
1669 5852 1836 5909 υοιωι-
1940 5856 2023 5922 rit,
2048 5852 2150 5905 dici
2168 5855 2335 5915 potest.

241 5928 490 5986 matiam
509 5918 656 5976 nuta.
680 5918 977 5984 castigantur
1000 5931 1066 5973 ει
1090 5927 1197 5973 Mss.

2005 5910 2027 5954 ί
2058 5910 2237 5968 omnes
2259 5910 2598 5976 manuscripti,
2615 5921 2746 5975 qua.
3428 5911 3507 5978 γ’
