4054 6538
511 347 618 408 353

510 479 734 536 corpore
761 465 974 530 fuerint,
992 463 1162 536 ipsum
1186 458 1286 516 sibi
1299 458 1484 516 fecisse
1503 458 1824 512 voluntatem
1855 456 2070 518 malam,

525 564 629 634 piia
671 541 851 632 tuique
893 541 1067 640 bonus
1108 565 1230 631 ante
1268 555 1590 607 voluntatem
1640 553 1830 606 malam
1881 541 2077 640 fuerit;

512 666 711 725 qurerat
742 671 837 710 cur
879 668 992 707 eam
1037 650 1240 714 fecerit,
1284 657 1458 702 utrum
1510 647 1628 714 quia
1678 654 1862 699 natura
1889 653 1990 706 est,
2020 657 2087 698 an

511 751 633 818 quia
665 764 727 801 ex
761 746 924 800 nihilo
949 742 1086 797 facta
1111 751 1193 797 est
1227 750 1316 795 :ct
1358 739 1591 794 inveniet
1621 738 1945 791 voluntatem
1977 752 2089 790 ma-

514 815 616 894 iam
643 855 744 906 non
773 854 836 891 ex
867 852 930 888 eo
951 850 1070 889 esse
1112 829 1348 902 incipere
1376 833 1516 902 quod
1550 839 1737 906 natura
1764 838 1866 897 est,
1899 827 1990 881 sed
2023 843 2086 882 ex

510 945 574 984 eo
601 903 741 998 quod
783 911 849 982 de
895 911 1060 982 nihilo
1102 913 1292 1000 natura
1344 911 1480 992 facta
1504 932 1606 996 est.
1646 903 1776 975 Nam
1820 915 1865 974 'si
1899 919 2086 974 natura

509 1036 667 1077 causa
713 1031 795 1074 est
837 1005 1123 1074 voluntatis
1167 1018 1340 1084 malm,
1371 1003 1494 1086 quid
1552 1005 1690 1068 aliud
1739 1011 1977 1082 cogimur
2010 1003 2090 1066 di-

509 1129 652 1177 cere,
679 1112 779 1167 nisi
808 1128 833 1164 a
866 1103 1006 1166 bono
1032 1110 1142 1164 fieri
1169 1091 1388 1174 malum,
1420 1116 1474 1162 et
1499 1106 1696 1160 bonum
1726 1121 1844 1159 esse
1873 1103 2085 1158 causam

503 1189 672 1259 'mali?
697 1191 956 1276 siquidem
975 1218 1002 1256 a
1028 1211 1211 1256 natura
1234 1196 1369 1255 bona
1399 1193 1456 1253 fit
1478 1185 1720 1253 voluntas
1747 1197 1902 1251 mala.
1922 1195 2078 1264 Quod

509 1295 651 1350 unde
679 1289 788 1349 fieri
821 1304 1011 1364 potest,
1033 1287 1091 1348 ut
1117 1302 1303 1372 natura
1332 1291 1492 1357 bona,
1522 1291 1763 1361 quamvis
1791 1284 2083 1372 mutabilis,

507 1399 787 1458 antequam
823 1363 1030 1444 habeat
1059 1364 1385 1441 voluntatem
1419 1386 1608 1439 malam
1636 1427 1651 1450 ,
1683 1369 1845 1464 faciat
1883 1363 2081 1455 aliquid

505 1479 650 1542 mali,
685 1479 784 1534 hoc
814 1466 915 1546 est,
936 1473 1052 1548 ipsa
1065 1471 1112 1532 ni
1139 1478 1467 1532 voluntatem
1494 1473 1729 1530 malam?

503 1613 729 1669 CAPUT
735 1651 758 1666 ..
790 1612 898 1668 νιν.
930 1642 1000 1653 ——
1037 1611 1255 1666 Causam
1299 1610 1584 1680 efficientem
1617 1609 1767 1664 mala:
1804 1609 2076 1664 voluntatis

1007 1720 1105 1756 non
1129 1718 1236 1756 esse
1255 1701 1604 1773 maerentium.

573 1816 739 1873 Nemo
781 1811 939 1887 igitur
972 1825 1175 1886 quaerat
1210 1811 1530 1869 rl‘ticicnter'n
1568 1823 1780 1870 cansam
1818 1815 1972 1870 malm
2000 1829 2080 1868 vo-

501 1904 760 1965 luntatis:
796 1924 898 1962 non
926 1909 1065 1964 enim
1107 1917 1187 1962 cst.
1221 1908 1477 1973 efficiens,
1523 1906 1614 1962 sed
1643 1905 1934 1971 deficiens;
1963 1907 2085 1976 quia

499 2017 603 2057 nec
623 2001 710 2056 illa
733 2001 940 2056 effectio
966 2009 1067 2063 ρει,
1100 2000 1195 2055 sed
1217 2000 1466 2056 defectio.
1501 1999 1737 2055 Deﬁcere
1764 2009 1994 2068 namque
2018 1999 2086 2053 ab

495 2103 569 2151 ‘eo
595 2093 732 2165 quod
765 2108 970 2149 summe
999 2103 1100 2160 est,
1152 2093 1216 2147 ad
1242 2093 1296 2147 id
1340 2093 1481 2164 quod
1509 2093 1684 2147 minus
1725 2100 1826 2159 est,
1874 2091 1976 2147 hoc
2003 2101 2086 2146 est

500 2185 738 2257 incipere
789 2185 984 2240 habere
1034 2186 1360 2240 voluntatem
1418 2186 1633 2240 malam.
1677 2185 1876 2240 Causas
1922 2198 2085 2255 porro

501 2279 858 2336 defcctionum
887 2280 1129 2346 istarum,
1149 2293 1268 2334 cum
1289 2277 1584 2333 efficientes
1597 2279 1704 2332 non
1721 2278 1846 2342 sint,
1874 2285 1932 2332 ut
1952 2276 2081 2344 dixi,

493 2373 593 2431 sed
614 2375 942 2440 deﬁcientes,
963 2375 1103 2429 velle
1132 2374 1391 2438 invenire,
1418 2373 1521 2428 tale
1543 2381 1623 2428 est
1644 2387 1706 2428 ac
1729 2371 1778 2426 si
1800 2371 2082 2442 quisquam

500 2459 627 2523 velit
645 2468 822 2522 videre
840 2467 1105 2531 tenebras,
1131 2465 1211 2518 vel
1233 2465 1416 2519 audire
1435 2464 1728 2518 silentium:
1749 2463 1887 2534 quod
1907 2469 2082 2517 tamen

499 2571 784 2630 utrumque
802 2560 953 2613 nobis
972 2563 1150 2612 notum
1169 2565 1279 2623 est;
1303 2573 1478 2627 neque
1495 2556 1619 2611 illud
1645 2557 1744 2610 nisi
1763 2571 1860 2625 per
1880 2556 2080 2620 oculos,

495 2659 674 2715 neque
704 2645 805 2698 hoc
829 2645 929 2699 nisi
954 2657 1052 2714 per
1080 2653 1275 2709 aures;
1307 2655 1411 2697 non
1443 2656 1571 2697 sane
1591 2641 1642 2696 in
1669 2642 1867 2712 specie,
1913 2640 2005 2695 sed
2029 2641 2080 2695 in

497 2738 691 2807 speciei
719 2738 1034 2807 privatione.
1082 2735 1248 2790 Nemo
1269 2747 1399 2805 ergo
1437 2751 1500 2789 ex
1532 2747 1616 2788 me
1674 2735 1813 2789 scire
1853 2735 2078 2803 Quaerat",

493 2828 639 2899 “quod
661 2844 746 2884 me
768 2830 974 2883 nescire
991 2829 1124 2892 scio,
1147 2828 1246 2881 nisi
1271 2827 1404 2882 forte
1423 2835 1480 2881 ut
1503 2827 1709 2881 nescire
1730 2825 1918 2889 discat,
1942 2825 2080 2896 quod

497 2919 618 2974 sciri
643 2936 747 2974 non
778 2933 936 2988 posse
965 2919 1236 2974 sciendum
1264 2927 1364 2973 est.
1411 2917 1488 2973 Ea
1528 2918 1722 2988 quippe
1749 2931 1868 2987 qum
1892 2929 1998 2970 non
2027 2915 2078 2971 in

497 3012 694 3081 specie,
723 3011 815 3067 sed
842 3010 892 3065 in
915 3011 1031 3082 ejus
1047 3010 1339 3080 privatione
1358 3011 1619 3077 sciuntur,
1638 3009 1682 3064 si
1700 3009 1800 3064 dici
1827 3017 1918 3063 aut
1937 3009 2082 3064 intel-

493 3105 585 3176 ἀεὶ
607 3114 801 3176 potest,
818 3104 1206 3175 quodammodo
1222 3103 1508 3159 nesciendo
1519 3105 1775 3166 sciuntur,
1795 3112 1850 3157 ut
1863 3102 2080 3158 sciendo

495 3200 822 3253 nesciantur'.
875 3197 1006 3252 Cum
1050 3197 1191 3250 enim
1242 3197 1385 3251 acies
1422 3197 1580 3251 etiam
1616 3196 1754 3250 oeuli
1788 3195 2080 3264 corporalis

487 3291 661 3346 "currit
699 3305 798 3361 per
834 3290 1039 3360 species
1062 3289 1392 3359 corporales,
1433 3303 1693 3358 nusquam
1725 3287 1974 3342 tenebras
2003 3287 2080 3341 vi-

493 3383 601 3447 det,
650 3383 748 3438 nisi
795 3384 882 3437 ubi
913 3383 1133 3452 coeperit
1174 3397 1279 3436 non
1326 3381 1530 3436 videre.
1575 3379 1650 3435 Ita
1685 3381 1844 3435 etiam
1873 3396 1980 3435 non
2011 3380 2077 3436 ad

493 3477 722 3546 aliquem
749 3477 908 3531 alium
949 3489 1187 3541 sensum,
1241 3475 1332 3530 sed
1383 3474 1447 3529 ad
1484 3474 1625 3528 solas
1667 3487 1824 3529 aures
1849 3473 2080 3544 pertinet
2123 3537 2126 3540 ,

494 3567 693 3624 sentire
732 3566 997 3621 silentium
1027 3584 1041 3619 :
1088 3565 1226 3636 quod
1259 3574 1432 3619 tamen
1465 3564 1607 3618 nullo
1633 3564 1794 3620 modo
1840 3565 1941 3619 nisi
1970 3577 2075 3620 non

491 3659 753 3714 audiendo
779 3659 1024 3713 sentitur.
1053 3657 1141 3713 Sic
1171 3658 1377 3727 species
1401 3656 1761 3726 intelligibiles
1787 3671 1938 3710 mens
1967 3657 2076 3727 qui-

489 3749 613 3806 dem
640 3759 820 3805 nostra
855 3749 1194 3821 intelligendo
1223 3748 1516 3819 conspicit;
1554 3747 1649 3803 sed
1685 3748 1772 3802 ubi
1800 3746 2072 3814 deficiunt,

484 3843 778 3897 nesciendo
805 3843 1082 3899 condiscit.
1109 3841 1309 3898 Delicta
1333 3842 1474 3898 enim
1499 3841 1610 3912 quis
1637 3840 1870 3912 intelligit
1901 3839 2070 3912 (Ρδαι.

489 3937 637 3999 tvm,
669 3937 756 4007 15)
786 3939 809 3978 ν

485 4043 712 4103 CAPUT
743 4037 875 4101 Vill.
905 4079 973 4087 ——
999 4041 1075 4100 Dc
1100 4060 1269 4099 amore
1309 4049 1562 4116 perverso,
1609 4059 1707 4114 quo
1743 4043 1971 4099 voluntas
2010 4046 2073 4100 ab

573 4135 967 4192 incomnm'tabili
995 4137 1121 4191 bono
1147 4137 1213 4190 ad
1234 4134 1586 4190 commutabile
1611 4137 1791 4191 bonum
1811 4137 1999 4206 deﬁcit.

561 4249 675 4306 [loc
705 4253 836 4314 scio,
875 4260 1115 4304 naturam
1149 4235 1243 4302 Dei
1274 4263 1564 4318 nunquam,
1598 4263 1877 4319 nusquam,
1927 4243 2071 4306 nulla

488 4358 555 4399 ex
583 4351 730 4412 parte
759 4357 910 4412 posse
937 4339 1197 4404 deficere;
1222 4347 1277 4394 et
1301 4354 1361 4393 ea
1387 4353 1546 4408 posse
1572 4329 1800 4394 deiicere
1821 4382 1834 4405 ,
1860 4356 1977 4410 qua:
2005 4357 2069 4396 ex

487 4431 655 4492 nihilo
685 4433 816 4487 facta
846 4440 987 4486 sunt.
1034 4430 1162 4498 Qua:
1209 4439 1384 4484 tamen
1425 4438 1622 4498 quanto
1651 4429 1820 4500 magis
1849 4439 1989 4496 sunt,
2018 4439 2072 4485 et

483 4515 624 4582 bona
654 4523 847 4578 faciunt
872 4522 1020 4591 (tunc
1057 4522 1197 4576 enim
1236 4519 1430 4590 aliquid
1481 4513 1722 4590 faciunt),
1758 4517 1945 4576 causas
1971 4519 2068 4574 lia-

483 4611 613 4670 bent
636 4613 926 4669 efficientes
954 4615 968 4646 ί
1005 4631 1016 4665 :
1051 4614 1100 4666 in
1131 4621 1384 4682 quantum
1412 4619 1588 4664 autem
1611 4609 1881 4678 deficiunt,
1922 4611 1976 4666 ‘et
2003 4610 2066 4666 ek

485 4704 589 4762 huc
610 4703 744 4759 mala
763 4687 981 4769 faciunt,
1014 4703 1160 4775 (quid
1183 4703 1327 4757 "enim
1356 4710 1480 4756 tunc
1507 4700 1711 4755 Ta‘einnt
1737 4701 1836 4756 nisi
1869 4707 1999 4758 vana
2017 4703 2062 4774 ‘?)

481 4793 669 4854 causas
697 4791 890 4851 habent
919 4793 1222 4849 deﬁcientes
1261 4789 1446 4866 [VIIL]
1486 4791 1724 4862 itemque
1748 4793 1860 4847 scio
1881 4794 1933 4847 in
1961 4790 2066 4864 quo

471 4885 539 4948 ‘ﬁt
566 4892 702 4947 mala
742 4891 1003 4953 voluntas,
1042 4886 1095 4942 id
1122 4887 1175 4941 in
1217 4891 1282 4941 e‘o
1306 4885 1445 4952 ﬁeri,
1494 4885 1634 4956 quod
1661 4885 1705 4940 Si
1735 4886 1919 4955 nollet,
1951 4897 2063 4943 non

480 4979 675 5040 ﬁeret:
723 4991 777 5038 et
802 4979 923 5036 ideo
964 4991 1069 5034 n‘on
1105 4978 1458 5044 necessarios,
1491 4976 1585 5032 sed
1613 4977 1941 5033 “voluntarios
1969 4975 2064 5034 deo

475 5067 650 5130 'feetus
675 5075 813 5144 justa
845 5087 1000 5144 paena
1031 5070 1392 5140 consequitur.
1424 5067 1677 5124 Deﬁcitur
1702 5070 1842 5124 enim
1866 5085 1972 5124 non
1997 5069 2063 5125 ad

479 5163 637 5231 'mala,
658 5165 750 5223 sed
772 5168 942 5233 male;
969 5163 1020 5220 id
1043 5173 1142 5231 est,
1172 5175 1276 5218 non
1296 5161 1360 5216 ad
1379 5161 1549 5216 'malas
1575 5170 1813 5226 naturas,
1832 5161 1922 5216 sed
1942 5161 2063 5218 ideo

477 5252 638 5325 male,
656 5261 774 5330 quia
800 5257 1240 5314 contra'ordinem
1261 5263 1569 5310 naturarum
1593 5254 1659 5307 ab
1675 5267 1740 5308 eo
1759 5253 1898 5323 quod
1915 5269 2063 5310 sum-

475 5357 566 5406 ine
586 5361 664 5405 est
677 5351 740 5404 ad
758 5350 807 5404 id
825 5349 963 5420 quod
982 5349 1154 5404 minus
1169 5358 1269 5404 est.
1284 5345 1469 5416 Neque
1490 5345 1630 5400 enim
1643 5345 1758 5400 auri
1775 5347 1958 5401 vitium
1977 5357 2060 5404 est

477 5439 717 5505 avaritia,
738 5425 829 5496 sed
845 5442 1074 5496 hominis
1099 5447 1351 5511 pertrerse
1369 5432 1600 5492 amantis
1626 5437 1839 5502 aurum,
1853 5437 2056 5508 iustitia

470 5531 748 5602 "derelicta,
783 5549 900 5604 quae
925 5530 1226 5604 incompara
1235 5527 1410 5587 bilit'er
1423 5542 1554 5584 auro
1570 5527 1754 5583 debuit
1777 5531 2055 5600 a‘ntc’poni.

541 5653 557 5684 ι
595 5651 725 5700 \‘ind.
756 5659 852 5698 Am.
880 5657 931 5699 et
953 5655 1046 5711 Er.,
1071 5646 1182 5698 tunc
1211 5645 1337 5697 enim
1366 5639 1551 5711 aliquid
1573 5643 1783 5711 fact'ur'rt2
1809 5658 1918 5711 cum
1935 5659 2054 5711 cau-

474 5727 552 5765 sas
577 5708 1183 5778 habentelﬁcieglesjbovq
1209 5717 1317 5778 tunc
1345 5708 1471 5778 enim
1498 5717 1609 5755 cum
1619 5708 1818 5778 Δαιὶίμιὶιί
1849 5710 2052 5774 faciunt,

473 5787 645 5894 mare;
666 5771 836 5891 Ιιίιξεῆε
868 5773 1138 5840 emt-tentes.
1161 5771 1487 5835 Exptmgenda
1507 5771 1767 5838 pulticula,
1786 5771 1916 5837 cum,
1941 5785 2052 5838 qua:

532 5854 580 5888 η,
597 5853 712 5889 3m.

532 5854 580 5888 is.
597 5853 712 5889 διιεε

1604 340 1692 398 DE
1729 337 2049 398 CIVITATE
2073 330 2208 438 DEI3
2249 338 2307 396 S.
2347 328 2717 397 AUGUSTINI

3668 355 3778 412 356

2196 455 2303 511 Nec
2330 458 2529 545 lux‘uria
2553 469 2631 513 est
2652 461 2836 514 vitium
2865 456 3206 532 pulchrorum
3229 463 3572 545 suaviumquc
3592 485 3780 545 corpo~

2192 543 2253 605 in
2263 568 2307 626 in
2319 593 2332 616 ,
2346 529 2434 606 sed
2449 569 2476 607 a
2486 545 2636 607 nitnm
2650 547 2902 626 perverSe
2911 548 3139 620 amantis
3158 549 3440 630 corporeis
3453 541 3770 634 voluptates,

2193 634 2429 717 neglecta
2449 635 2813 719 temperantia,
2837 666 2938 721 qua
2961 645 3121 707 rebus
3141 638 3485 723 spiritualite‘r
3497 647 3778 726 'pulcbrio-

2191 732 2372 816 ribus,
2410 751 2481 822 et
2533 727 3008 815 incorruptibiliter
3055 731 3389 804 suavioribus
3437 745 3775 822 co'ap'm'mur.

2189 829 2298 886 Nec
2321 819 2570 901 iactantia
2600 827 2783 891 vitium
2826 827 2908 893 est
2936 838 3107 894 laudis
3142 835 3409 908 humanae,
3455 819 3555 899 Sed
3580 845 3778 900 anima:

2190 915 2438 994 perverse
2465 919 2690 982 amantis
2717 927 2919 1006 laudari
2948 931 3014 986 ab
3039 929 3363 1000 hominibus,
3403 921 3586 1006 'sp're‘to
3623 929 3778 992 testi-

2190 1014 2370 1074 monio
2399 1015 2755 1078 Conscientiae.
2804 1001 2913 1079 Nec
2957 1013 3203 1096 superbia
3255 1021 3440 1082 vitium
3487 1019 3570 1084 est
3599 1029 3778 1086 dantis

2189 1105 2527 1185 potestatem,
2575 1109 2663 1170 vel
2706 1109 2871 1186 ipsius
2907 1117 3064 1172 etiam
3096 1115 3394 1188 potestatis,
3443 1109 3535 1176 sed
3582 1117 3777 1178 a'nimze

2191 1195 2440 1275 perverse
2489 1203 2720 1262 amantis
2768 1217 3084 1278 potestatem
3124 1226 3295 1276 suam,
3352 1215 3668 1282 potentioris
3690 1211 3778 1285 ju-

2190 1299 2353 1353 stiore
2372 1310 2697 1370 contempta.
2729 1303 2805 1355 Ac
2847 1317 2941 1371 per
2984 1303 3084 1358 hoc
3117 1305 3205 1374 qui
3233 1299 3483 1374 perverse
3507 1307 3650 1361 amat
3676 1323 3776 1362 cu-

2185 1381 2401 1461 juslibet
2420 1387 2623 1446 natura:
2647 1386 2866 1462 bonum,
2896 1395 3100 1450 etiamsi
3129 1391 3470 1468 adipiscatur,
3502 1401 3614 1471 iplse
3639 1391 3699 1455 lit
3721 1401 3774 1457 in

2189 1481 2330 1537 bono
2350 1473 2542 1547 inultis,
2567 1477 2621 1539 et
2652 1483 2813 1539 miser
2840 1480 3059 1542 meliore
3085 1485 3344 1558 privatus.

2187 1583 2412 1656 CAPUT
2441 1599 2533 1655 IX.
2554 1587 2712 1655 '——Air
2733 1604 2896 1657 sancti
2921 1605 3099 1674 Angeli
3119 1623 3265 1679 quem
3287 1606 3468 1662 habent
3489 1593 3774 1668 'cre‘d‘tbi‘em

2260 1692 2474 1762 iratum,
2520 1693 2749 1750 eumdem
2788 1691 3000 1753 habeant
3036 1695 3180 1756 bona:
3219 1700 3490 1759 uoluntatis
3519 1701 3774 1761 auctorem

2259 1783 2348 1856 ’p'er
2371 1778 2623 1857 Spiritum
2649 1802 2879 1844 sanctum
2906 1791 2960 1846 in
2982 1791 3052 1846 eis
3081 1791 3324 1848 chan'mc
3345 1792 3555 1862 'diﬁ'ust'r.

2261 1887 2312 1954 ἆ.
2353 1879 2486 1954 Cum
2519 1917 2646 1972 ergo
2680 1895 2834 1958 malae
2883 1885 3170 1960 voluntatis
3211 1899 3448 1963 efliciens
3493 1891 3768 1975 naturalis,

2187 1979 2304 2060 vel,
2350 1992 2394 2046 si
2447 1993 2547 2048 dici
2596 1981 2787 2065 potest,
2829 1997 3125 2053 essentialis
3167 1993 3309 2054 nulla
3349 2001 3419 2055 sit
3455 1997 3649 2068 causa;
3707 2002 3772 2059 ab

2190 2082 2302 2152 ipsa
2356 2085 2549 2156 quippe
2606 2087 2790 2156 incipit
2836 2083 3113 2158 spirituum
3167 2091 3497 2148 mutabilium
3549 2095 3769 2160 malum,

2188 2189 2294 2244 quo
2323 2177 2578 2231 minuitur
2616 2187 2778 2250 atque.
2805 2179 3124 2253 depravatur
3163 2196 3368 2240 naturm
3404 2186 3626 2256 bonum,
3671 2205 3771 2246 nec

2187 2267 2344 2324 talem
2389 2255 2714 2328 voluntatem
2761 2273 2889 2329 facit
2916 2274 3020 2331 nisi
3064 2275 3309 2344 defectio,
3361 2294 3463 2351 qua
3507 2255 3774 2338 deseritur

2189 2359 2349 2424 Deus,
2380 2363 2530 2432 cujus
2552 2354 2868 2422 defectionis
2897 2370 3055 2422 etiam
3089 2384 3248 2426 causa
3277 2372 3461 2443 utique
3485 2373 3663 2429 deﬁcit
3689 2392 3703 2428 :
3727 2375 3772 2430 Si

2185 2451 2476 2538 dixerimus
2502 2457 2697 2512 nullam
2728 2474 2848 2514 esse
2888 2458 3203 2516 efﬁcientem
3240 2477 3455 2519 causam
3490 2466 3648 2520 etiam
3679 2467 3763 2522 vo-

2185 2546 2403 2603 luntatis
2433 2547 2614 2616 bonte,
2658 2551 2952 2608 cavendum
2983 2562 3086 2620 est,
3127 2549 3199 2610 ne
3236 2549 3482 2612 voluntas
3503 2555 3643 2613 bona
3667 2555 3774 2615 bo-

2185 2656 2373 2695 norum
2406 2631 2752 2714 Angeloru'm,
2785 2661 2891 2699 non
2915 2643 3071 2712 facta,
3104 2647 3198 2702 sed
3229 2641 3338 2705 Deo
3366 2651 3629 2705 cofelérna
3651 2649 3774 2709 esse

2185 2734 2452 2790 credatur.
2497 2736 2632 2790 Cum
2673 2737 2838 2808 ergo‘
2885 2727 2988 2808 ipsi
3029 2733 3151 2794 facti
3196 2727 3322 2806 sint,
3374 2741 3641 2812 queinOdo
3684 2731 3775 2800 illa

2183 2821 2290 2883 non
2319 2843 2436 2886 esse
2478 2827 2614 2884 facta
2641 2815 2886 2886 dicetur'?
2935 2823 3101 2910 Porro
3130 2835 3250 2910 quia
3281 2833 3413 2890 facta
3442 2844 3541 2903 est,
3591 2832 3774 2894 utrum

2184 2937 2304 2977 cum
2337 2924 2464 2993 ipsrs
2490 2917 2628 2978 facta
2650 2935 2753 2991 est,
2785 2941 2849 2979 an
2874 2925 2990 2981 sine
3017 2907 3104 2981 iila
3135 2907 3348 2983 fuerunt
3372 2921 3519 2999 prius
3541 2930 3565 2984 ?
3587 2913 3699 2987 “seu
3728 2931 3774 2989 si

2183 3031 2304 3098 cum
2345 3018 2494 3086 ipsis,
2541 3033 2644 3072 non
2678 3017 2894 3074 dubium
2935 3005 3074 3091 quod
3102 3019 3168 3077 ab
3193 3019 3285 3078 illo
3317 3019 3451 3079 facta
3479 3009 3563 3092 Sit,
3608 3019 3776 3098 aquo

2183 3117 2239 3164 et
2265 3108 2392 3178 ipsi;
2443 3107 2705 3178 simulque
2736 3120 2792 3164 ut
2820 3111 2940 3165 facti
2967 3115 3110 3178 sunt,
3159 3113 3207 3168 ei
3239 3129 3268 3168 a
3309 3131 3413 3186 quo
3459 3111 3576 3171 facti
3621 3121 3773 3187 sunt,

2180 3213 2366 3274 amore
2395 3215 2514 3255 cum
2543 3216 2649 3272 quo
2678 3195 2798 3256 facti
2822 3215 2963 3269 sunt,
3009 3197 3372 3262 adlimseruiit.
3420 3191 3604 3280 quue
3645 3203 3776 3268 sunt

2183 3290 2271 3345 isti
2308 3281 2375 3344 ab
2415 3292 2625 3346 illorum
2656 3293 2912 3348 societate
2953 3295 3191 3364 discreti,
3225 3297 3363 3368 quod
3408 3293 3460 3353 bi
3497 3299 3547 3354 in
3580 3295 3775 3358 eadem

2181 3382 2454 3438 voluntate
2479 3383 2616 3456 bona
2643 3385 2975 3453 manserunt,
2995 3387 3071 3442 illi
3095 3386 3160 3445 ab
3180 3383 3243 3444 ea
3266 3389 3561 3448 deiicienda
3581 3389 3774 3450 mutati

2181 3483 2326 3540 sunt,
2367 3474 2502 3529 mala
2534 3473 2735 3531 scilicet
2766 3477 3054 3542 voluntate,
3103 3479 3207 3534 hoc
3246 3481 3361 3551 ipso
3401 3483 3540 3552 quod
3569 3499 3596 3538 a
3627 3477 3772 3542 bona

2180 3561 2488 3623 defecerunt
2529 3587 2541 3622 :
2589 3584 2616 3622 a
2648 3585 2747 3639 qua
2777 3585 2882 3626 non
2911 3561 3250 3639 defecissent,
3285 3574 3330 3628 si
3360 3576 3539 3646 utique
3563 3571 3773 3634 noluis-

2180 3671 2299 3716 sent
2321 3661 2361 3715 ¹.
2395 3660 2450 3716 Si
2476 3672 2652 3717 autem
2685 3661 2811 3718 boni
2840 3663 3030 3740 Angeli
3060 3662 3276 3720 fuerunt
3304 3665 3452 3736 prius
3481 3669 3595 3726 sine
3623 3654 3770 3728 bona

2179 3743 2474 3823 voluntate,
2504 3771 2730 3826 eamque
2763 3749 2816 3811 in
2846 3772 2906 3813 se
2953 3749 3052 3828 ipsi
3090 3753 3202 3814 Deo
3245 3774 3350 3813 non
3393 3758 3648 3831 operante
3687 3766 3772 3821 re-

2177 3858 2396 3915 cerunt;
2443 3865 2570 3920 ergo
2598 3849 2844 3905 meliores
2884 3839 2915 3904 ξι
2954 3863 3012 3906 se
3038 3849 3187 3920 ipsis,
3239 3858 3394 3923 quam
3421 3853 3486 3909 ab
3523 3856 3614 3910 illo
3639 3856 3771 3915 facti

2172 3927 2319 4018 sunt.
2348 3943 2519 3999 Absit.
2544 3943 2678 4011 Quid
2710 3944 2848 3998 enim
2877 3953 3030 3998 erant
3050 3946 3163 3999 sine
3189 3943 3324 3999 bona
3346 3949 3635 4015 voluntate,
3661 3951 3770 4006 nisi

2173 4027 2345 4092 'tnali?
2390 4037 2494 4092 Aut
2525 4037 2567 4089 si
2600 4047 2875 4106 propterea
2917 4053 3019 4091 non
3051 4031 3196 4104 mali,
3226 4035 3345 4108 quia
3373 4055 3470 4095 nec
3500 4043 3634 4094 mala
3665 4045 3768 4097 ito-

2177 4127 2351 4183 luntas
2377 4128 2453 4182 eis
2491 4128 2660 4182 inerat
2700 4129 2895 4197 (neque
2925 4123 3064 4182 enim
3107 4128 3175 4182 ab
3210 4143 3293 4195 ea,
3335 4141 3491 4198 quam
3525 4131 3769 4190 nondum

2174 4230 2442 4290 coeperant
2493 4217 2708 4287 habere,
2749 4203 3096 4289 defecerant),
3147 4223 3290 4276 certe
3342 4219 3574 4277 nondum
3605 4225 3766 4292 tales,

2088 4317 2102 4328 ‘
2171 4303 2408 4365 nondum
2458 4320 2561 4366 tam
2607 4301 2753 4379 boni,
2803 4329 2958 4382 quam
3009 4327 3128 4368 esse
3171 4327 3290 4367 cum
3320 4306 3590 4370 voluntate
3619 4315 3767 4374 bona

2166 4395 2468 4480 receperunt.
2519 4396 2624 4461 Aut
2661 4406 2705 4460 si
2736 4407 2837 4462 non
2867 4417 3150 4476 potuerunt
3186 4421 3245 4463 se
3276 4407 3418 4478 ipsos
3446 4408 3619 4465 facere
3645 4425 3769 4467 me-

2170 4487 2352 4568 liores,
2387 4515 2543 4570 quam
2566 4509 2658 4554 eos
2687 4497 2774 4554 ille
2804 4497 3033 4564 fecerat,
3065 4514 3168 4568 quo
3196 4505 3355 4554 nemo
3382 4500 3570 4556 melius
3602 4502 3768 4572 quid-

2171 4608 2326 4665 quam
2360 4594 2511 4659 facit;
2540 4577 2778 4664 proiecto
2799 4603 2850 4648 et
2878 4591 3069 4647 bonam
3103 4593 3455 4662 voluntatem,
3501 4610 3602 4666 qua
3639 4611 3767 4654 me-

2169 4673 2333 4744 liores
2362 4696 2560 4752 essent,
2602 4687 2702 4741 nisi
2731 4697 2982 4766 operante
3019 4681 3283 4758 adiutorio
3321 4687 3610 4757 Creatoris,
3666 4691 3769 4747 ha-

2169 4772 2296 4827 bere
2349 4788 2453 4828 non
2493 4781 2727 4844 possent.
2782 4763 2849 4826 Et
2893 4783 3012 4826 cum
3057 4771 3107 4826 id
3144 4769 3251 4844 egit
3296 4773 3480 4828 eorum
3511 4769 3769 4833 voluntas

2169 4862 2323 4930 bona,
2359 4873 2415 4919 ut
2438 4879 2542 4919 non
2575 4863 2638 4918 ad
2669 4879 2729 4919 se
2756 4861 2920 4934 ipsos,
2952 4858 3037 4933 qui
3065 4864 3240 4918 minus
3268 4859 3441 4929 erant,
3473 4865 3567 4920 Sed
3593 4865 3659 4920 ad
3691 4868 3767 4923 il-

2167 4937 2278 5012 lum
2300 4960 2386 5030 qui
2408 4959 2614 5014 summe
2643 4967 2744 5027 est,
2790 4953 3246 5025 converterentur,
3291 4953 3446 5029 ‘eiqu'e
3470 4953 3769 5015 adhaeren-

2163 5039 2250 5126 tes
2289 5055 2456 5123 magis
2503 5041 2715 5118 essent,
2766 5045 2987 5124 eju'sque
3035 5049 3438 5124 participatione
3483 5054 3771 5124 sapienter

2166 5145 2425 5217 beateque
2451 5149 2722 5207 viverent;
2753 5145 2876 5217 quid
2902 5145 3043 5200 aliud
3075 5147 3390 5209 ostenditur,
3424 5145 3524 5201 nisi
3556 5147 3767 5202 "volun-

2161 5219 2330 5294 tatem
2359 5223 2645 5307 quamlibet
2665 5235 2858 5293 bonam
2891 5237 3102 5308 inopem
3131 5235 3295 5293 fui'Sse
3317 5240 3366 5294 in
3395 5241 3512 5294 solo
3539 5239 3770 5297 deside-

2161 5313 2245 5389 rio
2288 5346 2673 5397 remansuram,
2724 5325 2825 5387 nisi
2867 5327 2960 5387 ille
3009 5329 3101 5403 qui
3145 5327 3339 5386 bonum
3387 5334 3630 5386 naturam
3686 5348 3769 5390 ex

2161 5411 2331 5482 nihilo
2369 5425 2448 5479 sui
2496 5439 2744 5495 capacem
2784 5421 2998 5489 fecerat,
3047 5424 3118 5480 'ex
3163 5431 3221 5479 se
3260 5423 3373 5494 ipso
3412 5421 3613 5479 faceret
3647 5419 3768 5479 im-

2160 5509 2356 5591 plendo
2379 5517 2671 5586 meliorem,
2701 5513 2847 5588 prius
2875 5515 3075 5574 faciens
3103 5513 3388 5574 excitando
3406 5515 3715 5572 avidiorem
3735 5520 3769 5575 τ

2223 5703 2242 5736 ι
2278 5698 2412 5752 vind.
2440 5693 2538 5747 Am.
2561 5681 2753 5772 ettov.,
2777 5685 2996 5770 enim,“
3017 5685 3089 5745 E’r.
3109 5691 3169 5747 'e‘t
3184 5705 3310 5757 Mss,

2225 5765 2247 5799 ³
2277 5765 2350 5812 Sic
2373 5769 2476 5812 MSS.
2499 5762 2620 5812 ﬁdit!
2643 5771 2777 5812 vero.
2799 5760 2890 5809 hoc
2909 5771 3013 5812 mea
3033 5763 3159 5812 quod
3189 5775 3220 5812 a
3239 5760 3360 5812 bello
3413 5757 3464 5812 of:

2225 5765 2247 5799 ³
2277 5765 2350 5813 Sic
2373 5769 2476 5832 Mss.
2499 5762 2620 5832 [aditi
2643 5771 2777 5832 vero,
2797 5760 2890 5832 [ioc
2909 5759 3013 5832 ipso
3033 5763 3159 5831 quod
3178 5775 3220 5832 _a
3239 5760 3360 5812 bello
3379 5757 3698 5825 aermna,-
3715 5772 3768 5816 ο

2159 5825 2678 5900 φωηοηάείεοίεεωιι,
2698 5822 2917 5886 datique
2939 5822 3204 5874 venissent.
