4054 6502
203 405 310 468 857

277 527 332 580 2.
366 522 504 578 Nam
533 531 592 580 et
618 521 724 580 hoe
741 519 1130 580 discutiendum
1159 525 1262 586 est,
1279 517 1326 574 si
1351 517 1478 574 boni
1507 516 1692 587 Angeli
1711 515 1811 585 ipsi

213 623 266 680 in
291 633 350 676 se
378 619 630 674 iecerunt
649 619 975 674 voluntatem
1003 617 1218 680 bonam,
1250 621 1428 668 utrum
1463 611 1636 681 aliqua
1673 623 1812 674 eam,

213 729 282 770 an
307 711 448 768 nulla
481 713 764 766 voluntate
791 711 1054 766 iecerunt.
1097 707 1154 765 Si
1183 707 1352 774 nulla,
1393 705 1574 774 utique
1611 717 1714 759 nec
1737 703 1818 758 i'e-

215 815 422 864 cerunt.
473 805 532 860 Si
577 806 780 876 aliqua,
833 813 1010 858 utrum
1047 803 1224 870 mala,
1263 817 1332 857 an
1375 800 1534 855 bona.
1575 798 1630 853 Si
1657 797 1818 864 mala,

216 899 486 972 quomodo
532 913 656 954 esse
687 898 856 968 potuit
887 897 1024 952 mala
1063 897 1312 952 voluntas
1349 895 1506 950 honre
1533 891 1824 948 voluntatis

219 993 460 1051 effectrix
479 992 505 1046 ?
531 991 590 1048 Si
618 993 782 1056 bona,
809 991 920 1062 jam
951 1005 1079 1060 ergo
1117 989 1402 1044 habebant.
1437 989 1504 1044 Et
1527 988 1682 1042 istam
1705 986 1825 1056 quis

218 1084 438 1148 fecerat,
473 1085 578 1138 nisi
621 1083 712 1138 ille
750 1083 840 1152 qui
883 1097 977 1136 eos
1004 1097 1125 1136 cum
1159 1080 1294 1134 bona
1321 1081 1613 1142 voluntate,
1647 1077 1696 1132 id
1743 1085 1827 1132 est

219 1191 336 1230 cum
363 1190 554 1230 amore
585 1183 754 1239 casto,
783 1187 888 1244 quo
915 1171 988 1226 illi
1015 1171 1372 1237 adhmrerent,
1403 1169 1624 1233 creavit,
1669 1167 1824 1222 simul

219 1270 296 1326 eis
334 1269 349 1300 ’
411 1281 470 1324 et.
533 1267 774 1324 condens
837 1275 1100 1330 naturam,
1157 1273 1211 1320 et
1275 1265 1507 1334 largiens
1561 1261 1824 1334 gratiam?

219 1359 374 1416 Unde
413 1361 538 1416 sine
567 1360 702 1414 bona
731 1359 1024 1424 voluntate,
1079 1357 1181 1414 hoc
1201 1366 1283 1412 est
1311 1357 1406 1412 Dei
1431 1369 1638 1420 amore,
1687 1369 1827 1409 nun-

219 1469 378 1525 quam
404 1461 624 1508 sanctos
656 1451 886 1522 Angelos
915 1450 1100 1516 luisse,
1126 1448 1450 1504 credendum
1481 1457 1584 1504 est.
1615 1447 1704 1502 lsti
1733 1461 1828 1500 au-

221 1556 348 1612 tem,
397 1547 492 1618 qui
535 1560 656 1600 cum
693 1545 818 1600 boni
853 1545 1016 1600 creati
1061 1551 1262 1608 essent,
1307 1551 1484 1598 tamen
1525 1539 1649 1596 mali
1679 1546 1824 1604 sunt,

219 1641 358 1696 mala
387 1642 604 1710 propria
631 1639 926 1706 voluntate,
957 1652 1115 1708 quam
1145 1636 1284 1690 bona
1325 1643 1510 1690 natura
1541 1649 1648 1690 non
1677 1632 1824 1698 fecit,

221 1733 322 1790 nisi
353 1749 480 1788 cum
506 1747 536 1786 a
569 1733 708 1786 bono
738 1739 928 1801 sponte
953 1729 1169 1794 deiecit,
1201 1737 1260 1784 ut
1295 1728 1420 1782 mali
1447 1741 1605 1782 causa
1625 1739 1732 1780 non
1759 1724 1831 1780 sit

221 1827 446 1898 bonum,
501 1827 598 1882 sed
626 1825 870 1882 defectus
908 1838 938 1878 a
969 1824 1132 1891 bono,
1181 1831 1274 1878 aut
1315 1823 1574 1878 minorem
1607 1835 1831 1891 accepe~

223 1929 344 1976 runt
385 1919 590 1974 amoris
635 1917 798 1973 divini
829 1917 1074 1988 gratiam,
1121 1931 1280 1986 quam
1311 1914 1388 1968 illi
1417 1913 1504 1982 qui
1557 1913 1610 1966 in
1639 1911 1828 1968 eadem

223 2015 608 2086 perstiterunt;
633 2020 726 2066 aut
749 2011 790 2066 si
817 2009 1030 2081 utrique
1049 2009 1172 2064 boni
1199 2007 1474 2078 aequaliter
1497 2006 1658 2060 creati
1681 2013 1826 2072 sunt,

225 2107 340 2162 istis
365 2106 506 2160 mala
535 2105 807 2160 voluntate
835 2101 1160 2168 :adentibus,
1191 2099 1264 2155 illi
1287 2099 1516 2170 amplius
1543 2097 1730 2168 adjuti,
1761 2095 1829 2152 ad

227 2213 340 2256 eam
397 2195 746 2252 beatitudinis
801 2193 1208 2264 plenitudinem,
1255 2191 1396 2246 unde
1447 2205 1506 2246 se
1557 2203 1828 2260 nunquam

227 2303 450 2344 casuros
500 2286 786 2342 certissimi
841 2287 1052 2350 iterent,
1107 2289 1498 2354 pervenerunt:
1545 2279 1684 2336 sicut
1716 2279 1830 2350 jam

225 2381 388 2437 etiam
415 2367 476 2434 in
505 2380 664 2444 libro,
699 2393 858 2450 quem
887 2377 1126 2448 sequitur
1151 2375 1252 2430 iste
1273 2413 1288 2442 ,
1323 2372 1666 2428 tractavimus
1689 2369 1828 2444 (cap.

227 2475 340 2544 i5).
371 2471 754 2526 Conﬁtendum
781 2479 864 2526 est
891 2469 1047 2539 igitur
1075 2483 1196 2522 cum
1227 2465 1402 2521 debita
1428 2464 1585 2520 laude
1605 2465 1830 2520 Creato.‘

226 2557 318 2629 ris,
351 2579 458 2618 non
501 2561 568 2618 ad
597 2563 741 2618 solos
781 2568 994 2616 sanctos
1033 2559 1278 2614 homines
1307 2557 1594 2628 pertinere,
1643 2571 1830 2612 verum

230 2657 388 2714 etiam
437 2655 506 2710 de
537 2655 738 2710 sanctis
777 2653 994 2724 Angelis
1022 2665 1180 2721 posse
1225 2649 1351 2712 dici,
1403 2649 1546 2720 quod
1597 2647 1832 2704 Charitas

231 2748 324 2804 Dei
355 2747 550 2802 dill'usa
579 2747 648 2802 sit
671 2747 723 2800 in
753 2745 830 2800 eis
863 2761 954 2815 per
984 2742 1240 2812 Spiritum
1268 2749 1534 2810 sanctum,
1557 2741 1647 2810 qui
1676 2739 1832 2794 datus

229 2851 314 2900 est
337 2843 418 2897 eis
449 2842 626 2912 (Rom.
647 2857 700 2908 v,
729 2837 784 2912 5)
810 2857 824 2904 ;
849 2854 948 2894 nec
971 2845 1171 2894 tantum
1197 2835 1493 2900 hominum,
1524 2834 1618 2890 sed
1649 2834 1837 2904 primi-

231 2944 314 2992 tus
351 2935 734 3006 prtecipueqne
769 2931 1094 3002 Angelorum
1123 2930 1318 2985 bonum
1349 2943 1491 2996 esse,
1525 2927 1666 2996 quod
1701 2927 1835 2983 scri-

233 3039 380 3101 ptum
413 3037 518 3092 est,
547 3026 682 3082 Mihi
701 3036 870 3080 autem
890 3025 1148 3079 ari/tmere
1183 3023 1316 3092 Deo,
1341 3023 1526 3076 bonum
1555 3033 1627 3076 est
1660 3021 1832 3094 (Psal.

235 3137 402 3186 txxu,
441 3119 559 3192 28).
597 3119 710 3174 lloe
737 3119 937 3172 bonum
968 3117 1162 3188 quibus
1189 3129 1474 3172 commune
1499 3122 1600 3182 est,
1637 3113 1838 3170 habent

237 3225 287 3271 et
333 3229 456 3270 cum
489 3213 582 3268 illo
610 3212 696 3267 cui
729 3210 1006 3266 adbterent
1033 3217 1088 3265 et
1115 3210 1250 3264 inter
1275 3223 1336 3262 se
1366 3207 1678 3262 societatem
1709 3220 1838 3260 san-

237 3315 396 3375 ctam,
427 3315 482 3362 et
513 3315 636 3360 sunt
660 3317 767 3358 una
789 3303 975 3358 civitas
1003 3301 1118 3368 Dei,
1146 3299 1440 3370 eademque
1461 3298 1638 3352 vivum
1665 3299 1840 3352 sacri-

241 3400 410 3456 ﬁcium
443 3399 562 3470 ejus
607 3398 898 3466 vivumque
931 3395 1184 3464 templum
1215 3393 1352 3464 ejus.
1379 3391 1546 3462 Cujus
1574 3405 1698 3460 pars
1720 3405 1838 3460 quae

239 3491 606 3564 coniungenda
621 3488 1009 3546 immortalibus
1027 3489 1064 3542 A
1077 3487 1244 3558 ngelis
1258 3501 1320 3542 ex
1337 3485 1653 3540 mortalibus
1675 3483 1844 3540 homi-

241 3589 390 3644 nibus
413 3597 774 3660 congregatur
795 3583 896 3658 (a),
915 3592 970 3640 et
987 3597 1130 3638 nunc
1150 3581 1452 3636 mortaliter
1469 3581 1842 3651 peregrinatur

247 3681 294 3736 in
321 3682 502 3750 terris,
526 3680 614 3734 vel
633 3679 686 3735 in
706 3679 786 3734 eis
806 3678 894 3748 qui
915 3685 1088 3731 morte
1107 3676 1372 3742 obierunt,
1393 3675 1616 3730 secretis
1633 3675 1840 3728 anima-

244 3789 358 3831 rum
386 3771 743 3844 receptaculis
777 3770 1099 3840 sudibusque
1153 3766 1462 3839 requiescit,
1503 3766 1694 3822 eodem
1731 3767 1844 3822 Deo

247 3881 478 3936 et'eante,
495 3865 950 3938 quemadmodum
971 3871 1156 3920 exorta
1173 3861 1264 3930 sit,
1288 3861 1426 3918 sicut
1445 3861 1512 3918 de
1527 3861 1743 3932 Angelis
1761 3861 1844 3916 di-

247 3971 382 4017 ctum
409 3969 516 4028 est,
553 3961 664 4031 jam
700 3958 856 4014 video
893 3973 1014 4014 esse
1037 3956 1342 4014 dicendum.
1394 3955 1472 4010 Ex
1499 3971 1608 4012 uno
1645 3955 1844 4026 quippe

249 4053 480 4122 homine,
505 4069 664 4124 quem
683 4053 914 4123 primum
933 4051 1074 4106 Deus
1093 4048 1352 4114 condidit,
1369 4063 1538 4120 genus
1557 4049 1844 4104 humanum

251 4149 472 4219 sumpsit
501 4147 810 4214 exordium,
833 4145 1124 4200 secundum
1143 4151 1340 4199 sancta:
1357 4143 1644 4212 Scriptura:
1661 4143 1842 4210 iidem,

253 4259 362 4314 qua:
397 4241 700 4298 mirabilem
746 4240 1116 4296 auctoritatem
1167 4253 1276 4292 non
1303 4235 1572 4292 immerito
1601 4237 1762 4293 habet
1787 4237 1846 4293 in

253 4339 374 4392 orbe
405 4345 692 4402 terrarum,
733 4343 894 4405 atque
932 4333 986 4388 in
1015 4331 1264 4388 omnibus
1289 4331 1555 4402 gentibus,
1587 4346 1720 4401 quas
1744 4331 1848 4388 sibi

255 4445 366 4484 esse
423 4428 722 4484 crediturus
767 4427 911 4482 inter
959 4432 1156 4480 czetera
1191 4425 1354 4478 vera'
1385 4438 1504 4494 qua:
1531 4421 1686 4488 dixit,
1721 4435 1848 4478 vera

253 4519 526 4574 divinitate
553 4517 816 4589 pmdixit.

255 4609 478 4666 CAPUT
509 4610 574 4664 Χ.
605 4641 674 4686 -έ
701 4608 778 4664 De
815 4608 1039 4682 falsitate
1076 4608 1186 4679 ejus
1235 4606 1480 4668 historiae,
1534 4621 1648 4676 qua:
1686 4605 1850 4662 multa

377 4703 542 4778 millia
569 4717 818 4756 annorum
843 4700 1110 4770 prwteritis
1137 4697 1444 4768 temporibus
1465 4696 1738 4752 adscribat.

279 4863 284 4868 _
328 4797 376 4851 l.
407 4783 733 4851 'Omittamus
761 4793 920 4864 igitur
945 4792 1282 4860 conjecturas
1309 4789 1582 4843 hominum
1607 4787 1853 4844 nescien-

263 4891 386 4944 tium
417 4887 546 4960 quid
573 4889 858 4958 loquantur
881 4885 947 4940 de
969 4895 1156 4940 natura
1178 4883 1260 4940 vel
1287 4882 1618 4938 institutione
1641 4883 1854 4954 generis

259 4981 495 5038 immani.
533 4981 637 5036 Alii
667 4995 916 5050 namque,
961 4979 1099 5033 sicut
1135 4977 1202 5032 de
1241 4977 1358 5047 ipso
1385 4975 1582 5030 mundo
1615 4974 1856 5030 credide-

259 5085 402 5142 runt,
440 5087 656 5143 semper
692 5071 853 5128 fuisse
881 5069 1124 5125 homines
1165 5069 1448 5138 opinantur
1470 5067 1566 5142 (ὁ).
1599 5067 1752 5123 Unde
1782 5067 1857 5122 ait

261 5179 316 5224 et
339 5167 608 5240 Apuleius,
637 5169 758 5221 cum
791 5163 894 5220 hoc
917 5155 1266 5217 animantium
1297 5177 1463 5232 genus
1487 5161 1851 5216 describeret:

267 5279 289 5312 ι
317 5259 630 5330 Singillatim
650 5253 907 5322 mortales,
945 5251 1162 5308 cunctim
1181 5251 1200 5283 ³
1234 5243 1399 5306 tamen
1426 5251 1653 5306 universo
1679 5267 1859 5324 genere

331 5395 346 5424 ¹
382 5393 519 5454 mliti,
539 5392 692 5444 ineis.
721 5391 886 5451 Abest,
907 5390 976 5449 in,
1001 5405 1028 5440 a
1053 5399 1158 5440 Mss.

331 5459 352 5487 ²
387 5457 515 5518 Apud
531 5463 604 5506 Fr.
635 5463 686 5505 et
707 5461 818 5504 ιον.
843 5455 1070 5518 omissum
1095 5461 1190 5513 est,
1207 5465 1338 5518 veru.

332 5519 354 5550 ³
385 5513 504 5568 Libri
527 5519 740 5581 quidam,
763 5515 923 5568 cuncti
945 5529 963 5568 :
983 5527 1038 5567 ut
1058 5529 1202 5580 supra
1219 5551 1234 5578 ,
1265 5513 1352 5565 lib.
1373 5514 1426 5577 9,
1449 5525 1556 5579 cap.
1581 5514 1628 5566 8.
1655 5519 1712 5566 At
1733 5521 1860 5580 Apu-

253 5579 410 5640 leius,
433 5579 657 5630 eratcum.

354 5645 404 5696 ai
425 5644 552 5692 Cenf.
579 5642 835 5696 Enchirid.,
853 5653 904 5690 n.
923 5641 972 5692 9.
1627 5693 1630 5696 ,

353 5699 400 5766 b}
431 5703 646 5764 Basilius,
687 5703 888 5766 Homilia
927 5703 1150 5766 prima‘iu
1173 5707 1516 5752 Hexaemeron
1543 5715 1556 5751 :
1591 5719 1613 5746 ιι
1635 5699 1860 5752 Profano-

314 5764 428 5818 rem
449 5769 696 5817 hominum
725 5765 808 5815 alii
833 5764 1053 5815 naturam
1073 5764 1333 5814 humanam
1367 5771 1599 5814 mternam
1627 5773 1860 5813 asserue-

261 5849 290 5880 ι
317 5838 452 5880 runt.
477 5829 556 5878 alii
581 5833 790 5887 primum
827 5828 876 5877 in
912 5830 1062 5878 Attica
1083 5835 1224 5877 natos
1247 5827 1395 5877 fuisse
1423 5827 1660 5887 homines,
1703 5826 1784 5876 alii
1805 5827 1858 5877 in

253 5911 290 5942 ι
317 5891 528 5950 arcadia,
547 5887 626 5944 alii
647 5893 700 5941 in
724 5895 944 5954 ιεεςριο.
981 5905 1006 5936 ν
1042 5891 1224 5950 Quibus
1267 5889 1460 5955 Scythas
1486 5889 1632 5940 etiam
1655 5887 1856 5940 addide-

251 5965 400 6016 τωιῑ.
433 5963 680 6014 (ῖορυιιυε.

1535 393 1744 456 LIBER
1781 390 2240 454 DUODEClMUS.

1921 516 2154 588 perpetui
2183 515 2270 588 (ln
2293 514 2418 570 libro
2439 515 2500 571 de
2519 517 2614 573 deo
2635 518 2906 591 Socratis).
2955 517 3022 576 Et
3049 533 3170 576 cum
3187 519 3293 576 illis
3321 521 3518 580 dictum

1923 609 2100 678 fuerit,
2137 611 2186 666 si
2211 625 2424 680 semper
2453 613 2738 668 humanum
2761 629 2928 684 genus
2955 613 3072 682 fuit,
3105 619 3334 687 quonam
3363 617 3522 672 modo

1927 717 2108 758 verum
2157 718 2342 759 eorum
2385 705 2632 776 loquatur
2659 707 2896 774 historia;
2947 721 3170 764 narrans
3211 709 3300 780 qui
3323 710 3526 766 fuerim

1927 799 2254 866 quarumque
2295 811 2472 850 rerum
2515 797 2852 864 invenimus,
2907 801 2996 871 qui
3027 801 3178 870 primi
3221 802 3520 859 liberalium

1927 889 2324 960 disciplinarum
2362 891 2692 962 aliarumque
2736 895 2926 948 artium
2971 896 3326 966 institutores,
3381 899 3461 952 ιιι
3491 897 3522 952 a

1928 983 2120 1052 quibus
2141 983 2368 1053 primum
2395 983 2480 1038 illa
2503 984 2584 1040 vel
2603 985 2692 1040 illa
2711 986 2858 1056 regio
2877 1003 3105 1060 parsque
3125 1000 3408 1058 terrarum,
3433 992 3522 1046 illa

1929 1083 2088 1146 atque
2113 1075 2200 1130 illa
2241 1075 2412 1130 insula
2441 1075 2599 1131 incoli
2627 1079 2850 1147 cmperit
2879 1097 2894 1132 :
2935 1082 3278 1151 respondent,
3309 1083 3524 1139 diluviis
3589 1101 3594 1106 '

1929 1177 1984 1223 et
2007 1167 2508 1238 conﬂagrationibus
2525 1184 2618 1238 per
2637 1179 2782 1226 certa
2811 1171 3084 1228 intervalla
3113 1183 3411 1246 temporum
3446 1175 3522 1250 (α)

1930 1274 2036 1314 non
2067 1261 2280 1330 quidem
2321 1262 2520 1330 omnia,
2547 1263 2640 1318 sed
2665 1264 2888 1334 plurima
2917 1267 3176 1321 terrarum
3209 1269 3280 1323 ita
3301 1273 3522 1336 vastari,

1930 1359 1990 1406 ut
2031 1351 2336 1422 redigantur
2381 1353 2624 1410 homines
2671 1355 2738 1410 ad
2783 1357 3024 1426 exiguam
3073 1360 3410 1428 partcitatem,
3457 1375 3523 1418 ex

1929 1458 2156 1514 quorum
2185 1447 2434 1516 progenie
2457 1461 2642 1502 rursus
2667 1447 2952 1504 nmltitndo
2975 1450 3194 1520 pristina
3217 1462 3522 1524 reparelur,‘

1931 1549 1996 1590 ac
2019 1535 2098 1591 sic
2113 1535 2398 1592 identidem
2419 1541 2656 1609 reparari
2680 1549 2734 1595 et
2755 1540 2956 1596 institui
2985 1543 3132 1613 quasi
3147 1543 3338 1612 prima,
3357 1560 3480 1600 cum
3503 1547 3518 1574 '

1931 1629 2278 1684 restituantur
2303 1631 2482 1701 potius
2501 1647 2620 1702 quae
2645 1630 2856 1688 fuerant
2879 1633 2983 1688 illis
3009 1635 3188 1690 nimiis
3217 1635 3528 1692 vastationi-

1933 1722 2031 1779 bus
2059 1724 2350 1796 interrupta
2381 1735 2436 1782 et
2471 1727 2768 1794 exstincta;
2813 1738 3068 1786 caeterum
3113 1729 3384 1786 hominem
3425 1729 3528 1786 nisi

1933 1830 1994 1870 ex
2021 1815 2236 1871 homine
2266 1818 2500 1874 existere
2527 1820 2746 1874 omnino
2775 1835 2880 1876 non
2909 1837 3086 1891 posse.
3131 1823 3326 1880 Dicunt
3349 1833 3530 1881 autem

1933 1908 2074 1980 quod
2099 1919 2310 1982 putant,
2343 1927 2446 1967 non
2475 1911 2616 1982 quod
2643 1913 2836 1969 sciunt.
3313 1985 3322 1992 _

2001 2002 2056 2058 2.
2085 2003 2302 2060 Fallunt
2315 2021 2409 2062 eos
2426 2007 2586 2063 etiam
2605 2001 2849 2080 quantum
2873 2011 3296 2068 inermacissimzn
3317 2013 3528 2084 litterae,

1932 2109 2066 2167 quas
2095 2097 2378 2168 perhibent
2411 2097 2465 2154 in
2497 2097 2716 2155 historia
2743 2108 3043 2172 temporum
3073 2106 3238 2162 multa
3267 2121 3528 2164 annorum

1933 2191 2096 2244 millia
2126 2191 2400 2248 continere
2432 2191 2506 2264 (ὁ)
2537 2212 2550 2248 :
2594 2210 2714 2249 cum
2745 2209 2810 2252 ex
2840 2195 3056 2252 Litteris
3087 2199 3253 2254 sacris
3281 2201 3350 2254 ab
3374 2201 3532 2256 insti-

1935 2281 2138 2362 tutione
2161 2282 2392 2337 hominis
2406 2284 2642 2340 nondum
2669 2288 2928 2358 completa
2955 2303 3214 2346 annorum
3246 2307 3340 2348 sex
3369 2265 3564 2350 millia.

1935 2363 2309 2442 computemus
2336 2373 2429 2448 (c).
2455 2373 2630 2444 Unde,
2680 2394 2746 2433 ne
2777 2381 2939 2436 multa
2981 2365 3244 2454 disputem
3269 2377 3530 2456 quemad-

1934 2457 2156 2522 modum
2187 2467 2392 2524 illarum
2425 2469 2739 2539 litterarum,
2771 2471 2822 2527 in
2853 2473 3044 2543 quibus
3069 2475 3224 2547 longe
3249 2471 3401 2547 plura
3434 2471 3532 2534 an-

1938 2553 2128 2616 norum
2152 2555 2316 2616 millia
2345 2557 2674 2630 referuntur,
2706 2555 2907 2620 vanitas
2929 2549 3223 2636 refellatur,
3246 2559 3462 2625 utnulla
3481 2571 3535 2630 in

1937 2651 2041 2708 illis
2073 2655 2146 2708 rei
2187 2653 2349 2724 hujus
2379 2653 2565 2712 idonea
2595 2657 2890 2724 reperiatur
2929 2651 3256 2728 auctoritas;
3305 2661 3389 2716 illa
3419 2663 3536 2734 cpi-

1937 2745 2072 2800 stola
2099 2745 2384 2802 Alexandri
2398 2747 2564 2818 Magni
2578 2747 2641 2804 ad
2654 2743 3018 2822 Olympiadem
3039 2762 3260 2808 matrem
3278 2753 3536 2828 suam(d),

1937 2853 2092 2910 quam
2133 2839 2344 2908 scripsit
2383 2835 2743 2896 narrationem
2783 2837 3058 2912 cujusdam
3088 2835 3322 2917 [Egyptii
3353 2861 3536 2902 sacer—

1939 2929 2076 2984 dotis
2107 2930 2402 2996 insinuans,
2446 2949 2604 3003 quam
2651 2935 2867 3004 protulit
2896 2951 2958 2990 ex
2993 2923 3182 2992 litteris
3215 2954 3334 3010 quae
3371 2954 3539 2996 sacrre

1939 3025 2079 3096 apud
2143 3025 2261 3080 illos
2311 3023 2656 3094 haberentur,
2720 3017 3084 3085 continentem
3139 3035 3346 3102 regna”
3413 3049 3532 3110 quae

1940 3117 2124 3174 Gr.rca
2164 3107 2374 3190 quoque
2401 3121 2547 3174 novit
2583 3111 2800 3176 historia
2833 3141 2844 3174 :
2880 3123 2929 3177 in
2964 3124 3154 3194 quibus
3178 3143 3402 3198 regnum
3431 3107 3536 3185 As—

1940 3209 2206 3281 syriorum
2235 3210 2285 3264 in
2316 3213 2500 3265 eadem
2543 3211 2765 3282 epistola
2793 3214 3079 3269 Alexandri
3107 3205 3340 3290 quinque
3367 3221 3534 3278 millia

1941 3300 2157 3356 excedit
2182 3297 2442 3358 annorum
2467 3319 2480 3368 ;
2511 3301 2562 3357 in
2590 3301 2774 3359 Grtrca
2801 3320 2928 3359 vero
2955 3299 3174 3362 historia
3205 3297 3349 3366 mille
3369 3309 3538 3368 ferme

1942 3404 1996 3450 et
2018 3405 2282 3451 trecentos
2309 3395 2469 3452 habet
2496 3397 2563 3451 ab
2589 3397 2754 3468 ipsius
2779 3385 2890 3454 Beli
2917 3393 3238 3471 principatu,
3262 3393 3420 3474 quem
3447 3419 3538 3460 re-

1941 3503 2060 3562 gem
2090 3499 2144 3544 ct
2173 3491 2258 3546 ille
2281 3487 2561 3564 Egyptius
2589 3491 2640 3547 in
2668 3493 2908 3563 ejusdem
2939 3496 3090 3568 regni
3121 3485 3271 3570 ponit
3296 3497 3536 3558 exordio.

1943 3581 2226 3638 Persarum
2264 3593 2440 3639 autem
2485 3593 2538 3640 et
2577 3573 2922 3642 Macedonum
2954 3587 3236 3658 imperium
3277 3607 3444 3662 usque
3473 3593 3542 3648 ad

1945 3675 2118 3748 ipsum
2155 3677 2537 3743 Alexandrum,
2583 3680 2666 3734 cui
2697 3679 3034 3752 loquebatur,
3084 3683 3200 3754 plus
3233 3699 3390 3756 quam
3420 3695 3543 3742 octo

1947 3777 2000 3822 et
2028 3784 2286 3823 annorum
2325 3769 2548 3826 millium
2593 3771 2682 3827 ille
2708 3757 2981 3829 constituit
3011 3791 3024 3828 :
3067 3789 3188 3830 cum
3220 3761 3359 3848 apud
3389 3777 3540 3834 Cra:-

1948 3877 2039 3918 cos
2069 3863 2412 3919 Macedonum
2443 3881 2614 3936 usque
2638 3865 2704 3922 ad
2731 3877 2957 3923 mortem
2981 3849 3274 3926 Alexandri
3300 3871 3544 3944 quadrin-

1946 3957 2090 4030 genti
2123 3957 2388 4028 octoginta
2415 3957 2650 4030 quinque
2674 3960 3052 4031 reperiantur;
3083 3961 3364 4018 Persarum
3394 3979 3544 4033 vero,

1949 4051 2118 4138 donec
2149 4043 2315 4122 ipsius
2355 4052 2644 4108 Alexandri
2687 4053 2908 4110 victoria
2941 4051 3204 4123 ﬁniretur,
3251 4053 3463 4130 ducenti
3493 4065 3547 4116 et

1951 4149 2162 4220 triginta
2195 4158 2303 4204 tres
2331 4156 2710 4218 computentur
2735 4147 2836 4220 (ι’).
2859 4149 3041 4220 Longe
3063 4150 3240 4220 itaque
3267 4150 3320 4205 hi
3338 4151 3547 4208 numeri

1949 4256 2212 4296 annorum
2244 4242 2349 4296 illis
2377 4241 2642 4313 Egyptiis
2669 4237 2794 4297 sunt
2815 4241 3072 4308 minores,
3095 4259 3195 4300 nec
3214 4245 3314 4312 eis,
3337 4245 3548 4302 etiamsi

1953 4339 2034 4388 ter
2053 4341 2252 4388 tantum
2275 4342 2733 4404 compntarentur,
2763 4317 3107 4406 aequarentur
3125 4335 3166 4391 ³.
3197 4335 3550 4394 Perhibentur

1951 4428 2092 4482 enim
2131 4425 2364 4498 Egyptii
2405 4426 2674 4497 quondam
2703 4434 2809 4481 tam
2855 4426 3046 4484 breves
3075 4419 3246 4484 annos
3276 4427 3546 4498 habuisse,

1953 4529 2010 4574 nt
2037 4519 2309 4590 quaternis
2329 4519 2604 4574 mensibus
2631 4517 2914 4574 [inirentur
2939 4519 3026 4590 (ι’).
3055 4503 3209 4592 Unde
3227 4509 3400 4608 annus
3431 4521 3550 4608 ple-

1954 4614 2072 4668 nior
2099 4621 2154 4668 et
2197 4611 2396 4681 verior,
2441 4612 2612 4685 qualis
2635 4627 2778 4670 nunc
2819 4621 2875 4669 et
2899 4613 3052 4670 nobis
3079 4625 3135 4670 et
3157 4613 3262 4670 illis
3297 4597 3400 4684 est,
3433 4597 3552 4672 1trc's'

2019 4795 2036 4826 ί
2056 4792 2203 4862 _vind.
2223 4783 2321 4842 Am.
2422 4797 2518 4862 in,
2538 4790 2677 4856 quasi
2697 4789 3416 4862 primagrestituanturromissa
3437 4805 3551 4856 par-

1959 4857 2118 4915 ticula,
2144 4869 2285 4918 cum;
2309 4857 2446 4917 cujus
2467 4851 2573 4904 loco
2588 4851 2804 4918 nonnulli
2818 4857 2935 4918 μεθ.
2961 4853 3160 4918 habent,

2021 4923 2040 4954 ²
2071 4921 2146 4970 sic
2165 4915 2279 4972 Mss.
2300 4915 2515 4976 Atediti,
2538 4917 2742 4968 enminet
2763 4915 2910 4968 etiam
2927 4929 3094 4982 regna.

2021 4983 2042 5015 ³
2075 4982 2226 5032 Νοεηὶ
2249 4989 2379 5042 Mss,
2402 4987 2666 5044 azquarent.
2732 4987 2790 5044 id.

2023 5067 2096 5130 (ιι)
2123 5067 2223 5117 \‘id.
2249 5075 2423 5130 senec.
2453 5043 2535 5117 lib.
2559 5043 2820 5130 Srnatu'ral.
2841 5047 3040 5126 Quaest”
3063 5077 3204 5128 capp.
3227 5043 3286 5113 27
3309 5049 3362 5116 et
3382 5049 3550 5130 seqq;

1961 5127 2180 5182 etttieer.
2207 5129 2290 5178 lib.
2313 5127 2345 5178 2
2366 5129 2430 5179 de
2449 5137 2549 5180 Nat.
2575 5129 2714 5180 deor.

2125 5193 2225 5250 vid,
2245 5193 2401 5267 (:icer.
2441 5191 2529 5242 lib.
2557 5193 2581 5242 1
2605 5192 2672 5242 de
2693 5191 2918 5251 Divinat.,
2941 5201 3046 5251 cap.
3069 5187 3144 5250 i9,
3167 5195 3224 5241 et
3251 5195 3376 5242 lact.
3407 5187 3496 5243 lib.
3520 5192 3550 5242 7

2397 5299 2546 5428 Tum
2588 5315 2636 5364 in
2659 5309 2937 5377 digestione
2959 5319 3232 5376 temporum
3258 5315 3552 5379 Augustinus

1961 5383 2204 5428 sequitur.
2239 5393 2268 5428 a
2303 5393 2396 5428 con
2433 5382 2498 5428 ito
2535 5378 2712 5428 mundo
2748 5377 2806 5426 ad
2843 5383 3030 5426 Romam
3071 5388 3100 5425 a
3129 5377 3295 5428 Gothis
3329 5385 3552 5428 cautam.

1961 5377 2204 5448 sequitur,
2239 5377 2498 5448 accedito
2535 5378 2712 5448 mundo
2748 5377 2806 5448 at]
2843 5383 3030 5448 homam
3071 5388 3100 5425 ει
3129 5377 3295 5430 Gothis
3329 5377 3552 5448 ἐδριβίῐιο

1961 5439 2222 5507 quinquies
2239 5441 2370 5507 mille
2389 5447 2652 5507 sexcentos
2689 5439 2916 5507 undecim
2937 5451 3093 5488 annos
3113 5447 3377 5500 computat,
3390 5439 3552 5507 idque

1965 5504 2028 5556 ex
2053 5504 2394 5568 supputatione
2412 5504 2722 5568 septuaginta
2747 5505 3087 5564 Interpretum,
3121 5509 3232 5551 Nam
3259 5517 3318 5551 ex
3349 5504 3552 5564 ltebrteo

1965 5568 2090 5615 Beda
2111 5581 2268 5615 usuue
2290 5567 2348 5615 ad
2373 5567 2690 5615 principatum
2727 5563 2918 5611 Hono‘l’i't
2955 5567 3007 5612 et.
3045 5561 3298 5614 Theodosii
3335 5565 3551 5615 iunioris.

1963 5568 2090 5618 Beda
2111 5581 2268 5632 usque
2290 5568 2348 5615 ad
2373 5568 2690 5629 principatum
2727 5568 2918 5626 Hpndri'i
2955 5568 3007 5612 et
3045 5568 3298 5630 Theodosii
3329 5568 3551 5627 junioris,

1963 5643 2062 5694 quo
2085 5639 2308 5692 tempore
2331 5631 2505 5678 Urbem
2522 5633 2764 5689 ceperunt
2776 5625 2930 5694 Gothi,
2945 5631 3119 5688 quater
3142 5623 3278 5678 mille
3304 5633 3553 5678 trecentos

1965 5689 2276 5757 septuaginta
2299 5699 2490 5757 septeni
2509 5701 2661 5757 annos
2679 5689 2832 5757 ponit.
2858 5695 2970 5738 ιω).
2997 5695 3154 5740 γιγεε.

2053 5759 2108 5819 d)
2132 5749 2232 5806 i-‘id.
2257 5749 2417 5818 supra,
2445 5753 2531 5812 lib.
2555 5749 2604 5814 8,
2635 5749 2741 5819 cap.
2760 5749 2808 5819 εί
2877 5801 2894 5810 η

2053 5813 2101 5892 ei
2125 5820 2227 5892 iii.-
2248 5813 2653 5892 seruantem!
2673 5813 2828 5892 libeat»
2850 5825 2958 5892 Enr
2975 5813 3032 5892 7.:
3419 5873 3452 5892 ρ,

2033 5873 2106 5946 (f’)
2127 5882 2233 5933 vid.
2251 5873 2369 5946 etin.
2393 5877 2481 5946 tib.
2503 5878 2534 5928 7
2555 5879 2677 5928 Hist.
2699 5873 2821 5946 nat.,
2839 5873 3050 5946 estigiis,
3303 5873 3400 5946 lib.
3419 5873 3549 5946 giu-

1969 5929 2102 6010 stiii,’
2247 5929 2322 6008 l2,
2347 5948 2398 5993 et
2418 5943 2577 6008 ipsum
2599 5929 2914 6006 Augustiutitti
2927 5929 3076 6000 tum,
3091 5929 3187 5990 lib.
3207 5930 3285 6002 illi,
3303 5945 3412 6002 'cup.
3433 5929 3513 5994 Ω.
