4054 6490
482 391 592 452 359

486 522 672 568 eorum
712 519 884 563 annos
928 498 1378 573 complectebatur
1417 495 1685 569 antiquos.
1744 494 1851 552 Sed
1898 508 1967 550 ne
2004 493 2083 550 sic

485 603 720 676 quidem,
749 608 809 657 ut
845 596 976 665 dixi,
1016 595 1202 653 Grteca
1229 590 1499 664 Egyptiae
1526 604 1750 646 numero
1777 597 2082 658 temporum

486 693 776 754 concordat
814 689 1054 757 historia,
1102 686 1175 742 Et
1211 684 1332 741 ideo
1362 682 1565 740 Grzecae
1605 680 1783 751 potius
1821 678 1954 734 fides
1981 677 2081 732 ha-

487 787 662 848 benda
687 796 769 843 est
797 802 810 838 :
847 784 973 855 quia
995 779 1274 837 veritatem
1302 792 1411 833 non
1438 773 1651 832 excedit
1677 786 1961 836 annorum,
1991 769 2082 841 qui

486 881 703 941 Litteris
756 876 973 943 nostris,
1016 888 1135 945 quae
1171 884 1298 927 vere
1336 882 1504 924 sacra:
1555 873 1678 921 sunt
1719 863 2079 919 continentur.

485 977 654 1033 Porro
679 973 725 1028 si
751 971 869 1026 haec
910 967 1133 1039 epistola
1159 962 1469 1029 Alexandri,
1514 975 1633 1031 quae
1664 957 1897 1014 maxime
1924 957 2081 1012 inno-

487 1072 605 1138 tuit,
648 1067 869 1122 multum
900 1062 1154 1119 abhorret
1190 1060 1243 1115 in
1273 1056 1460 1129 spatiis
1497 1064 1797 1125 temporum
1827 1066 1857 1106 a
1888 1050 2082 1121 proba-

486 1162 579 1218 bili
608 1160 713 1217 ﬁde
738 1173 948 1225 rerum;
976 1162 1178 1228 quanto
1207 1152 1384 1209 minus
1408 1147 1737 1205 credendum
1757 1154 1841 1202 est
1866 1144 1969 1199 illis
1994 1142 2083 1197 lite

490 1258 637 1326 teris,
679 1269 813 1328 quas
840 1254 1024 1326 plenas
1046 1246 1303 1305 fabulosis
1338 1244 1486 1302 velut
1513 1240 1917 1314 antiquitatibus
1947 1251 2078 1308 pro-

487 1349 629 1406 ferre
670 1345 970 1404 voluerint‘
1024 1349 1209 1399 contra
1255 1338 1627 1394 auctoritatem
1677 1330 2080 1388 notissimorum

486 1445 893 1513 divinorumque
916 1438 1194 1502 librorum,
1223 1449 1342 1506 qua:
1363 1441 1532 1488 totum
1560 1429 1748 1484 orbem
1773 1424 1874 1481 sibi
1904 1421 2079 1479 credi-

488 1545 666 1595 turum
694 1549 813 1592 esse
838 1530 1100 1605 praedixit,
1136 1537 1191 1585 et
1227 1526 1314 1582 cui
1354 1533 1494 1580 totus
1539 1520 1706 1588 orbis,
1753 1518 1891 1574 sicut
1922 1516 1991 1572 ab
2014 1529 2079 1570 ca

490 1631 800 1701 prmdictum
829 1635 932 1693 est,
979 1622 1237 1688 credidit;
1275 1634 1395 1690 qua:
1419 1631 1548 1673 vera
1576 1629 1636 1671 se
1661 1625 1909 1668 narrasse
1935 1622 2078 1681 pra:-

488 1723 666 1790 terita,
688 1737 755 1777 ex
782 1720 864 1775 his
884 1732 1004 1790 quae
1028 1715 1206 1771 futura
1234 1708 1634 1783 praenuntiavit,
1659 1719 1781 1762 cum
1807 1709 1952 1759 tanta
1981 1714 2076 1756 ve-

488 1816 649 1872 ritate
670 1812 973 1884 implentur,
1004 1805 1273 1864 ostendit?

487 1928 714 1988 CAPUT
751 1926 843 1982 Xl.
870 1923 1037 1978 ——De
1058 1921 1137 1978 his
1177 1920 1266 1993 qui
1287 1919 1423 1973 hunc
1448 1914 1649 1984 quidem
1690 1910 1937 1968 mundum
1977 1924 2080 1964 non

555 2021 913 2092 sempiternum
941 2022 1137 2089 putant,
1164 2011 1252 2068 sed
1272 2018 1359 2066 aut
1379 2004 1794 2072 innumerabiles,
1818 2011 1908 2058 aut
1940 2017 2080 2057 eum-

556 2116 669 2171 dem
689 2130 846 2170 unum
866 2121 1001 2167 certa
1021 2106 1342 2163 conclusione
1379 2101 1682 2160 surculorum
1706 2112 1902 2169 semper
1937 2093 2080 2149 nasci

449 2255 469 2278 ,
555 2219 604 2265 et
628 2207 810 2265 resolvi
838 2206 1128 2278 opinantur.

507 2322 513 2330 '
555 2320 660 2376 Alii
689 2334 816 2376 vero
841 2316 933 2390 qui
971 2312 1227 2371 mundum
1254 2311 1418 2366 istum
1460 2321 1569 2363 non
1607 2304 1913 2361 existimant
1932 2315 2076 2356 sem-

480 2412 771 2486 piternum,
794 2411 908 2466 sive
957 2423 1063 2463 non
1114 2419 1239 2461 eum
1292 2402 1485 2466 solum,
1531 2398 1625 2454 sed
1664 2392 2078 2452 innumerabiles

480 2484 790 2576 opinentur,
807 2502 927 2557 sive
949 2499 1123 2554 solum
1151 2494 1363 2567 quidem
1378 2506 1519 2560 esse,
1542 2489 1637 2546 sed
1663 2488 1824 2544 certis
1840 2484 2070 2542 saeculo-

482 2611 602 2654 rum
632 2593 925 2651 intervallis
955 2586 1416 2647 innumerabiliter
1439 2583 1569 2640 oriri
1598 2591 1654 2638 et
1673 2580 1919 2637 occidere
1945 2578 2022 2651 (α)
2057 2593 2073 2645 ;

481 2703 704 2746 necesse
722 2694 806 2744 est
840 2685 1104 2741 fateantur
1128 2679 1401 2739 hominum
1430 2691 1598 2749 genus
1624 2675 1792 2746 'prius
1829 2672 1945 2728 sine
1971 2669 2074 2727 ho-

480 2781 715 2838 minibus
732 2776 1070 2851 gignentibus
1104 2772 1364 2830 extitisse.
1392 2769 1578 2841 Neque
1606 2767 1748 2823 enim
1770 2773 1829 2820 ut
1847 2763 2075 2819 alluvio-

481 2872 638 2928 nibus
653 2870 1017 2940 incendiisque
1039 2878 1325 2931 terrarum,
1378 2875 1510 2933 quas
1538 2859 1614 2916 illi
1638 2872 1745 2914 non
1771 2863 1962 2928 putant
1991 2864 2073 2910 to-

480 2972 539 3022 to
565 2979 784 3037 prorsus
808 2962 941 3018 orbe
965 2959 1294 3029 contingere,
1340 2964 1395 3012 et
1419 2953 1540 3009 ideo
1589 2965 1788 3024 paucos
1831 2947 2074 3004 homines

480 3072 548 3115 cx
572 3056 763 3129 quibus
786 3050 1070 3110 multitudo
1095 3049 1320 3121 pristina
1348 3054 1649 3117 reparetur,
1673 3057 1885 3113 semper
1901 3055 2075 3096 rema-

480 3166 612 3209 nere
640 3149 987 3212 contendunt,
1015 3146 1087 3201 ita
1116 3153 1173 3201 et
1211 3142 1267 3198 hi
1294 3147 1520 3214 possunt
1538 3147 1747 3210 putare,
1800 3134 1943 3207 quod
1971 3133 2073 3188 ali-

479 3246 570 3318 qui
585 3242 857 3302 hominum
876 3248 1132 3313 pereunte
1170 3235 1370 3293 mundo
1412 3233 1780 3303 relinquantur
1822 3228 1875 3284 in
1913 3244 2072 3284 mun-

480 3338 549 3395 do
572 3341 594 3371 ²
616 3356 629 3394 :
655 3336 749 3394 sed
772 3336 912 3393 sicut
934 3334 1108 3405 ipsum
1138 3329 1393 3387 mundum
1423 3343 1490 3384 ex
1505 3324 1726 3382 materia
1746 3337 1841 3379 sua
1866 3319 2073 3376 renasci

480 3431 802 3496 existimant,
834 3428 906 3484 ita
930 3427 984 3482 in
1012 3427 1101 3482 illo
1123 3440 1192 3480 ex
1216 3422 1498 3479 elementis
1536 3419 1652 3491 ejus
1678 3430 1847 3488 genus
1887 3414 2076 3468 huma-

480 3539 629 3591 num,
652 3537 714 3577 ac
734 3519 925 3578 deinde
950 3534 978 3573 a
1001 3516 1308 3590 parentibus
1331 3511 1638 3586 progeniem
1655 3508 1913 3581 pullulare
1933 3518 2076 3559 mor-

479 3616 688 3684 talium,
715 3613 853 3671 sicut
877 3611 1103 3668 aIiorum
1131 3608 1459 3664 animalium.
1879 3674 1884 3681 .

480 3708 703 3767 CAPUT
768 3706 885 3763 XII.
937 3735 1009 3747 —-
1059 3705 1196 3772 Quid
1246 3698 1656 3771 respondendum
1703 3697 1768 3752 sit
1811 3696 1930 3762 his,
1985 3694 2076 3764 qui

550 3801 769 3871 primaut
829 3797 1169 3853 conditionem
1230 3791 1447 3847 hominis
1512 3788 1716 3843 tardam
1787 3803 1895 3842 esse
1952 3801 2075 3840 cau-

549 3903 744 3947 santur.

553 3983 707 4053 Quod
737 3990 913 4038 autem
936 3977 1333 4052 respondimus,
1386 3991 1506 4032 cum
1533 3974 1601 4031 de
1637 3972 1822 4029 mundi
1869 3973 2076 4045 origine

481 4076 703 4148 qumstio
729 4081 1045 4137 verteretur,
1070 4071 1148 4127 eis
1175 4069 1265 4142 qui
1317 4067 1507 4123 nolunt
1557 4065 1779 4121 credere
1815 4080 1922 4120 non
1949 4079 2072 4120 eum

483 4182 697 4237 semper
726 4164 909 4230 fuisse,
941 4162 1037 4219 scd
1067 4177 1187 4218 esse
1224 4160 1474 4232 ccepisse,
1532 4159 1670 4214 sicut
1708 4158 1872 4213 etiam
1922 4158 2074 4213 Plato

482 4258 816 4331 apertissime
859 4256 1141 4312 confitetur
1168 4252 1189 4326 (
1214 4252 1281 4308 In
1315 4252 1506 4309 Tinueo
1534 4256 1576 4323 ),
1605 4252 1850 4323 quamvis
1873 4265 1903 4305 a
1933 4266 2074 4306 non-

483 4353 643 4409 nullis
660 4362 844 4408 contra
863 4364 1021 4422 quam
1055 4347 1309 4419 loquitur,
1363 4347 1596 4401 sensisse
1629 4344 1882 4402 credatur
1918 4363 1932 4400 :
1973 4345 2075 4400 hoc

483 4448 644 4504 etiam
689 4446 759 4502 de
797 4449 967 4517 prima
1023 4442 1258 4499 hominis
1317 4439 1626 4498 conditione
1678 4438 2073 4509 responderim,

481 4548 704 4614 propter
728 4552 823 4594 eos
851 4539 941 4608 qui
964 4537 1211 4592 similiter
1242 4543 1541 4600 moventur,
1565 4549 1660 4589 cur
1680 4532 1842 4587 homo
1863 4546 1959 4602 per
1994 4532 2079 4585 in-

486 4629 833 4688 numerabilia
862 4637 1019 4699 atque
1039 4627 1243 4683 infinita
1267 4634 1413 4683 retro
1458 4634 1699 4695 tempora
1727 4633 1939 4679 creatus
1963 4638 2069 4678 non

484 4724 571 4791 sit,
606 4733 817 4794 tamque
845 4736 967 4778 sero
986 4721 1055 4776 sit
1079 4720 1342 4788 conditus,
1364 4728 1420 4774 ut
1448 4720 1624 4774 minus
1648 4733 1803 4789 quam
1834 4732 1928 4772 sex
1952 4716 2076 4771 mil-

481 4815 552 4872 lia
579 4816 686 4871 sint
704 4828 988 4879 annorum,
1011 4828 1081 4868 ex
1106 4826 1211 4883 quo
1240 4825 1358 4866 esse
1384 4809 1614 4881 coepisse
1634 4812 1685 4863 in
1717 4809 1883 4864 sacris
1903 4807 2075 4863 Litte-

482 4909 559 4965 ris
579 4906 848 4963 invenitur
868 4905 964 4980 (b).
997 4904 1057 4961 Si
1084 4903 1229 4960 enim
1246 4903 1479 4958 brevitas
1504 4917 1600 4959 eos
1620 4900 1839 4955 olfendit
1864 4909 2074 4970 tempo-

482 5002 578 5069 ris,
605 4999 748 5073 quod
772 5007 878 5056 tam
902 4998 1053 5071 pauci
1075 4998 1153 5054 eis
1179 4996 1426 5052 videntur
1444 4993 1569 5051 anni
1585 5009 1654 5049 ex
1677 5008 1783 5064 quo
1809 4993 2077 5049 institutus

482 5092 644 5149 homo
704 5095 760 5150 in
826 5092 1023 5149 nostris
1097 5088 1498 5147 auctoritatibus
1542 5087 1789 5160 legitur;
1838 5084 2078 5142 conside.

484 5194 605 5242 rent
634 5185 767 5240 nihil
787 5197 907 5240 esse
955 5182 1285 5250 diuturnum,
1317 5182 1372 5236 in
1418 5195 1524 5252 quo
1555 5187 1639 5236 est
1668 5178 1868 5250 aliquid
1896 5188 2076 5236 extre-

487 5291 656 5343 mum,
679 5276 920 5331 etomnia
961 5274 1278 5331 saeculorum
1320 5272 1487 5342 spatia
1528 5270 1768 5338 deﬁnita,
1799 5270 1848 5327 si
1867 5272 2079 5327 aeterni-

486 5369 580 5426 tati
606 5369 961 5425 interminata:
991 5368 1440 5440 'comparentur,
1486 5379 1596 5422 non
1649 5364 1839 5437 exigua
1886 5366 2075 5422 existi-

548 5526 651 5559 1v:

548 5529 567 5559 ε
602 5524 739 5577 Vind.
776 5533 876 5576 Am.
915 5531 989 5577 Er.
1026 5532 1079 5578 et
1106 5525 1281 5597 plures
1320 5525 1665 5588 manuscripti,
1712 5524 1979 5577 uoluerunt.

486 5624 509 5660 τ
548 5592 570 5622 ⁹
603 5589 738 5660 yind.
761 5597 858 5639 Am.
882 5595 1075 5660 et_uss.,
1098 5594 1166 5660 ita
1187 5596 1232 5639 et
1247 5587 1298 5660 hi
1314 5594 1506 5660 possunt
1523 5588 1870 5660 putare-quod
1889 5586 2075 5653 aliquid

485 5650 729 5716 hominem:
748 5658 971 5716 pereunte
992 5653 1174 5716 mundo
1194 5649 1492 5716 relinquatur
1514 5649 1566 5701 in
1588 5649 1782 5716 mundo.

553 5715 575 5748 ³
605 5710 905 5765 Colbet‘tinus
918 5711 1089 5776 Ms.,gsi
1110 5710 1390 5776 retemitatis

1106 5525 1298 5597 plures.
1320 5525 1632 5597 manuscripti
1649 5560 1665 5585 ,
1712 5523 1979 5597 uoluerunt.

1558 378 1647 437 nn
1682 369 2006 435 CIVITATE
2042 373 2184 449 DEI,
2222 374 2283 432 s.
2322 371 2662 436 auousrut

3673 378 3786 445 ω

2188 492 2382 550 manda
2405 508 2545 562 esse,
2568 493 2661 552 sed
2707 493 2870 551 nulla.
2902 495 2979 552 Ac
2996 508 3096 569 per
3119 496 3245 564 hoc,
3293 497 3341 554 si
3385 513 3495 556 non
3544 501 3785 573 quinque

2192 584 2277 642 vel
2296 601 2411 652 sex,
2441 602 2626 643 verum
2655 587 2816 644 etiam
2838 588 3115 661 sexaginta
3142 590 3332 661 millia,
3360 592 3474 649 sive
3495 603 3781 666 sexcenta,

2188 688 2281 735 aut
2307 681 2565 752 sexagies,
2617 690 2709 737 aut
2754 682 3076 749 sexcenties,
3125 691 3218 739 aut
3243 686 3549 744 sexcenties
3577 689 3779 746 millies

2188 772 2497 830 dicerentur
2535 790 2798 832 annorum
2825 793 2840 843 ;
2871 785 2965 832 aut
3013 777 3194 834 itidem
3220 793 3318 850 per
3363 780 3588 838 totidem
3617 784 3782 839 toties

2188 866 2756 936 multiplicareturhaac
2794 883 3024 938 summa,
3052 869 3145 924 ubi
3165 869 3279 941 jam
3330 873 3537 929 nullum
3564 877 3780 931 numeri

2187 975 2382 1015 nomen
2412 959 2750 1026 haberemus,
2783 976 2848 1017 ex
2879 977 2985 1033 quo
3033 963 3173 1019 Deus
3198 963 3469 1020 hominem
3498 964 3663 1031 fecit;
3698 967 3781 1022 si-

2186 1054 2383 1109 militer
2408 1055 2573 1124 qumri
2595 1063 2794 1125 posset,
2813 1069 2909 1110 cur
2931 1064 3057 1111 ante
3088 1070 3194 1112 non
3218 1054 3424 1113 fecerit.
3458 1057 3553 1113 Dei
3576 1060 3781 1130 quippe

2185 1148 2253 1203 ab
2285 1149 2516 1204 hominis
2543 1151 2816 1206 creatione
2839 1152 3073 1208 cessatio
3117 1161 3386 1208 retrorsus
3424 1162 3626 1210 aeterna
3656 1154 3780 1209 sine

2186 1238 2337 1295 initio
2378 1249 2523 1296 tanta
2553 1250 2654 1309 est,
2682 1242 2803 1297 utsi
2834 1242 2882 1298 ei
2930 1244 3234 1298 conferatur
3260 1244 3554 1315 quamlibet
3581 1259 3783 1315 magna

2184 1342 2240 1388 et
2269 1333 2549 1391 inell‘abilis
2576 1337 2933 1391 numerositas
2961 1344 3281 1406 temporum,
3309 1352 3429 1408 quae
3461 1345 3641 1393 tamen
3669 1338 3780 1395 fine

2184 1428 2432 1484 conclusa
2459 1429 2594 1485 certi
2612 1430 2771 1500 spatii
2799 1430 3133 1497 terminetur,
3175 1446 3274 1486 nec
3300 1432 3490 1487 saltem
3513 1440 3661 1486 tanta
3688 1431 3779 1487 vi-

2183 1518 2297 1575 deri
2323 1520 2536 1588 debeat,
2564 1531 2761 1593 quanta
2809 1522 2854 1577 si
2905 1521 3143 1579 humoris
3174 1522 3539 1579 brevissimam
3568 1532 3779 1595 guttam

2184 1614 2433 1669 universo
2461 1615 2617 1681 mari,
2643 1615 2802 1670 etiam
2856 1622 3112 1685 quantum
3158 1613 3402 1671 Oceanus
3430 1614 3777 1682 circumfluit,

2182 1717 2554 1775 comparemus
2585 1723 2597 1759 :
2629 1704 2877 1776 quoniam
2910 1705 3132 1760 istorum
3171 1706 3398 1761 duorum
3441 1723 3606 1761 unum
3651 1707 3778 1777 qui-

2182 1796 2304 1853 dem
2328 1800 2672 1869 perexiguum
2721 1808 2825 1867 est,
2862 1800 3089 1854 alterum
3143 1799 3631 1870 incomparabiliter
3658 1815 3781 1855 ma-

2182 1906 2364 1963 gnum,
2406 1891 2501 1948 sed
2549 1900 2838 1964 utrumque
2893 1890 3098 1947 ﬁnitum
3130 1892 3298 1958 ;illud
3349 1907 3478 1948 vero
3520 1892 3781 1962 temporis

2183 1986 2434 2056 spatium,
2462 1986 2605 2057 quod
2655 1984 2724 2041 ab
2772 1985 2924 2041 initio
2949 1986 3126 2057 aliquo
3156 1986 3491 2058 progreditur
3512 1995 3568 2042 et
3594 1987 3781 2058 aliquo

2182 2081 2414 2136 termino
2437 2090 2737 2146 coercetur,
2776 2081 3140 2153 magnitudine
3193 2093 3620 2153 quantacumque
3645 2092 3775 2139 ten—

2181 2172 2356 2240 datur,
2389 2183 2751 2245 comparatum
2778 2175 2855 2229 illi
2899 2175 3043 2246 quod
3081 2176 3286 2232 initium
3332 2193 3441 2233 non
3475 2177 3654 2246 habet,
3679 2193 3779 2235 ne-

2181 2265 2294 2321 scio
2322 2274 2497 2322 utrum
2529 2282 2623 2337 pro
2653 2268 2889 2333 minimo,
2916 2284 2983 2324 au
3011 2269 3187 2341 potius
3212 2285 3306 2340 pro
3341 2272 3485 2326 nullo
3510 2248 3780 2343 deputan-

2180 2358 2307 2415 dum
2329 2368 2427 2416 cst.
2457 2360 2590 2416 Hinc
2618 2363 2760 2417 enim
2792 2364 2809 2394 ⁸
2839 2364 2882 2418 si
2912 2378 2943 2419 a
2988 2362 3095 2419 fine
3121 2365 3206 2421 vel
3248 2364 3561 2422 brevissima
3592 2368 3780 2440 singil-

2180 2452 2327 2508 latim
2376 2465 2643 2509 momenta
2696 2456 3067 2522 detrahantur,
3116 2457 3462 2516 decrescente
3514 2476 3767 2529 numero,

2180 2543 2304 2600 licet
2328 2553 2434 2600 tam
2456 2548 2678 2618 ingenti,
2704 2557 2761 2603 ut
2793 2550 3106 2605 vocabulum
3150 2566 3255 2606 non
3285 2550 3519 2607 inveniat
3566 2538 3779 2609 retror-

2179 2652 2297 2694 sum
2327 2639 2604 2696 redeundo
2638 2657 2651 2706 ;
2684 2651 2931 2713 tanquam
2977 2645 3020 2699 si
3052 2644 3286 2700 hominis
3315 2645 3431 2703 dies
3475 2646 3544 2702 ab
3598 2647 3690 2703 illo
3719 2648 3778 2706 in

2179 2745 2286 2802 quo
2306 2747 2449 2788 nunc
2478 2733 2623 2800 vivit,
2646 2749 2815 2806 usque
2859 2735 2925 2791 ad
2950 2736 3098 2791 illum
3127 2737 3180 2792 in
3210 2753 3320 2809 quo
3361 2749 3518 2796 natus
3543 2748 3645 2806 est,
3676 2740 3778 2797 de-

2180 2825 2405 2882 trahas:
2436 2826 2753 2899 quandoque
2793 2829 2860 2884 ad
2908 2829 3117 2884 initium
3162 2829 3249 2885 illa
3290 2830 3547 2888 detractio
3576 2832 3780 2903 perdu-

2177 2929 2347 2977 cetur.
2378 2921 2432 2978 Si
2453 2930 2633 2977 autem
2656 2922 3004 2979 detrahantur
3023 2933 3294 2981 retrorsus
3334 2926 3387 2980 in
3413 2926 3604 2997 spatio,
3628 2927 3777 2998 quod

2178 3014 2380 3070 anullo
2410 3016 2571 3086 cmpit
2591 3015 2835 3084 exordio,
2885 3032 2990 3072 non
3037 3017 3158 3073 dico
3210 3017 3516 3089 singillatim
3565 3020 3779 3101 minuta

2178 3117 2467 3175 momenta,
2492 3108 2576 3163 vel
2617 3107 2871 3163 horarum
2922 3116 3011 3164 aut
3048 3108 3255 3164 dierum
3282 3118 3372 3164 aut
3396 3109 3659 3165 mensium
3680 3118 3781 3168 aut
3858 3122 3861 3123 '

2177 3212 2438 3254 annorum
2467 3200 2626 3255 etiam
2685 3201 3043 3271 quantitates;
3072 3201 3164 3257 sed
3198 3210 3305 3257 tam
3359 3217 3549 3274 magna
3574 3204 3779 3274 spatia,

2178 3300 2375 3362 quanta
2415 3290 2500 3345 illa
2523 3305 2731 3347 summa
2769 3293 3175 3365 comprehendit
3213 3309 3496 3362 annorum,
3520 3311 3640 3366 quae
3656 3296 3779 3366 jam

2177 3382 2283 3438 dici
2309 3399 2341 3439 a
2396 3384 2720 3454 quibuslibet
2751 3387 3211 3457 computatoribus
3255 3402 3363 3443 non
3408 3396 3602 3459 potest,
3650 3403 3780 3459 qua:

2178 3482 2356 3530 tamen
2385 3484 2777 3531 momentorum
2808 3477 3111 3532 minutatim
3137 3478 3468 3546 detractione
3489 3480 3775 3535 consumi-

2177 3575 2264 3622 tur
2287 3584 2302 3634 ;
2324 3576 2376 3622 et
2392 3566 2744 3623 detrahantur
2761 3568 2874 3625 haec
2900 3578 3043 3625 tanta
3065 3570 3256 3641 spatia,
3286 3586 3395 3627 non
3419 3570 3586 3627 semel
3605 3581 3779 3644 atque

2179 3662 2373 3718 iterum
2401 3663 2722 3734 saepiusque,
2750 3664 2844 3719 sed
2866 3679 3080 3735 semper
3108 3683 3121 3719 :
3150 3664 3277 3737 quid
3300 3666 3378 3730 lit,
3408 3666 3535 3738 quid
3559 3667 3765 3739 agitur,

2178 3754 2391 3826 quando
2412 3770 2681 3827 nunquam
2696 3754 2760 3812 ad
2776 3755 3005 3825 initium,
3027 3756 3169 3827 quod
3191 3758 3410 3814 omnino
3430 3758 3635 3814 nullum
3661 3770 3775 3829 est,

2178 3848 2491 3919 pervenitur
2518 3849 2543 3901 ?
2572 3850 2930 3921 Quapropter,
2974 3850 3119 3922 quod
3169 3867 3266 3907 nos
3293 3851 3453 3907 modo
3477 3853 3779 3923 quaerimus

2179 3948 2300 4011 post
2328 3938 2562 4011 quinque
2589 3940 2756 3996 millia
2778 3950 2832 3996 et
2860 3941 3002 4012 quod
3029 3943 3265 3998 excurrit
3286 3945 3308 3975 ¹
3338 3959 3620 4011 annorum,
3645 3959 3781 4014 pos-

2178 4038 2301 4086 sent
2326 4039 2380 4085 et
2407 4030 2608 4102 posteri
2634 4031 2794 4087 etiam
2814 4040 2939 4103 post
2952 4047 3218 4090 annorum
3242 4035 3548 4091 sexcenties
3574 4035 3784 4095 millies

2179 4125 2365 4181 eadem
2388 4124 2697 4180 curiositate
2722 4125 3024 4197 requirere,
3049 4128 3094 4183 si
3148 4127 3199 4182 in
3234 4136 3440 4184 tantum
3471 4127 3585 4184 haec
3622 4144 3780 4184 mor-

2180 4217 2354 4273 talitas
2376 4216 2652 4273 hominum
2682 4218 2975 4275 exoriendo
2999 4229 3057 4277 et
3091 4219 3477 4289 occumbendo,
3501 4229 3555 4276 et
3596 4221 3780 4292 impe-

2179 4312 2280 4369 rita
2306 4321 2677 4383 perseveraret
2705 4312 3007 4368 inﬁrmitas.
3041 4312 3337 4370 Potuerunt
3366 4323 3418 4370 et
3445 4314 3533 4385 qui
3555 4312 3782 4371 fuerunt

2178 4416 2303 4462 ante
2329 4421 2448 4474 nos,
2472 4407 2605 4478 ipsis
2627 4406 2935 4463 recentibus
2962 4406 3194 4462 hominis
3215 4406 3383 4463 creati
3416 4407 3775 4478 temporibus,

2180 4500 2335 4555 istam
2363 4514 2578 4556 movere
2606 4499 2979 4570 quaestionem.
3017 4499 3135 4570 Ipse
3181 4498 3413 4571 denique
3436 4500 3642 4572 primus
3673 4500 3780 4556 ho-

2180 4610 2289 4663 mo,
2317 4594 2403 4651 vcl
2432 4594 2711 4665 postridie,
2741 4594 2829 4651 vel
2854 4593 3042 4650 eodem
3070 4593 3159 4649 die
3211 4603 3555 4665 posteaquam
3600 4593 3784 4650 factus

2180 4697 2280 4753 est,
2308 4687 2481 4758 potuit
2497 4687 2789 4758 inquirere,
2813 4701 2909 4742 cur
2934 4700 3039 4741 non
3054 4695 3177 4741 ante
3196 4685 3261 4741 sit
3292 4684 3479 4741 factus.
3500 4685 3576 4740 Et
3595 4700 3778 4756 quan-

2179 4784 2480 4855 documque
2507 4783 2530 4814 ³
2556 4792 2711 4839 antea
2762 4782 2931 4838 lactus
2955 4789 3119 4851 esset,
3147 4796 3254 4837 non
3280 4780 3424 4838 vires
3449 4789 3575 4836 tunc
3629 4780 3770 4840 alias

2180 4890 2235 4934 et
2261 4877 2394 4933 alias
2422 4893 2585 4944 nunc,
2606 4877 2692 4933 vel
2729 4877 2891 4933 etiam
2941 4885 3150 4948 postea,
3176 4877 3279 4935 ista
3304 4874 3372 4933 de
3405 4876 3555 4932 initio
3588 4890 3781 4934 rerum

2182 4971 2554 5042 temporalium
2575 4969 2939 5026 controversia
2964 4971 3244 5041 reperiret.

2180 5082 2405 5140 CAPUT
2444 5081 2674 5138 XIII.—
2720 5081 2801 5139 De
2847 5082 3161 5138 reuolutione
3203 5082 3544 5149 swculorum,
3591 5082 3786 5151 quibus

2251 5184 2385 5230 certo
2405 5176 2507 5246 ﬁne
2525 5174 2794 5244 conclusis,
2824 5176 3056 5231 universa
3092 5191 3288 5247 semper
3306 5175 3360 5229 in
3382 5175 3612 5230 eumdem
3625 5176 3783 5229 ordi-

2252 5283 2367 5321 nem
2389 5266 2712 5338 eamdemque
2755 5267 2971 5339 speciem
2995 5267 3224 5323 reditura
3249 5266 3456 5339 quidam
3481 5268 3786 5339 philosoyshi

2251 5357 2590 5415 crediderunt.

2251 5474 2305 5531 i.
2345 5472 2495 5531 Hanc
2530 5484 2711 5532 autem
2755 5490 2814 5531 se
2864 5474 3168 5548 philosophi
3221 5474 3406 5532 mundi
3461 5474 3621 5547 hujus
3666 5490 3782 5536 non

2242 5654 2261 5687 ι
2296 5654 2369 5704 sic
2388 5659 2497 5703 Mss.
2524 5661 2580 5706 At
2601 5655 2737 5715 editi,
2760 5652 2871 5706 huic
2894 5653 3038 5705 enim.

2234 5718 2261 5791 f
2295 5717 2430 5778 Editi,
2454 5716 2660 5782 amplius
2682 5716 2916 5769 excurrit.
2951 5718 3116 5779 Abest,
3159 5716 3400 5784 amplius,
3438 5729 3469 5768 a
3506 5721 3792 5773 manuscri.

2176 5787 2426 5970 item,
2465 5849 2864 5907 quantacumque.
2904 5841 3025 5895 Editi
3062 5842 3144 5894 alii
3183 5850 3237 5896 et
3275 5850 3403 5907 Uss,
3448 5844 3804 5908 Quandocum-

3816 5974 3851 6039 Χ

551 5776 751 5888 gummi;
775 5782 983 5888 tgotant.
1007 5773 1116 5825 'lib.
1141 5773 1174 5824 2
1194 5778 1367 5839 lnstit.,
1413 5787 1522 5839 cap.
1552 5773 1607 5838 9,
1627 5780 1682 5826 et
1711 5773 1851 5842 infra,
1878 5774 1964 5827 lib.
1992 5775 2071 5842 18,

484 5837 912 5970 ωῗὼξιίρῗοξξίὼ.
931 5900 1008 5966 tt,
1035 5910 1143 5965 cap.
1160 5897 1211 5953 δ.
