4054 6484
223 510 370 565 aliter
412 520 745 582 putaverunt
772 527 930 585 posse
947 515 1031 572 vel
1069 516 1263 576 debere
1287 519 1602 594 dissolvere,
1623 528 1725 585 nisi
1751 539 1810 586 ut

229 603 475 659 circuitus
516 614 822 677 temporum
874 608 1204 678 inducerent,
1235 615 1426 684 quibus
1452 618 1636 674 eadem
1667 635 1806 677 sem-

229 714 315 768 per
341 697 506 755 fuisse
537 709 792 757 renovata
832 708 990 772 atque
1027 705 1252 775 repetita
1304 707 1355 762 in
1396 725 1573 785 rerum
1598 721 1806 782 natura,

230 799 380 858 atque
405 787 481 844 ita
501 788 760 861 deinceps
785 790 901 848 fore
949 793 1064 849 sine
1116 796 1414 854 cessatione
1440 813 1809 859 asseverarent

229 880 489 934 volumina
516 882 844 938 venientium
873 888 1410 958 praetereuntiumque
1451 894 1800 949 saeculorum:

228 972 331 1025 sive
374 971 428 1024 in
458 972 662 1027 mundo
691 985 1036 1042 permanente
1074 977 1161 1034 isti
1190 979 1440 1037 circuitus
1466 981 1674 1050 fierent,
1696 986 1809 1041 sive

229 1065 380 1119 sertis
416 1064 716 1122 intervallis
763 1067 941 1124 oriens
965 1079 1018 1124 et
1045 1071 1300 1129 occidens
1355 1076 1584 1132 mundus
1620 1077 1806 1133 eadem

229 1169 432 1224 semper
453 1157 606 1225 quasi
637 1172 796 1228 nova,
849 1176 967 1229 quae
1000 1169 1261 1217 transacta
1311 1173 1364 1220 et
1413 1181 1532 1236 qua:
1583 1177 1801 1223 ventura

226 1256 361 1311 sunt,
406 1244 897 1321 exhiberet.Aqho
923 1252 1150 1309 ludibrio
1192 1271 1407 1325 prorsus
1451 1258 1805 1316 immortalem

221 1341 475 1407 animam,
503 1341 664 1396 etiam
687 1357 805 1399 eum
830 1345 1142 1414 sapientiam
1195 1351 1514 1418 perceperit,
1570 1352 1800 1408 liberare

226 1447 325 1486 non
359 1441 604 1500 possunt,
665 1445 876 1490 euntem
902 1435 1019 1492 sine
1047 1438 1346 1494 cessatione
1371 1440 1437 1494 ad
1463 1439 1652 1497 falsam
1678 1437 1806 1500 bea-

223 1520 529 1586 titudinem,
565 1531 619 1577 et
642 1522 709 1577 ad
735 1539 913 1579 veram
941 1527 1210 1582 miseriam
1239 1529 1355 1584 sine
1393 1533 1692 1590 cessatione
1715 1549 1804 1589 re-

223 1611 492 1666 deuntem.
523 1612 799 1680 Quomodo
832 1616 974 1670 enim
1027 1633 1150 1672 vera
1179 1619 1448 1675 beatitudo
1489 1631 1594 1690 est,
1613 1624 1680 1681 de
1707 1641 1802 1680 cu-

221 1702 300 1770 jus
320 1719 592 1772 nunquam
642 1706 937 1761 aeternitate
981 1708 1284 1775 conliditur,
1317 1709 1442 1766 dum
1475 1714 1648 1768 anima
1675 1730 1804 1771 ven-

220 1800 386 1847 turam
413 1795 685 1850 miseriam
701 1807 793 1851 aut
817 1798 1210 1868 imperitissime
1239 1803 1290 1858 in
1338 1805 1561 1862 veritate
1611 1809 1799 1874 nescit,

221 1895 307 1940 aut
323 1885 689 1944 infelicissime
716 1891 768 1944 in
789 1889 1112 1948 beatitudine
1133 1895 1458 1964 pertimescit
1481 1897 1505 1951 ?
1533 1899 1638 1954 Aut
1661 1900 1705 1954 si
1733 1900 1802 1956 ad

221 1976 461 2033 miserias
489 1994 758 2049 nunquam
777 1982 998 2038 ulterius
1039 1984 1296 2054 reditura,
1337 2003 1405 2042 ex
1431 1987 1514 2043 his
1542 1989 1606 2045 ad
1636 1990 1802 2046 beati-

223 2068 452 2124 tudinem
515 2071 730 2141 pergit;
759 2072 817 2127 fit
860 2089 986 2145 ergo
1029 2075 1227 2147 aliquid
1267 2078 1388 2132 novi
1444 2080 1496 2134 in
1542 2091 1796 2150 tempore,

221 2162 350 2230 quod
380 2163 543 2218 finem
597 2180 702 2218 non
749 2164 908 2222 habet
956 2169 1230 2238 temporis.
1269 2167 1376 2225 Cur
1423 2186 1527 2227 non
1579 2159 1704 2244 ergo
1746 2183 1801 2230 et

221 2255 479 2311 mundus?
501 2273 599 2312 cur
627 2274 731 2312 non
772 2269 826 2314 et
855 2260 1014 2316 homo
1061 2261 1230 2318 factus
1256 2263 1307 2318 in
1349 2265 1595 2322 mundo?
1638 2277 1693 2324 ut
1721 2268 1798 2325 illi

220 2348 389 2402 nescio
414 2349 504 2418 qui
522 2341 908 2407 falsiﬁrcuitus
928 2367 957 2406 a
978 2351 1128 2410 falsis
1149 2355 1472 2424 sapientibus
1488 2357 1796 2417 fallacibus-

220 2455 310 2506 que
336 2441 621 2511 comperti,
655 2442 708 2498 in
734 2443 974 2500 doctrina
998 2460 1124 2500 sana
1172 2449 1384 2506 tramite
1423 2451 1555 2506 recti
1579 2453 1787 2510 itineris

219 2534 490 2588 evitentur.

276 2624 329 2675 2.
369 2623 505 2678 Nam
538 2625 750 2694 quidam
780 2635 834 2681 et
861 2627 985 2682 illud
1021 2627 1163 2699 quod
1184 2629 1376 2701 legitur
1405 2633 1456 2687 in
1482 2632 1618 2689 libro
1643 2633 1792 2692 Salo-

219 2717 400 2782 monis,
431 2719 523 2788 qui
550 2730 770 2775 vocatur
797 2717 1168 2788 Ecclesiastes,
1199 2723 1332 2790 Quid
1373 2735 1446 2779 est
1471 2728 1606 2796 quod
1634 2730 1732 2799 fuit
1761 2729 1787 2784 ?

217 2804 386 2874 Ipsum
407 2810 544 2878 quod
563 2812 673 2865 erit.
702 2809 770 2864 Et
799 2811 920 2878 quid
943 2823 1014 2866 est
1054 2815 1186 2881 quod
1220 2818 1412 2884 factum
1456 2826 1528 2871 est
1555 2817 1581 2871 .9
1605 2817 1631 2871 1
1641 2835 1787 2888 psum

216 2899 338 2966 quod
357 2900 443 2966 [iet
474 2915 494 2953 :
514 2909 561 2954 et
591 2917 690 2954 non
712 2911 783 2955 est
805 2919 950 2956 omne
977 2920 1148 2958 recens
1177 2904 1264 2958 sub
1311 2905 1433 2960 sole.
1465 2905 1590 2972 Quis
1621 2909 1791 2979 loqua-

215 2998 302 3053 tur,
333 2999 382 3043 et
419 2992 556 3044 dicat
585 2993 624 3057 ⁸,
651 2991 780 3047 Ecce
805 2992 896 3046 hoc
919 3011 1101 3048 novum
1122 3004 1192 3049 est
1217 2995 1380 3050 ilam
1424 2998 1594 3066 fuitin
1623 3015 1783 3054 siccu-

215 3079 394 3150 lisque:
421 3082 629 3150 fuerunt
683 3093 798 3137 ante
840 3102 930 3140 nos
957 3087 975 3155 (
1001 3085 1168 3140 Eccle.
1198 3103 1238 3154 ι,
1291 3088 1345 3153 9,
1380 3089 1488 3160 10)
1517 3107 1532 3154 ;
1570 3101 1786 3162 propter

217 3168 297 3225 hos
315 3172 570 3226 circuitus
597 3173 649 3226 in
679 3173 865 3229 eadem
898 3175 1180 3232 redeuntes
1205 3185 1259 3232 et
1297 3177 1350 3232 in
1379 3179 1564 3234 eadem
1592 3191 1784 3238 cuneta

217 3273 537 3330 revocantes,
563 3264 762 3319 dictum
805 3265 1025 3337 intelligi
1056 3268 1242 3322 volunt
1261 3267 1338 3340 (a)
1373 3287 1386 3323 :
1416 3271 1557 3341 quod
1583 3272 1672 3326 ille
1686 3281 1778 3328 aut

215 3351 268 3407 de
295 3353 376 3407 bis
402 3355 565 3409 rebus
596 3356 750 3421 dixit,
785 3355 852 3411 de
907 3357 1100 3427 quibus
1148 3350 1394 3429 superius
1446 3361 1777 3434 loquebatur,

215 3440 298 3497 hoc
321 3443 490 3499 estde
504 3446 940 3514 generationibus
967 3449 1084 3502 aliis
1114 3451 1381 3514 euntibus,
1411 3452 1531 3507 aliis
1547 3454 1767 3510 venien-

213 3533 352 3598 tibus,
379 3533 446 3589 de
470 3535 602 3591 solis
641 3535 986 3604 anfractibus,
1032 3539 1097 3594 de
1142 3542 1452 3595 torrentium
1499 3543 1775 3613 lapsibus;

212 3633 293 3678 aut
317 3635 464 3681 certe
485 3625 554 3682 de
575 3629 812 3682 omnium
845 3645 1021 3684 rerum
1043 3632 1346 3701 generibus,
1365 3649 1484 3703 quae
1500 3635 1743 3691 oriuntur
1758 3677 1773 3702 ,

210 3727 348 3790 atque
390 3721 663 3777 occidunt.
722 3723 960 3779 Fuerunt
1013 3725 1152 3780 enim
1201 3726 1442 3781 homines
1481 3737 1603 3783 ante
1654 3745 1770 3795 nos,

209 3821 314 3867 sunt
333 3823 387 3867 et
433 3813 738 3879 nobiscum,
790 3826 838 3870 et
893 3827 1049 3871 erunt
1098 3825 1217 3886 post
1258 3831 1399 3884 nos;
1437 3819 1508 3874 ita
1551 3835 1773 3891 quicque

207 3904 497 3970 animantia,
525 3905 610 3960 vel
654 3905 890 3960 arbusta.
946 3907 1177 3962 Monstra
1227 3923 1437 3979 quoque
1471 3910 1606 3980 ipsa,
1655 3927 1772 3982 quae

207 3993 434 4053 inusitata
465 4007 780 4066 nascuntur,
811 4000 1052 4069 quamvis
1074 4001 1216 4056 inter
1241 4015 1300 4057 se
1321 4001 1529 4058 diversa
1561 4003 1686 4070 sint,
1714 4013 1770 4060 et

205 4088 425 4156 quaedam
453 4105 640 4144 eorum
667 4091 834 4146 semel
855 4090 989 4146 facta
1019 4101 1323 4160 narrentur,
1353 4103 1526 4148 tamen
1572 4110 1765 4150 secun-

204 4177 310 4234 dum
336 4181 391 4235 id
421 4180 565 4251 quod
595 4183 913 4252 generaliter
958 4183 1208 4238 miracula
1241 4193 1290 4240 et
1346 4195 1583 4241 monstra
1622 4195 1763 4254 sunt,

204 4273 363 4342 utique
378 4285 434 4329 et
465 4274 701 4340 fuerunt,
730 4282 785 4330 et
803 4283 960 4329 erunt
992 4291 1006 4338 ;
1030 4290 1129 4330 nec
1150 4290 1337 4330 recens
1354 4285 1409 4330 et
1435 4292 1629 4332 novum
1659 4289 1761 4346 eet,

202 4374 246 4417 ut
271 4375 565 4421 monstrum
595 4367 694 4422 sub
714 4367 827 4422 sole
869 4377 1135 4422 nascatur.
1164 4367 1416 4436 Quamvis
1465 4369 1579 4424 haec
1603 4372 1762 4427 verba

198 4457 392 4523 quidam
419 4458 498 4512 sic
528 4459 906 4524 intellexerint,
927 4469 1174 4529 tanquam
1217 4459 1268 4514 in
1298 4460 1762 4528 praedestinatione

200 4543 272 4597 Dei
296 4548 406 4615 jam
438 4551 570 4602 tacta
605 4547 768 4603 fuisse
797 4549 994 4614 omnia,
1027 4549 1240 4620 sapiens
1277 4548 1367 4604 ille
1391 4550 1648 4606 voluisset
1674 4553 1755 4606 in-

196 4638 359 4709 telligi,
389 4651 443 4694 et
469 4639 590 4695 ideo
614 4640 744 4694 nihil
770 4656 958 4696 recens
983 4655 1103 4696 esse
1151 4643 1249 4697 sub
1295 4643 1428 4698 sole.
1479 4644 1630 4698 Absit
1657 4659 1754 4700 au-

195 4736 282 4781 tem
310 4745 339 4783 a
392 4742 535 4786 recta
599 4731 723 4796 ﬁde,
755 4742 812 4786 ut
835 4734 918 4788 his
939 4733 1240 4789 Salomonis
1280 4735 1456 4790 verbis
1504 4735 1624 4791 illos
1645 4738 1754 4792 eir-

193 4821 344 4874 cuitus
371 4821 701 4892 signiﬁcatos
719 4838 840 4878 esse
868 4825 1168 4889 credamus,
1204 4826 1392 4895 quibus
1447 4826 1523 4881 illi
1570 4836 1756 4897 putant

189 4912 254 4966 sic
299 4916 488 4971 eadem
528 4926 824 4987 temporum
874 4919 1347 4988 temporaliumque
1384 4936 1561 4976 rerum
1598 4925 1751 4978 volu-

188 5005 309 5059 mina
336 5009 533 5078 repeti,
564 5018 641 5076 ut,
673 5009 818 5064 verbi
868 5011 1055 5080 gratia,
1078 5012 1215 5066 sicut
1244 5013 1344 5068 isto
1373 5014 1566 5068 saeculo
1603 5015 1752 5072 Plato

185 5098 525 5170 philosophus
545 5101 598 5155 in
616 5101 747 5156 urbe
787 5101 1116 5169 Atheniensi,
1147 5112 1202 5158 et
1230 5105 1282 5158 in
1330 5120 1390 5159 ea
1420 5105 1604 5160 schola
1632 5122 1750 5176 qua:

182 5190 454 5249 Academia
483 5195 505 5226 ¹
531 5194 675 5249 dicta
705 5202 805 5261 est,
827 5195 1116 5266 discipulos
1159 5195 1359 5262 docuit,
1384 5195 1453 5251 ita
1474 5212 1568 5267 per
1590 5199 1745 5253 innu-

181 5286 441 5341 merabilia
464 5296 612 5342 retro
628 5288 842 5355 saecula,
867 5289 1090 5344 multum
1112 5288 1330 5357 prolixis
1351 5289 1561 5360 quidem
1580 5292 1747 5347 inter-

180 5378 333 5446 vallis,
362 5379 457 5435 sed
486 5390 666 5436 tamen
689 5381 868 5446 certis,
893 5389 948 5434 et
969 5381 1108 5436 idem
1138 5381 1288 5435 Plato
1311 5391 1364 5435 et
1401 5383 1584 5438 eadem
1615 5385 1745 5439 civi-

175 5477 242 5525 tas
265 5481 320 5526 et
344 5473 533 5528 eadem
553 5472 734 5528 schola
766 5473 1032 5544 iidemque
1051 5473 1296 5543 discipuli
1313 5477 1544 5545 repetiti,
1573 5487 1628 5534 et
1654 5496 1747 5548 per

222 5606 238 5638 ³
269 5586 416 5682 miti,
433 5621 538 5682 nec
570 5607 825 5673 quisquam
860 5606 1065 5674 loquatur
1086 5613 1132 5660 et
1170 5606 1305 5660 dicit.
1341 5611 1649 5674 Corriguntur
1685 5614 1744 5663 ad

217 5678 522 5733 Inmiptos.

217 5731 236 5763 ³
267 5731 410 5782 Vind.
436 5742 534 5781 Am.
562 5741 614 5782 et
636 5731 858 5795 plerique
875 5739 1000 5793 Mss.,
1025 5731 1322 5784 academica.

217 5815 370 5928 ga)5Ut
383 5817 639 5880 Origenes,
656 5815 740 5865 lib.
763 5815 811 5876 5,
830 5815 935 5880 peri
955 5815 1158 5878 ΑτσΙιὸη,
1175 5829 1282 5880 cap.
1300 5817 1349 5880 5,
1371 5822 1422 5867 et
1434 5815 1570 5879 ibid.,
1589 5815 1672 5867 lib.
1691 5817 1738 5878 2,

161 5885 253 5939 αρ’
277 5885 582 6042 5OSArtcr.’
605 5964 880 6022 Auensr.
912 5961 1045 6024 VII.

1508 410 1705 469 LIBER
1743 413 2188 478 DUODECIMUS.

3383 437 3488 494 362

1920 536 2322 595 innumerabilia
2369 540 2560 599 deinde
2590 547 2780 603 saecula
2824 550 3096 619 repetendi
3125 552 3231 608 sint
3259 569 3275 608 :
3304 555 3441 611 absit
3469 598 3484 622 ,

1913 627 2147 698 inquam,
2198 640 2256 686 ut
2279 647 2376 688 nos
2405 633 2504 689 ista
2534 637 2838 696 credamus.
2861 641 3037 699 Semel
3077 646 3217 701 enim
3245 648 3487 705 Christus

1913 728 2155 776 mortuus
2173 731 2254 778 est
2269 738 2366 793 pro
2407 728 2638 795 peccatis
2689 733 2886 788 nostris
2910 751 2925 801 ;
2953 751 3234 808 resurgens
3257 748 3434 794 autem
3457 755 3484 794 a

1912 811 2134 867 mortuis
2156 811 2266 882 jam
2295 829 2400 869 non
2422 817 2666 887 moritur,
2696 832 2750 876 et
2766 839 2908 878 mors
2935 826 2984 882 ei
3012 827 3147 882 ultra
3174 845 3280 885 non
3311 829 3485 885 domi-

1913 901 2168 979 nabitur(
2195 905 2345 962 Rom.
2394 925 2464 975 v1,
2491 911 2565 982 9)
2596 930 2608 964 :
2636 923 2690 968 et
2728 931 2824 971 nos
2869 927 2988 987 post
3041 923 3483 981 resurrectionem

1911 1008 2258 1066 sempercum
2305 1000 2528 1056 Domino
2571 1004 2769 1060 erimus
2793 1005 2858 1080 (Ι
2887 1008 3059 1066 Thess.
3099 1030 3172 1082 ιν,
3219 1014 3288 1072 16
3312 1014 3360 1087 ),
3399 1018 3484 1073 cui

1911 1087 2072 1142 modo
2125 1088 2370 1158 dicimus,
2421 1095 2560 1164 quod
2588 1111 2738 1152 sacer
2781 1099 3030 1158 admonet
3073 1104 3332 1173 Psalmus,
3380 1108 3480 1175 Tu,

1909 1175 2146 1249 Domine,
2177 1185 2394 1239 servabis
2418 1203 2528 1252 nos,
2549 1197 2596 1242 et
2623 1191 2867 1246 custodies
2888 1210 2977 1248 nos
3000 1212 3031 1248 a
3056 1199 3368 1266 generatione
3381 1202 3476 1255 hac

1908 1267 1963 1323 in
1981 1280 2238 1327 (etei-num.
2271 1274 2412 1330 Satis
2433 1287 2609 1334 autem
2632 1279 2746 1336 istis
2769 1283 3014 1339 existimo
3034 1291 3314 1345 convenire
3343 1292 3481 1361 quod

1909 1363 2167 1432 sequitur,
2210 1364 2275 1420 In
2306 1358 2524 1424 circuitu
2545 1371 2687 1442 impii
2713 1375 2969 1430 ambulant
2998 1375 3164 1448 (Psal.
3193 1397 3267 1446 χι,
3294 1358 3429 1454 8,-9)
3466 1402 3480 1438 :

1909 1468 2014 1508 non
2037 1457 2158 1524 quia
2185 1473 2280 1526 per
2303 1460 2530 1516 circulos
2557 1480 2690 1532 quos
2729 1466 3029 1535 opinantur,
3063 1484 3248 1524 eorum
3275 1472 3378 1525 vita
3405 1481 3486 1527 est

1909 1559 2224 1613 recursura;
2253 1551 2346 1605 sed
2375 1552 2494 1622 quia
2526 1554 2683 1609 modo
2709 1557 2829 1612 talis
2855 1567 2937 1614 est
2958 1562 3154 1616 erroris
3174 1575 3356 1617 eorum
3376 1562 3485 1632 via,

1908 1634 1961 1690 id
1987 1645 2090 1701 est,
2122 1638 2250 1694 falsa
2269 1640 2526 1698 doctrina.

1907 1745 2133 1806 CAPUT
2170 1751 2309 1808 XIV.
2332 1783 2403 1795 —
2432 1755 2510 1810 De
2537 1761 2803 1830 temporali
2837 1764 3122 1821 conditione
3163 1769 3359 1840 generis
3396 1771 3478 1826 Im

1977 1843 2114 1894 niani
2131 1883 2146 1909 ,
2175 1860 2326 1911 quam
2351 1845 2490 1903 Deus
2513 1867 2602 1906 nec
2631 1869 2758 1908 nouo
2786 1858 2996 1914 consilio
3023 1862 3362 1935 constituerit,
3392 1881 3484 1921 nec

1977 1933 2207 1988 mutabili
2233 1937 2506 1994 voluntate.

1976 2044 2110 2112 Quid
2139 2058 2316 2104 autem
2349 2053 2545 2108 mirum
2577 2064 2678 2123 est,
2707 2059 2752 2113 si
2778 2059 2829 2115 in
2860 2060 2943 2116 his
2963 2064 3270 2123 circuitibus
3295 2085 3481 2128 erran-

1903 2145 2004 2206 tes,
2038 2155 2138 2196 nec
2162 2141 2360 2199 aditum
2381 2187 2396 2211 ,
2429 2163 2528 2202 nec
2557 2150 2755 2206 exitum
2787 2153 3104 2213 inveniunt?
3146 2161 3276 2228 Quia
3312 2181 3480 2235 genus

1903 2227 2192 2288 humanum
2222 2245 2380 2306 atque
2405 2239 2502 2294 ista
2534 2253 2712 2297 nostra
2740 2248 3054 2315 mortalitas,
3080 2267 3177 2308 nec
3201 2227 3480 2324 quoinitio

1901 2332 2076 2394 empta
2103 2327 2175 2380 sit
2199 2328 2372 2384 sciunt
2389 2371 2404 2395 ,
2434 2347 2533 2386 nec
2561 2349 2666 2402 quo
2693 2336 2798 2390 line
2819 2337 3122 2406 claudatur;
3151 2345 3478 2418 quandoqui--

1900 2411 2024 2469 dem
2066 2415 2398 2475 altitudinem
2450 2422 2544 2477 Dei
2593 2435 2874 2494 penetrare
2909 2446 3015 2486 non
3059 2411 3323 2503 possunt:
3352 2411 3475 2509 quia

1898 2519 2020 2562 cum
2049 2507 2161 2577 ipse
2191 2511 2258 2566 sit
2287 2521 2520 2569 aeternus
2554 2525 2607 2570 et
2633 2518 2748 2573 sine
2776 2520 2926 2576 initio
2947 2565 2960 2585 ,
2999 2525 3067 2580 ab
3095 2527 3273 2598 aliquo
3299 2507 3474 2590 tamen

1899 2598 2051 2655 initio
2074 2617 2300 2660 exorsus
2329 2614 2411 2661 est
2441 2615 2677 2678 tempora
2700 2654 2716 2678 ,
2744 2622 2798 2668 et
2839 2613 3109 2673 hominem
3137 2636 3295 2691 quem
3335 2641 3476 2682 nun-

1897 2707 2054 2764 quam
2084 2704 2206 2752 ante
2231 2697 2450 2764 fecerat,
2483 2701 2606 2758 fecit
2631 2704 2684 2757 in
2708 2714 2966 2775 tempore,
2991 2726 3095 2766 non
3127 2721 3303 2770 tamen
3335 2733 3474 2775 novo

1896 2793 1952 2839 et
1972 2788 2268 2856 repentino,
2294 2790 2385 2845 sed
2413 2790 2727 2850 immutabili
2753 2805 3058 2868 aeternoque
3079 2805 3323 2861 consilio.
3346 2808 3476 2876 Quis

1895 2873 2034 2931 hanc
2065 2878 2236 2934 valeat
2262 2881 2594 2938 altitudinem
2626 2886 3048 2958 investigabilem
3074 2897 3336 2967 vestigare
3357 2873 3397 2965 ί,
3420 2907 3476 2956 et

1893 2967 2292 3028 inscrutabilem
2323 2979 2666 3046 perscrutari,
2695 2984 2986 3040 secundum
3013 3005 3170 3058 quam
3203 2992 3342 3048 Deus
3372 2992 3473 3049 ho-

1892 3061 2086 3116 minem
2116 3067 2482 3134 temporalem,
2511 3079 2636 3126 ante
2659 3088 2818 3142 quem
2852 3091 3012 3132 nemo
3043 3095 3274 3150 unquam
3305 3085 3472 3141 homi-

1891 3168 2016 3207 num
2060 3153 2189 3221 fuit,
2213 3171 2319 3210 non
2351 3159 2594 3215 mutabili
2624 3163 2900 3220 voluntate
2931 3167 2982 3220 in
3014 3177 3253 3238 tempore
3277 3174 3466 3229 condi-

1887 3243 1982 3309 dit,
2004 3254 2058 3300 et
2074 3261 2238 3317 genus
2259 3247 2546 3304 humanum
2568 3268 2638 3307 ex
2662 3269 2769 3308 uno
2795 3257 3198 3325 multiplieavit‘?
3223 3262 3467 3330 Quando-

1885 3337 2097 3406 quidem
2120 3339 2362 3396 Psalmus
2383 3342 2495 3411 ipse
2516 3358 2636 3398 cum
2667 3347 3012 3415 prmmisisset
3039 3360 3196 3422 atque
3217 3354 3457 3423 dixisset,

1889 3427 1984 3494 Tu,
2008 3430 2244 3502 Domine,
2267 3435 2482 3490 servabis
2503 3454 2612 3502 nos,
2637 3449 2682 3492 et
2708 3441 2954 3496 custodias
2975 3461 3067 3499 nos
3091 3462 3122 3498 a
3144 3450 3466 3518 generatione

1883 3519 1978 3575 Irae
2005 3523 2059 3576 in
2083 3532 2358 3591 reternum;
2381 3541 2442 3582 ac
2465 3527 2659 3584 deinde
2680 3534 3231 3605 repercussisseheos,
3251 3539 3303 3594 in
3325 3556 3460 3611 quo-

1881 3628 1998 3668 rum
2046 3615 2206 3670 stulta
2252 3618 2517 3688 impiaque
2561 3621 2800 3678 doctrina
2851 3626 2996 3681 nulla
3044 3629 3369 3687 liberationis
3403 3643 3459 3689 et

1882 3703 2223 3761 beatitudinis
2249 3709 2439 3763 anima:
2463 3721 2708 3767 servatur
2730 3717 3020 3786 aeternitas,
3048 3721 3298 3776 continuo
3323 3725 3456 3778 sub-

1871 3793 2084 3866 jiciens,
2113 3796 2179 3851 In
2210 3798 2424 3853 circuitu
2450 3801 2594 3879 impii
2621 3804 2881 3860 ambulant
2907 3823 2926 3861 :
2955 3815 3205 3880 tanquam
3234 3813 3282 3867 ei
3309 3813 3456 3870 dice-

1878 3899 2024 3944 retur
2043 3931 2058 3957 ,
2099 3891 2235 3959 Quid
2275 3908 2403 3962 ergo
2430 3903 2484 3949 tu
2509 3897 2685 3952 credis
2704 3937 2719 3956 .
2747 3901 2914 3954 sentis
2933 3942 2948 3967 ,
2983 3902 3267 3974 intelligis?
3294 3922 3452 3963 num-

1874 3980 2124 4049 quidnam
2177 3984 2592 4041 existimandum
2646 3999 2729 4042 est
2778 3989 2954 4045 subito
3017 3993 3126 4049 Deo
3189 3996 3451 4065 placuisse

1873 4070 2144 4128 hominem
2173 4073 2367 4141 facere,
2399 4093 2558 4146 quem
2586 4095 2854 4150 nunquam
2884 4093 3038 4139 antea
3071 4086 3272 4142 infinita
3302 4099 3450 4145 retro

1872 4163 2170 4218 a‘ternitate
2198 4164 2434 4232 fecisset,
2467 4168 2551 4222 cui
2582 4169 2710 4224 nihil
2742 4173 2862 4226 novi
2895 4173 3137 4231 accidere
3167 4188 3357 4248 potest,
3391 4180 3449 4237 in

1870 4271 1975 4325 quo
1995 4257 2247 4313 mutabile
2269 4259 2465 4329 aliquid
2491 4277 2593 4316 non
2614 4263 2730 4318 est?
2756 4267 3008 4322 continuo
3035 4273 3308 4339 respondit
3331 4275 3352 4306 ⁸
3376 4275 3443 4330 ad

1868 4345 2038 4413 ipsum
2092 4349 2254 4403 Deum
2301 4351 2558 4421 loquens,
2605 4353 2899 4411 Secundum
2943 4359 3259 4416 altitudinem
3304 4375 3442 4420 luant

1867 4439 2216 4510 multiplicasti
2242 4443 2375 4510 ﬁlios
2400 4443 2658 4498 hominum
2693 4446 2898 4516 (lbid.).
2933 4450 3170 4506 Sentium
3191 4496 3203 4516 ,
3246 4455 3437 4525 inquit,

1866 4531 2109 4586 homines
2134 4533 2272 4602 quod
2301 4544 2504 4603 putant,
2537 4545 2590 4591 et
2617 4539 2756 4606 quod
2779 4539 2855 4593 eis
2885 4542 3054 4608 placet
3083 4549 3367 4613 opinentur
3386 4557 3441 4603 et

1863 4621 2132 4692 disputent
2157 4642 2170 4676 :
2200 4624 2489 4678 Secundum
2513 4627 2827 4682 altitudinem
2859 4641 2994 4685 tuam
3015 4676 3028 4697 ,
3063 4651 3220 4704 quam
3263 4641 3440 4696 nullus

1862 4723 2038 4782 potest
2079 4730 2240 4770 nosse
2280 4717 2550 4772 hominum
2572 4761 2585 4783 ,
2617 4720 2963 4791 multiplicasti
2995 4727 3127 4791 ﬁlios
3156 4729 3434 4787 hominum.

1864 4805 2028 4860 Valde
2069 4807 2262 4876 quippe
2301 4808 2467 4863 altum
2513 4820 2594 4865 est
2615 4811 2655 4878 ⁸,
2687 4821 2741 4868 et
2765 4830 2976 4884 semper
3002 4817 3164 4873 Deum
3197 4820 3355 4876 fuisse
3384 4822 3430 4889 ‘,

1859 4905 1914 4952 et
1949 4896 2219 4952 hominem
2249 4913 2403 4967 quem
2431 4916 2697 4971 nunquam
2725 4902 2923 4960 fecerat
2947 4948 2961 4973 ,
2986 4923 3050 4962 ex
3081 4909 3255 4978 aliquo
3284 4919 3420 4966 tem-

1859 4995 1988 5060 pore
2015 4990 2242 5060 primum
2271 4991 2444 5049 facere
2471 4995 2723 5063 voluisse,
2759 5015 2858 5055 nec
2883 5003 3162 5056 consilium
3184 5004 3425 5062 volunta-

1857 5091 2070 5154 temque
2099 5095 2351 5143 mutasse.

1918 5247 1939 5326 ξ.
1950 5244 2430 5326 Λειξίιξλξξρεδεξρργςέ
2441 5253 2728 5326 ρρῃςίηοιιιδ
2751 5259 2878 5326 Mss,
2899 5253 3128 5326 uestigare
3158 5271 3175 5308 :
3195 5273 3292 5324 quo
3307 5276 3432 5326 pra:-

1851 5306 2219 5384 ced‘ensldlictio,
2264 5306 2664 5374 iﬁvestigabilem;
2692 5315 2845 5374 posita
2865 5306 3167 5380 intelligatur
3195 5306 3428 5384 61:6:an

1850 5369 2394 5513 ῃθξιέἵὲἓέξνῖξμέξεςμφ-
2406 5436 2746 5513 codicumer
2780 5437 3023 5513 liberatus
3051 5457 3078 5493 a
3111 5444 3426 5513 glossemate,

1881 5491 1974 5540 uod
1998 5494 2044 5540 in
2069 5500 2180 5542 ante
2206 5494 2349 5543 editis
2373 5509 2538 5556 passu»
2570 5491 2820 5549 erat'liunc
2846 5503 2891 5549 in
2917 5491 3426 5564 n10quin°£ﬁ§§3§5§

1846 5505 1948 5601 20:4:
1967 5554 2213 5601 audientes
2254 5555 2416 5601 aliam:
2454 5559 2572 5601 forte
2611 5559 2825 5601 lurhnrpl
2862 5564 3144 5601 nmhinm'tne
3207 5575 3424 5601 Μυκη..-

1967 5555 2213 5631 «ueteres
2254 5555 2416 5619 αιέιιιλα
2451 5559 2572 5620 forte
2611 5559 2825 5612 turbare:
2862 5555 3162 5631 ambiguitas,
3192 5555 3424 5626 suam

1846 5622 2108 5711 respondit,
2134 5625 2227 5666 etc.
2288 5680 2298 5690 .
2988 5622 3010 5630 "
3039 5692 3051 5703 ο

1908 5740 1916 5743 _
1962 5685 2069 5728 Lov.
2098 5687 2150 5730 et
2168 5692 2415 5743 pauetores
2434 5687 2559 5743 Mss,
2585 5682 2734 5734 altum
2755 5693 2825 5736 est
2841 5696 3066 5743 scrutari.

1903 5740 1928 5772 ⁸
1959 5748 2088 5803 Mss.,
2111 5745 2156 5794 et
2171 5740 2362 5804 semper
2375 5740 2521 5802 fuisse
2535 5740 2554 5805 ;
2575 5746 2771 5809 omisso,
2795 5757 2963 5803 Dawn.

2648 5966 2860 6049 (Douz
2879 5973 2976 6047 e./
