4054 6476
507 308 609 366 36'!

509 441 635 482 vero
655 433 708 480 et
729 434 874 480 recto
890 421 1076 477 itinere
1096 418 1299 483 malint,
1315 415 1454 488 quod
1478 424 1710 470 mentem
1727 413 1962 468 divinam
1987 423 2095 461 om-

511 520 639 576 nino
671 516 1048 574 immutabilem
1084 511 1369 583 cujuslibet
1416 508 1688 564 inﬁnitatis
1731 518 1978 577 capacem
2001 543 2016 568 ,
2045 507 2098 555 et

510 615 785 669 innumera
811 611 986 666 omnia
1016 609 1132 663 sine
1170 606 1506 678 cogitationis
1531 602 1879 658 alternatione
1907 611 2096 653 nume-

510 715 737 769 tantem,
757 701 823 758 de
849 717 942 756 sua
966 696 1492 766 humana,mutabili,
1511 703 1840 766 angustaque
1865 689 2096 744 metiun-

512 808 614 853 tur.
649 797 716 852 Et
745 797 803 849 ﬁt
828 795 932 850 illis
961 793 1100 865 quod
1127 794 1198 847 ait
1230 791 1515 863 Apostolus
1541 808 1553 844 :
1578 795 1924 856 comparantes
1955 783 2097 838 enim

516 889 803 958 semetipsos
819 886 1138 956 sibimetipsis
1159 884 1256 955 (a),
1280 901 1380 938 non
1404 881 1683 952 intelligunt
1699 878 1892 952 (llCor.
1915 873 2094 944 31,12).

511 978 642 1033 Nam
674 977 797 1049 quia
823 977 928 1032 illis
953 977 1206 1047 quidquid
1235 976 1355 1030 novi
1378 972 1674 1030 faciendum
1701 970 1841 1025 venit
1868 969 1918 1023 in
1952 982 2100 1022 men-

510 1081 636 1138 tem,
654 1086 791 1127 novo
808 1070 1031 1126 consilio
1042 1069 1241 1124 faciunt
1255 1067 1562 1138 (mutabiles
1576 1067 1769 1137 quippe
1791 1070 1996 1118 mentes
2011 1075 2100 1131 ge-

508 1164 698 1234 runt);
731 1161 965 1233 profecto
993 1177 1099 1217 non
1149 1162 1311 1216 Deum
1331 1203 1345 1227 ,
1375 1175 1532 1230 quem
1561 1158 1796 1228 cogitare
1831 1171 1936 1210 non
1975 1167 2100 1224 pos-

508 1267 651 1320 sunt,
684 1257 778 1312 sed
818 1257 1134 1326 semetipsos
1182 1271 1275 1325 pro
1323 1255 1412 1308 illo
1455 1253 1776 1323 cogitantes,
1817 1266 1921 1303 non
1951 1248 2098 1302 illum

507 1349 603 1404 sed
632 1364 690 1406 se
719 1347 884 1418 ipsos,
914 1363 1011 1403 nec
1039 1347 1144 1413 illi,
1186 1347 1280 1401 sed
1308 1346 1407 1400 sibi
1448 1352 1777 1414 comparant.
1815 1341 1976 1396 Nobis
2006 1355 2100 1394 au-

510 1446 615 1495 tem
646 1439 723 1494 fas
753 1455 859 1494 non
890 1447 972 1494 est
998 1437 1218 1493 credere
1240 1481 1253 1504 ,
1287 1438 1440 1493 aliter
1472 1437 1638 1492 Deum
1669 1434 1808 1488 afﬁci
1856 1449 1976 1488 cum
2005 1446 2098 1486 va-

507 1540 614 1600 cat,
641 1531 796 1586 aliter
821 1546 941 1585 cum
967 1539 1250 1600 operatur:
1280 1529 1398 1598 quia
1425 1542 1525 1584 nec
1548 1526 1687 1581 afﬁci
1717 1524 1974 1581 dicendus
1995 1530 2096 1590 est,

511 1632 760 1694 tanquam
788 1624 839 1676 in
858 1623 969 1692 ejus
993 1631 1177 1676 natura
1208 1622 1296 1674 ﬁat
1319 1619 1536 1690 aliquid,
1554 1619 1692 1689 quod
1719 1634 1820 1671 non
1844 1626 1965 1671 ante
1992 1617 2099 1671 Tue-

510 1717 598 1771 rit.
621 1717 824 1770 Patitur
859 1716 1050 1785 quippe
1075 1715 1163 1784 qui
1193 1713 1422 1768 afﬁcitur
1447 1756 1459 1777 ,
1493 1722 1549 1780 et
1565 1712 1815 1767 mutabile
1836 1721 1917 1764 est
1943 1722 2101 1763 (nune

507 1808 649 1879 quod
674 1807 870 1877 aliquid
900 1805 1243 1876 patitur-.Non
1265 1807 1439 1874 itaque
1458 1805 1508 1858 in
1531 1804 1646 1873 ejus
1668 1803 1937 1856 vacatione
1958 1799 2102 1870 engi-

510 1908 650 1955 tetur
676 1899 902 1970 ignavia,
921 1898 1145 1962 desidia,
1179 1899 1402 1961 inertia;
1435 1897 1572 1951 sicut
1601 1909 1699 1949 nec
1726 1894 1777 1948 in
1803 1893 1916 1963 ejus
1937 1905 2100 1960 Opere

509 1991 679 2057 labor,
709 2000 951 2056 conatus,
1001 1989 1280 2044 industria.
1313 1988 1469 2043 Novit
1513 1988 1796 2058 quiescens
1824 2000 1979 2055 agere
1999 2025 2012 2049 ,
2047 1990 2102 2038 et

505 2099 668 2155 agens
696 2084 990 2154 quiescere.
1021 2083 1203 2137 Potest
1227 2081 1293 2135 ad
1336 2096 1468 2150 Opus
1495 2095 1712 2143 novum,
1747 2093 1849 2131 non
1882 2090 2098 2141 novum,

507 2175 602 2230 sed
646 2177 1027 2245 sempiternum
1050 2173 1305 2228 adhibere
1325 2172 1646 2234 consilium;
1671 2185 1768 2224 nec
1797 2165 2101 2239 pmnitendo

506 2267 627 2337 quia
659 2267 802 2337 prius
828 2281 978 2322 cessa
1002 2275 1182 2332 verat,
1210 2265 1372 2334 cmpit
1399 2263 1571 2319 facere
1593 2262 1732 2333 quod
1749 2278 1854 2316 non
1878 2261 2097 2316 fecerat.

507 2358 614 2416 Sed
633 2360 745 2415 etsi
769 2361 914 2430 prius
938 2360 1186 2425 cessavit,
1202 2367 1256 2412 et
1277 2355 1538 2427 posterius
1560 2363 1806 2426 operatus
1834 2364 1914 2408 est
1940 2352 2102 2424 (quod

505 2450 688 2508 nescio
714 2449 1160 2522 quemadmodum
1189 2449 1256 2502 ab
1289 2448 1503 2501 homine
1527 2447 1695 2516 possit
1715 2444 1981 2515 intelligi),
1999 2444 2102 2499 hoc

505 2541 691 2611 procul
711 2540 874 2596 dubio
895 2541 1036 2610 quod
1062 2540 1278 2605 dicitur,
1307 2538 1454 2608 prius
1471 2547 1523 2592 et
1547 2538 1831 2607 posterius,
1863 2537 1914 2590 in
1943 2536 2102 2591 rebus

506 2636 654 2704 prius
671 2651 775 2689 non
796 2634 1140 2689 existentibus
1164 2643 1216 2688 et
1238 2633 1502 2702 posterius
1533 2631 1884 2685 existentibus
1902 2628 2020 2684 fuit.
2045 2628 2099 2682 In

507 2727 602 2782 illo
622 2736 798 2782 autem
815 2741 920 2780 non
938 2726 1156 2780 alteram
1183 2724 1572 2794 praecedentem
1587 2724 1751 2778 altera
1774 2723 2102 2792 subsequens

506 2816 730 2871 mutavit
766 2825 859 2870 aut
884 2815 1105 2871 abstulit
1135 2816 1497 2881 voluntatem,
1541 2813 1635 2869 sed
1662 2829 1762 2867 una
1805 2813 2102 2882 eademque

509 2909 834 2978 sempiterna
863 2917 916 2963 et
936 2907 1249 2963 immutabili
1285 2907 1552 2962 voluntate
1581 2920 1668 2960 res
1689 2920 1821 2975 quas
1841 2903 2099 2969 condidit,

509 3012 564 3059 et
588 3014 644 3057 ut
675 3002 824 3072 prius
849 3017 955 3056 non
985 3011 1166 3056 essent
1193 3001 1320 3071 egit,
1355 2999 1608 3070 quamdiu
1631 3013 1734 3052 non
1764 2997 2016 3064 fuerunt,
2049 3004 2104 3052 et

509 3105 565 3149 ut
585 3094 848 3164 posterius
869 3103 1085 3160 essent,
1115 3092 1331 3164 quando
1373 3105 1493 3147 esse
1520 3098 1799 3160 cteperunt
1829 3107 1841 3143 :
1875 3089 1996 3143 hinc
2025 3088 2103 3143 eis

508 3190 598 3260 qui
645 3189 769 3244 talia
800 3187 981 3244 videre
1012 3196 1236 3258 possunt
1288 3185 1605 3241 mirabiliter
1635 3184 1876 3239 fortassis
1917 3171 2106 3238 osten-ﬂ

509 3280 642 3338 dens
671 3321 688 3348 ,
711 3297 869 3352 quam
901 3296 1005 3336 non
1031 3281 1109 3337 eis
1135 3280 1419 3350 indiguerit
1440 3321 1454 3345 ,
1487 3277 1582 3334 sed
1627 3293 1719 3333 eas
1745 3276 1974 3347 gratuita
2004 3276 2102 3331 bo-

511 3372 681 3428 nitate
726 3371 1029 3428 condiderit
1058 3413 1072 3437 ,
1101 3386 1221 3426 cum
1252 3371 1367 3425 sine
1406 3370 1512 3424 illis
1539 3384 1606 3424 ex
1632 3370 1933 3423 azternitate
1953 3366 2104 3423 initio

510 3471 731 3520 carente
752 3463 807 3518 in
832 3478 940 3518 non
967 3461 1176 3518 minore
1207 3461 1460 3516 bealitate
1489 3460 1798 3530 permansit.

511 3573 738 3632 CAPUT
767 3572 954 3629 XVIII.
974 3602 1048 3614 —
1072 3571 1262 3628 Contra
1288 3588 1371 3626 eos
1398 3571 1484 3640 qui
1513 3570 1722 3634 dicunt,
1756 3587 1814 3624 ea
1843 3585 1954 3638 qua
1980 3570 2101 3639 inﬁ-

652 3665 759 3720 nita
785 3674 901 3721 sunt
929 3681 1018 3720 nec
1047 3662 1142 3718 Dei
1168 3679 1315 3734 posse
1340 3661 1552 3716 scientia
1577 3661 1956 3730 comprehendi.

583 3781 719 3838 Illud
746 3788 925 3838 autem
971 3778 1114 3834 aliud
1141 3777 1282 3848 quod
1333 3777 1554 3844 dicunt,
1605 3790 1704 3831 nec
1750 3775 1846 3829 Dei
1883 3774 2104 3831 scientia

513 3890 634 3946 qua:
661 3873 867 3930 inﬁnita
897 3882 1022 3928 sunt
1049 3886 1206 3942 posse
1249 3869 1668 3940 comprehendi;
1722 3875 1884 3922 restat
1939 3867 2017 3923 eis
2045 3875 2105 3922 ut

517 3967 699 4023 dicere
725 3964 980 4032 audeant,
1012 3971 1172 4032 atque
1198 3962 1321 4016 huic
1347 3976 1406 4015 se
1436 3959 1676 4029 voragini
1704 3957 1980 4028 profundae
2005 3959 2103 4012 im-

467 4041 472 4056 ’
519 4060 730 4132 pietatis
756 4059 1096 4128 immergant,
1125 4055 1266 4126 quod
1297 4071 1402 4108 non
1437 4067 1624 4108 omnes
1675 4067 1924 4106 numeros
1964 4051 2102 4106 Deus

517 4154 747 4210 noverit.
780 4153 886 4207 Eos
923 4152 1119 4222 quippe
1148 4149 1385 4203 inﬁnitos
1409 4161 1528 4202 esse
1551 4189 1567 4213 ,
1591 4145 1946 4202 certissimum
1972 4155 2053 4198 est
2084 4161 2098 4197 :

515 4247 770 4317 quoniam
801 4245 852 4299 in
884 4258 1218 4314 quocumque
1249 4257 1474 4296 numero
1495 4240 1654 4294 ﬁnem
1682 4239 1983 4294 faciendum
2013 4255 2102 4308 pu-

520 4338 712 4393 taveris
733 4377 748 4402 ,
777 4337 916 4391 idem
946 4336 1058 4404 ipse
1079 4377 1094 4399 ,
1126 4351 1229 4388 non
1258 4333 1380 4387 dico
1404 4348 1508 4386 uno
1533 4331 1714 4386 addito
1756 4332 1936 4402 augeri
1960 4373 1975 4395 ,
2007 4330 2101 4385 sed

518 4429 811 4502 quamlibet
831 4430 901 4483 sit
925 4443 1147 4497 magnus
1171 4427 1534 4496 etquamlibet
1566 4426 1831 4494 ingentem
1862 4425 2100 4478 multitu-

518 4522 696 4577 dinem
727 4521 1008 4576 continens
1034 4521 1084 4573 in
1117 4519 1228 4588 ipsa
1262 4518 1468 4571 ratione
1494 4526 1652 4583 atque
1676 4517 1892 4571 scientia
1918 4530 2102 4570 nume-

520 4628 700 4668 rorum
725 4655 740 4679 ,
773 4629 874 4668 non
899 4612 1069 4665 Solum
1100 4610 1356 4680 duplicari
1382 4651 1396 4676 ,
1427 4625 1612 4662 verum
1641 4609 1798 4663 etiam
1841 4608 2101 4676 multipli-

518 4705 628 4761 cari
653 4712 845 4776 potest.
879 4705 951 4758 Ita
976 4719 1102 4758 vero
1123 4704 1231 4756 suis
1253 4701 1477 4772 quisque
1519 4716 1772 4755 numerus
1801 4700 2099 4770 proprieta-

521 4799 661 4853 tibus
689 4799 1004 4853 terminatur
1027 4838 1042 4861 ,
1073 4805 1130 4850 ut
1158 4796 1336 4849 nullus
1363 4811 1547 4849 eorum
1581 4810 1676 4863 par
1713 4809 1831 4849 esse
1866 4796 2100 4849 cuicum-

523 4907 630 4962 que
649 4891 799 4945 alteri
825 4891 1009 4956 possit.
1048 4889 1187 4958 Ergo
1219 4898 1273 4942 et
1315 4887 1556 4956 dispares
1583 4888 1722 4941 inter
1747 4903 1804 4942 se
1831 4897 1987 4958 atque
2014 4886 2101 4941 di-

520 4983 658 5038 versi
685 4991 843 5047 sunt,
869 4989 924 5034 et
950 4979 1139 5049 singuli
1163 4978 1356 5048 quique
1386 4977 1516 5030 ﬁniti
1549 4985 1692 5042 sunt,
1718 4987 1771 5031 et
1805 4993 1990 5032 omnes
2021 4979 2100 5032 in-

520 5075 654 5130 ﬁniti
695 5083 838 5128 sunt.
871 5071 1018 5127 ltane
1050 5086 1300 5125 numeros
1343 5079 1560 5138 promer
1590 5069 1902 5123 inﬁnitatem
1933 5068 2102 5124 nescit

517 5179 704 5222 omnes
726 5165 868 5221 Deus
890 5165 931 5230 ¹;
961 5171 1015 5218 et
1045 5177 1210 5234 usque
1235 5160 1303 5215 ad
1327 5160 1609 5232 quamdam
1631 5175 1893 5216 summam
1923 5175 2100 5216 nume-

517 5381 705 5497 “taste
724 5388 798 5432 Er.
826 5388 878 5432 et
895 5389 999 5433 Mss.
1026 5387 1081 5432 At
1111 5381 1246 5432 Vind.
1275 5387 1373 5432 Am.
1401 5387 1454 5434 et
1484 5387 1614 5445 Lam,
1640 5382 2100 5450 nesatomnipotens

581 5528 653 5590 (η)
680 5524 826 5576 Aliter
860 5525 1059 5590 Vulgata
1072 5540 1099 5590 ;A
1111 5526 1200 5590 sed
1224 5527 1515 5590 Augustinus
1544 5528 1621 5578 hic
1654 5534 1706 5578 et
1728 5528 1778 5576 in
1800 5529 1919 5580 Psal.
1942 5532 2019 5589 δι,
2047 5539 2098 5581 et

515 5587 683 5643 contra
705 5587 1052 5660 Faustumﬂib.
1077 5587 1157 5647 22,
1197 5587 1316 5660 cap:
1333 5589 1415 5649 47,
1441 5591 1662 5660 sequitur
1697 5603 1904 5660 grtecam
1928 5587 2095 5660 lectio:

516 5665 650 5712 nem,
676 5651 753 5701 σαί
774 5651 1099 5716 sugert'nontes
1130 5657 1327 5716 eautous
1354 5651 1551 5710 eautois,
1576 5665 1653 5716 Δοτι
1673 5651 1953 5716 sicniortsin.
1983 5657 2094 5704 litlili

515 5724 614 5784 Am.
639 5711 714 5762 Er.
743 5719 795 5763 et
810 5711 1142 5784 tevthabent,
1165 5712 1438 5776 semetipsos
1460 5726 1552 5763 non
1568 5712 1852 5784 uitelligunt.
1884 5724 1934 5766 At
1962 5718 2091 5766 vind.

518 5782 570 5828 et
593 5784 696 5828 Mss.
723 5775 1090 5828 consentientes
1104 5787 1285 5838 graeco,
1307 5775 1445 5837 voce,
1475 5775 1762 5842 semetipsos,
1782 5786 1966 5830 carent.

1563 295 1649 351 DE
1687 288 2004 349 CIVITATE
2045 284 2180 356 DEI,
2220 286 2278 344 S.
2320 285 2687 345 AUGUSTINI

3673 294 3785 354 568

2207 421 2384 463 rorum
2413 410 2634 466 scientia
2683 409 2774 465 Dei
2805 411 3076 480 pervenit,
3103 421 3327 471 caeteros
3365 413 3611 486 ignorat?
3649 420 3788 489 Quis

2205 500 2305 556 hoc
2333 501 2494 556 etiam
2537 502 2967 558 dementissimus
2991 502 3228 560 dixerit?
3253 505 3361 562 Nec
3390 508 3658 566 audebunt
3692 513 3788 569 istt

2205 601 2555 648 contemnere
2577 610 2844 658 numeros,
2877 606 2930 651 et
2955 611 3046 651 eos
3075 596 3254 653 dicere
3284 597 3350 654 ad
3378 599 3468 656 Dei
3495 603 3780 660 scientiam

2206 701 2311 742 non
2340 688 2626 756 pertinere,
2659 689 2797 759 apud
2837 704 2970 760 quos
3000 689 3148 746 Plato
3178 691 3342 748 Deum
3374 710 3564 766 magna
3593 707 3781 754 aucto-

2207 782 2361 836 ritate
2382 781 2720 838 commendat
2746 784 3002 838 mundum
3042 786 3277 841 numeris
3322 785 3666 844 fabricantem
3690 790 3787 863 (In

2206 870 2418 943 Timwo)
2455 892 2469 929 :
2500 883 2554 929 et
2581 874 2720 944 apud
2759 891 2856 929 nos
2884 875 2992 931 Deo
3029 876 3226 931 dictum
3259 877 3479 948 legitur,
3515 879 3700 935 Omnia
3732 884 3788 937 in

2205 981 2440 1019 mensura
2466 1007 2480 1032 ,
2503 973 2548 1019 et
2578 982 2787 1020 numero
2807 1008 2820 1028 ,
2856 977 2901 1021 et
2932 967 3152 1037 pondere
3176 969 3464 1039 disposuisti
3493 971 3650 1043 (Sap.
3685 990 3739 1028 xr
3768 1016 3780 1040 ς

2203 1057 2340 1127 2i)?
2370 1059 2444 1114 De
2485 1075 2590 1129 quo
2618 1059 2745 1114 dicit
2771 1069 2825 1115 et
2863 1061 3146 1130 propheta,
3182 1061 3284 1129 Qui
3309 1067 3498 1135 profert
3523 1081 3788 1121 numerose

2207 1152 2449 1204 swculum
2478 1151 2493 1181 ¹
2542 1149 2674 1220 (Isai
2701 1168 2766 1206 x1.
2787 1193 2800 1216 ,
2832 1151 2937 1214 26,
2972 1169 3070 1206 sec.
3103 1151 3288 1224 LXX).
3327 1154 3387 1208 Et
3441 1154 3687 1209 Salvator
3733 1157 3787 1210 in

2207 1245 2519 1314 Evangelia,
2540 1244 2747 1315 Capilli,
2783 1245 2953 1316 inquit
2984 1290 2993 1310 ,
3020 1247 3170 1300 vestri
3197 1263 3364 1301 omnes
3390 1249 3640 1302 numerati
3667 1258 3789 1304 sunt

2211 1336 2421 1408 (Matth.
2447 1353 2475 1390 x
2504 1378 2518 1402 ,
2553 1336 2666 1403 50).
2699 1338 2850 1391 Absit
2877 1337 3056 1407 itaque
3087 1345 3144 1391 ut
3170 1337 3471 1392 dubitemus
3496 1379 3510 1403 ,
3539 1339 3683 1408 quod
3737 1340 3791 1394 ei

2207 1438 2364 1484 notus
2391 1429 2459 1483 sit
2479 1428 2652 1483 omnis
2676 1444 2926 1483 numerus
2949 1471 2963 1497 ,
2992 1429 3137 1499 cujus
3163 1429 3537 1500 intelligentiae,
3569 1431 3706 1485 sicut
3735 1431 3791 1485 in

2209 1520 2419 1576 Psalmo
2447 1522 2677 1585 canitur,
2701 1537 2800 1576 non
2829 1531 2900 1577 est
2929 1539 3166 1576 numerus
3191 1521 3532 1594 (Psal.cxr.vt
3556 1565 3572 1589 ,
3599 1522 3678 1596 5).
3706 1525 3794 1579 ln-

2207 1610 2384 1666 ﬂnitas
2412 1613 2589 1682 itaque
2618 1613 2858 1678 numeri,
2889 1615 3128 1684 quamvis
3171 1613 3500 1670 inﬁnitarum
3531 1631 3792 1671 numero-

2207 1723 2324 1762 rum
2356 1708 2536 1762 nullus
2577 1709 2644 1763 sit
2677 1724 2930 1764 numerus
2954 1751 2968 1775 ,
2997 1723 3100 1763 non
3155 1718 3238 1763 est
3273 1717 3448 1765 tamen
3481 1710 3791 1780 incompre-

2209 1799 2488 1855 hensibilis
2533 1801 2579 1855 ei
2632 1800 2783 1870 cujus
2832 1800 3192 1870 intelligentiae
3234 1818 3338 1856 non
3383 1810 3466 1858 est
3511 1819 3788 1859 numerus.

2207 1891 2542 1962 Quapropter
2585 1893 2628 1948 si
2665 1935 2678 1958 ,
2711 1894 2966 1964 quidquid
3013 1895 3233 1949 scicntia
3280 1897 3786 1966 comprehenditur,

2207 1983 2424 2038 seientis
2466 1985 2946 2054 comprehensione
2985 1984 3196 2051 ﬁnitur;
3252 1985 3490 2055 profecto
3517 1997 3570 2042 et
3611 1988 3793 2042 omnis

2209 2073 2440 2129 inﬁnitas
2467 2075 2696 2144 quodam
2737 2075 2967 2134 ineﬁ'abli
2999 2076 3158 2130 modo
3191 2077 3300 2132 Deo
3341 2076 3484 2132 ﬁnita
3524 2086 3634 2145 est,
3663 2079 3793 2149 quia

2209 2167 2445 2222 scientia:
2477 2168 2642 2237 ipsius
2669 2167 3222 2238 incomprehensibilis
3267 2184 3371 2225 non
3400 2179 3500 2225 est.
3529 2171 3703 2238 Quare
3742 2172 3794 2227 si

2210 2259 2441 2315 inﬁnitas
2464 2276 2805 2316 numerorum
2833 2263 3070 2317 scientia:
3098 2262 3189 2317 Dei
3215 2304 3229 2330 ,
3255 2279 3364 2333 qua
3380 2263 3796 2333 comprehendi-

2211 2361 2316 2419 tur,
2349 2369 2467 2410 esse
2488 2370 2593 2409 non
2624 2363 2800 2424 potest
2840 2355 3078 2421 inﬁnita;
3111 2357 3200 2426 qui
3233 2356 3444 2412 tandem
3477 2372 3577 2412 nos
3602 2373 3794 2413 sumus

2211 2445 2513 2501 homunculi
2532 2489 2546 2513 ,
2577 2447 2665 2518 qui
2699 2448 2816 2516 ejus
2845 2449 3079 2504 scientiae
3102 2450 3298 2506 limites
3320 2449 3478 2520 ﬁgere
3499 2465 3795 2520 praesuma-

2209 2557 2325 2595 mus
2345 2582 2360 2607 ,
2387 2541 2626 2596 dicentes
2654 2541 2794 2611 quod
2821 2584 2832 2604 ,
2861 2543 2960 2596 nisi
2992 2541 3192 2598 eisdem
3239 2543 3546 2599 circuitihus
3577 2553 3794 2615 tempo-

2207 2649 2324 2686 rum
2356 2633 2542 2689 eadem
2597 2634 2901 2703 temporalia
2935 2641 3272 2703 repetantur,
3308 2649 3413 2690 non
3443 2642 3614 2704 potest
3650 2635 3796 2690 Deus

2208 2735 2396 2779 cuncta
2425 2742 2542 2795 qua:
2567 2726 2688 2780 fecit
2715 2726 2798 2779 vel
2835 2727 3085 2794 praescire
3111 2735 3167 2780 ut
3190 2724 3372 2792 faciat,
3403 2727 3483 2780 vel
3506 2727 3643 2781 scire
3664 2741 3794 2782 cum

2210 2813 2439 2871 fecerit?
2465 2817 2615 2885 cujus
2647 2817 2902 2886 sapientia
2933 2817 3246 2886 simpliciter
3284 2817 3556 2887 multiplex
3581 2825 3638 2872 et
3667 2817 3794 2871 uni-

2210 2906 2450 2963 formiter
2479 2908 2840 2972 multiformis,
2863 2921 2966 2964 tam
3000 2907 3521 2978 incomprehensibili
3544 2925 3796 2980 compre-

2210 2998 2467 3054 hensione
2494 3000 2672 3053 omnia
2693 2999 3244 3069 incomprehensibilia
3270 3000 3705 3071 comprehendit,
3732 3010 3796 3056 ut

2207 3106 2554 3162 qumcumque
2580 3107 2712 3146 nova
2735 3101 2791 3148 et
2827 3092 3101 3147 dissimilia
3135 3093 3510 3162 consequentia
3531 3093 3553 3124 ³
3588 3107 3794 3162 praece-

2209 3185 2454 3240 dentibus
2499 3186 2543 3240 si
2578 3201 2790 3257 semper
2838 3186 3014 3241 facere
3037 3186 3214 3252 vellet,
3245 3185 3540 3240 inordinata
3590 3194 3646 3239 et
3684 3185 3799 3239 im-

2209 3280 2418 3348 provisa
2451 3277 2648 3335 habere
2671 3295 2774 3334 non
2799 3288 3010 3350 posset;
3043 3295 3140 3335 nec
3161 3295 3221 3334 ea
3244 3280 3557 3348 praevideret
3575 3294 3640 3334 ex
3663 3292 3790 3349 pro-

2208 3371 2353 3426 ximo
2379 3380 2616 3440 tempore
2636 3413 2651 3438 ,
2684 3370 2778 3426 sed
2803 3383 3002 3426 aeterna
3031 3373 3363 3443 praescientia
3392 3371 3710 3427 contineret.

2401 3485 2626 3544 CAPUT
2664 3485 2806 3540 XIX.
2837 3516 2909 3526 —
2938 3484 3016 3540 De
3045 3485 3240 3540 saeculis
3264 3485 3583 3540 saeculorum.

2278 3599 2428 3668 Quod
2457 3607 2632 3654 utrum
2677 3600 2746 3654 ita
2777 3597 2933 3654 faciat
2959 3599 3001 3664 ³,
3034 3608 3088 3654 et
3112 3600 3416 3654 continuata
3457 3599 3557 3654 sibi
3585 3613 3793 3656 conne-

2209 3692 2365 3746 xione
2391 3692 2708 3762 copulentur
2731 3707 2850 3762 qua:
2871 3690 3206 3760 appellantur
3231 3691 3424 3746 saecula
3445 3691 3790 3759 saeculorum,

2208 3784 2309 3838 alia
2338 3792 2513 3838 tamen
2552 3794 2712 3854 atque
2757 3783 2879 3849 alia,
2909 3782 3154 3838 ordinata
3194 3781 3625 3838 dissimilitudine
3663 3799 3796 3854 pro-

2207 3877 2470 3933 currentia
2493 3918 2506 3941 ,
2535 3881 2613 3932 eis
2642 3876 2896 3932 duntaxat
2933 3876 3019 3946 qui
3055 3891 3122 3932 ex
3161 3876 3372 3931 miseria
3415 3876 3711 3932 liberantur
3738 3878 3795 3932 in

2207 3984 2297 4025 sua
2324 3969 2476 4024 beata
2499 3969 2895 4024 immortalitate
2933 3968 3048 4022 sine
3079 3967 3181 4023 ﬁne
3215 3968 3586 4033 manentibus;
3619 3983 3686 4022 an
3720 3969 3798 4025 ita

2207 4062 2450 4117 dicantur
2489 4062 2682 4117 szecula
2726 4063 3076 4128 saeculorum,
3110 4061 3556 4132 ut‘intelliganlur
3593 4062 3796 4117 saecula

2208 4155 2260 4208 in
2315 4154 2568 4223 sapientia
2625 4154 2717 4208 Dei
2778 4155 3088 4209 inconcussa
3148 4153 3436 4208 stabilitate
3485 4154 3794 4221 manentia,

2207 4245 2429 4300 istorum
2472 4262 2590 4316 qua;
2626 4261 2746 4300 cum
2794 4254 3034 4315 tempore
3076 4252 3351 4299 transeunt
3385 4253 3631 4314 tanquam
3676 4244 3800 4299 efﬁ-

2208 4339 2399 4393 cientia
2427 4339 2742 4393 smculorum
2763 4379 2778 4402 ,
2807 4337 3029 4392 deﬁnire
3060 4353 3162 4392 non
3196 4337 3366 4391 audeo
3395 4336 3491 4409 (a).
3524 4337 3799 4393 Fortassis

2206 4435 2346 4488 enim
2374 4433 2536 4500 possit
2561 4432 2662 4486 dici
2691 4431 2965 4496 sazculum,
2995 4446 3112 4500 quae
3141 4439 3268 4485 sunt
3308 4430 3498 4484 saecula
3526 4445 3540 4494 ;
3572 4439 3628 4484 ut
3658 4429 3796 4487 nihil

2206 4525 2344 4579 aliud
2375 4526 2716 4596 perhibeatur
2741 4525 2991 4580 Steculum
3028 4524 3204 4579 saeculi
3225 4566 3241 4586 ,
3275 4540 3432 4594 quam
3461 4525 3654 4578 smeula
3685 4539 3793 4578 SIB-

2206 4618 2442 4671 culorum
2469 4635 2482 4669 :
2513 4619 2644 4671 sicut
2674 4617 2802 4670 nihil
2835 4615 2974 4670 aliud
2997 4616 3188 4669 dicitur
3215 4615 3406 4669 malum
3435 4615 3555 4670 coeli
3583 4656 3596 4678 ,
3630 4629 3796 4682 quam

2206 4710 2324 4765 coeli
2363 4709 2641 4764 cmloruin.
2671 4707 2802 4762 Nam
2831 4707 3023 4762 cmlum
3054 4707 3196 4761 Deus
3231 4705 3440 4760 vocavit
3479 4705 3798 4759 firmamen-

2207 4810 2314 4855 tum
2367 4817 2526 4871 super
2574 4801 2712 4870 quod
2757 4809 2880 4855 sunt
2924 4815 3073 4870 aqua:
3125 4797 3274 4870 (Gen.
3307 4813 3346 4861 1,
3377 4797 3467 4867 8).
3517 4806 3571 4852 et
3610 4806 3800 4852 tamen

2207 4893 2466 4956 Psalmns,
2499 4890 2567 4946 Et
2596 4907 2760 4961 aqua,
2794 4891 2985 4961 inquit,
3013 4906 3126 4959 qua:
3152 4906 3302 4960 super
3322 4889 3474 4943 calas
3501 4899 3639 4952 sunt,
3677 4888 3805 4942 tau.

2205 4985 2322 5036 dent
2348 4999 2526 5036 nomen
2561 4982 2761 5035 Domini
2786 4982 2950 5052 (Psal.
2981 4997 3191 5043 chvnr,
3224 4981 3303 5051 4).
3335 4979 3471 5046 Quid
3501 4995 3628 5049 ergo
3659 4979 3801 5032 isto-

2206 5091 2324 5129 rum
2349 5075 2572 5128 duorum
2601 5073 2690 5139 sit,
2720 5089 2785 5126 an
2816 5082 3010 5142 praeter
3037 5071 3151 5126 haec
3185 5071 3291 5125 duo
3318 5070 3514 5140 aliquid
3545 5068 3689 5123 aliud
3720 5069 3804 5126 do

2206 5165 2416 5221 saeculis
2473 5165 2786 5221 saeculorum
2843 5163 3008 5233 possit
3065 5161 3322 5233 intelligi,
3375 5159 3806 5232 profundissima

2268 5345 2286 5375 ι
2321 5341 2435 5389 Editi
2463 5354 2478 5392 :
2502 5337 2789 5402 Quiprofert
2821 5348 3022 5387 numero
3042 5333 3291 5402 suculam.
3319 5341 3375 5384 Αι
3410 5340 3539 5402 Issa,
3561 5340 3649 5392 om
3673 5345 3806 5402 pro.

2203 5406 2296 5468 βενε
2332 5393 2592 5468 numerose
2607 5393 2870 5468 'swéutum._
2884 5406 3031 5468 Locus
3054 5404 3130 5447 est
3162 5399 3292 5448 Isaiae
3316 5409 3399 5468 ιιι.ἱ
3419 5395 3498 5468 ἓϐ,
3519 5393 3807 5448 Secundum

2204 5456 2330 5526 LXX,
2353 5478 2382 5515 ο
2402 5462 2637 5529 ecpttertm
2663 5461 2994 5514 cat’aritltmon
3011 5466 3089 5510 ton
3107 5472 3296 5510 cosmon
3317 5456 3478 5510 amati.

2265 5531 2286 5561 ³
2319 5529 2424 5577 Sola
2449 5527 2595 5576 editio
2617 5531 2747 5583 Lov.,
2772 5529 3138 5587 conseguwuar.

2267 5591 2288 5623 ³
2319 5597 2427 5639 Lov.
2455 5587 2586 5648 Quod
2628 5594 2679 5636 ut
2715 5593 2782 5648 tta
2819 5583 2982 5648 faciat.
3009 5585 3125 5648 aditi
3156 5597 3286 5648 ivero
3317 5584 3399 5633 alii
3430 5587 3634 5648 et_llss.:
3653 5583 3806 5648 Quod

2203 5661 2363 5764 glria;
2384 5653 2449 5702 ita
2465 5646 2629 5759 faciqt,
2655 5646 2837 5697 scilicet
2854 5646 3253 5708 quemadmodum
3269 5647 3319 5696 in
3333 5646 3599 5708 superioris
3617 5646 3806 5710 capitis

2236 5732 2297 5764 ne
2354 5723 2497 5764 ictum
2522 5725 2580 5759 es
2604 5749 2613 5758 .

2201 5718 2297 5767 ﬁne
2320 5717 2497 5764 dictum
2522 5719 2613 5759 est.

2269 5779 2340 5841 (η)
2365 5775 2484 5827 vide
2505 5774 2699 5824 Hieron.
2724 5771 2775 5820 in
2799 5771 2942 5835 apii.
2981 5769 3042 5821 ad
3060 5768 3260 5834 Galatas,
3285 5782 3392 5834 cap.
3414 5769 3456 5831 1,
3477 5767 3528 5833 φ.
3547 5768 3596 5821 5.
