4054 6482
257 537 476 609 quaestio
503 547 590 596 est
623 558 640 598 :
667 553 844 615 neque
866 543 970 602 hoc
995 544 1134 616 quod
1171 561 1314 604 nunc
1339 547 1544 619 agimus
1581 549 1800 620 impedit
1826 593 1843 618 ,

259 633 302 688 si
333 632 636 690 indiscussa
677 636 890 692 interim
933 639 1237 707 differatur;
1283 641 1396 696 sive
1443 641 1642 712 aliquid
1687 643 1739 697 in
1787 657 1849 698 ea

259 723 474 780 definire
501 727 808 794 valeamus,
837 730 952 785 sive
995 747 1090 786 nos
1135 732 1294 786 faciat
1321 738 1591 789 cautiores
1631 735 1852 806 diligen-

260 814 358 870 tior
401 815 519 886 ipsa
569 821 817 875 tractatio
842 861 858 888 ,
895 837 967 878 ne
1013 824 1066 877 in
1111 833 1256 878 tanta
1301 825 1627 880 obscuritate
1666 841 1846 881 rerum

259 906 526 962 afﬁrmare
553 909 752 979 aliquid
795 923 996 969 temere
1021 915 1331 971 audeamus.
1358 916 1508 973 Nunc
1532 919 1672 974 enim
1713 933 1846 974 con-

261 1007 334 1053 tra
361 999 676 1070 opinionem
701 1003 1054 1074 disputamus,
1087 1021 1187 1077 qua
1213 1007 1288 1064 illi
1319 1011 1572 1065 circuitus
1597 1025 1846 1066 asserun-

259 1100 370 1156 tur,
399 1093 595 1160 quibus
621 1107 836 1164 semper
879 1097 1064 1152 eadem
1103 1114 1198 1168 per
1241 1101 1517 1156 intervalla
1547 1107 1846 1171 temporum

258 1199 478 1240 necesse
504 1201 626 1240 esse
662 1190 830 1257 repeti
861 1190 1252 1248 existimantur.
1280 1193 1542 1260 Quaalibet
1573 1205 1746 1251 autem
1779 1196 1848 1250 il-

259 1274 422 1328 larum
455 1278 842 1334 sententiarum
884 1280 950 1336 de
990 1284 1200 1338 saeculis
1245 1287 1562 1340 saeculorum
1607 1303 1728 1342 vera
1756 1288 1843 1354 sit,

258 1366 318 1418 ad
349 1365 450 1420 hos
477 1368 734 1424 circuitus
773 1371 902 1426 nihil
933 1375 1166 1442 pertinet
1195 1394 1207 1429 :
1239 1378 1488 1447 quoniam
1515 1378 1626 1434 sive
1653 1379 1844 1434 saecula

260 1461 580 1514 surculorum
603 1462 730 1528 sint,
762 1479 866 1519 non
894 1466 1080 1522 eadem
1109 1471 1333 1538 repetita
1356 1511 1370 1538 ,
1400 1470 1496 1526 sed
1526 1471 1750 1528 alterum
1779 1487 1844 1528 ex

219 1609 234 1626 τ
258 1551 424 1607 altero
449 1555 785 1610 connexione
813 1557 1204 1614 ordinatissima
1233 1563 1624 1632 procurrentia,
1653 1563 1844 1620 libera-

259 1649 428 1697 torum
458 1643 785 1702 beatitudine
823 1649 942 1704 sine
975 1649 1084 1706 ullo
1115 1667 1333 1709 recursu
1363 1654 1700 1710 miseriarum
1727 1671 1844 1712 cer-

259 1736 458 1790 tissima
501 1749 870 1808 permanente,
909 1743 1022 1798 sive
1058 1747 1250 1801 saecula
1284 1749 1602 1804 saeculorum
1645 1757 1842 1805 aeterna

258 1827 360 1882 sint
399 1831 774 1900 temporalium
817 1842 1064 1906 tanquam
1105 1837 1430 1894 dominantia
1480 1841 1840 1908 subditorum,

257 1919 508 1977 circuitus
539 1923 612 1978 illi
645 1926 830 1981 eadem
877 1930 1210 1988 revolventcs
1249 1931 1422 1987 locum
1467 1949 1572 1988 non
1619 1935 1840 2002 habent,

259 2027 389 2081 quos
414 2015 647 2070 maxime
685 2015 882 2074 refellit
907 2030 1106 2076 (eterna
1145 2021 1249 2076 vita
1299 2033 1601 2080 sanctorum
1627 2023 1840 2098 (Matth.

259 2121 360 2160 xxv
385 2147 404 2174 ,
429 2107 546 2178 46).

258 2219 479 2278 CAPUT
505 2222 624 2278 XX.
651 2253 724 2266 —
743 2225 819 2280 De
845 2227 1104 2299 impietate
1131 2247 1302 2286 eorum
1343 2233 1430 2303 qui
1461 2245 1692 2289 asserunt
1731 2239 1842 2290 ani-

325 2329 436 2368 mas
476 2331 688 2372 summa:
725 2335 950 2390 remque
978 2322 1296 2378 beatitudinis
1327 2325 1617 2395 participes,
1661 2326 1843 2382 iterum

323 2414 472 2476 atque
503 2405 690 2461 iterum
733 2425 822 2478 per
845 2411 1084 2468 circuitus
1113 2421 1392 2484 temporum
1427 2415 1498 2470 ad
1521 2417 1718 2472 easdem
1749 2418 1846 2472 mi-

324 2499 484 2554 serias
503 2499 800 2572 laboresque
824 2503 1092 2560 redituras.

326 2613 378 2666 Ι.
410 2611 650 2681 Quorum
679 2617 822 2671 enim
851 2633 1008 2674 aures
1031 2621 1238 2690 piorum
1279 2621 1486 2689 ferant,
1517 2633 1638 2696 post
1660 2641 1844 2682 emen-

257 2720 366 2760 sam
395 2715 476 2759 tot
513 2708 780 2780 tantisque
814 2711 1205 2769 calamitatibus
1242 2717 1404 2772 vitam
1435 2717 1502 2788 (si
1533 2725 1710 2773 tamen
1743 2719 1841 2774 ista

257 2795 359 2850 vita
384 2797 612 2854 dicenda
641 2809 742 2864 est,
775 2817 894 2872 qua:
921 2805 1098 2876 potius
1139 2821 1283 2862 mors
1309 2817 1410 2872 est,
1453 2810 1522 2864 ita
1555 2811 1752 2881 gravis,
1785 2820 1844 2866 ut

257 2903 398 2944 mors
427 2905 550 2960 quae
573 2891 644 2946 ab
673 2891 774 2948 hac
801 2894 1008 2961 liberat,
1049 2899 1234 2954 mortis
1265 2899 1420 2969 hujus
1449 2915 1632 2957 amore
1660 2903 1844 2959 timea-

259 2987 342 3035 tur
371 2981 470 3054 (a),
495 2991 618 3053 post
651 2993 758 3040 tam
787 3003 978 3058 magna
1018 2991 1156 3046 mala
1197 2999 1410 3062 tamque
1449 2995 1610 3049 multa
1635 3007 1688 3050 et
1719 2995 1844 3054 hor-

257 3073 456 3140 renda,
510 3075 726 3132 tandem
774 3079 1062 3148 aliquando
1131 3097 1225 3150 per
1291 3099 1469 3139 veram
1531 3086 1840 3157 religionem

256 3175 407 3236 atque
448 3169 762 3236 sapientiam
809 3173 1016 3242 expiata
1047 3183 1207 3244 atque
1245 3176 1391 3232 finita
1417 3219 1430 3242 ,
1465 3177 1536 3233 ita
1566 3181 1844 3248 pervenire

256 3259 318 3312 ad
341 3271 688 3330 conspectum
713 3263 826 3330 Dei,
857 3275 1016 3338 atque
1044 3269 1111 3323 ita
1142 3269 1252 3325 fieri
1279 3271 1488 3328 beatum
1516 3275 1846 3346 contempla-

257 3351 396 3407 tione
423 3353 754 3423 incorporeae
777 3357 908 3411 lucis
933 3376 1026 3428 per
1053 3363 1509 3432 participationem
1535 3368 1841 3424 immutabi-

255 3441 316 3497 lis
346 3442 762 3501 immortalitatis
791 3449 925 3518 ejus,
955 3451 1102 3521 cujus
1131 3451 1486 3522 adipiscenda:
1518 3473 1702 3512 amore
1741 3457 1840 3512 fla-

253 3547 486 3604 gramus,
521 3545 580 3591 ut
607 3553 728 3593 eam
755 3541 1072 3612 quandoque
1101 3559 1322 3600 necesse
1344 3547 1412 3601 sit
1438 3547 1635 3615 deseri,
1669 3558 1724 3605 et
1749 3565 1842 3606 eos

253 3628 340 3698 qui
381 3627 660 3698 deserunt,
689 3631 760 3687 ab
799 3634 886 3687 illa
917 3637 1250 3704 aeternitate,
1293 3641 1546 3708 veritate,
1591 3642 1842 3701 felicitate

253 3717 504 3790 dejectos,
537 3730 783 3778 tartareae
809 3727 1180 3796 mortalitati‘,
1215 3730 1352 3800 turpi
1381 3733 1641 3796 stultitiae,
1675 3735 1838 3790 mise-

253 3811 342 3867 riis
361 3813 786 3869 exsecrabilibus
825 3817 1106 3888 implicari,
1141 3820 1229 3876 ubi
1259 3821 1399 3876 Deus
1425 3825 1719 3892 amittatur,
1751 3827 1840 3882 ubi

252 3902 370 3958 odio
411 3905 612 3960 veritas
661 3905 938 3977 habeatur,
977 3911 1064 3965 ubi
1105 3927 1201 3984 per
1242 3913 1544 3970 immundas
1579 3919 1842 3988 nequitias

253 3992 520 4052 beatitudo
544 4009 851 4068 qumratur;
880 4011 934 4056 et
961 4002 1062 4056 hoc
1117 4003 1297 4060 itidem
1323 4017 1483 4077 atque
1513 4007 1694 4064 itidem
1725 4011 1840 4066 sine

253 4085 356 4140 ullo
397 4085 507 4142 fine
533 4089 768 4157 priorum
810 4099 865 4146 et
902 4093 1256 4162 posteriorum
1281 4097 1443 4152 certis
1462 4097 1761 4156 intervallis
1787 4111 1842 4158 et

253 4177 672 4238 dimensionibus
701 4187 1016 4241 saeculorum
1049 4187 1246 4244 factum
1281 4201 1336 4246 et
1358 4191 1625 4260 futurum;
1657 4203 1712 4250 et
1738 4196 1840 4252 hoc

251 4281 550 4344 propterea,
593 4285 648 4329 ut
677 4277 882 4346 possint
911 4279 1038 4348 Deo,
1069 4281 1376 4338 circuitibus
1403 4285 1635 4342 definitis
1661 4290 1836 4344 eunti-

251 4363 347 4419 bus
398 4379 616 4435 semper
667 4378 826 4439 atque
879 4371 1224 4428 redeuntibus
1275 4389 1370 4444 per
1411 4389 1622 4434 nostras
1677 4379 1839 4436 falsas

249 4454 604 4514 beatitudines
651 4469 704 4515 et
747 4477 898 4516 veras
942 4465 1201 4533 miserias,
1251 4467 1550 4523 alternatim
1601 4471 1835 4540 quidem,

249 4547 338 4601 sed
379 4550 722 4605 revolutione
773 4553 1074 4609 incessabili
1120 4559 1494 4626 sempiternas,
1547 4571 1670 4616 nota
1719 4579 1838 4620 esse

249 4653 408 4709 opera
455 4657 580 4708 sua;
610 4644 860 4712 quoniam
889 4663 1061 4718 neque
1086 4663 1116 4702 a
1143 4649 1389 4706 faciendo
1418 4653 1714 4721 quiescere,
1747 4672 1840 4712 ne-

249 4743 346 4800 que
384 4731 607 4786 sciendo
651 4737 820 4803 possit
867 4753 926 4791 ea
967 4753 1084 4807 qua:
1115 4739 1317 4796 inﬁnita
1361 4753 1520 4811 sunt,
1549 4745 1838 4816 indagare?

245 4823 361 4892 quis
389 4823 506 4880 haec
531 4827 746 4883 audiat?
765 4831 882 4899 quis
906 4832 1124 4888 credat?
1147 4835 1264 4904 quis
1291 4835 1466 4890 ferat?
1485 4837 1615 4906 Quae
1639 4841 1684 4896 si
1711 4857 1835 4897 vera

245 4927 462 4984 essent,
525 4935 632 4973 non
679 4922 851 4976 solum
899 4931 1202 4981 tacerentur
1249 4929 1593 4999 prudentius,
1648 4949 1836 4988 verum

244 5007 400 5062 etiam
431 5009 516 5080 (ut
551 5012 820 5080 quomodo
866 5015 1016 5070 valeo
1059 5017 1232 5071 dicam
1260 5019 1402 5088 quod
1442 5021 1586 5095 volo)
1628 5023 1836 5081 doctius

245 5100 604 5158 nescirentur.
632 5101 764 5158 Nam
798 5105 843 5160 si
873 5107 986 5162 haec
1013 5109 1122 5164 illic
1153 5110 1204 5164 in
1239 5115 1493 5168 memoria
1525 5133 1630 5170 non
1667 5117 1832 5174 habe-

245 5189 438 5260 bimus,
467 5204 522 5249 et
553 5195 674 5251 ideo
699 5197 836 5253 beati
861 5201 1078 5266 erimus,
1109 5219 1204 5258 cur
1224 5203 1310 5260 hic
1333 5221 1427 5278 per
1454 5223 1636 5264 eorum
1667 5211 1840 5267 scicn-

248 5283 371 5352 tiam
401 5297 660 5356 gravatur
693 5293 920 5361 amplius
960 5303 1143 5350 nostra
1183 5297 1438 5354 miseria?
1465 5301 1522 5356 Si
1560 5311 1734 5358 autem
1765 5305 1837 5361 ibi

243 5387 304 5428 ea
331 5381 642 5434 necessario
667 5383 850 5438 scituri
873 5398 1080 5450 sumus,
1105 5387 1192 5442 hic
1218 5389 1403 5446 saltem
1435 5395 1756 5464 nesciamus,
1783 5403 1838 5451 ut

248 5471 334 5530 hic
365 5475 572 5532 felicior
596 5477 668 5534 sit
697 5484 1044 5552 exspectatio,
1076 5501 1230 5556 quam
1259 5487 1366 5544 illic
1404 5490 1617 5560 adeptio
1643 5493 1836 5548 summi

243 5566 372 5624 boni
391 5591 404 5624 :
423 5572 636 5642 quando
665 5573 750 5629 hic
786 5585 983 5632 aeterna
1019 5579 1124 5634 vita
1154 5583 1527 5652 consequeuda
1558 5595 1836 5655 exspecta-

243 5669 366 5730 tur;
407 5666 480 5722 ibi
507 5677 688 5724 autem
732 5671 934 5754 beata,
965 5675 1060 5730 sed
1109 5691 1214 5731 non
1261 5683 1482 5746 aeterna,
1524 5679 1840 5750 quandoque

245 5759 535 5817 amittenda
564 5765 922 5834 cognoscitur.

307 5873 334 5941 ξ
363 5879 414 5941 tn
433 5874 538 5941 sola
558 5875 775 5941 editione
797 5886 926 5941 Lov.,
953 5877 1317 5932 immortalitati.

311 5935 390 6000 (α)
411 5937 542 5991 Conf.
565 5940 810 5990 Ciceronis
830 5935 1071 5993 Son'mium
1085 5945 1332 6006 Scipionis,
1353 5955 1460 6008 cap.
1481 5945 1533 5996 3.

1565 425 1770 486 LIBER
1806 421 2264 490 DUODECMUS.

3429 432 3536 490 570

2027 547 2082 604 2.
2109 547 2164 604 Si
2197 557 2372 606 autem
2400 550 2600 614 dicunt,
2631 550 2896 606 neminem
2927 561 3085 621 posse
3113 550 3178 606 ad
3207 550 3346 606 illam
3371 550 3538 606 beati-

1956 639 2194 695 tudinem
2224 641 2534 711 pervenire,
2577 641 2676 697 nisi
2704 642 2802 696 hos
2827 643 3076 698 circuitus
3098 687 3110 708 ,
3152 643 3241 698 ubi
3267 643 3537 698 beatitudo

1953 741 2008 787 et
2031 733 2244 788 miseria
2265 732 2500 790 vicissim
2519 735 2801 802 aitet-nant,
2833 737 2886 791 in
2913 736 3072 808 hujus
3089 739 3210 792 vita:
3239 736 3538 794 eruditione

1953 824 2290 896 cognoverit;
2344 827 2612 897 quomodo
2667 845 2792 900 ergo
2845 830 3112 896 fatentur,
3167 839 3368 902 quanto
3419 831 3538 902 plus

1953 917 2178 988 quisque
2199 919 2453 972 amaverit
2481 919 2646 974 Deum
2669 963 2682 988 ,
2717 929 2862 976 tanto
2888 937 3008 976 eum
3037 922 3244 979 facilius
3273 924 3336 978 ad
3365 923 3536 978 beati-

1953 1007 2189 1062 tudinem
2241 1019 2637 1078 perventurum,
2703 1013 2788 1080 qui
2835 1029 2894 1066 ea
2938 1014 3126 1068 docent
3165 1015 3353 1084 quibus
3387 1030 3538 1071 amor

1953 1098 2068 1168 ipse
2097 1103 2400 1170 torpescat?
2437 1101 2567 1156 Nam
2612 1103 2730 1172 quis
2773 1119 2876 1158 non
2923 1107 3194 1160 remissius
3223 1115 3278 1163 et
3309 1109 3536 1179 tepidius

1953 1200 2094 1245 amet
2124 1207 2244 1246 eum
2271 1233 2286 1258 ,
2333 1209 2488 1263 quem
2519 1209 2578 1248 se
2607 1195 2802 1262 cogitat
2831 1179 3129 1250 necessario
3165 1198 3496 1253 deserturum
3516 1239 3534 1266 ,

1951 1290 2005 1336 et
2035 1291 2216 1338 contra
2247 1285 2362 1354 ejus
2389 1285 2664 1340 veritatem
2701 1287 3117 1358 sapientiamque
3147 1305 3418 1344 sensurum
3439 1333 3454 1356 ,
3483 1299 3536 1346 et

1953 1375 2054 1431 hoc
2080 1392 2198 1430 cum
2227 1377 2290 1432 ad
2321 1379 2436 1448 ejus
2467 1379 2676 1448 plenam
2707 1395 2800 1449 pro
2846 1395 2938 1434 sua
2969 1383 3258 1450 capacitate
3292 1385 3534 1438 notitiam

1951 1467 2292 1524 beatitudinis
2334 1469 2661 1538 perfectione
2699 1473 3030 1539 pervenerit;
3071 1473 3283 1542 quando
3311 1489 3406 1526 nec
3439 1476 3538 1528 hoc

1953 1560 2148 1612 minem
2177 1561 2404 1615 amicum
2436 1563 2606 1632 possit
2631 1563 2856 1634 quisque
2884 1579 3064 1620 amare
3099 1565 3341 1628 fideliter,
3373 1565 3456 1619 cui
3481 1581 3540 1620 se

1949 1649 2182 1705 futurum
2232 1653 2440 1707 noverit
2472 1654 2782 1710 inimicum?
2820 1655 2924 1711 Sed
2953 1657 3089 1712 absit
3131 1664 3190 1710 ttt
3229 1673 3350 1710 vera
3395 1657 3538 1725 sint,

1949 1757 2069 1814 quae
2095 1743 2248 1798 nobis
2273 1745 2542 1800 minantur
2560 1761 2738 1801 veram
2769 1749 3038 1806 miseriam
3061 1763 3330 1819 nunquam
3355 1748 3542 1804 finien~

1949 1835 2111 1900 dam,
2163 1837 2254 1892 sed
2305 1838 2795 1906 iuterpositionibus
2833 1839 2980 1895 falsa:
3031 1841 3369 1896 beatitudinis
3399 1857 3542 1910 smne

1953 1941 2014 1982 ac
2047 1929 2162 1982 sine
2199 1930 2302 1983 fine
2329 1930 2700 2000 rumpendam.
2739 1930 2874 1998 Quid
2913 1931 3052 1986 enim
3093 1931 3182 1984 illa
3215 1930 3542 1988 beatitudine

1950 2017 2132 2073 falsius
2170 2029 2328 2090 atque
2356 2019 2624 2084 fallacius,
2659 2021 2747 2074 ubi
2789 2035 2888 2076 nos
2927 2021 3133 2076 futuros
3160 2021 3413 2082 miseros,
3449 2029 3542 2076 aut

1949 2109 2002 2165 in
2033 2119 2174 2165 tanta
2201 2111 2439 2166 veritatis
2471 2111 2590 2166 luce
2615 2112 2945 2178 nesciamus,
2979 2119 3072 2167 aut
3101 2112 3150 2165 in
3183 2126 3386 2166 summa
3421 2111 3540 2166 feli‘

1949 2201 2123 2255 citatis
2152 2217 2273 2257 arce
2297 2203 2610 2257 timeamus?
2637 2203 2692 2256 Si
2719 2203 2860 2258 enim
2881 2211 3156 2257 venturam
3183 2203 3538 2256 calamitatem

1951 2291 2242 2362 ignoraturi
2275 2307 2478 2358 sumus,
2511 2294 2734 2362 peritior
2764 2302 2845 2348 est
2873 2293 2958 2348 hic
2981 2303 3162 2349 nostra
3189 2294 3423 2359 miseria,
3449 2292 3540 2350 ubi

1951 2393 2226 2440 venturam
2275 2383 2658 2440 beatitudinem
2699 2386 2964 2440 novimus.
3010 2383 3065 2440 Si
3109 2393 3284 2439 autem
3313 2399 3410 2438 nos
3435 2384 3540 2439 illic

1950 2475 2130 2530 clades
2161 2475 2444 2532 imminens
2471 2491 2574 2530 non
2605 2475 2808 2541 latebit,
2839 2476 3046 2532 beatius
3071 2485 3308 2546 tempora
3339 2475 3538 2532 transi-

1949 2571 2028 2640 git
2052 2571 2228 2624 anima
2261 2570 2449 2624 misera
2491 2569 2681 2640 quibus
2725 2571 3006 2624 transactis
3053 2568 3118 2622 ad
3155 2567 3540 2623 beatitudinem

1951 2659 2274 2725 sublevetur,
2305 2675 2462 2730 quam
2487 2660 2638 2716 beata
2671 2659 2862 2730 quibus
2891 2659 3170 2714 transactis
3195 2659 3246 2712 in
3269 2659 3540 2712 miseriam

1953 2753 2272 2808 revolvatur.
2304 2754 2475 2824 Atque
2499 2753 2570 2808 ita
2598 2767 2722 2822 spes
2745 2762 2938 2806 nostra:
2969 2750 3290 2806 infelicitatis
3311 2757 3393 2804 est
3415 2747 3540 2802 felix

1951 2851 2007 2900 et
2035 2843 2300 2900 felicitatis
2331 2845 2534 2900 infelix.
2571 2845 2720 2900 Unde
2753 2845 2806 2898 fit
2827 2887 2841 2912 ,
2879 2855 2936 2898 ut
2973 2845 3094 2915 quia
3125 2843 3212 2899 hic
3243 2843 3376 2896 mala
3405 2857 3542 2911 prae-

1951 2938 2120 2992 sentia
2151 2937 2396 3006 patimur,
2427 2937 2498 2990 ibi
2517 2938 2801 2992 metuimus
2821 2935 3174 3000 imminentia,
3197 2934 3376 2990 verius
3401 2947 3544 2988 sem-

1951 3043 2050 3098 per
2075 3028 2256 3082 miseri
2287 3043 2444 3098 quam
2476 3027 2615 3083 beati
2647 3027 2930 3098 aliquando
2955 3043 3072 3082 esse
3099 3027 3383 3095 possimus.

2023 3117 2078 3174 ὅ.
2108 3117 2214 3173 Sed
2245 3119 2494 3188 quoniam
2523 3117 2638 3172 htec
2676 3117 2804 3170 falsa
2847 3127 2970 3172 sunt
3000 3118 3262 3171 etantanto
3309 3115 3500 3184 pietate
3526 3157 3540 3181 ,

1951 3211 2300 3269 convincente
2339 3211 2564 3266 veritate
2593 3209 2713 3278 (illa
2755 3210 2898 3264 enim
2937 3209 3089 3262 nobis
3129 3208 3388 3262 veraciter
3415 3221 3544 3276 pro-

1950 3306 2178 3360 mittitur
2205 3319 2327 3359 vera
2369 3303 2628 3368 felicitas,
2673 3302 2823 3372 cujus
2864 3301 2966 3355 erit
2993 3314 3204 3367 semper
3231 3297 3504 3352 retinenda
3525 3339 3540 3360 ,

1951 3404 2006 3451 et
2030 3395 2172 3451 nulla
2217 3394 2522 3450 infelicitate
2561 3392 2854 3463 rumpenda
2880 3401 3024 3446 certa
3054 3389 3368 3460 securitas);
3403 3391 3540 3444 viam

1951 3495 2152 3544 rectam
2180 3497 2464 3558 sequentes
2490 3529 2503 3552 ,
2541 3487 2690 3556 quac'
2725 3485 2876 3539 nobis
2905 3493 2988 3539 est
3014 3483 3274 3546 Christus,
3311 3499 3378 3538 eo
3406 3483 3540 3538 duce

1951 3594 2014 3636 ac
2043 3581 2306 3636 salvatore
2340 3595 2370 3633 a
2403 3593 2542 3633 vano
2571 3587 2625 3633 et
2667 3578 2850 3641 inepto
2881 3575 3160 3647 impiorum
3187 3575 3410 3628 circuitu
3443 3575 3544 3628 iter

1951 3671 2072 3727 fidei
2101 3681 2438 3741 mentemque
2462 3679 2786 3726 avertamus.
2812 3669 2865 3724 Si
2891 3669 3031 3724 enim
3064 3669 3130 3721 de
3161 3667 3276 3722 istis
3303 3667 3540 3720 cit-eniti-

1951 3765 2050 3820 bus
2075 3773 2129 3820 et
2157 3766 2271 3819 sine
2299 3764 2599 3820 cessatione
2637 3761 3020 3817 alternantibus
3049 3759 3300 3814 itionibus
3338 3766 3394 3813 et
3421 3758 3544 3812 red-

1951 3856 2202 3912 itionibus
2245 3856 2542 3910 animarum
2591 3852 2916 3924 Porphyrius
2969 3851 3271 3906 Platonicus
3321 3865 3538 3905 suorum

1949 3949 2253 4018 opinionem
2299 3949 2448 4019 sequi
2481 3948 2652 4003 noluit
2677 3989 2690 4012 ,
2721 3947 2834 4001 sive
2863 3947 3027 4016 ipsius
3053 3947 3128 4000 rei
3155 3947 3386 4001 vanitate
3415 3961 3536 4015 per-

1949 4049 2150 4108 motus,
2171 4043 2283 4096 sive
2301 4042 2410 4110 jam
2433 4051 2668 4110 tempora
2689 4039 2977 4095 christiana
2995 4039 3290 4104 reveritus;
3321 4051 3373 4093 et
3396 4039 3539 4109 quod

1949 4135 2002 4190 in
2028 4135 2164 4190 libro
2191 4135 2396 4189 decimo
2418 4132 2856 4194 commemoravi,
2901 4131 3036 4201 (cap.
3065 4131 3180 4201 50),
3213 4130 3391 4186 dicere
3418 4146 3504 4185 ma
3522 4161 3534 4169 -

1947 4225 2078 4293 luit,
2131 4227 2362 4280 animum
2415 4235 2633 4297 propter
2677 4223 3044 4294 cognoscenda
3096 4223 3232 4276 mala
3287 4223 3533 4278 traditam

1947 4321 2147 4376 mundo
2171 4363 2185 4388 ,
2235 4329 2292 4374 ut
2329 4320 2396 4374 ab
2435 4319 2512 4373 eis
2546 4319 2767 4374 liberata
2815 4325 2971 4388 atque
3001 4325 3252 4387 purgata,
3304 4332 3422 4370 cum
3470 4315 3538 4372 ad

1947 4413 2156 4468 Patrem
2187 4413 2426 4479 redierit,
2460 4410 2592 4465 nihil
2633 4411 2852 4464 ulterius
2893 4409 2998 4464 tale
3041 4409 3538 4480 patiaturzqnanto

1947 4505 2114 4574 magis
2139 4519 2236 4558 nos
2267 4503 2424 4557 istam
2455 4501 2722 4555 inimicam
2751 4501 3058 4555 christianze
3099 4499 3219 4554 fidei
3251 4499 3533 4554 falsitatem

1949 4595 2200 4650 detestari
2233 4609 2294 4648 ac
2318 4593 2556 4646 devitarc
2581 4591 2871 4645 debemus?
2897 4590 2991 4644 His
3017 4597 3194 4644 autem
3223 4590 3532 4644 circuitihus

1949 4689 2214 4744 evacuatis
2242 4693 2398 4754 atque
2433 4683 2698 4736 frustratis
2717 4723 2730 4745 ,
2775 4681 2916 4734 nulla
2945 4681 3236 4736 necessitas
3265 4695 3362 4736 nos
3385 4695 3536 4736 com-

1947 4777 2128 4850 pellit,
2159 4777 2279 4832 ideo
2309 4785 2494 4846 putare
2539 4788 2646 4829 non
2695 4773 2894 4828 habere
2937 4773 3144 4828 initium
3191 4775 3442 4844 tetnporis
3471 4789 3536 4827 ex

1945 4887 2050 4943 quo
2082 4886 2200 4926 esse
2237 4869 2459 4939 coeperit
2505 4882 2671 4939 genus
2719 4867 3041 4931 humanum,
3071 4867 3191 4937 quia
3231 4881 3328 4934 per
3353 4863 3534 4922 nescio

1947 4979 2080 5035 quos
2107 4961 2360 5017 circuitus
2405 4959 2536 5014 nihil
2577 4959 2644 5013 sit
2690 4957 2741 5012 in
2791 4957 2950 5013 rebus
2993 4958 3144 5020 novi,
3182 4953 3322 5024 quod
3351 4969 3452 5007 non
3479 4964 3536 5010 et

1945 5064 2098 5111 antea
2125 5055 2284 5108 certis
2309 5051 2607 5107 intervallis
2637 5059 2934 5119 temporum
2969 5047 3155 5109 fuerit,
3181 5053 3238 5100 et
3262 5050 3444 5114 postea
3471 5047 3540 5100 sit

1945 5147 2199 5202 futurum.
2241 5144 2294 5200 Si
2331 5145 2472 5200 enim
2524 5141 2776 5198 liberatur
2819 5141 2994 5193 anima
3041 5151 3148 5191 non
3193 5135 3426 5190 reditura
3469 5137 3536 5191 ad

1947 5241 2213 5307 miserias,
2245 5239 2380 5292 sicut
2409 5249 2678 5305 nunquam
2709 5241 2865 5286 antea
2893 5231 3110 5284 liberata
3137 5237 3238 5296 est,
3271 5228 3329 5282 fit
3359 5229 3411 5282 in
3443 5228 3534 5284 illa

1946 5331 2142 5404 aliquid
2187 5331 2328 5402 quod
2371 5339 2526 5384 antea
2571 5339 2838 5394 nunquam
2885 5321 3082 5376 factum
3129 5321 3264 5388 est',
3330 5329 3386 5376 et
3430 5321 3534 5376 hoc

1947 5423 2160 5495 quidem
2190 5421 2342 5476 valde
2369 5434 2638 5490 magnum,
2673 5415 2724 5471 id
2753 5423 2856 5481 est,
2888 5427 3006 5484 quae
3031 5428 3302 5483 nunquam
3327 5413 3536 5468 desinat

1947 5523 2144 5571 aeterna
2165 5513 2412 5570 felicitas.
2438 5511 2494 5567 Si
2515 5519 2690 5565 autem
2713 5509 2766 5562 in
2790 5515 2976 5563 natura
3002 5505 3286 5560 immortali
3310 5504 3536 5560 ﬁt'tanta

1947 5607 2214 5674 novitas’,
2263 5605 2410 5660 nullo
2456 5603 2710 5673 repetita,
2765 5599 2910 5654 nullo
2955 5597 3246 5669 repetenda
3282 5596 3536 5666 circuitu,

2009 5702 2032 5796 ἶ
2062 5698 2430 5820 ξίῗῗιΗιιΊὲοὲἑεη
2453 5755 2509 5822 ﬁt
2529 5755 2582 5806 in
2618 5755 2706 5808 illa
2731 5753 2917 5820 aliquid
2951 5751 3080 5818 quod
3117 5751 3166 5804 ei
3184 5763 3429 5816 nunquam
3459 5753 3537 5816 fa-

1947 5829 2313 5937 c“gnsiecshvind.
2360 5893 2461 5934 Am.
2504 5890 2558 5937 et
2590 5889 2700 5936 κςθ.
2735 5888 2792 5934 At
2823 5887 2957 5944 Dom,
2985 5877 3051 5931 εει
3071 5881 3210 5930 tanta
3250 5873 3527 5938 ttovitasfu-

1950 5953 2080 6000 tura.
