4054 6478
502 303 610 363 5⁸15

499 421 786 477 seminales
827 435 1002 478 causae
1041 422 1321 494 gignendis
1364 425 1522 482 rebus
1560 427 1930 498 adhibeantur,
1961 431 2073 487 sive

500 515 891 582 operationibus
917 518 1232 586 Angelorum
1261 526 1352 573 aut
1379 519 1648 576 hominum
1665 564 1680 588 ,
1711 534 1800 580 aut
1824 541 2072 596 quorum-

499 620 601 675 que
624 607 926 662 animalium
947 649 962 674 ,
999 610 1112 664 sive
1137 612 1358 665 marium
1392 613 1809 686 feminarumque
1853 621 2068 674 mixtio-

498 696 686 762 nibus;
716 699 966 768 quaelibet
990 701 1148 755 etiam
1180 703 1439 760 desideria
1469 717 1708 763 motusve
1737 711 1926 765 animae
1951 727 2067 767 ma-

494 786 594 842 tris
621 787 829 842 valeant
856 790 1052 859 aliqnid
1094 792 1534 850 lineamentorum
1566 807 1656 853 aut
1696 801 1934 856 colorum
1977 818 2066 857 as-

492 891 715 946 pergere
734 879 925 932 teneris
946 882 1293 953 mollibusque
1311 889 1672 957 conceptibus,
1693 891 1832 958 ipsas
1851 893 2066 948 omnino

490 977 704 1020 naturas
723 1011 737 1033 ,
761 985 878 1038 quae
903 972 981 1027 sic
1000 974 1079 1027 vel
1107 974 1183 1028 sic
1211 975 1262 1028 in
1291 991 1388 1032 suo
1407 995 1598 1048 genere
1618 980 1932 1050 afficiantur,
1960 989 2064 1040 non

486 1054 611 1109 facit
633 1057 731 1111 nisi
757 1073 994 1115 summus
1018 1063 1154 1116 Deus
1176 1083 1188 1118 :
1213 1067 1362 1136 cujus
1386 1069 1589 1123 occulta
1617 1073 1846 1139 potentia
1875 1085 2063 1132 cuncta

484 1156 769 1216 penetrans
826 1151 1278 1210 incontaminahili
1331 1158 1349 1190 ί
1400 1162 1680 1228 praesentia
1749 1163 1874 1220 facit
1943 1181 2062 1224 esse

483 1239 734 1309 quidquid
781 1243 958 1312 aliquo
988 1247 1144 1300 modo
1179 1258 1294 1315 est,
1326 1249 1377 1304 in
1417 1262 1897 1325 quantumcumque
1938 1268 2056 1326 est;

481 1332 602 1399 quia
645 1333 744 1386 nisi
787 1334 1009 1391 faciente
1050 1337 1160 1400 illo,
1195 1355 1296 1395 non
1331 1343 1432 1396 tale
1472 1344 1555 1398 vel
1601 1347 1702 1400 tale
1743 1357 1918 1416 esset,
1961 1350 2053 1405 sed

481 1437 696 1491 prorsus
753 1441 871 1480 esse
923 1443 1026 1482 non
1081 1441 1256 1498 posset
1288 1432 1385 1505 (a).
1420 1435 1769 1505 Quapropter,
1811 1440 1853 1493 si
1885 1440 1935 1493 in
1969 1441 2054 1496 illa

479 1514 657 1583 specie
699 1533 854 1586 quam
897 1521 1187 1578 forinsecus
1231 1528 1597 1596 corporalibus
1635 1531 1852 1600 opifices
1895 1536 2054 1591 rebus

478 1607 785 1678 imponunt,
838 1615 1021 1669 urbem
1068 1616 1290 1673 Romam
1343 1631 1395 1674 et
1446 1623 1629 1678 urbem
1678 1626 2050 1685 Alexandriam

477 1714 580 1754 nco
614 1700 790 1758 fabros
817 1715 868 1760 et
900 1708 1214 1764 architectos
1235 1755 1249 1775 ,
1273 1714 1365 1768 sed
1396 1731 1549 1786 reges
1575 1760 1588 1782 ,
1621 1734 1841 1788 quorum
1870 1724 2050 1778 volun-

477 1799 582 1845 tate
606 1834 620 1857 ,
649 1797 890 1856 consilio.
924 1799 1146 1868 imperio
1177 1802 1442 1859 fabricate
1469 1816 1592 1862 sunt
1612 1849 1626 1872 ,
1672 1809 1809 1865 illam
1847 1811 2044 1870 Romu-

474 1879 582 1934 lum
601 1924 614 1944 ,
645 1884 785 1938 illam
810 1888 1166 1946 Alexandrum
1200 1895 1443 1952 habuisse
1467 1899 1688 1954 dicimus
1709 1903 2041 1963 conditores:

471 1981 666 2041 quanto
694 1977 866 2043 potius
897 1981 1105 2035 nonnisi
1135 1983 1298 2039 Deum
1330 1986 1584 2044 debemus
1610 1994 1934 2052 conditorem
1965 1999 2043 2053 di-

467 2075 589 2115 cere
615 2072 920 2120 naturarum
947 2111 959 2133 ,
991 2072 1077 2139 qui
1121 2088 1293 2142 neque
1329 2092 1393 2130 ex
1420 2093 1480 2133 ea
1528 2084 1745 2137 materia
1786 2086 1908 2142 facit
1949 2090 2043 2144 ali-

465 2154 588 2222 quid
616 2173 770 2225 quam
802 2163 913 2228 ipse
941 2179 1046 2218 non
1074 2165 1293 2236 fecerit,
1327 2187 1426 2226 nec
1457 2179 1729 2244 operarios
1757 2180 1912 2236 habet
1940 2185 2037 2239 nisi

466 2258 595 2313 quos
619 2247 730 2315 ipse
752 2254 1042 2320 creaverit;
1070 2266 1124 2310 et
1148 2261 1193 2312 si
1225 2264 1511 2328 potentiam
1540 2282 1687 2322 suam
1714 2311 1727 2333 ,
1762 2281 1816 2325 ut
1844 2273 1914 2326 ita
1953 2275 2035 2328 di-

461 2350 598 2404 cam,
640 2339 1026 2400 fabricatoriam
1069 2349 1228 2404 rebus
1257 2353 1564 2422 subtrahat,
1600 2360 1668 2413 ita
1697 2377 1800 2414 non
1841 2375 2032 2432 erunt,

460 2427 594 2482 sicut
616 2439 740 2486 ante
765 2449 921 2502 quam
955 2436 1143 2494 fierent
1173 2457 1273 2496 non
1321 2444 1534 2502 fuerunt
1553 2449 1576 2503 ?
1597 2449 1700 2505 Sed
1726 2463 1848 2508 ante
1874 2455 1992 2511 dico
2015 2500 2030 2524 ,

457 2523 771 2591 aeternitate,
805 2542 907 2582 non
938 2540 1192 2600 tempore.
1222 2535 1349 2603 Quis
1377 2539 1518 2594 enim
1557 2542 1689 2597 alius
1723 2557 1931 2602 creator
1951 2560 2034 2604 est

457 2619 754 2682 temporum
779 2659 793 2682 ,
828 2619 928 2676 nisi
967 2624 1054 2694 qui
1099 2626 1219 2682 fecit
1257 2645 1317 2684 ea
1340 2671 1353 2696 ,
1384 2648 1607 2702 quorum
1638 2640 1870 2697 motibus
1911 2659 2031 2698 cur-

453 2717 632 2763 rerent
651 2718 756 2765 tem
764 2727 888 2780 pora
908 2714 932 2768 ?

451 2817 674 2878 CAPUT
713 2824 900 2880 XXVI.
953 2859 1024 2870 -—
1063 2830 1141 2885 De
1195 2832 1577 2892 Platonicorum
1617 2844 1878 2912 opinione,
1929 2864 2028 2914 qua

519 2923 815 2984 putaverunt
850 2922 1051 2990 angelos
1087 2923 1284 2992 quidem
1307 2944 1339 2979 a
1367 2929 1472 2983 Deo
1493 2933 1719 2988 conditos
1736 2977 1749 3000 ,
1781 2937 1868 2990 sed
1892 2939 2026 3008 ipsos

518 3022 624 3060 esse
649 3008 982 3064 humanorum
1007 3031 1272 3083 corporum
1295 3021 1597 3076 conditores.

519 3117 589 3173 Ita
620 3136 748 3177 sane
779 3124 925 3179 Plato
953 3127 1185 3183 minores
1211 3140 1261 3184 et
1287 3147 1317 3186 a
1345 3147 1552 3189 summo
1575 3137 1686 3192 Deo
1708 3138 1869 3195 factos
1893 3141 2020 3200 deos

442 3208 720 3267 effectores
748 3229 865 3270 esse
896 3217 1059 3272 voluit
1102 3222 1407 3278 animalium
1450 3238 1762 3284 cancrorum
1785 3274 1797 3295 ,
1830 3243 1885 3287 ut
1917 3236 2018 3289 im-

441 3303 716 3357 mortalem
747 3316 949 3374 partem
981 3310 1047 3362 ab
1075 3312 1188 3378 ipso
1217 3327 1527 3382 sumerent,
1563 3321 1659 3389 ipsi
1704 3339 1830 3378 vero
1876 3341 2019 3381 mor-

439 3391 598 3445 talem
629 3403 926 3452 attexerent
963 3399 1050 3469 (In
1077 3401 1312 3476 Timwo).
1342 3408 1569 3465 Proinde
1597 3413 1889 3467 animarum
1919 3433 2015 3471 no-

438 3491 666 3538 slrarum
719 3502 813 3541 eos
854 3501 1120 3547 creatores
1161 3511 1279 3550 esse
1325 3499 1530 3566 noluit,
1572 3503 1664 3559 sed
1709 3519 2011 3577 corporum.

438 3572 589 3631 Unde
603 3581 854 3648 quoniam
872 3581 1194 3655 Porphyrius
1213 3602 1426 3658 propter
1442 3594 1630 3648 animae
1652 3572 2011 3669 purgationem

435 3663 560 3720 dicit
601 3682 760 3724 omne
800 3686 994 3742 corpus
1042 3674 1386 3748 fugiendum,
1433 3685 1697 3764 simulque
1744 3704 1863 3745 cum
1916 3708 2012 3749 suo

433 3756 653 3812 Platone
701 3761 921 3832 aliisque
948 3765 1236 3825 Platonicis
1282 3774 1440 3828 sentit
1470 3791 1562 3831 eos
1583 3819 1598 3844 ,
1627 3756 1720 3850 qui
1751 3781 2008 3840 immode-

433 3856 546 3900 rate
588 3863 652 3901 ac
697 3850 974 3909 inhoneste
1005 3858 1268 3927 vixerint,
1302 3875 1517 3934 pr0pter
1560 3869 1780 3927 luendas
1827 3890 2009 3942 poenas

432 3936 496 3988 ad
535 3951 755 4006 corpora
803 3943 975 3998 redire
1006 3949 1252 4002 mortalia
1277 3991 1292 4016 ,
1325 3953 1475 4009 Plato
1515 3959 1724 4026 quidem
1755 3936 1912 4019 etiam
1940 3967 2005 4023 ad

430 4025 733 4094 bestiarum,
759 4032 1082 4106 Porphyrius
1108 4046 1475 4100 tantummodo
1502 4025 1566 4102 ad
1594 4049 1865 4109 hominum
1893 4057 2001 4130 (b);

431 4120 668 4184 sequitur
695 4135 786 4175 eos
810 4163 824 4185 ,
863 4134 917 4178 ut
952 4125 1129 4182 dicant
1167 4130 1295 4186 deos
1321 4134 1449 4190 istos
1472 4177 1486 4202 ,
1515 4155 1646 4208 quos
1671 4157 1700 4196 a
1733 4120 2006 4203 nobis

429 4207 544 4262 lunt
584 4213 732 4278 quasi
775 4227 1018 4282 parentes
1048 4229 1099 4273 et
1124 4223 1425 4282 conditores
1463 4207 1673 4288 nostros
1700 4237 1841 4305 coli,
1873 4241 2003 4296 nihil

427 4315 545 4355 esse
591 4302 730 4356 aliud
771 4321 928 4373 quam
971 4307 1149 4365 fabros
1175 4318 1486 4386 compedum
1529 4302 1867 4382 carcerutnve
1908 4345 2004 4385 no-

426 4399 655 4446 strorum
678 4411 693 4459 ;
723 4411 819 4450 nec
846 4396 1176 4457 institutores
1200 4445 1215 4469 ,
1240 4407 1331 4461 sed
1358 4409 1648 4469 inclusores
1673 4417 2002 4488 alligatores-

423 4497 526 4549 que
557 4495 764 4540 nostros
791 4492 1067 4558 ergastulis
1097 4500 1411 4556 aerumnosis
1439 4511 1492 4556 et
1519 4508 1847 4574 gravissimis
1875 4513 1990 4568 vin-

421 4575 573 4628 culis.
604 4576 706 4631 Aut
734 4593 862 4649 ergo
900 4581 1146 4640 desinant
1190 4587 1444 4649 Platonici
1478 4611 1662 4664 poenas
1700 4604 1994 4663 animarum

420 4680 484 4718 cx
531 4666 642 4719 istis
682 4673 991 4739 corporibus
1038 4682 1378 4749 comminari;
1424 4696 1514 4742 aut
1548 4705 1640 4745 eos
1680 4695 1832 4750 nobis
1867 4698 1998 4754 deos

419 4758 669 4815 colendos
699 4778 802 4817 non
832 4767 1149 4837 praedicent,
1188 4790 1410 4843 quorum
1442 4781 1492 4834 in
1539 4784 1690 4840 nobis
1719 4793 1987 4858 operatio-

417 4864 537 4902 nem
565 4860 648 4916 ut,
679 4865 934 4924 quantum
965 4875 1246 4928 possumus
1265 4907 1279 4933 ,
1311 4869 1564 4939 fugiamus
1585 4888 1638 4932 et
1665 4881 1948 4938 evadamus
1973 4927 1988 4952 ,

419 4938 729 5010 hortantur;
778 4961 898 5001 cum
953 4956 1128 5006 tamen
1177 4955 1245 5009 sit
1295 4967 1571 5033 utrumque
1619 4965 1985 5033 falsissimum.

416 5027 544 5082 Nam
572 5047 745 5102 neque
770 5037 840 5091 ita
863 5039 1015 5096 luunt
1043 5057 1226 5111 pmnas
1251 5051 1461 5120 animae,
1490 5069 1607 5110 cum
1638 5059 1703 5114 ad
1733 5062 1884 5117 istam
1912 5067 1990 5120 vi-

416 5128 521 5176 tam
548 5126 723 5184 denuo
751 5136 1124 5206 revolvuntur;
1153 5151 1206 5196 et
1235 5149 1468 5202 omnium
1491 5151 1776 5210 viventium
1798 5159 1908 5214 sive
1935 5161 1984 5215 in

414 5213 572 5280 caelo,
591 5219 701 5274 sive
721 5223 774 5275 in
796 5233 955 5292 terra,
977 5230 1152 5286 nullus
1171 5243 1253 5289 est
1267 5239 1530 5307 conditor,
1551 5245 1648 5298 nisi
1671 5262 1698 5299 a
1721 5263 1825 5318 quo
1845 5250 1981 5307 facta

415 5315 540 5360 sunt
558 5309 748 5364 caelum
771 5324 825 5369 et
847 5325 1005 5374 terra.
1028 5323 1160 5379 Nam
1183 5327 1224 5380 si
1253 5330 1396 5384 nulla
1423 5347 1578 5389 causa
1603 5349 1682 5392 est
1702 5341 1906 5398 vivendi
1932 5346 1984 5402 in

476 5397 724 5480 ξ
737 5407 873 5480 flanti
882 5414 1237 5480 antemferunt,
1260 5420 1647 5480 incommutabili.

475 5455 548 5582 $113
582 5461 710 5510 Conf.
737 5464 818 5515 lib.
838 5455 875 5517 δ
888 5455 1237 5544 mansti}:
1259 5455 1417 5535 ἓ)ἶῖὶῖ

497 5516 526 5568 ιι
571 5523 697 5574 conf.
725 5539 885 5582 supra.
913 5533 993 5582 hh.
1024 5538 1095 5582 10.
1121 5553 1225 5582 mn-
1250 5543 1312 5582 an

497 5516 548 5582 ll)
571 5523 697 5574 conf.
725 5516 885 5591 supra,
903 5516 1001 5583 vli‘h.‘
1107 5516 1236 5602 '65}?

1588 313 1677 372 DE
1705 312 2020 372 CIVITATE
2059 315 2191 384 DEI,
2234 318 2291 376 S.
2332 319 2697 384 AUGUSTINI

2182 431 2282 490 hoc
2311 451 2534 509 corpore
2557 483 2574 509 ,
2616 444 2718 500 nisi
2761 456 2978 518 propter
3021 449 3261 520 pudenda
3301 454 3587 526 supplicia;
3615 474 3755 530 quo-

2178 529 2337 584 modo
2361 531 2488 587 dicit
2516 535 2654 591 idem
2683 537 2831 594 Plato
2858 541 3014 597 aliter
3055 544 3309 601 mundum
3357 547 3470 603 fieri
3513 563 3620 605 non
3649 567 3752 622 po-

2178 622 2339 676 tuisse
2383 625 2795 693 pulcherrimum
2845 643 3001 704 atque
3041 637 3296 705 optimum
3325 681 3340 706 ,
3371 640 3472 694 nisi
3508 643 3751 697 omnium

2173 713 2475 771 animalium
2500 760 2515 784 ,
2545 719 2594 774 id
2624 730 2706 777 est
2733 723 3103 781 immortalium
3138 738 3192 783 et
3217 732 3516 788 mortalium
3537 776 3551 800 ,
3578 751 3750 805 gene-

2171 805 2318 861 ribus
2329 808 2634 878 impleretur
2649 814 2740 885 (In
2752 815 2962 890 Tinneo)
2977 818 3001 872 ?
3013 819 3066 875 Si
3079 831 3252 877 autem
3269 833 3448 879 nostra
3461 827 3746 897 institutio,

2171 913 2272 966 qua
2297 901 2380 955 vel
2410 906 2660 961 mortales
2685 909 2883 964 conditi
2895 922 3087 968 'sumus
3105 956 3120 980 ,
3144 914 3379 971 divinum
3406 934 3598 974 munus
3621 931 3706 975 est
3729 937 3746 986 ;

2170 994 2435 1060 quomodo
2460 1011 2616 1066 pinna
2645 1009 2728 1055 est
2755 1002 2821 1056 ad
2863 1004 2960 1058 ista
2988 1019 3213 1076 corpora
3232 1050 3248 1075 ,
3280 1009 3330 1062 id
3355 1019 3437 1065 est
3461 1012 3525 1065 ad
3563 1012 3744 1068 divina

2168 1084 2418 1142 beneﬁcia
2443 1131 2458 1154 ,
2486 1095 2766 1148 remeare?
2795 1097 2860 1150 Et
2886 1098 2930 1152 si
2961 1099 3098 1154 Deus
3119 1140 3134 1166 ,
3165 1103 3305 1171 quod
3337 1105 3551 1160 assidue
3586 1107 3744 1160 Plato

2167 1193 2580 1250 commemorat,
2603 1186 2737 1242 sicut
2758 1189 2991 1246 universi
3027 1195 3239 1261 mundi,
3274 1197 3342 1250 ita
3364 1198 3598 1253 omnium
3623 1202 3742 1253 ani-

2166 1274 2381 1356 malium
2405 1280 2606 1346 species
2635 1290 2828 1337 aeterna
2859 1283 3204 1356 intelligentia
3234 1289 3567 1357 continebat,
3595 1307 3735 1361 quo-

2163 1358 2321 1420 modo
2344 1383 2449 1422 non
2480 1370 2593 1440 ipse
2617 1383 2804 1428 cuncta
2841 1378 3146 1433 condebat?
3173 1380 3253 1434 An
3284 1381 3579 1452 aliquorum
3609 1358 3734 1438 esse

2159 1458 2347 1513 artifex
2385 1462 2589 1529 nollet,
2620 1480 2842 1535 quorum
2870 1468 3268 1526 efﬁciendorum
3294 1483 3461 1526 artem
3493 1473 3736 1529 ineﬂ‘abi-

2157 1547 2225 1604 lis
2249 1551 2362 1620 ejus
2386 1562 2440 1608 et
2460 1555 3092 1634 inelfabiliterJaudabilis
3119 1579 3271 1620 mens
3296 1564 3552 1620 haberet?

2155 1661 2380 1720 CAPUT
2416 1666 2626 1724 XXVII.
2652 1671 2813 1726 —In
2861 1676 3020 1744 primo
3065 1678 3264 1731 homine
3302 1689 3525 1756 exortam
3569 1679 3728 1750 fuisse

2223 1771 2417 1811 omnem
2455 1761 2814 1829 plenitudinem
2852 1768 3046 1837 generis
3083 1769 3328 1834 humani,
3356 1772 3408 1824 in
3447 1788 3546 1840 qua
3592 1787 3728 1840 prm-

2223 1848 2343 1902 vidit
2370 1849 2507 1906 Deus
2534 1871 2652 1936 qua,
2669 1873 2787 1926 pars
2828 1860 3123 1915 honoranda
3160 1871 3284 1926 esset
3321 1865 3528 1934 prwmio
3551 1907 3567 1933 ,
3608 1881 3727 1936 quae

2221 1939 2511 1998 damnanda
2535 1934 2803 2018 supplicio.

2220 2053 2269 2106 1.
2300 2053 2488 2111 Merito
2519 2058 2676 2128 igitur
2701 2075 2823 2116 vera
2849 2063 3054 2133 religio,
3079 2081 3196 2135 quae
3225 2069 3241 2099 ³
3271 2068 3451 2124 mundi
3487 2069 3721 2127 universi

2143 2158 2288 2209 eum,
2310 2149 2614 2203 animalium
2645 2167 2853 2223 quoque
2879 2155 3266 2226 universorum,
3291 2159 3392 2215 hoc
3413 2170 3495 2216 est
3521 2173 3575 2216 et
3599 2163 3721 2216 ani-

2144 2247 2349 2288 marum
2376 2245 2428 2290 et
2452 2253 2733 2308 corporum
2754 2284 2770 2308 ,
2800 2245 3128 2301 conditorem
3159 2249 3397 2318 agnoscit
3429 2260 3482 2305 et
3526 2252 3720 2321 praedi-

2139 2333 2241 2378 cat.
2273 2325 2326 2380 In
2352 2328 2538 2397 quibus
2567 2333 2788 2387 terrenis
2814 2336 3110 2406 praecipuus
3136 2338 3320 2395 abillo
3345 2341 3409 2396 ad
3447 2341 3560 2412 ejus
3583 2344 3720 2398 ima-

2137 2416 2312 2486 ginem
2359 2418 2520 2475 homo
2549 2433 2765 2493 prapter
2787 2441 2904 2480 eam
2933 2443 3144 2484 causam
3165 2472 3181 2496 ,
3209 2447 3368 2502 quam
3395 2433 3532 2499 dixi,
3573 2444 3627 2490 et
3669 2437 3717 2490 si

2137 2522 2236 2576 qua
2264 2507 2398 2563 forte
2427 2512 2528 2566 alia
2563 2515 2733 2584 major
2759 2517 2914 2585 latet,
2943 2519 3112 2575 factus
3139 2532 3219 2577 est
3246 2539 3382 2578 unus
3407 2566 3422 2590 ,
3467 2526 3561 2581 sed
3605 2544 3713 2583 non

2134 2600 2348 2655 relictus
2379 2614 2460 2658 est
2486 2607 2652 2663 solus.
2701 2609 2841 2665 Nihil
2883 2614 3024 2667 enim
3069 2623 3149 2670 est
3191 2631 3346 2687 quam
3398 2618 3498 2674 hoc
3543 2635 3712 2690 genus

2133 2699 2238 2745 tam
2263 2693 2647 2754 discordiosum
2690 2701 2851 2768 vitio,
2884 2714 2988 2758 tam
3035 2707 3228 2763 sociale
3273 2719 3479 2765 natura.
3525 2711 3710 2785 Neque

2131 2789 2465 2845 commodius
2489 2802 2672 2847 contra
2697 2794 2881 2850 vitium
2908 2797 3186 2854 discordiae
3211 2801 3296 2856 vel
3315 2804 3608 2860 cavendum
3637 2822 3710 2863 ne

2129 2879 2416 2944 existeret,
2452 2884 2534 2938 vel
2563 2888 2856 2944 sanandum
2884 2906 3002 2946 cum
3044 2894 3331 2951 exstitisset
3352 2939 3366 2960 ,
3395 2907 3578 2953 natura
3621 2901 3708 2955 lo-

2128 2983 2379 3041 queretur
2409 2975 2668 3045 humana,
2701 2997 2857 3051 quam
2888 2985 3312 3043 recordationem
3340 2989 3482 3045 illius
3503 3007 3703 3061 paren-

2127 3065 2228 3132 tis,
2269 3083 2426 3138 quem
2465 3081 2744 3142 propterea
2787 3075 2928 3132 Deus
2967 3094 3153 3135 creare
3199 3082 3364 3138 voluit
3405 3101 3602 3154 unum,
3634 3088 3704 3144 de

2125 3174 2231 3228 quo
2279 3163 2561 3218 multitudo
2619 3181 3033 3239 propagaretur,
3089 3183 3146 3228 ut
3192 3174 3290 3230 hac
3339 3177 3704 3237 admonitione

2122 3250 2279 3304 etiam
2302 3251 2353 3305 in
2382 3255 2560 3308 multis
2588 3270 2811 3314 concors
2840 3263 3010 3317 unitas
3041 3276 3359 3322 servaretur.
3390 3269 3540 3335 Quod
3567 3287 3700 3328 vero

2121 3340 2314 3396 femina
2345 3343 2420 3399 illi
2448 3361 2512 3400 ex
2541 3348 2657 3417 ejus
2700 3350 2867 3408 latere
2903 3353 3038 3409 facta
3074 3366 3190 3424 est,
3223 3359 3382 3414 etiam
3418 3361 3538 3417 hinc
3563 3364 3699 3419 satis

2119 3434 2471 3504 significatum
2500 3449 2582 3494 est
2607 3457 2762 3512 quam
2790 3443 2948 3499 chara
2988 3449 3159 3502 mariti
3203 3457 3256 3505 et
3287 3453 3464 3506 uxoris
3503 3454 3698 3512 debeat

2117 3540 2234 3582 esse
2258 3528 2580 3600 conjunctio.
2609 3533 2733 3589 Haec
2754 3551 2914 3604 opera
2940 3537 3032 3592 Dei
3061 3551 3338 3610 propterea
3362 3553 3483 3599 sunt
3509 3547 3696 3617 utique

2119 3616 2396 3686 inusitata,
2443 3624 2565 3692 quia
2596 3626 2784 3694 prima.
2819 3627 2918 3695 Qui
2945 3639 3120 3685 autem
3153 3631 3250 3687 ista
3280 3649 3384 3688 non
3425 3637 3691 3705 credunt,

2115 3709 2256 3765 nulla
2291 3710 2424 3766 facta
2457 3715 2690 3784 prodigia
2722 3717 2919 3773 debent
2955 3723 3174 3778 credere
3204 3742 3216 3777 :
3251 3741 3421 3796 neque
3464 3730 3606 3784 enim
3637 3743 3694 3786 et

2113 3799 2246 3870 ipsa,
2275 3802 2320 3856 si
2340 3803 2535 3860 usitato
2554 3815 2754 3862 naturae
2779 3811 3042 3867 curriculo
3063 3815 3424 3885 gignerentur,
3449 3823 3692 3892 prodigia

2110 3889 2430 3948 dicerentur.
2457 3895 2591 3963 Quid
2615 3911 2790 3954 autem
2817 3902 2914 3957 sub
2935 3911 3074 3958 tanta
3095 3907 3474 3976 gubernatione
3491 3889 3690 3970 divinae

2110 3985 2458 4052 providentiae
2481 4029 2497 4056 ,
2525 3994 2764 4059 quamvis
2793 3994 2908 4064 ejus
2933 4011 3091 4052 causa
3136 3999 3332 4067 lateat,
3380 4003 3575 4060 frustra
3602 4009 3688 4077 gi-

2109 4076 2329 4145 gnitur?
2360 4079 2446 4132 Ait
2482 4080 2694 4150 quidam
2725 4086 2959 4154 psalmus
2998 4103 3188 4145 sacer:
3221 4091 3392 4148 Venite
3411 4135 3427 4161 ,
3457 4105 3503 4149 et
3530 4076 3692 4153 videte

2109 4185 2261 4239 opera
2282 4169 2515 4238 Domini,
2547 4191 2658 4244 quae
2680 4179 2846 4244 posuit
2877 4181 3110 4252 prodigia
3135 4199 3286 4254 super
3311 4195 3495 4240 terram
3511 4186 3685 4261 (Psal.

2109 4277 2234 4324 xnv,
2271 4262 2350 4334 9).
2385 4263 2492 4320 Cur
2514 4281 2641 4338 ergo
2669 4284 2733 4324 ex
2763 4271 2927 4326 latere
2970 4273 3070 4328 viri
3097 4275 3292 4332 femina
3331 4277 3469 4334 facta
3507 4281 3598 4348 sit,
3631 4292 3688 4338 et

2106 4352 2206 4408 hoc
2233 4355 2460 4422 primum
2484 4360 2874 4428 quodammodo
2897 4365 3190 4436 prodigium
3221 4369 3345 4439 quid
3374 4373 3687 4443 przeﬁgnra-

2103 4445 2271 4512 verit,
2302 4447 2404 4501 alio
2430 4449 2566 4515 loco,
2595 4463 2850 4521 quantum
2880 4471 2966 4510 me
2990 4458 3131 4513 Deus
3159 4459 3416 4530 adjuverit
3435 4503 3450 4528 ,
3482 4465 3678 4523 dicam.

2171 4534 2226 4590 2.
2273 4535 2532 4613 [XXVIL]
2562 4541 2713 4597 Nunc
2739 4547 2985 4613 quoniam
3034 4549 3169 4605 liber
3209 4551 3308 4607 iste
3352 4554 3685 4613 claudendus

2101 4634 2181 4680 est
2201 4668 2217 4692 ,
2250 4627 2303 4681 in
2333 4627 2432 4683 hoc
2458 4632 2631 4702 primo
2670 4631 2917 4703 homine,
2945 4638 3036 4707 qui
3078 4640 3322 4708 primitus
3366 4642 3537 4700 factus
3561 4657 3643 4702 est
3663 4691 3680 4714 ,

2101 4717 2334 4772 nondum
2352 4719 2876 4789 quidemsecundum
2903 4727 3240 4798 evidentiam,
3259 4733 3367 4802 jatn
3393 4746 3567 4792 tamen
3590 4755 3680 4793 se-

2099 4809 2329 4864 cundum
2360 4812 2451 4865 Dei
2483 4815 2866 4888 przescientinm
2893 4829 3104 4874 exortas
3129 4822 3288 4878 fuisse
3313 4826 3684 4884 existimemus

2099 4900 2151 4955 in
2181 4917 2378 4972 genere
2409 4885 2638 4961 humano
2666 4910 2952 4966 societates
2982 4921 3227 4981 tanquam
3256 4915 3495 4974 civitates
3522 4920 3676 4976 duas.

2098 4993 2179 5048 Ex
2210 4995 2300 5049 illo
2329 4997 2471 5051 enim
2498 4997 2658 5054 futuri
2684 5011 2835 5056 erant
2868 5003 3112 5061 homines
3132 5046 3147 5072 ,
3179 5008 3265 5061 alii
3301 5011 3454 5066 malis
3473 5015 3680 5084 angelis

2096 5085 2148 5139 in
2178 5088 2438 5158 supplicio
2463 5129 2478 5156 ,
2509 5091 2595 5145 alii
2634 5093 2786 5148 bonis
2815 5096 2865 5149 in
2897 5098 3116 5165 prtemio
3137 5101 3404 5168 sociandi,
3436 5108 3678 5172 quamvis

2096 5177 2305 5232 occulto
2335 5178 2424 5234 Dei
2465 5179 2684 5250 judicio,
2717 5185 2809 5239 sed
2835 5195 3009 5242 tamen
3032 5189 3195 5259 justo.
3224 5190 3353 5246 Cum
3379 5195 3517 5248 enim
3541 5198 3679 5253 scri-

2093 5279 2244 5339 ptum
2270 5271 2358 5334 sit,
2391 5271 2646 5328 Universae
2667 5275 2760 5330 uite
2788 5276 3028 5347 Domini,
3062 5283 3401 5338 misericordia
3424 5295 3468 5340 et
3493 5289 3675 5345 veritas

2094 5362 2277 5434 (Psal.
2304 5381 2451 5430 xxxv,
2482 5367 2549 5421 10
2568 5368 2588 5438 )
2619 5387 2634 5424 :
2665 5385 2763 5426 nec
2803 5371 2994 5442 injusta
3033 5374 3146 5446 ejus
3169 5377 3369 5448 gratia,
3420 5394 3518 5436 nec
3545 5395 3670 5437 cru-

2089 5455 2223 5510 delis
2247 5465 2421 5524 potest
2444 5473 2563 5515 esse
2577 5461 2798 5530 justitia.

2203 5567 2275 5616 Sic
2296 5571 2444 5619 nostri
2465 5584 2636 5623 omnes
2653 5577 2978 5640 manuscripti.
3003 5583 3052 5626 In
3075 5583 3123 5630 Β.
3147 5577 3307 5644 deest,
3335 5593 3461 5645 quia.
3486 5588 3543 5633 II.

3644 344 3837 402 576-
