4054 6482
216 392 355 450 ’377

281 532 2774 559 _—______.______.__.______._____________

1454 393 1658 452 LIBER
1697 392 1995 451 DECIMUS
2029 395 2350 456 TERTIUS.

3427 417 3533 474 578

2776 543 3297 571 ._____~.___.
3323 555 3523 570 ..._.___

941 609 1419 717 LIBER
1476 610 2171 763 DECIMUS
2264 617 2987 733 TERTIUS.

785 807 836 849 tn
855 812 954 864 quo
975 799 1194 859 docetur,
1215 803 1420 847 mortem
1439 797 1488 846 in
1509 797 1787 848 hominibus
1810 811 1922 850 esse
1945 800 2208 864 poenalem,
2233 811 2486 869 ortamque
2511 820 2574 858 ex
2601 809 2758 860 Adami
2785 822 3000 875 peccato.

1705 925 2070 983 66m”

251 1050 467 1110 CAPUT
511 1049 804 1108 PRIMUM.
843 1047 1018 1103 ——De
1063 1048 1209 1118 lapsu
1238 1047 1388 1118 primi
1434 1046 1685 1114 hominis,
1749 1063 1838 1117 per

542 1178 544 1180 τ
606 1161 757 1216 quem
785 1151 858 1197 est
884 1150 1140 1196 contracta
1183 1141 1483 1194 mortalitas.

314 1236 594 1307 Expeditis
615 1237 684 1291 de
717 1237 882 1291 nostri
908 1235 1087 1290 saeculi
1113 1243 1304 1289 exortu
1335 1241 1389 1290 et
1415 1234 1480 1288 de
1503 1233 1654 1287 initio
1682 1249 1841 1303 gene-

248 1333 316 1387 ris
338 1330 561 1384 humani
608 1329 935 1384 difﬁcillimis
980 1327 1395 1398 quaestionibus,
1449 1340 1589 1380 nunc
1623 1327 1732 1395 jam
1771 1326 1840 1382 de

250 1423 392 1493 lapsu
427 1422 586 1491 primi
614 1421 868 1487 hominis,
903 1421 1009 1474 imo
1041 1419 1330 1489 primorum
1363 1418 1656 1482 hominum,
1688 1427 1742 1471 et
1770 1416 1838 1472 de

247 1517 446 1585 origine
491 1530 558 1568 ac
599 1515 886 1584 prepagine
933 1513 1122 1568 mortis
1151 1512 1396 1566 humana:
1425 1509 1836 1581 disputationem

245 1621 271 1658 a
302 1607 453 1660 nobis
484 1607 786 1660 institutam
817 1619 994 1660 rerum
1023 1603 1154 1658 ordo
1181 1603 1437 1673 deposcit.
1468 1602 1582 1657 Non
1611 1602 1750 1656 enim
1771 1617 1837 1657 eo

244 1697 399 1751 modo
445 1713 552 1767 quo
598 1697 863 1767 Angelos,
909 1695 1220 1751 condiderat
1269 1695 1410 1750 Deus
1456 1693 1729 1760 homines;
1775 1703 1836 1750 ut

245 1792 396 1845 etiam
439 1792 484 1846 si
530 1770 844 1860 peccassent
870 1831 886 1855 ,
916 1790 1048 1844 mori
1076 1789 1293 1842 omnino
1319 1804 1423 1842 non
1453 1797 1668 1858 possent
1696 1805 1710 1838 :
1737 1787 1831 1842 sed

243 1883 308 1938 ita
341 1894 397 1939 ut
427 1886 737 1955 perfunctos
773 1883 1088 1940 obedientize
1129 1896 1351 1937 munere
1377 1881 1491 1936 sine
1532 1881 1830 1936 interventu

242 1975 426 2029 mortis
448 1975 692 2046 angelica
725 1975 1096 2028 immortalitas
1128 1975 1145 2005 ¹
1177 1984 1230 2028 et
1257 1973 1411 2028 beata
1441 1973 1711 2027 atternitas
1740 1988 1827 2026 se-

243 2077 519 2138 queretur;
551 2067 919 2124 inobedientes
943 2075 1124 2124 autem
1153 2081 1296 2121 mors
1325 2064 1580 2135 plecteret
1605 2064 1828 2119 damna-

243 2159 383 2217 tione
417 2160 714 2231 justissima
747 2179 759 2213 :
789 2159 929 2230 quod
959 2159 1117 2214 etiam
1156 2159 1209 2213 in
1239 2157 1375 2212 libro
1421 2157 1692 2226 superiore
1715 2155 1825 2226 jam

240 2251 462 2306 diximus
485 2252 633 2324 (cap.
661 2252 784 2323 21).

239 2344 457 2401 CAPUT
487 2344 550 2398 ll.
586 2375 654 2384 —
684 2344 760 2398 De
787 2361 844 2398 ea
870 2355 1025 2398 morte
1049 2359 1160 2414 qua:
1191 2343 1374 2396 animae
1411 2356 1604 2414 semper
1631 2348 1819 2414 utcum-

303 2418 651 2498 quevictura:
689 2416 914 2469 accidere
955 2410 1112 2485 potest
1137 2456 1150 2479 ,
1205 2425 1250 2468 et
1300 2430 1356 2467 ea
1395 2413 1474 2466 cui
1520 2427 1702 2480 corpus
1731 2410 1818 2463 ob-

304 2503 457 2540 nona
463 2504 510 2539 m
538 2497 610 2540 εει
617 2526 629 2539 .

301 2579 406 2634 Sed
458 2579 527 2634 de
558 2579 672 2648 ipso
699 2593 896 2649 genere
932 2579 1119 2632 mortis
1145 2576 1298 2631 video
1343 2575 1470 2630 mihi
1519 2573 1674 2644 paulo
1697 2573 1821 2628 dili-

237 2673 436 2742 gentius
462 2671 854 2728 disserendum.
889 2672 1140 2738 Quamvis
1183 2670 1326 2724 enim
1375 2669 1602 2722 humana
1644 2670 1818 2722 anima

239 2763 494 2818 veraciter
523 2762 837 2816 immortalis
865 2762 1223 2832 perhibeatur,
1248 2759 1408 2814 habet
1433 2769 1606 2814 tamen
1630 2774 1818 2828 quam-

235 2857 349 2911 dam
379 2859 543 2910 etiam
580 2856 691 2926 ipsa
733 2865 957 2910 mortem
990 2871 1160 2909 suam.
1187 2853 1318 2908 Nam
1349 2853 1467 2908 ideo
1492 2851 1685 2908 dicitur
1713 2851 1816 2906 im-

233 2948 500 3013 mortalis,
538 2949 661 3018 quia
710 2948 870 3002 modo
909 2946 1136 3018 quodam
1183 2945 1670 3018 quantulocumque
1707 2960 1814 3000 non

233 3041 422 3096 desinit
446 3041 628 3096 vivere
653 3051 814 3112 atque
833 3041 1032 3096 sentire
1055 3058 1070 3096 :
1099 3054 1292 3118 corpus
1320 3047 1496 3094 autem
1524 3037 1644 3093 ideo
1672 3051 1809 3092 mor-

231 3135 363 3207 tale,
397 3133 652 3209 quoniam
693 3131 871 3193 deseri
900 3139 1044 3193 omni
1072 3139 1177 3193 vita
1226 3145 1432 3208 potest,
1477 3151 1574 3192 nec
1617 3150 1712 3207 per
1759 3150 1818 3193 se

231 3234 397 3304 ipsum
439 3233 776 3303 aliquatenus
805 3233 952 3288 vivit.
985 3232 1126 3287 Mors
1167 3232 1325 3303 igitur
1349 3231 1541 3287 animat
1574 3231 1663 3298 ﬁt,
1692 3247 1814 3286 cum

231 3339 340 3378 eam
386 3325 592 3380 deserit
643 3325 782 3378 Deus
813 3342 825 3377 :
859 3325 996 3378 sicut
1031 3323 1307 3394 corporis,
1355 3339 1472 3378 cum
1521 3322 1572 3378 id
1620 3323 1816 3378 deserit

228 3417 417 3471 anima.
441 3416 586 3486 Ergo
606 3417 880 3485 utriusque
905 3417 1004 3483 rei,
1033 3415 1084 3470 id
1109 3422 1191 3470 est
1212 3416 1371 3470 totius
1394 3414 1646 3481 hominis,
1671 3430 1814 3470 mors

230 3516 306 3563 est
330 3524 453 3563 cum
479 3509 656 3562 anima
683 3523 709 3561 a
734 3508 844 3562 Deo
872 3506 1082 3562 deserta
1111 3507 1310 3562 deserit
1332 3522 1544 3577 corpus.
1580 3506 1650 3560 ita
1667 3505 1812 3562 enim

227 3617 320 3658 nec
343 3617 409 3658 ex
435 3602 548 3658 Deo
571 3601 698 3656 vivit
726 3601 861 3671 ipsa,
895 3615 994 3656 nec
1019 3615 1212 3670 corpus
1238 3616 1303 3655 ex
1334 3601 1467 3670 ipsa.
1501 3599 1811 3670 Hujusmodi

226 3705 395 3749 autem
428 3695 591 3749 totius
617 3693 848 3749 hominis
877 3701 1101 3748 mortem
1130 3693 1219 3748 illa
1246 3695 1504 3762 sequitur,
1535 3708 1695 3762 quam
1722 3707 1810 3749 se-

226 3789 448 3844 cundam
475 3796 701 3843 mortem
728 3787 1026 3842 divinorum
1077 3786 1408 3857 eloquiorum
1450 3786 1682 3856 appellat
1718 3801 1814 3840 au-

225 3881 436 3936 ctoritas
481 3880 679 3951 (Apoc.
715 3897 782 3945 ιι,
817 3881 912 3946 H;
946 3895 1061 3946 χιι,
1089 3879 1179 3951 8).
1213 3878 1359 3934 Hanc
1377 3879 1621 3936 Salvator
1648 3878 1814 3951 signi-

225 3974 418 4041 ﬁcavit,
454 3972 546 4027 ubi
575 3973 649 4027 ait
681 3990 693 4026 :
723 3971 858 4027 Eum
903 3973 1100 4036 timete,
1148 3972 1234 4038 qui
1263 3970 1406 4024 habet
1435 3979 1726 4041 potestatem
1764 3979 1812 4024 et

223 4079 403 4134 corpus
429 4072 479 4118 et
507 4063 732 4116 animam
753 4061 960 4132 perdere
986 4063 1038 4115 in
1066 4061 1343 4132 gehennam
1369 4061 1579 4131 (Matt/1.
1611 4078 1662 4127 χ,
1692 4060 1806 4132 28).

221 4154 368 4222 Quod
394 4169 518 4209 cum
549 4163 671 4210 ante
700 4169 802 4208 non
827 4154 937 4220 liat,
969 4169 1125 4224 quam
1157 4168 1275 4207 cum
1303 4153 1478 4207 anima
1500 4152 1707 4222 corpori
1733 4153 1811 4208 sic

222 4247 376 4302 fuerit
399 4247 670 4316 copulata,
702 4256 759 4300 ut
788 4247 926 4301 nulla
952 4245 1305 4315 diremptione
1335 4254 1684 4316 separentur;
1709 4244 1810 4299 mi-

219 4355 332 4393 rum
368 4338 542 4394 videri
578 4347 753 4408 potest
778 4340 1046 4410 quomodo
1075 4354 1270 4409 corpus
1307 4355 1369 4394 ea
1397 4348 1570 4396 morte
1603 4339 1808 4396 dicatur

219 4430 418 4500 occidi,
443 4446 548 4501 qua
588 4445 694 4485 non
741 4430 808 4484 ab
850 4431 1023 4486 anima
1059 4431 1356 4496 deseritur,
1389 4430 1482 4486 sed
1512 4432 1804 4486 animatum

220 4525 567 4595 sentiensque
596 4524 882 4578 cruciatur.
930 4523 1058 4578 Nam
1101 4524 1154 4578 in
1182 4525 1266 4579 illa
1315 4539 1471 4594 paena
1515 4524 1700 4579 ultima
1743 4539 1807 4580 ac

220 4617 542 4686 sempiterna
569 4656 585 4680 ,
617 4616 684 4670 de
710 4630 812 4686 qua
844 4615 1146 4686 diligentius
1176 4631 1272 4671 suo
1301 4617 1418 4670 loco
1439 4615 1805 4670 disserendum

220 4715 316 4771 est,
349 4715 498 4762 recte
521 4722 667 4762 mors
691 4707 883 4762 animae
902 4708 1118 4775 dicitur,
1142 4707 1266 4778 quia
1288 4723 1392 4762 non
1415 4707 1544 4762 vivit
1565 4723 1628 4762 ex
1655 4708 1760 4762 Deo
1788 4727 1806 4765 ι

221 4813 360 4853 mors
388 4807 571 4852 autem
614 4798 855 4868 corporis
884 4813 1116 4868 quonam
1168 4798 1358 4866 modo,
1405 4814 1524 4854 cum
1569 4799 1715 4853 vivat
1740 4814 1805 4854 ex

219 4888 433 4942 anima?
463 4903 571 4942 non
599 4888 739 4943 enim
782 4888 936 4942 aliter
978 4897 1152 4958 potest
1195 4890 1307 4959 ipsa
1334 4889 1654 4958 corporalia,
1688 4905 1806 4959 quae

222 4987 337 5048 post
374 4979 827 5057 resurrectionem
874 4978 1046 5034 futura
1089 4988 1238 5046 sunt,
1289 4981 1489 5035 sentire
1520 4989 1803 5036 tormenta.

222 5071 300 5124 An
326 5071 450 5141 quia
477 5070 587 5124 vita
609 5071 1010 5141 qualiscumque
1027 5071 1240 5141 aliquod
1279 5071 1477 5126 bonum
1503 5081 1584 5128 est
1602 5113 1617 5139 ,
1645 5072 1798 5129 dolor

221 5172 393 5218 autem
424 5163 647 5228 malum,
679 5161 797 5217 ideo
825 5177 921 5217 nec
948 5163 1128 5217 vivere
1153 5178 1346 5233 corpus
1375 5163 1656 5219 dicendum
1687 5174 1767 5220 est
1785 5207 1801 5233 ,

221 5254 271 5308 in
300 5271 405 5325 quo
451 5254 777 5308 animatnon
823 5253 1032 5309 vivendi
1066 5269 1225 5309 causa
1264 5263 1376 5321 est,
1419 5255 1512 5311 sed
1559 5255 1806 5310 dolendi?

223 5345 358 5402 Vivit
383 5347 561 5417 itaque
589 5347 763 5400 anima
786 5362 854 5401 ex
884 5347 1015 5415 Deo,
1038 5363 1158 5402 cum
1181 5348 1309 5402 vivit
1328 5349 1498 5414 bene;
1528 5365 1632 5405 non
1664 5349 1804 5404 enim

220 5450 393 5508 potest
433 5439 574 5495 bene
611 5439 826 5506 vivere,
859 5440 960 5494 nisi
1024 5441 1132 5496 Deo
1162 5441 1214 5494 in
1251 5455 1310 5496 sc
1355 5451 1608 5512 operante
1663 5441 1804 5512 quod

219 5532 415 5589 bonum
467 5543 550 5590 est
589 5550 604 5589 :
647 5533 777 5588 vivit
836 5542 1013 5589 autem
1057 5548 1252 5604 corpus
1305 5550 1369 5590 ex
1421 5535 1596 5590 anima
1623 5575 1638 5602 ,
1684 5551 1805 5592 cum

220 5627 394 5682 anima
438 5627 570 5684 vivit
615 5627 671 5682 in
715 5641 972 5697 corpore;
1024 5641 1121 5684 seu
1167 5627 1312 5682 vivat
1358 5629 1507 5698 ipsa,
1565 5643 1658 5683 seu
1697 5645 1804 5686 non

217 5719 360 5774 vivat
386 5735 452 5775 ex
478 5720 607 5776 Deo.
655 5719 944 5789 lmpiorum
987 5735 1215 5790 namque
1243 5721 1294 5775 in
1321 5720 1632 5792 corporibus
1655 5723 1762 5776 vita
1784 5764 1800 5791 ,

216 5827 325 5868 non
351 5813 670 5879 animarum,
689 5813 784 5869 sed
805 5827 1087 5884 corporum
1109 5815 1215 5869 vita
1235 5824 1316 5870 est
1349 5833 1362 5870 :
1391 5831 1547 5887 quam
1577 5823 1803 5887 possunt

288 5903 306 5936 ι
325 5912 424 5959 Mss.
445 5905 569 5959 sese
591 5903 781 5958 etiam
799 5903 981 5968 ferunt,
1442 5913 1500 5957 ιι.

1947 1052 2024 1107 eis
2066 1053 2256 1110 anima:
2303 1057 2460 1112 etiam
2492 1071 2744 1130 martum,
2789 1064 2890 1121 hoc
2932 1077 3016 1124 est
3052 1086 3082 1126 a
3127 1072 3238 1128 Deo
3264 1075 3527 1146 desertae,

1945 1147 2426 1220 quantulacumque
2458 1155 2666 1223 propria
2715 1156 2848 1220 vita.
2892 1175 2957 1214 ex
2989 1179 3088 1232 qua
3117 1174 3170 1219 et
3201 1168 3529 1226 immortales

1945 1248 2084 1306 sunt,
2119 1256 2221 1294 non
2251 1242 2564 1311 desistente,
2596 1247 2862 1305 conferre.
2891 1250 3082 1307 Verum
3109 1254 3162 1309 in
3189 1256 3528 1316 damnatione

1945 1330 2231 1386 novissima
2256 1337 2502 1404 quamvis
2530 1336 2690 1392 homo
2717 1341 2917 1396 sentire
2946 1358 3052 1397 non
3081 1345 3320 1411 desinat,
3351 1359 3524 1408 tamen

1943 1421 2064 1490 quia
2087 1436 2274 1478 sensus
2299 1425 2412 1496 ipse
2434 1442 2533 1483 nec
2560 1429 2830 1498 voluptate
2851 1435 3030 1488 suavis
3049 1476 3064 1499 ,
3105 1452 3204 1492 nec
3234 1440 3407 1509 quiete
3437 1459 3526 1496 sa-

1942 1513 2106 1570 lubris
2127 1556 2144 1584 ,
2183 1518 2277 1572 sed
2310 1518 2496 1575 dolore
2522 1524 2745 1591 poenalis
2786 1533 2897 1586 est.
2931 1542 3039 1583 non
3085 1528 3353 1586 immerito
3383 1549 3524 1589 mors

1941 1617 2023 1661 est
2053 1607 2225 1678 potius
2264 1611 2524 1680 appellata
2558 1630 2714 1685 quam
2744 1616 2870 1672 vita.
2901 1617 3024 1675 Ideo
3053 1630 3228 1677 autem
3257 1625 3484 1678 secunda
3506 1667 3522 1692 ,

1939 1700 2062 1770 quia
2092 1710 2212 1770 post
2240 1702 2382 1756 illam
2413 1704 2635 1774 primam
2665 1715 2784 1774 est,
2807 1723 2910 1777 qua
2938 1711 2997 1765 lit
3023 1713 3404 1768 cohaerentium
3441 1715 3524 1769 di-

1940 1794 2164 1864 remptio
2191 1806 2518 1863 naturarum,
2539 1798 2650 1854 sive
2678 1801 2770 1855 Dei
2797 1811 2851 1856 et
2875 1803 3089 1870 animae,
3121 1806 3233 1860 sive
3262 1808 3452 1862 animae
3468 1818 3523 1864 et

1936 1887 2196 1954 corporis.
2227 1887 2302 1943 De
2327 1889 2496 1958 prima
2527 1891 2685 1961 igitur
2704 1894 2944 1961 corporis
2969 1907 3138 1949 morte
3163 1896 3266 1952 dici
3312 1908 3518 1968 potest,

1933 1978 2074 2047 quod
2099 1977 2253 2034 bonis
2284 1981 2418 2035 bona
2450 1983 2550 2050 sit,
2583 1983 2734 2039 malis
2775 1986 2930 2040 mala.
2965 1985 3208 2042 Secunda
3252 2005 3380 2044 vero
3405 1993 3522 2048 sine

1931 2069 2094 2126 dubio
2119 2073 2253 2127 sicut
2279 2076 2543 2130 nullorum
2564 2077 2825 2133 bonorum
2852 2091 2951 2145 est,
2987 2081 3056 2135 ita
3099 2082 3222 2135 nulli
3255 2082 3389 2138 bona
3416 2083 3516 2156 (α).

1930 2185 2157 2244 CAPUT
2186 2189 2272 2244 lll.
2293 2220 2364 2231 -—
2394 2190 2574 2246 Utrum
2600 2209 2754 2258 mors,
2782 2210 2896 2265 qua:
2923 2212 3012 2266 per
3037 2205 3296 2266 peccatum
3320 2199 3516 2269 primo-

2000 2296 2114 2333 rum
2146 2282 2406 2334 hominum
2448 2283 2499 2336 in
2541 2300 2710 2339 omnes
2737 2286 2961 2341 homines
2999 2289 3323 2357 pertransiit,
3365 2290 3517 2346 etiam

1999 2373 2186 2427 sanctis
2211 2389 2358 2443 paena
2381 2375 2570 2443 peccati
2593 2377 2674 2430 sit.

1997 2487 2111 2542 Non
2157 2498 2331 2544 autem
2377 2489 2758 2545 dissimulanda
2785 2492 3023 2547 nascitur
3041 2495 3295 2563 QtltBSliO,
3336 2506 3514 2554 utrum

1924 2593 2110 2633 revera
2140 2595 2286 2635 mors
2306 2621 2320 2644 ,
2349 2597 2450 2651 qua
2477 2590 2796 2652 separantur
2818 2585 2992 2637 anima
3019 2593 3073 2638 et
3098 2599 3290 2655 corpus
3310 2629 3326 2656 ,
3357 2589 3514 2646 bonis

1925 2671 1996 2725 sit
2023 2669 2159 2726 bona
2186 2672 2278 2743 (ὸ).
2313 2672 2444 2740 Quia
2471 2674 2516 2728 si
2547 2675 2615 2727 ita
2647 2685 2749 2739 est,
2778 2673 3046 2744 quomodo
3071 2677 3262 2745 poterit
3285 2678 3513 2735 obtineri

1923 2764 2064 2834 quod
2092 2766 2252 2820 etiam
2298 2767 2409 2836 ipsa
2441 2767 2510 2821 sit
2536 2783 2691 2838 poena
2722 2771 2971 2841 peccati?
3000 2771 3148 2826 lianc
3172 2772 3312 2828 enim
3357 2773 3511 2842 primi

1923 2855 2188 2925 homines,
2218 2858 2318 2912 nisi
2349 2859 2712 2928 peccavissent
2731 2903 2747 2928 ,
2781 2864 3018 2934 perpessi
3042 2864 3221 2935 utique
3247 2879 3352 2918 non
3377 2863 3510 2920 fuis-

1921 2957 2060 3001 sent.
2086 2947 2202 3016 Quo
2227 2948 2386 3018 igitur
2411 2958 2565 3019 pacto
2585 2951 2722 3005 bona
2747 2966 2869 3008 esse
2893 2954 3061 3022 possit
3080 2954 3253 3021 bonis,
3277 2970 3397 3023 quae
3422 2969 3511 3010 ac-

1919 3039 2099 3094 cidere
2143 3056 2246 3095 non
2278 3052 2459 3111 posset
2487 3043 2589 3098 nisi
2619 3045 2813 3107 malis?
2839 3045 2946 3109 Sed
2991 3071 3172 3111 rursus
3214 3057 3259 3112 si
3300 3058 3512 3112 nonnisi

1921 3132 2074 3196 malis
2099 3143 2280 3212 posset
2314 3135 2581 3210 accidere,
2615 3161 2720 3201 non
2757 3147 2978 3202 deberet
3007 3148 3160 3204 bonis
3189 3148 3325 3205 bona
3353 3166 3470 3205 esse
3489 3193 3506 3219 ,

1919 3232 2015 3288 sed
2055 3233 2221 3288 nulla.
2249 3234 2355 3290 Cur
2381 3236 2521 3290 enim
2547 3246 2690 3292 esset
2719 3237 2823 3291 ulla
2871 3252 3027 3307 pinna
3045 3278 3060 3302 ,
3093 3239 3145 3292 in
3183 3239 3374 3309 quibus
3399 3256 3505 3295 non

1919 3334 2100 3382 essent
2129 3326 2232 3381 ulla
2267 3327 2572 3398 punienda?
2597 3327 2929 3399 Quapropter
2957 3329 3228 3386 fatendum
3253 3341 3335 3386 est
3353 3373 3369 3399 ,
3399 3335 3509 3403 pri-

1919 3433 2035 3474 mos
2061 3419 2273 3490 quidem
2298 3418 2540 3475 homines
2579 3421 2650 3476 ita
2697 3419 2862 3477 fuisse
2892 3422 3158 3478 institutos
3177 3465 3190 3489 ,
3221 3431 3297 3490 ut,
3324 3424 3369 3478 si
3398 3440 3505 3481 non

1917 3520 2256 3579 peccassent,
2305 3511 2508 3566 nullum
2552 3511 2740 3568 mortis
2779 3513 3149 3582 experirentur
3171 3529 3336 3584 genus
3367 3531 3381 3570 :
3411 3515 3507 3572 sed

1915 3604 2131 3660 eosdem
2162 3605 2364 3676 primos
2379 3616 2689 3676 peccatores
2715 3607 2786 3662 ita
2815 3605 2980 3663 fuisse
3007 3615 3178 3663 morte
3198 3609 3502 3677 mulctatos,

1918 3705 1975 3752 ut
2001 3697 2158 3751 etiam
2187 3697 2445 3768 quidquid
2472 3698 2541 3754 de
2567 3714 2750 3753 eorum
2773 3700 2939 3770 stirpe
2963 3709 3106 3755 esset
3129 3709 3397 3766 exortum,
3427 3699 3507 3755 ei-

1915 3787 2036 3860 dem
2061 3804 2231 3860 ρωιιω
2260 3799 2530 3845 teneretur
2561 3792 2576 3822 ¹
2610 3791 2919 3846 obnoxium.
2943 3791 3059 3847 Non
3093 3792 3237 3848 enim
3265 3791 3407 3847 aliud
3435 3807 3505 3848 ex

1915 3880 1994 3935 eis
2013 3922 2028 3947 ,
2053 3895 2210 3950 quam
2237 3881 2376 3951 quod
2405 3881 2503 3951 ipsi
2541 3882 2748 3937 fuerant
2767 3926 2781 3948 ,
2807 3892 3138 3939 nasceretur.
3165 3884 3270 3940 Pro
3295 3885 3504 3956 magni-

1915 3969 2102 4027 tudine
2127 3972 2319 4042 quippe
2349 3972 2522 4042 culpae
2552 3974 2693 4030 illius
2723 3983 2963 4029 naturam
2990 3973 3262 4030 damnatio
3282 3976 3506 4032 mutavit

1915 4063 1968 4117 in
1995 4063 2181 4133 pejus;
2214 4071 2272 4118 ut
2298 4063 2440 4135 quod
2471 4065 2749 4134 ptenaliter
2773 4066 3049 4136 praecessit
3076 4066 3130 4122 in
3160 4067 3504 4136 peccantibus

1915 4154 2220 4212 hominibus
2265 4156 2481 4226 primis,
2525 4156 2686 4211 etiam
2737 4157 3055 4212 naturaliter
3107 4167 3420 4230 sequeretur
3448 4161 3501 4214 in

1914 4247 2256 4302 nascentibus
2277 4247 2504 4303 caeteris.
2523 4247 2706 4318 Neque
2726 4248 2871 4305 enim
2897 4249 2966 4303 ita
2991 4249 3150 4304 homo
3171 4264 3236 4304 ex
3264 4250 3501 4318 homine,

1919 4340 2055 4394 sicut
2069 4339 2230 4394 homo
2246 4355 2309 4394 ex
2331 4341 2566 4410 pulvere.
2587 4340 2767 4395 Pulvis
2787 4356 3015 4411 namque
3031 4339 3232 4397 homini
3259 4341 3503 4398 faciendo

1915 4433 2164 4488 materies
2196 4431 2294 4486 fuit
2325 4450 2338 4487 :
2371 4431 2532 4486 homo
2576 4441 2751 4488 autem
2774 4431 2973 4487 homini
2994 4433 3259 4504 gignendo
3284 4449 3499 4503 parens.

1913 4523 2142 4578 Proinde
2170 4523 2312 4594 quod
2353 4532 2435 4578 est
2466 4533 2605 4579 terra
2624 4565 2638 4590 ,
2669 4538 2774 4578 non
2806 4523 2909 4580 hoc
2933 4533 3016 4578 est
3063 4539 3220 4592 caro;
3261 4525 3501 4596 quamvis

1912 4632 1974 4670 ex
2005 4625 2144 4670 terra
2176 4614 2310 4669 facta
2337 4616 2404 4670 sit
2430 4629 2575 4670 caro.
2606 4615 2758 4682 Quod
2785 4624 2868 4671 est
2887 4625 3062 4671 autem
3089 4633 3285 4688 parens
3313 4617 3495 4687 homo,

1915 4707 2015 4762 hoc
2043 4717 2122 4762 est
2152 4718 2203 4762 et
2235 4707 2411 4778 proles
2439 4706 2618 4761 homo.
2665 4705 2721 4761 In
2758 4708 2931 4778 primo
2971 4707 3130 4778 igitur
3159 4708 3372 4764 homine
3401 4725 3502 4780 per

1913 4803 2163 4858 feminam
2206 4802 2256 4856 in
2291 4800 2594 4872 progeniem
2625 4800 2970 4856 transiturum
2997 4802 3302 4858 universum
3331 4816 3498 4872 genus

1913 4895 2200 4950 humanum
2225 4893 2345 4962 fuit,
2375 4893 2586 4964 quando
2615 4894 2702 4948 illa
2740 4893 3022 4964 conjugum
3048 4895 3236 4964 copula
3264 4891 3498 4948 divinam

1910 4988 2228 5045 sententiam
2271 5002 2382 5043 sua:
2407 4986 2764 5042 damnationis
2787 4987 2996 5057 excepit
3024 5004 3038 5042 :
3068 4994 3123 5042 et
3162 4983 3301 5056 quod
3334 4982 3498 5040 homo

1909 5082 2082 5137 factus
2104 5090 2207 5148 est,
2248 5096 2353 5136 non
2403 5096 2524 5135 cum
2567 5089 2872 5146 crearetur,
2901 5079 2993 5135 sed
3021 5093 3142 5134 cum
3172 5085 3415 5148 peccaret
3443 5085 3499 5135 et

1913 5173 2222 5244 puniretur,
2263 5170 2369 5227 hoc
2406 5172 2622 5242 genuit,
2652 5180 2904 5241 quantum
2951 5169 3161 5239 quidem
3203 5169 3392 5224 attinet
3428 5170 3496 5226 ad

1911 5264 2113 5335 peccati
2162 5273 2216 5319 et
2243 5265 2432 5318 mortis
2456 5263 2735 5335 originem.
2765 5260 2877 5316 Non
2914 5261 3054 5315 enim
3095 5261 3161 5316 ad
3198 5260 3494 5319 infantilem

1912 5355 2286 5412 hebetudinem
2313 5364 2368 5411 et
2398 5356 2753 5410 infirmitatem
2777 5353 2942 5408 animi
2969 5362 3023 5408 et
3044 5354 3305 5425 corporis,
3333 5370 3493 5426 quam

1911 5449 2151 5504 videmus
2176 5447 2228 5502 in
2259 5446 2523 5517 parvulis,
2555 5455 2772 5517 peccato
2812 5445 2896 5499 vel
2940 5459 3094 5515 poena
3123 5446 3211 5501 ille
3249 5447 3497 5502 redactus

1911 5552 1994 5599 est
2023 5561 2037 5598 :
2067 5558 2188 5612 quae
2215 5541 2354 5595 Deus
2382 5541 2549 5595 voluit
2589 5553 2710 5595 esse
2739 5547 2988 5611 tanquam
3016 5539 3305 5612 primordia
3343 5549 3493 5596 catu-

1971 5655 1989 5686 ι
2022 5651 2243 5704 Nonnulli
2263 5657 2393 5711 Mss,
2411 5654 2615 5700 tenetur.

1993 5729 2023 5765 a
2075 5714 2204 5764 conf.
2238 5726 2384 5764 serm.
2409 5711 2488 5762 65.

1971 5715 2146 5842 ibgbe
2170 5777 2260 5826 hac
2281 5776 2488 5842 quaestio!

1973 5776 2146 5851 (b).De
2170 5777 2260 5826 hac
2281 5776 2548 5846 quaestione
2566 5776 2733 5824 confer
2754 5782 2800 5826 s.
2813 5777 3169 5840 Hieronymum,
3181 5776 3388 5886 Ep‘ﬁtola
3408 5776 3490 5833 24,

1907 5841 1979 5902 de
1993 5841 2130 5902 obitu
2153 5844 2279 5898 Leaa,
2305 5843 2356 5886 et
2385 5835 2591 5900 Epistola
2619 5836 2700 5899 25,
2734 5837 2794 5889 ad
2816 5839 3022 5901 Paulam,
3047 5851 3198 5902 super
3220 5849 3252 5886 ο
3285 5842 3354 5886 itu
3385 5834 3495 5885 Ble-

1907 5901 2030 5953 sillae
2050 5900 2177 5952 tiliae.
2198 5906 2447 5958 οορυωιι.

2080 5785 2146 5827 De
2170 5777 2260 5826 hac
2281 5773 2733 5840 quaestione_conier
2754 5782 2800 5840 s_.
2813 5777 3169 5840 Hieronymum,
3181 5772 3388 5840 Epistula
3408 5771 3490 5840 ξι,
