4054 6478
503 361 607 433 ἕῗθ

1561 366 1648 423 DE
1686 354 2004 433 ΩΙΥΙΤΑΊῈ
2042 361 2175 431 ΒΗ,
2212 363 2273 427 8.
2312 367 2683 430 ΔΠΩΒΒΤΙΝΙ

503 480 697 546 lorum,
726 494 951 553 quorum
982 487 1230 552 parentes
1255 480 1308 537 in
1329 481 1608 538 bestialem
1646 482 1807 537 vitam
1838 487 2099 535 mortem-
2199 498 2295 552 per
2341 484 2658 542 ineiiabilem
2704 488 2801 545 Dei
2850 489 3273 550 misericordiam
3298 535 3312 563 ,
3363 503 3418 551 et
3464 497 3576 567 ipsa
3624 513 3786 569 paena

502 588 606 644 que
622 572 916 645 deiecerat;
937 574 1073 629 sicut
1094 572 1350 657 spriptiqn
1369 583 1470 655 est,
1498 574 1666 659 ξιοιηρ
1693 591 1805 655 qun
1829 572 1883 655 in
1903 571 2086 676 ροῃςνρ

2198 580 2447 665 γὶιίργυρι
2482 584 2672 664 transit
2699 585 2751 659 iq
2772 599 2923 669 ρηηρ
2944 586 3174 671 yirtptis,
3204 596 3257 644 et
3288 589 3343 644 iit
3367 589 3495 662 justi
3525 593 3780 649 meritum

502 676 667 735 esset,
698 684 798 722 non
839 666 1118 733 intellexit;
1144 677 1467 737 comparatus
1493 678 1564 722 est
1594 666 1853 738 pecoribus
1877 680 1977 720 non
2006 666 2090 718 in-

501 759 852 831 telligentibus,
880 767 927 814 et
952 759 1131 837 simi!“
1152 764 1316 841 [pctus
1335 769 1405 831 est
1425 760 1527 830 illis
1552 758 1724 833 (Ρςῃι,
1755 774 1940 829 tum,
1975 754 2088 840 ιδ),

499 850 610 905 Nisi
644 850 785 920 quod
817 848 1048 905 infantes
1077 852 1127 905 in
1140 850 1405 907 firmiores
1432 852 1591 906 etiam
1616 851 1885 906 cernimus
1910 850 1963 903 in
1991 864 2088 931 usu

499 951 752 1013 motuque
769 942 1129 998 membrorum
1149 952 1203 998 et
1218 959 1374 997 sensu
1392 942 1675 1014 appetendi
1696 953 1852 1012 atque
1868 939 2086 1005 vitandi,

498 1049 657 1105 quam
684 1035 1060 1103 βυωωεοιμω
1099 1036 1367 1097 tenerrimi
1408 1036 1544 1092 fetus
1586 1035 1892 1091 animalium
1925 1051 1939 1088 :
1976 1043 2090 1089 tan-

498 1140 661 1197 quam
689 1140 751 1193 se
781 1134 930 1194 tanto
950 1128 1164 1193 attollat
1194 1128 1541 1197 excellentius
1569 1142 1726 1197 supra
1750 1134 1940 1182 extera
1969 1124 2088 1181 ani.-

498 1220 696 1285 mantia
735 1217 816 1281 vis
842 1219 1074 1284 limans
1098 1260 1113 1285 ,
1145 1231 1346 1291 quanto
1393 1220 1561 1291 magis
1602 1219 1856 1290 impetum
1899 1233 2086 1290 suum,

499 1310 645 1365 velut
660 1309 877 1381 sagitta,
894 1326 1016 1375 cum
1037 1325 1191 1371 arcus
1210 1310 1537 1377 extenditur,
1554 1320 1846 1377 retrorsum
1871 1309 2088 1365 reducta

496 1401 786 1467 distulerit.
816 1404 931 1465 Non
967 1418 1097 1472 creo
1125 1402 1190 1463 ad
1215 1404 1314 1461 ista
1344 1403 1601 1459 infantilia
1627 1402 1925 1469 rudimenta
1953 1417 2091 1472 pra:-

496 1496 800 1564 snmptione
828 1495 1012 1560 illicita
1055 1504 1110 1557 et
1135 1497 1476 1561 damnatione
1513 1496 1657 1564 justa
1701 1496 1981 1567 prolapsus
2006 1495 2085 1550 vel

497 1587 756 1657 impulsus
785 1596 865 1649 εει
906 1589 1110 1658 primus
1160 1589 1319 1647 homo
1349 1590 1429 1660 (a)
1462 1607 1476 1643 ι
1507 1590 1603 1645 sed
1634 1589 1893 1657 hactenus
1932 1590 1983 1651 in
2020 1604 2089 1643 eo

498 1691 686 1743 natttra
717 1680 946 1741 humum
972 1683 1148 1739 vitiata
1177 1692 1339 1752 atque
1369 1691 1564 1738 mutata
1586 1691 1688 1747 est,
1712 1691 1770 1736 ut
1790 1694 2091 1752 repugnan-

501 1781 607 1838 tem
652 1782 922 1841 pateretur
964 1774 1016 1832 in
1052 1774 1311 1833 membris
1380 1773 1791 1835 inobcdientiam
1839 1773 2090 1843 concupi-

498 1865 702 1931 scettdi,
743 1876 795 1921 et
819 1866 1237 1936 obstringeretur
1264 1867 1579 1933 necessitate
1606 1866 1900 1932 moriendi;
1930 1874 2090 1935 atque

501 1958 574 2025 ita
603 1959 656 2021 id
678 1958 820 2028 quod
844 1959 971 2017 vitio
1004 1974 1264 2030 prunaque
1292 1958 1460 2014 iactus
1482 1966 1585 2023 est,
1619 1958 1670 2012 id
1697 1966 1798 2024 est,
1828 1956 2088 2021 obnoxios

495 2059 716 2121 peccato
744 2052 1012 2119 mortique
1044 2058 1346 2121 generaret.
1381 2049 1418 2105 Δ
1464 2065 1570 2120 quo
1595 2050 1796 2121 peccati
1840 2049 2084 2115 vinculo,

494 2140 540 2217 si
586 2155 681 2227 per
720 2141 1026 2223 immaturis
1062 2142 1287 2223 gratiqm
1324 2142 1604 2219 solvuntur
1646 2140 1905 2209 infantes,
1951 2140 2090 2215 hanc

494 2233 666 2316 talem
697 2244 924 2315 meum
952 2237 1155 2316 retecti
1186 2243 1429 2313 μρξβψιιε
1460 2251 1577 2311 qua?
1606 2234 1835 2291 animam
1857 2233 2085 2305 sciunt"

495 2341 525 2380 a
555 2342 782 2396 corpore
807 2346 820 2381 :
846 2329 895 2382 in
923 2329 1210 2384 secundam
1233 2344 1359 2382 vero
1384 2330 1527 2384 illam
1556 2329 1671 2383 sine
1693 2328 1796 2387 [ine
1824 2328 2086 2398 paenalem

494 2415 703 2497 liberati
733 2434 763 2471 a
792 2420 993 2497 peccati
1024 2419 1345 2497 obligatione
1371 2434 1475 2473 non
1507 2427 1800 2493 transeunt.

749 2491 837 2565 IV.
866 2491 1061 2565 —.Cur
1177 2513 1254 2565 his
1280 2513 1361 2581 qui
1391 2528 1480 2582 per
1504 2511 1720 2581 gratiam
1749 2491 2085 2583 regeneratio-

521 2585 531 2593 ’
568 2602 645 2681 nis
664 2580 893 2671 absoluti
921 2612 1035 2659 sum
1065 2620 1096 2656 a
1126 2613 1365 2689 peccato,
1392 2619 1493 2657 non
1527 2605 1793 2675 auferatur
1825 2618 1990 2668 mors,
2034 2601 2089 2675 id

570 2702 664 2759 est,
693 2709 842 2763 pama
870 2694 1081 2763 peccati.

567 2783 625 2865 Si
651 2770 807 2854 quem
837 2801 965 2840 vero
991 2794 1189 2854 movet,
1217 2801 1312 2841 cur
1338 2786 1420 2841 vel
1448 2785 1617 2881 ipsam
1646 2787 1934 2879 patiantur,
1956 2786 1999 2847 si
2030 2795 2085 2842 et

496 2858 609 2948 ipsa
641 2893 799 2950 pmna
848 2878 1049 2971 peccati
1091 2889 1205 2955 est,
1240 2858 1600 2973 quorum'per
1645 2858 1868 2957 gratiam
1908 2858 2086 2955 reatus

497 2967 779 3037 aboletur;
803 2950 911 3039 jam
944 2970 1040 3025 ista
1068 2950 1289 3067 quaestio
1315 2972 1367 3049 in
1384 2950 1711 3053 valiq'n‘ostro
1738 2950 1917 3066 opere,
1944 2950 2084 3047 quod

497 3054 813 3131 scripsimus
838 3062 905 3118 de
935 3054 1201 3208 Ba‘pti'smq
1241 3066 1579 3161 parvulorum
1613 3064 1685 3145 (ρὶ
1709 3108 1722 3131 ,
1759 3054 1982 3143 tractata
2026 3081 2088 3120 ac

499 3153 670 3208 soluta
716 3161 841 3208 est:
874 3154 962 3208 ubi
1032 3156 1192 3208 ictum
1224 3166 1340 3208 est.
1384 3156 1451 3208 ad
1492 3155 1594 3208 hoc
1634 3156 1861 3208 relinqui
1894 3158 2086 3208 animae

499 3153 670 3208 soluta
716 3161 841 3223 est:
874 3154 962 3208 ubi
994 3153 1192 3209 dictum
1224 3153 1304 3210 e'st
1326 3198 1340 3222 ,
1384 3156 1451 3211 ad
1492 3155 1594 3225 hoc
1634 3156 1861 3226 relinqui
1894 3158 2086 3233 animze

499 3244 922 3319 experimentum
946 3246 1296 3325 separationis
1317 3260 1346 3299 a
1373 3262 1618 3325 corpore,
1643 3247 1885 3321 quamvis
1912 3248 2088 3323 ablato

494 3334 602 3406 jam
633 3335 873 3390 criminis
900 3318 1085 3403 nexu;
1131 3319 1414 3413 quoniam,
1447 3339 1492 3393 si
1535 3340 1957 3409 regenerationis
1987 3340 2087 3396 Sa-

498 3437 830 3482 cramentqu
862 3429 1114 3484 continuo
1151 3420 1464 3500 sequeretur
1494 3431 1865 3485 immortalitas
1894 3447 2089 3502 corpo-

498 3517 595 3583 ris,
629 3519 741 3595 ipsa
772 3517 903 3600 ﬁdes
932 3516 1298 3600 enervaretur,
1332 3538 1449 3591 qua:
1476 3532 1601 3577 tunc
1631 3532 1712 3577 est
1740 3522 1893 3588 ﬁdes,
1918 3510 2086 3594 quau-

390 3670 399 3679 ,
502 3611 571 3665 do
601 3604 938 3680 ex'spectatur
965 3613 1016 3666 in
1046 3628 1141 3684 spe
1170 3602 1311 3689 quod
1336 3602 1385 3668 in
1410 3631 1470 3670 re
1500 3615 1732 3693 nondum
1755 3615 1963 3671 videtur
1985 3616 2083 3690 (c).

2197 676 2355 730 etiam
2398 676 2713 747 supplicium
2762 682 3076 750 peccatoris.
3121 681 3271 738 Tunc
3315 683 3458 739 enim
3505 699 3654 741 mors
3697 694 3785 743 est

2190 765 2450 836 acquisita
2479 769 2772 839 peccando,
2796 787 2940 837 nunc
2965 772 3220 841 impletur
3237 774 3440 845 iustitia
3468 778 3779 835 moriendo.

2197 856 2390 939 Yet-pm
2422 857 2525 914 hoc
2555 859 2605 914 in
2637 862 2834 917 sanctis
2861 864 3205 934 martyribus,
3239 867 3431 937 quibus
3457 868 3779 927 alterutrum

2189 965 2222 1006 a
2251 962 2591 1020 persecutore
2621 956 2955 1026 proponitur,
2987 966 3044 1011 ut
3072 965 3164 1037 aut
3190 959 3437 1035 deserant
3466 963 3649 1029 iidem,
3682 975 3782 1021 aut

2188 1044 2447 1101 suﬂ‘erant
2472 1057 2724 1103 mortem.
2771 1048 2906 1105 Iusti
2951 1051 3093 1106 enim
3124 1053 3328 1109 malunt
3356 1055 3625 1113 credendo
3655 1073 3782 1130 per-

2190 1139 2317 1208 peti,
2348 1141 2486 1210 quod
2514 1150 2640 1197 sunt
2666 1144 2821 1213 primi
2846 1145 2861 1176 ¹
2888 1144 3050 1216 iniqui
3081 1161 3185 1201 non
3213 1148 3483 1206 credendo
3511 1155 3777 1223 perpessi.

2189 1231 2301 1286 Nisi
2343 1232 2486 1287 enim
2529 1244 2842 1304 peccassent
2879 1236 2989 1305 illi,
3021 1253 3127 1294 non
3159 1250 3499 1298 morerentur
3529 1262 3545 1299 :
3575 1260 3779 1316 pecca-

2189 1320 2321 1378 bunt
2348 1333 2527 1379 autem
2571 1326 2691 1392 isti,
2724 1327 2825 1382 nisi
2871 1328 3186 1385 moriantur.
3236 1331 3428 1388 Mortui
3472 1343 3598 1390 sunt
3644 1351 3779 1408 ergo

2188 1414 2297 1481 illi,
2330 1416 2451 1486 quia
2484 1428 2839 1487 peccaverunt
2873 1437 2887 1473 :
2919 1436 3021 1475 non
3061 1431 3284 1491 peccant
3331 1424 3437 1491 isti,
3490 1426 3611 1497 quia
3657 1443 3781 1483 mo-

2190 1508 2419 1562 riuntur.
2452 1508 2670 1564 Factum
2694 1521 2775 1567 est
2801 1527 2899 1584 per
2922 1513 3134 1569 illorum
3161 1516 3394 1586 culpam,
3423 1528 3481 1573 ut
3501 1520 3783 1575 veniretur

2190 1600 2244 1654 in
2275 1615 2485 1669 poenam
2517 1619 2529 1655 :
2564 1602 2623 1658 iit
2663 1618 2759 1673 per
2802 1604 3022 1660 istorum
3068 1621 3276 1678 pmnam
3303 1650 3315 1672 ,
3347 1625 3416 1665 ne
3444 1613 3692 1668 veniatur
3720 1614 3782 1668 in
3826 1666 3831 1675 ,

2190 1693 2437 1762 culpam;
2490 1709 2594 1749 non
2644 1694 2768 1767 quia
2812 1713 2958 1753 mors
3003 1700 3198 1754 bonum
3245 1702 3457 1773 aliquod
3503 1704 3639 1760 facta
3670 1717 3778 1773 est,
3820 1747 3833 1769 .

2190 1800 2308 1854 quae
2336 1795 2489 1841 antea
2519 1787 2713 1843 malum
2744 1788 2880 1856 fuit;
2923 1791 3016 1846 sed
3062 1801 3258 1848 tantam
3290 1794 3431 1850 Deus
3471 1796 3591 1852 iidei
3632 1813 3779 1868 pra:-

2190 1880 2325 1934 stitit
2351 1882 2597 1950 gratiam.
2628 1891 2685 1937 ut
2714 1899 2878 1952 mors,
2913 1901 3072 1956 quam
3102 1888 3222 1943 vitae
3250 1896 3462 1945 constat
3498 1906 3618 1947 esse
3645 1905 3781 1946 con-

2192 1972 2427 2036 trariam,
2485 1973 2894 2030 instrumentum
2930 1977 3078 2033 tierct
3130 1995 3224 2050 per
3269 1980 3412 2052 quod
3459 1983 3783 2039 transirctur

2188 2063 2254 2117 ad
2287 2063 2468 2119 vitam.
3292 2070 3293 2073 ‘

2188 2177 2415 2234 CAPUT
2445 2179 2510 2235 ν.
2534 2211 2603 2221 -
2626 2181 2774 2248 Quod
2793 2183 2920 2237 sicut
2945 2184 3110 2256 iniqui
3138 2187 3267 2241 male
3292 2196 3502 2242 utuntur
3528 2189 3635 2265 lege
3662 2206 3781 2267 quq

2261 2272 2391 2349 bona
2414 2282 2519 2351 est,
2546 2275 2616 2351 ita
2657 2285 2704 2351 et
2722 2277 2858 2351 justi
2893 2276 3015 2332 bene
3052 2288 3262 2334 utuntur
3298 2293 3456 2337 morte
3489 2299 3603 2355 qui:
3640 2285 3782 2341 mala

2259 2374 2351 2425 εει,

2261 2480 2550 2551 Apostolus
2578 2497 2699 2537 cum
2729 2483 2890 2539 vellet
2933 2486 3237 2552 ostendere,
3285 2496 3541 2557 quantum
3583 2503 3782 2559 pecca-

2189 2579 2323 2637 tum,
2359 2574 2524 2643 gratia
2573 2588 2678 2629 non
2710 2575 3058 2631 subveniente
3078 2619 3091 2641 ,
3122 2576 3188 2632 ad
3221 2580 3519 2634 nocendum
3549 2580 3777 2650 valeret,

2189 2667 2349 2721 etiam
2382 2668 2549 2736 ipsam
2601 2669 2768 2739 legem
2814 2685 2913 2740 qua
2959 2671 3273 2741 prohibetur
3313 2683 3630 2756 peccatum,
3666 2692 3781 2733 non

2190 2762 2449 2839 dubitavit
2478 2764 2657 2821 dicere
2683 2766 2934 2820 virtutem
2982 2780 3104 2823 esse
3146 2771 3371 2838 peccati.
3404 2769 3624 2825 Aculens
3646 2812 3662 2837 ,
3696 2771 3783 2825 in-

2189 2856 2336 2927 quit,
2367 2858 2543 2912 mortis
2573 2867 2644 2911 est
2677 2867 2976 2927 peccatum;
3018 2860 3177 2914 virtus
3217 2870 3383 2915 autem
3422 2863 3651 2933 peccati,
3696 2861 3784 2917 lca:

2195 2947 2214 3020 (
2231 2949 2248 3002 l
2273 2947 2388 3003 Cor.
2415 2966 2506 3025 xv,
2532 2948 2655 3020 56).
2688 2948 2979 3006 Verissime
3008 2954 3246 3006 omnino.
3279 2954 3450 3024 Auget
3474 2955 3620 3009 enim
3650 2969 3782 3026 pro-

2190 3041 2378 3097 bibitio
2402 3041 2725 3097 desiderium
2751 3043 2931 3113 operis
2965 3043 3157 3111 illiciti,
3190 3045 3403 3119 quando
3428 3045 3638 3115 iustitia
3666 3062 3777 3102 non

2190 3134 2266 3189 sic
2292 3134 2560 3206 diligitur,
2590 3145 2646 3190 ut
2689 3136 2944 3207 peccandi
2975 3137 3239 3207 cupiditas
3283 3138 3399 3208 ejus
3424 3137 3785 3194 delectatione

2190 3230 2451 3283 vincatur.
2486 3229 2558 3285 Ut
2581 3237 2756 3284 autem
2785 3228 3037 3301 diligatur
3057 3238 3113 3284 et
3141 3230 3368 3286 delectet
3397 3245 3521 3285 vera
3547 3230 3780 3300 iustitia,

2191 3322 2402 3377 nonnisi
2433 3322 2609 3378 divina
2641 3324 2890 3379 subvenit
2917 3323 3110 3396 gratia.
3145 3324 3253 3378 Sed
3280 3339 3347 3379 ne
3381 3335 3663 3393 propterea
3690 3324 3779 3379 lex

2191 3428 2467 3493 putaretur
2511 3418 2705 3473 malum
2752 3419 3004 3493 quoniam
3038 3420 3204 3474 virtus
3232 3429 3314 3475 est
3342 3418 3482 3474 dicta
3530 3420 3780 3490 peccati;

2190 3510 2311 3567 ideo
2353 3511 2466 3580 ipse
2504 3513 2609 3566 alio
2654 3513 2773 3567 loco
2802 3527 3022 3567 versans
3067 3511 3373 3581 huiusmodi
3401 3512 3780 3583 qurestiouem,

2190 3604 2393 3675 inquit,
2426 3604 2535 3660 Lex
2571 3605 2771 3677 quidem
2813 3614 3022 3669 sancta,
3052 3614 3099 3658 et
3138 3604 3431 3658 mandatum
3472 3613 3704 3659 sanctum
3735 3613 3786 3659 et

498 3703 649 3759 Fidei
694 3716 872 3785 autem
906 3707 1099 3777 robore
1126 3692 1287 3778 atqtte
1330 3710 1652 3785 certamine,
1697 3710 1747 3764 in
1796 3710 2086 3787 majoribus

2195 3694 2379 3767 iustum
2410 3706 2455 3751 et
2481 3696 2688 3750 bonum.
2723 3696 2875 3764 Quod
2911 3712 3028 3767 ergo
3058 3696 3241 3750 bonum
3281 3704 3355 3749 cst
3379 3738 3394 3761 ,
3420 3696 3592 3766 inquit
3611 3737 3625 3757 .
3652 3696 3789 3750 mihi

496 3794 753 3874 duntaxat
783 3799 1062 3867 natatibus,
1096 3789 1256 3854 etiam
1304 3802 1489 3855 mortis
1535 3802 1704 3856 fuerat
1751 3802 2086 3871 superandus

501 3886 678 3961 timor,
712 3888 853 3957 quod
881 3889 931 3942 in
972 3890 1168 3967 sanctis
1199 3891 1520 3965 martyribus
1551 3893 1782 3967 maxime
1813 3893 2034 3963 eminuit
2070 3912 2083 3947 :

500 3979 651 4058 cuius
683 3974 923 4048 proiecto
951 3982 1263 4036 certaminis
1292 3983 1434 4036 nulla
1474 3994 1615 4038 esset
1645 3986 1863 4039 victoria
1884 4027 1899 4049 ,
1943 3986 2085 4051 nulla

501 4066 665 4139 gloria
690 4066 704 4134 ;
735 4071 853 4140 quia
885 4087 981 4126 nec
1005 4071 1175 4141 ipsqu
1201 4073 1419 4127 omnino
1447 4082 1627 4165 posset
1649 4089 1766 4128 esse
1792 4086 2083 4149 certamen,

501 4161 544 4213 si
578 4171 697 4229 post
741 4158 1011 4239 lavacrum
1040 4154 1465 4245 regenerationis
1483 4154 1591 4239 jam
1626 4170 1792 4221 sancti
1825 4185 1929 4224 non
1957 4154 2089 4263 pos-5

501 4250 618 4329 sent
657 4264 881 4333 mortem
916 4254 1115 4327 perpeti
1162 4259 1515 4343 corporalem.
1566 4261 1697 4329 cum
1729 4250 2085 4345 parvulis’au-

502 4354 607 4400 tem
652 4347 983 4425 baptiaandis
1020 4340 1149 4429 quis
1199 4340 1303 4419 non
1356 4353 1421 4407 ad
1472 4351 1671 4413 Christi
1711 4340 1935 4429 gratiam
1966 4372 2087 4428 pro-

500 4446 684 4507 pterea
733 4432 910 4510 potius
955 4428 1232 4507 curreret,
1283 4459 1349 4497 ne
1392 4458 1423 4498 a
1474 4460 1698 4514 corpore
1746 4428 2089 4525 solveret'uri

503 4536 681 4591 Atque
728 4520 797 4587 ita
850 4549 952 4588 non
1001 4536 1249 4592 invisibili
1295 4538 1514 4619 praemio
1556 4540 1872 4619 probaretur
1916 4520 2084 4619 ﬁdes;

499 4625 594 4680 sed
622 4629 735 4695 jam
779 4641 877 4697 nec
909 4626 1043 4705 ﬁdes
1083 4639 1251 4707 esset,
1293 4613 1581 4707 eqni'estim',
1621 4634 1697 4707 sui
1729 4635 1908 4703 operis
1937 4614 2085 4706 quie-

498 4716 669 4773 rendo
698 4727 750 4772 et
794 4701 1052 4773 sumendo
1084 4701 1409 4799 mercedem.
1457 4706 1607 4779 Nunc
1632 4706 2004 4795 vero'majore
2034 4734 2087 4781 et

505 4809 830 4865 mirabiliora
861 4812 1027 4880 gratia
1058 4811 1350 4879 Salvatoris
1380 4814 1432 4870 in
1464 4830 1591 4881 usus
1632 4817 1849 4886 iustitiae
1878 4803 2085 4890 peccati

495 4916 655 4974 paena
698 4918 955 4983 conversa
985 4915 1085 4985 est.
1137 4907 1285 4985 Tunc
1326 4909 1464 4962 enim
1512 4909 1708 4964 dictum
1738 4921 1819 4965 est
1864 4892 2083 4977 liomini,

498 4992 758 5061 Morieris,
790 4998 839 5053 si
866 4982 1170 5068 peccaveris
1201 5019 1214 5055 :
1246 5016 1386 5077 nunc
1415 5000 1609 5057 dicitur
1635 5003 1888 5074 martyri,
1916 5004 2090 5060 More-

497 5076 577 5151 re,
611 5102 676 5144 ne
706 5082 916 5158 pecces.
949 5092 1097 5145 Tunc
1126 5076 1324 5146 dictum
1356 5101 1458 5160 est,
1492 5093 1546 5148 Si
1576 5084 1893 5167 mandatum
1916 5105 2087 5151 trans-

498 5179 667 5246 gressi
699 5170 902 5249 fueritis
922 5224 936 5243 ,
965 5191 1141 5238 morte
1165 5184 1463 5239 moriemini
1496 5183 1644 5257 (Gen.
1675 5202 1710 5241 Il
1730 5228 1744 5253 ,
1772 5183 1874 5263 11)
1907 5206 1919 5241 :
1949 5204 2089 5244 nunc

499 5267 693 5323 dicitur
713 5311 728 5336 ,
760 5271 814 5326 Si
861 5282 1091 5329 mortem
1138 5276 1512 5331 recusaveritis
1534 5318 1549 5345 ,
1578 5278 1883 5333 mandatum
1918 5290 2089 5349 trans-

499 5361 835 5429 grediemini.
869 5364 1019 5434 Quod
1050 5376 1171 5437 tunc
1199 5367 1489 5422 timendum
1518 5367 1717 5447 fuerat,
1744 5378 1801 5424 ut
1827 5386 1929 5435 non
1961 5388 2085 5447 pec-

500 5461 749 5519 caretur;
795 5471 937 5511 nunc
980 5457 1375 5529 suscipiendum
1418 5470 1496 5514 est
1522 5499 1537 5523 ,
1570 5473 1638 5515 ne
1682 5446 2085 5531 peccetur/Sic

559 5609 633 5735 iii
662 5609 2081 5739 ἓοεὲξίςᾷἒιξιιξνίξέιῗῖίἓὶῖ-ἓεθῖιὲρὲἑοὲῗῗηέιίξίῗῗθςιθέξῗξεέε.

497 5733 701 5809 minus}:
726 5733 863 5809 titulo
886 5737 1403 5809 ευυρωιιιλυμιψλωεο
1433 5742 1591 5801 vetita
1622 5733 1779 5799 id'libl
1806 5733 1837 5801 Ξ
1861 5733 2081 5809 tibimet},

515 5794 549 5796 ν
591 5794 704 5859 Ᾱδῆ
792 5794 905 5871 ἀμ
946 5794 1457 5875 ἰἱδηιορὰνὺᾏιὸΐῦέῃιέ
1514 5794 1519 5801 ’
1562 5794 1591 5800 Ψ
1708 5794 1713 5799 ’
1828 5794 1835 5801 ’
1936 5794 1943 5799 ⁷

498 5808 633 5923 casic)
666 5802 794 5910 ϐοῇ.
820 5813 1043 5913 ωλᾳέὼ
1064 5869 1247 5915 Peccat.
1271 5870 1426 5916 Merit.
1453 5870 1505 5917 et
1526 5866 1749 5933 item
1772 5880 1826 5928 ῃ,
1848 5866 2014 5929 ω

2191 3788 2383 3858 factum
2414 3798 2484 3843 est
2527 3788 2705 3843 mors?
2748 3787 2910 3842 Absit.
2959 3788 3067 3843 Sed
3106 3797 3404 3860 peccatum,
3437 3797 3493 3842 ut
3531 3797 3787 3859 appareat

2191 3891 2469 3952 peccatum,
2497 3898 2585 3951 per
2610 3880 2795 3934 bonum
2822 3881 2944 3934 mihi
2971 3891 3232 3951 operatum
3257 3891 3327 3937 est
3354 3890 3587 3943 mortem,
3611 3890 3666 3935 ut
3688 3882 3793 3952 ﬂat

2190 3990 2348 4045 supra
2386 3975 2593 4047 modum
2631 3984 2861 4043 peccator
2896 3984 2985 4028 aut
3030 3977 3337 4046 peccatum’
3366 3991 3455 4045 per
3481 3975 3786 4029 mandatum

2193 4046 2369 4139 (Rom.
2400 4081 2503 4130 vlt,
2533 4046 2621 4129 η,
2651 4066 2760 4135 15).
2794 4066 2969 4137 Supra
2994 4067 3221 4135 modum,
3250 4068 3420 4132 dixit;
3464 4068 3584 4138 quia
3614 4069 3787 4145 etiam

2191 4159 2562 4229 praevaricatio
2607 4157 2861 4227 additur,_
2892 4176 3012 4216 cum
3062 4160 3313 4232 peccandi
3357 4171 3512 4218 aucta
3558 4161 3787 4218 libidine

2192 4252 2351 4307 etiam
2380 4252 2464 4306 lex
2512 4253 2628 4323 ipsa
2658 4254 3040 4308 contemnitur.
3084 4253 3191 4310 Cur
3220 4254 3321 4309 hoc
3350 4269 3786 4310 commemoran-

2191 4345 2314 4400 dum
2345 4340 2691 4416 putavimus?
2731 4347 2866 4414 Quia
2893 4346 3100 4402 scilicet
3126 4347 3263 4401 sicut
3286 4346 3371 4401 lex
3402 4362 3510 4401 non
3548 4356 3631 4402 est
3659 4362 3783 4402 ma-

2190 4438 2323 4505 lum,
2354 4438 2568 4509 quando
2592 4447 2751 4510 auget
2778 4439 3113 4531 peccantium
3141 4439 3664 4509 concupiscentiam;
3709 4440 3784 4495 ita

2190 4544 2291 4585 uec
2322 4524 2465 4585 mors
2506 4531 2705 4585 bonum
2734 4524 2833 4596 est,
2881 4530 3093 4603 quando
3135 4540 3291 4601 auget
3320 4530 3633 4600 patientium
3662 4530 3787 4600 gie-

2190 4623 2325 4678 riam
2357 4640 2369 4676 :
2402 4638 2524 4678 cum
2555 4623 2639 4678 vel
2671 4623 2757 4678 illa
2788 4638 2885 4695 pro
2913 4614 3190 4693 iniquitate
3219 4621 3505 4689 deseritur,
3534 4631 3588 4677 et
3614 4620 3787 4677 efﬁcit

2190 4717 2668 4787 prtevaricatores;
2713 4715 2800 4771 vel
2844 4716 2943 4770 ista
2976 4731 3073 4785 pro
3101 4715 3325 4770 veritate
3368 4714 3654 4785 suscipitur
3678 4756 3694 4778 ,
3727 4725 3786 4769 et

2192 4808 2358 4865 efﬁcit
2386 4817 2668 4881 martyres.
2716 4810 2794 4864 Ac
2832 4823 2929 4879 per
2973 4800 3075 4862 hoc
3116 4807 3202 4879 les
3244 4807 3456 4878 quidem
3489 4809 3623 4877 bona
3672 4815 3781 4871 est,

2193 4902 2312 4973 quia
2345 4902 2633 4973 prohibitio
2661 4910 2743 4957 est
2772 4901 2973 4971 peccati
3001 4918 3015 4967 ;
3059 4916 3207 4956 mors
3234 4909 3412 4957 autem
3442 4900 3577 4955 mala
3604 4942 3619 4965 ,
3651 4900 3783 4970 quia

2191 4984 2515 5064 slipendium
2559 5005 2642 5048 est
2690 4993 2891 5063 peccati
2921 5010 2943 5063 :P
2969 4978 3060 5048 sed
3102 4993 3548 5064 quemadmodum
3595 4992 3783 5077 iniusti

2191 5074 2332 5143 male
2359 5097 2581 5153 utuntur
2605 5087 2627 5118 ³
2659 5080 2762 5141 nun
2794 5095 2996 5140 tantum
3041 5087 3192 5141 malis
3213 5128 3227 5153 ,
3262 5087 3354 5142 sed
3382 5087 3541 5142 etiam
3580 5074 3737 5140 bonis
3764 5103 3781 5151 ;

2192 5179 2262 5249 ita
2290 5180 2419 5249 justi
2452 5179 2586 5233 bene
2631 5192 2735 5233 non
2781 5186 2988 5233 tantum
3034 5177 3206 5243 bonis,
3256 5178 3350 5233 sed
3393 5178 3552 5233 etiam
3598 5180 3782 5233 malis.

2193 5272 2326 5326 Ilinc
2356 5270 2413 5325 iit
2440 5280 2498 5324 ut
2521 5279 2574 5326 et
2600 5269 2725 5325 mali
2752 5269 2891 5325 male
2921 5272 3036 5341 lege
3061 5278 3298 5337 utantur,
3327 5270 3569 5342 quamvis
3593 5270 3662 5325 sit
3692 5270 3787 5327 lex

2191 5364 2387 5437 bpuum
2413 5380 2429 5430 ;
2471 5373 2525 5420 et
2550 5363 2674 5419 boni
2706 5364 2846 5420 bene
2886 5365 3182 5431 moriantur
3205 5405 3220 5433 ,
3249 5365 3493 5447 quamvis
3518 5365 3587 5433 sit
3629 5379 3787 5421 mors

2190 5455 2409 5512 malum.

2252 5611 3048 5689 δξρξεοάίιίρων-νωηω..
3302 5678 3314 5689 .

2252 5678 2450 5790 ἓεαεὲιίῖιοι
2475 5677 3403 5790 mactatamactata}:
3440 5677 3666 5751 ΜΨ
3698 5682 3795 5739 ⁸³⁸⁸

2187 5736 2526 5812 peccatum;
2733 5744 2829 5812 est,
3169 5736 3402 5812 patintia.
3430 5736 3465 5812 ί
3584 5736 3615 5812 ⁷.
3682 5800 3717 5812 Α

2251 5798 3031 5866 “numidia-talem
3072 5800 3803 5871 mutuataeme
