4054 6480
494 402 602 462 88a

494 614 734 671 nondum
762 617 1023 675 abscessit
1049 634 1081 676 τι
1110 634 1357 693 corpore.
1383 624 1489 682 Sed
1519 627 1564 682 si
1585 643 1706 685 cum
1734 631 2077 704 abscesserit,

493 719 595 760 nec
646 714 772 762 tunc
823 708 876 763 in
927 719 1134 778 morte,
1165 713 1260 769 sed
1307 724 1428 786 post
1455 728 1680 775 mortem
1728 724 1905 793 potius
1936 726 2078 794 erit;

494 797 707 869 quando
731 799 800 855 sit
844 800 900 857 in
941 813 1114 861 morte
1139 808 1259 879 quis
1287 808 1521 867 dixerit?
1546 812 1679 871 Nam
1722 831 1896 888 neque
1944 820 2082 875 ullus

496 890 736 948 moriens
764 894 868 949 erit
891 936 907 964 ,
935 897 980 951 si
1012 900 1248 956 moriens
1278 912 1334 959 et
1362 906 1546 961 vivens
1574 906 1734 962 simul
1759 923 1879 965 esse
1905 911 2081 967 nullus

493 992 673 1056 potest
699 1003 714 1041 :
745 989 996 1058 quamdiu
1021 994 1217 1066 quippe
1243 997 1421 1054 anima
1461 999 1515 1055 in
1554 1015 1780 1073 corpore
1822 1013 1903 1059 est
1928 1046 1943 1073 ,
1972 1020 2078 1063 non

494 1092 781 1148 possumus
818 1097 1015 1155 negare
1058 1086 1346 1145 viventem.
1391 1091 1497 1147 Aut
1541 1094 1584 1148 si
1632 1096 1865 1152 moriens
1908 1100 2082 1169 potius

501 1166 768 1228 dicendus
793 1183 905 1240 est,
938 1175 990 1230 in
1018 1177 1174 1248 cujus
1197 1181 1307 1249 jam
1336 1198 1561 1254 corpore
1585 1187 1760 1257 agitur
1788 1197 1844 1243 ut
1888 1166 2083 1247 muria-

502 1268 610 1331 tur,
645 1278 743 1319 nec
771 1265 930 1322 simul
958 1270 1239 1341 quisquam
1268 1284 1444 1345 potest
1482 1291 1603 1335 esse
1640 1281 1829 1337 vivens
1875 1290 1929 1338 et
1968 1299 2083 1342 mo-

497 1351 681 1421 riens;
709 1357 925 1427 quando
947 1359 1018 1415 sit
1044 1361 1228 1419 vivens
1253 1366 1452 1422 nescio.

534 1468 760 1527 CAPUT
804 1472 872 1528 X.
904 1505 978 1516 —
1002 1476 1082 1532 De
1109 1479 1208 1533 vita
1231 1482 1519 1537 mortalium
1542 1526 1558 1551 ,
1586 1501 1699 1557 quae
1720 1503 1855 1543 more
1880 1490 2048 1561 potius

967 1584 1120 1639 quam
1147 1572 1248 1625 vita
1271 1572 1486 1629 dicenda
1509 1584 1600 1632 est.

567 1674 647 1730 Ex
678 1691 783 1748 quo
807 1679 950 1734 enim
980 1682 1203 1754 quisque
1232 1685 1286 1741 in
1310 1687 1411 1743 isto
1436 1704 1664 1759 corpore
1689 1694 1944 1749 morituro
1963 1710 2083 1753 esse

493 1768 737 1838 ceperit,
756 1784 1025 1842 nunquam
1049 1775 1100 1829 in
1126 1791 1192 1831 eo
1216 1792 1321 1833 non
1344 1780 1518 1851 agitur
1538 1792 1594 1837 ut
1616 1798 1761 1840 mors
1782 1786 1957 1841 veniat
1978 1788 2079 1860 (α).

495 1854 610 1912 Hoc
635 1858 775 1914 enim
805 1861 914 1931 agit
939 1863 1055 1933 ejus
1081 1868 1405 1926 mutabilitas
1436 1881 1545 1927 toto
1575 1881 1816 1946 tempore
1838 1878 1961 1932 vita:
1986 1854 2086 1935 hu-

489 1947 578 2019 jus
607 1948 690 2021 (si
713 1961 887 2008 tamen
917 1955 1023 2010 vita
1053 1957 1278 2016 dicenda
1307 1963 1449 2034 est),
1479 1971 1538 2020 ut
1565 1967 1806 2023 veniatur
1841 1969 1894 2024 in
1933 1985 2082 2026 mor-

495 2045 628 2098 tem.
654 2040 823 2099 Nemo
848 2046 1045 2118 quippe
1088 2058 1170 2106 est
1205 2053 1294 2123 qui
1338 2069 1444 2109 non
1498 2057 1545 2112 ei
1590 2073 1710 2128 post
1748 2075 1945 2117 annum
1974 2065 2080 2134 sit,

494 2147 653 2204 quam
678 2145 801 2193 aute
828 2154 1023 2196 annum
1064 2142 1164 2199 fuit
1187 2187 1201 2212 ,
1232 2155 1285 2202 et
1311 2163 1431 2205 cras
1460 2166 1618 2221 quam
1648 2152 1826 2224 hodie,
1851 2165 1905 2212 et
1924 2157 2084 2218 hodie

494 2239 652 2295 quam
680 2226 795 2284 heri
814 2271 830 2299 ,
858 2240 914 2287 et
940 2235 1099 2303 paulo
1136 2248 1255 2307 post
1292 2256 1448 2311 quam
1478 2259 1651 2311 nunc,
1685 2254 1739 2302 et
1758 2262 1900 2306 nunc
1924 2268 2081 2323 quam

497 2317 659 2387 paulo
686 2328 810 2376 ante
850 2325 1215 2397 propinquior.
1247 2329 1506 2399 Quoniam
1535 2336 1788 2409 quidquid
1831 2317 2084 2414 temporis

492 2406 722 2477 vivitur,
752 2410 821 2467 de
869 2416 1042 2485 spatio
1082 2418 1292 2475 vivendi
1341 2422 1609 2493 demitur;
1641 2406 1697 2484 et
1741 2406 1979 2501 quotidie
2024 2435 2085 2491 ﬁt

490 2500 668 2557 minus
712 2504 996 2578 minusque
1031 2510 1172 2581 quod
1215 2522 1385 2569 restat
1420 2534 1435 2572 :
1477 2528 1534 2573 ιιι
1577 2500 1795 2576 omnino
1839 2525 1972 2580 nihil
2015 2527 2085 2582 sit

490 2595 635 2653 aliud
683 2606 892 2671 tempus
939 2603 1062 2660 vita:
1096 2604 1285 2677 hujus,
1319 2624 1476 2679 quam
1508 2627 1698 2669 cursus
1724 2616 1790 2671 ad
1833 2628 2081 2689 mortem,

495 2686 548 2743 in
576 2704 682 2760 quo
724 2707 882 2751 nemo
911 2696 995 2752 vel
1037 2698 1307 2769 paululum
1336 2711 1510 2773 stare,
1540 2707 1622 2762 vel
1651 2708 1924 2779 aliquanto
1974 2686 2083 2769 ιρι-έ-

494 2778 615 2836 dius
643 2781 723 2838 ire
751 2787 1075 2854 permittitur
1102 2807 1116 2843 :
1146 2791 1240 2847 sed
1269 2807 1456 2851 omnes
1484 2778 1749 2869 urgentur
1773 2804 1882 2872 pari
1910 2814 2079 2875 metu,

492 2885 593 2927 nec
612 2871 826 2931 diverso
853 2878 1198 2949 impelluntur
1220 2899 1461 2943 accessu.
1489 2888 1669 2962 Neque
1694 2871 1836 2949 enim
1867 2898 1950 2953 cui
1976 2899 2083 2955 vita

492 2958 708 3020 brevior
733 2964 831 3023 fuit
857 3009 873 3036 ,
901 2970 1130 3029 celerius
1158 2974 1297 3031 diem
1330 2978 1505 3049 duxit,
1536 2958 1694 3052 quam
1736 2985 1823 3041 ille
1849 2990 1933 3044 cui
1963 2990 2084 3047 lon-

494 3052 613 3124 gior
641 3072 655 3107 :
681 3056 775 3112 sed
819 3073 940 3115 cum
979 3066 1254 3135 aequaliter
1285 3077 1340 3124 et
1366 3072 1588 3142 aequalia
1618 3087 1886 3136 momenta
1929 3097 2083 3154 rape-

493 3154 684 3203 rentur
705 3149 965 3210 ambobus
983 3194 998 3216 .
1026 3155 1163 3213 alter
1188 3158 1373 3216 habuit
1399 3165 1640 3234 prepius,
1665 3168 1799 3224 alter
1826 3149 2081 3232 remotius

490 3250 598 3307 quo
626 3254 732 3294 non
763 3241 952 3313 impari
976 3246 1259 3306 velocitate
1285 3251 1443 3308 ambo
1481 3257 1786 3314 currebant.
1816 3263 1972 3319 Aliud
2000 3276 2083 3323 est

491 3338 669 3388 autem
713 3336 939 3407 amplius
986 3341 1086 3396 via:
1134 3346 1441 3415 peregisse,
1473 3349 1617 3405 aliud
1649 3353 1849 3409 tardius
1893 3359 2078 3415 ambu-

492 3421 651 3479 lasse.
681 3426 783 3493 Qui
808 3443 936 3500 ergo
961 3447 1130 3502 usque
1159 3435 1225 3489 ad
1264 3447 1491 3494 mortem
1528 3443 1865 3511 productiora
1910 3451 2080 3519 Spatia

494 3519 752 3587 temporis
788 3521 928 3592 agit,
960 3522 1065 3578 non
1115 3525 1307 3583 lentius
1349 3531 1558 3603 pergit,
1587 3533 1680 3589 sed
1720 3536 1836 3606 plus
1875 3538 2081 3598 itineris

489 3610 725 3667 coniicit.
770 3612 938 3671 Porro
977 3617 1022 3672 si
1062 3634 1127 3674 ex
1167 3619 1259 3675 illo
1295 3625 1522 3695 quisque
1565 3627 1746 3699 incipit
1780 3634 1944 3700 mori,
1978 3635 2081 3692 hoc

489 3710 573 3756 est
605 3716 725 3759 esse
766 3704 819 3760 in
868 3717 1072 3775 morte,
1101 3724 1165 3765 ex
1196 3726 1302 3782 quo
1353 3713 1405 3769 in
1436 3715 1525 3772 illo
1573 3720 1655 3790 agi
1704 3723 1926 3792 coeperit
1965 3725 2080 3796 ipsa

492 3811 673 3862 mors,
712 3800 765 3854 id
810 3810 894 3857 est
935 3805 1056 3860 vitae
1082 3806 1376 3876 detractio;
1407 3813 1560 3882 quia,
1591 3828 1710 3869 cum
1750 3816 2081 3876 detrahendo

492 3886 639 3944 ﬁnita
683 3889 875 3961 fuerit,
911 3904 1030 3964 post
1071 3908 1301 3954 mortem
1338 3902 1446 3971 jam
1472 3905 1604 3968 erit,
1633 3921 1738 3962 non
1775 3909 1828 3964 in
1859 3921 2075 3968 morte:

492 3980 734 4050 profecto
758 3998 823 4039 ex
850 4001 957 4056 quo
986 4001 1106 4044 esse
1139 3988 1326 4060 incipit
1346 3993 1398 4046 in
1423 3992 1524 4051 hoc
1553 4012 1797 4069 corpore,
1826 4002 1879 4057 in
1907 4014 2079 4062 morte

489 4080 594 4127 est.
621 4072 756 4141 Quid
781 4078 922 4132 enim
944 4079 1084 4134 aliud
1109 4080 1328 4153 diebus,
1352 4084 1499 4143 horis
1518 4129 1532 4154 ,
1561 4093 1947 4165 momentisque
1971 4096 2079 4152 sin-

490 4160 629 4232 gulis
655 4165 847 4234 agitur,
875 4169 1047 4225 donec
1075 4187 1138 4227 ea
1160 4188 1475 4251 consumpta
1502 4180 1521 4212 ¹
1550 4196 1695 4238 mors
1733 4160 2074 4260 qum'ageha-

490 4264 614 4324 tur,
655 4257 967 4328 impleatur;
1009 4272 1063 4318 et
1114 4265 1334 4338 incipiat
1370 4270 1479 4340 jam
1536 4282 1741 4345 tempus
1792 4257 1931 4333 esse-
1957 4290 2075 4350 post

489 4356 739 4417 mortem,
760 4352 901 4423 quod
927 4369 1049 4410 cum
1076 4357 1181 4412 vita
1211 4358 1616 4432 detraheretur,
1648 4376 1765 4421 erat
1790 4369 1842 4422 in
1867 4376 2075 4428 morte?

489 4437 768 4513 Nunquam
807 4443 966 4515 igitur
993 4447 1045 4502 in
1075 4450 1183 4505 vita
1207 4450 1371 4508 homo
1396 4462 1507 4523 est,
1547 4471 1614 4511 ex
1641 4473 1747 4528 quo
1770 4469 1855 4516 est
1880 4462 1933 4518 in
1957 4478 2079 4520 cor-

489 4544 618 4601 pore
647 4532 750 4587 isto
770 4536 1032 4594 moriente
1057 4540 1233 4610 potius
1260 4558 1419 4613 quam
1448 4545 1659 4602 vivente
1682 4589 1698 4615 ,
1730 4550 1775 4605 si
1804 4559 1859 4607 et
1886 4552 1940 4608 in
1966 4556 2075 4613 vita

486 4631 543 4679 et
569 4624 622 4678 in
650 4635 822 4683 morte
845 4629 1005 4684 simul
1025 4645 1132 4686 non
1160 4642 1333 4703 potest
1355 4650 1495 4691 esse.
1521 4639 1600 4692 An
1625 4641 1801 4710 potius
1821 4646 1946 4701 etin
1965 4648 2075 4705 vita

487 4723 543 4772 et
575 4716 629 4771 in
666 4728 839 4776 morte
884 4722 1039 4777 simul
1068 4734 1188 4779 est:
1220 4727 1273 4780 in
1319 4729 1424 4782 vita
1472 4733 1672 4789 scilicet
1700 4735 1752 4790 in
1779 4753 1879 4808 qua
1910 4741 2070 4809 vivit,

484 4806 659 4866 donec
693 4819 801 4867 tota
847 4814 1192 4883 detrahatur;
1226 4819 1277 4873 in
1327 4834 1500 4879 morte
1539 4836 1738 4895 autem,
1769 4806 1869 4901 qua
1916 4806 2073 4903 jami

485 4902 734 4970 moritur,
753 4916 875 4958 cum
903 4905 1007 4960 vita
1037 4905 1369 4966 detrahitur?
1390 4912 1445 4967 Si
1472 4915 1613 4971 enim
1634 4934 1740 4975 non
1765 4932 1847 4977 est
1867 4902 2069 4992 invita,

483 4994 611 5065 quid
657 5006 742 5053 est
783 5001 925 5070 quod
972 4999 1301 5073 detrahitur,
1334 5004 1503 5064 donec
1545 5011 1662 5082 ejus
1706 5014 1797 5070 tiat
1841 5017 2072 5087 perfecta

484 5090 865 5160 consumptio?
891 5090 947 5147 Si
994 5102 1171 5149 autem
1220 5112 1327 5153 non
1370 5108 1450 5156 est
1492 5102 1544 5157 in
1589 5114 1795 5174 morte,
1823 5108 1949 5179 quid
1990 5120 2075 5168 est

486 5177 609 5231 vita:
635 5178 747 5248 ipsa
775 5180 1203 5243 detractiolNon
1225 5191 1365 5245 enim
1393 5192 1607 5264 frustra,
1631 5212 1749 5252 cum
1781 5177 1885 5256 vita
1917 5200 2074 5261 fuerit

486 5271 697 5338 corpori
725 5281 832 5328 tota
857 5276 1112 5347 detracta,
1148 5292 1268 5352 post
1294 5296 1522 5343 mortem
1557 5290 1667 5361 jam
1711 5292 1936 5365 dicitur,
1968 5298 2072 5355 nisi

485 5361 608 5431 quia
638 5378 786 5432 mors
817 5379 970 5439 erat,
1004 5388 1125 5428 cum
1166 5376 1559 5438 detraheretur.
1592 5384 1722 5442 Nam
1768 5390 1813 5445 si
1861 5406 1922 5446 ea
1974 5393 2072 5449 de-

487 5462 656 5513 tracta
694 5473 801 5516 non
842 5471 925 5518 est
963 5465 1124 5523 homo
1169 5470 1222 5524 in
1252 5483 1458 5541 morte,
1488 5478 1582 5533 sed
1626 5492 1747 5552 post
1796 5498 2019 5543 mortem
2051 5504 2067 5555 ;

486 5551 701 5622 quando
719 5596 734 5620 ,
762 5555 862 5611 nisi
887 5571 1008 5615 eum
1037 5561 1353 5636 detrahitur,
1384 5570 1487 5626 erit
1516 5572 1569 5628 in
1598 5551 1806 5632 morte?

548 5686 573 5768 ξ
604 5686 863 5768 ﬁnitam.
884 5699 959 5743 Er.
985 5702 1039 5768 et
1059 5699 1278 5768 nonnulli
1300 5710 1426 5768 Mss,
1450 5715 1788 5761 commata.

551 5748 573 5781 ·
604 5752 756 5803 Nostri
776 5759 906 5817 Ias,
927 5748 1298 5822 ᾳωαίαηιῖῖ.

550 5832 625 5900 (α)
658 5843 821 5904 magna
843 5808 954 5905 pars
1322 5851 1375 5901 in
1395 5808 1667 5919 hoet‘apite
1690 5862 1980 5923 Augustinus
1994 5862 2068 5915 di-

483 5920 570 5986 cit,
590 5932 782 5990 sumpta
801 5934 918 5984 sunt
938 5942 1005 5984 ex
1019 5938 1223 6001 senem,
1244 5935 1389 5988 variis
1409 5936 1543 5991 lacis.
1598 5947 1708 5995 tm.
1736 5920 1890 5997 vivas.

1563 418 1655 478 DE
1690 419 2011 482 etvrrA'rE
2046 425 2187 498 DEI,
2214 426 2274 484 s.
2305 414 2680 487 AUGUSTlNi

395 532 412 542 ·
495 521 637 580 inest
662 524 841 583 anima
868 529 1115 601 corpori;
1145 531 1378 589 nondum
1403 541 1582 592 autem
1627 537 1683 594 in
1719 548 1926 610 morte,
1954 544 2077 614 quia

3660 444 3772 504 384

2187 543 2414 602 CAPUT
2441 544 2715 604 XL—An
2740 549 3008 623 quicquam
3033 554 3187 610 simul
3209 566 3254 611 et
3279 556 3444 615 vivens
3466 576 3571 617 esse
3590 565 3772 637 possit,

2818 653 2866 699 et
2891 654 3139 702 mortuus.

2255 775 2308 831 1.
2348 772 2407 832 Si
2424 783 2600 832 autem
2630 777 2921 835 absurdum
2950 787 3035 838 est
3060 791 3119 838 ut
3152 782 3459 856 hominem,
3485 795 3776 860 antequam

2185 867 2250 925 ad
2290 878 2515 925 mortem
2546 873 2857 942 perveniat,
2882 874 2993 945 jam
3020 892 3142 933 esse
3184 877 3424 936 dicamus
3471 882 3525 938 in
3554 894 3729 943 morte
3754 901 3776 956 ;

2186 960 2293 1037 (cui
2335 964 2477 1018 enim
2514 967 2828 1037 prepinquat
2854 970 3157 1041 peragendo
3185 971 3306 1028 vita:
3344 988 3455 1030 sua:
3492 984 3733 1048 tempora
3757 1021 3777 1046 ,

2187 1055 2233 1110 si
2257 1056 2366 1127 jam
2398 1057 2451 1111 in
2497 1057 2584 1112 illa
2618 1060 2779 1132 est?)
2807 1062 3035 1118 maxime
3059 1064 3181 1135 quia
3211 1065 3370 1122 nimis
3394 1077 3477 1124 est
3501 1070 3778 1142 insolens,

2189 1156 2247 1203 ut
2274 1149 2431 1203 simul
2453 1159 2507 1205 et
2535 1152 2726 1207 vivens
2754 1168 2874 1210 esse
2902 1155 3108 1211 dicatur
3127 1168 3181 1214 et
3205 1162 3440 1218 moriens
3461 1204 3478 1229 ,
3499 1179 3622 1220 cum
3652 1167 3783 1238 vigi-

2188 1242 2309 1297 lans
2328 1252 2379 1299 et
2410 1244 2682 1301 dormiens
2708 1248 2866 1303 simul
2891 1264 3013 1308 esse
3043 1269 3146 1309 non
3188 1257 3356 1325 possit
3384 1274 3397 1310 :
3424 1261 3781 1328 quaerendum

2188 1349 2270 1394 est
2292 1340 2505 1411 quando
2527 1342 2632 1398 erit
2658 1345 2911 1401 moriens.
2944 1346 3157 1403 Etenim
3196 1360 3479 1423 antequam
3509 1371 3655 1411 mors
3681 1372 3777 1413 ve-

2187 1431 2298 1486 niat
2316 1473 2333 1499 ,
2361 1448 2470 1490 non
2510 1443 2593 1490 est
2637 1436 2872 1493 moriens
2895 1480 2911 1506 ,
2939 1440 3034 1495 sed
3063 1441 3246 1497 vivens
3280 1461 3294 1498 :
3322 1458 3443 1499 eum
3471 1462 3603 1502 vero
3630 1464 3781 1506 mors

2187 1523 2431 1592 venerit,
2461 1536 2703 1581 mortuus
2743 1529 2883 1597 erit,
2915 1544 3019 1584 non
3058 1534 3316 1589 moriens.
3364 1534 3498 1592 illud
3536 1552 3668 1609 ergo
3696 1548 3783 1596 est

2186 1612 2363 1670 adhuc
2391 1624 2516 1671 ante
2540 1628 2765 1674 mortem
2792 1661 2805 1683 ,
2841 1620 2943 1676 hoc
2958 1621 3069 1692 jam
3104 1634 3223 1693 post
3268 1634 3516 1681 mortem.
3550 1628 3782 1697 Quando

2186 1720 2315 1776 ergo
2344 1706 2396 1761 in
2425 1710 2639 1764 morte?
2668 1712 2819 1780 (tunc
2848 1712 2989 1767 enim
3011 1723 3093 1776 est
3108 1716 3344 1771 moriens
3364 1717 3418 1791 :)
3448 1720 3780 1790 utquemad-

2187 1799 2403 1855 modum
2458 1800 2560 1857 tria
2597 1812 2719 1859 sunt
2769 1820 2890 1860 cum
2939 1805 3199 1875 dicimus,
3231 1808 3370 1866 Ante
3415 1823 3640 1866 mortem
3666 1853 3681 1877 ,
3722 1813 3780 1868 in

2188 1900 2399 1960 morte,
2443 1901 2567 1962 post
2607 1905 2866 1963 mortem;
2917 1898 2987 1954 ita
3026 1899 3125 1954 tria
3154 1900 3375 1971 singulis
3412 1901 3654 1973 singula,
3688 1903 3781 1958 Vi-

2189 1997 2358 2049 vens,
2397 1986 2633 2041 moriens
2653 2026 2669 2053 ,
2699 1996 3046 2060 mortuusque
3072 1991 3381 2048 reddantur.
3413 1992 3636 2061 Quando
3671 1995 3779 2049 ita-

2187 2089 2291 2145 que
2316 2076 2385 2131 sit
2412 2078 2649 2133 moriens
2680 2119 2695 2144 ,
2728 2079 2780 2134 id
2820 2089 2904 2135 est
2934 2082 2986 2135 in
3019 2093 3190 2139 morte
3210 2126 3239 2151 ,ι
3259 2085 3345 2139 ubi
3376 2099 3548 2156 neque
3589 2086 3661 2140 sit
3698 2087 3782 2143 vi-

2185 2181 2318 2224 vens
2341 2209 2357 2236 ,
2388 2168 2530 2239 quod
2558 2177 2642 2225 est
2675 2179 2800 2227 ante
2840 2181 3066 2228 mortem
3086 2214 3102 2239 ,
3132 2190 3301 2246 neque
3328 2185 3601 2244 mortuus,
3630 2178 3781 2250 quod

2187 2269 2271 2315 est
2296 2269 2416 2330 post
2441 2272 2693 2329 mortem,
2722 2263 2815 2317 sed
2842 2264 3107 2331 moriens,
3136 2266 3187 2320 id
3214 2275 3298 2321 est
3322 2268 3376 2322 in
3405 2279 3579 2324 morte
3597 2311 3614 2337 ,
3635 2270 3781 2325 difﬁ-

2186 2353 2386 2409 cillime
2410 2354 2681 2411 delinitur.
2705 2357 2965 2424 Quamdiu
3007 2359 3204 2430 quippe
3241 2369 3325 2416 est
3349 2362 3523 2418 anima
3553 2363 3608 2418 in
3646 2378 3776 2419 cor-

2187 2462 2318 2518 pore
2342 2490 2358 2516 ,
2390 2449 2621 2506 maxime
2662 2451 2707 2505 si
2758 2452 2917 2506 etiam
2965 2466 3155 2508 sensus
3192 2453 3362 2520 adsit,
3394 2457 3576 2525 procul
3609 2456 3779 2513 dubio

2186 2541 2313 2596 vivit
2344 2540 2504 2596 homo
2527 2542 2659 2613 ,ααυί
2690 2553 2899 2598 constat
2924 2559 2988 2600 ex
3016 2546 3191 2601 anima
3212 2556 3266 2602 et
3289 2562 3546 2618 corpore;
3572 2563 3635 2603 ac
3679 2566 3778 2620 per

2187 2631 2290 2687 hoc
2314 2633 2490 2690 adhuc
2513 2643 2638 2690 ante
2660 2644 2912 2703 mortem,
2940 2651 3048 2692 non
3074 2637 3128 2691 in
3154 2647 3326 2694 mortc
3363 2654 3481 2695 esse
3513 2639 3776 2699 dicendus

2185 2733 2268 2779 est
2296 2742 2309 2780 :
2335 2738 2455 2781 eum
2482 2740 2612 2781 vero
2640 2726 2815 2781 anima
2843 2727 3162 2783 abscesserit
3186 2772 3200 2796 ,
3235 2744 3553 2802 omnemque
3586 2732 3775 2789 abstu-

2186 2818 2306 2872 lerit
2330 2819 2571 2888 corporis
2599 2833 2813 2873 sensum
2832 2861 2845 2885 ,
2873 2820 2983 2890 jam
3022 2830 3142 2890 post
3170 2833 3395 2877 mortem
3426 2833 3776 2896 mortuusque

2185 2908 2513 2979 perhibetur.
2555 2909 2704 2965 Perit
2733 2912 2896 2982 igitur
2939 2913 3078 2967 inter
3123 2923 3405 2985 utrumque
3427 2956 3442 2983 ,
3471 2931 3578 2986 quo
3610 2917 3627 2948 ¹
3656 2933 3775 2973 mo-

2185 3003 2332 3057 riens
2355 3045 2370 3070 ,
2401 3001 2486 3058 vel
2514 3004 2565 3058 in
2594 3014 2770 3059 morte
2789 3005 2891 3060 sit:
2920 3006 3167 3076 quoniam
3189 3009 3232 3062 si
3258 3007 3431 3063 adhuc
3457 3008 3613 3075 vivit,
3642 3020 3773 3067 ante

2186 3103 2411 3150 mortem
2443 3105 2561 3163 est;
2592 3096 2635 3150 si
2662 3096 2841 3152 vivere
2865 3096 3101 3164 destitit,
3129 3098 3237 3168 jam
3268 3109 3388 3169 post
3416 3108 3642 3155 mortem
3665 3109 3772 3157 est.

2186 3185 2464 3256 Nunquam
2489 3202 2617 3258 ergo
2643 3188 2877 3244 moriens
2896 3230 2911 3255 ,
2934 3188 2987 3244 id
3009 3198 3091 3245 est
3119 3190 3170 3244 in
3198 3198 3371 3246 morte
3390 3206 3509 3247 esse
3528 3206 3777 3264 compre-

2186 3277 2452 3335 henditur.
2486 3281 2560 3336 Ita
2592 3283 2749 3337 etiam
2774 3283 2827 3337 in
2852 3292 3158 3340 transcursu
3190 3295 3486 3356 temporum
3514 3288 3776 3356 quaeritur

2187 3385 2420 3440 praesens
2444 3413 2459 3440 ,
2488 3387 2587 3427 nec
2612 3374 2878 3430 invenitur
2906 3390 2919 3427 :
2948 3376 3067 3446 quia
3092 3376 3207 3430 sine
3229 3377 3334 3430 ullo
3357 3377 3526 3447 Spatio
3546 3387 3648 3439 est.
3674 3394 3773 3448 per

2183 3463 2321 3534 quod
2363 3466 2615 3520 transitur
2647 3483 2711 3521 ex
2755 3468 2933 3523 futuro
2962 3470 3013 3523 in
3042 3471 3385 3540 pra-teritum.
3413 3470 3601 3527 Nonne
3641 3486 3776 3543 ergo

2182 3555 2469 3612 videndum
2494 3568 2595 3625 est,
2612 3576 2676 3615 ne
2693 3560 2794 3616 ista
2818 3563 3024 3617 ratione
3051 3577 3199 3619 mors
3224 3565 3463 3635 corporis
3483 3565 3626 3620 nulla
3648 3579 3776 3623 esse

2182 3650 2428 3707 dicatur?
2455 3651 2510 3710 Si
2531 3654 2673 3710 enim
2713 3665 2793 3711 est
2815 3697 2830 3723 ,
2860 3657 3072 3727 quando
3092 3670 3173 3714 est
3195 3675 3313 3731 qua:
3339 3660 3393 3714 in
3420 3659 3564 3715 nullo
3588 3702 3603 3727 ,
3632 3669 3689 3716 et
3714 3661 3772 3716 in

2181 3758 2285 3814 qua
2314 3744 2455 3800 ullus
2482 3760 2604 3801 esse
2628 3761 2731 3802 non
2762 3748 2982 3817 potest?
3010 3750 3440 3822 quandoquidem
3472 3752 3516 3806 si
3548 3753 3770 3823 vivitur,

2181 3836 2355 3891 adhuc
2374 3851 2481 3892 non
2512 3846 2626 3905 est;
2656 3841 2775 3909 quia
2803 3839 2907 3896 hoc
2931 3850 3054 3896 ante
3079 3851 3327 3910 mortem,
3352 3858 3456 3897 non
3479 3843 3532 3898 in
3557 3854 3733 3901 morte
3750 3863 3770 3902 :

2182 3928 2224 3982 si
2249 3938 2427 3983 autem
2457 3931 2635 3986 vivere
2660 3932 2769 4001 jam
2795 3942 3060 3990 cessatum
3087 3944 3170 3990 est
3191 3976 3207 4002 ,
3229 3935 3340 4007 jam
3370 3923 3473 3991 non
3505 3946 3620 4004 est;
3642 3939 3774 4009 quia

2182 4031 2233 4075 et
2265 4020 2366 4075 hoc
2390 4032 2509 4092 post
2536 4033 2763 4079 mortem
2792 4035 2908 4093 est,
2933 4042 3038 4080 non
3069 4028 3123 4081 in
3148 4016 3342 4083 morte.
3372 4027 3475 4085 Sed
3506 4045 3698 4085 rursus
3723 4031 3775 4087 si

2181 4112 2324 4167 nulla
2354 4129 2499 4169 mors
2526 4125 2609 4170 est
2633 4127 2758 4170 ante
2800 4116 2885 4171 vel
2912 4127 3066 4186 post,
3099 4119 3224 4189 quid
3267 4128 3350 4174 est
3392 4120 3535 4191 quod
3574 4122 3775 4178 dicitur

2180 4212 2304 4258 ante
2342 4214 2568 4259 mortem
2589 4246 2604 4273 ,
2632 4209 2745 4261 sive
2774 4215 2896 4278 post
2933 4210 3199 4264 mortem?
3226 4226 3347 4265 nam
3371 4220 3424 4267 et
3453 4210 3554 4267 hoc
3592 4212 3772 4267 inani-

2183 4303 2265 4349 ter
2301 4295 2523 4363 dieitur,
2552 4297 2595 4351 si
2626 4313 2771 4353 mors
2802 4298 2941 4353 nulla
2981 4309 3082 4355 est.
3114 4302 3284 4371 Atque
3308 4306 3505 4356 utinam
3535 4302 3586 4357 in
3613 4319 3774 4373 para-

2181 4385 2298 4439 diso
2327 4387 2462 4443 bene
2492 4388 2716 4443 vivendo
2736 4390 3032 4461 egissemus
3054 4432 3071 4458 ,
3114 4401 3171 4447 ut
3214 4408 3399 4449 revera
3446 4395 3590 4449 nulla
3621 4406 3772 4453 esset

2181 4494 2347 4536 mors.
2378 4480 2530 4539 Nunc
2558 4491 2734 4539 autem
2766 4499 2871 4538 non
2900 4485 3069 4539 solum
3098 4496 3180 4540 est
3205 4528 3219 4553 ,
3250 4503 3436 4541 verum
3464 4488 3623 4542 etiam
3656 4497 3771 4545 tam

2182 4573 2403 4628 molesta
2446 4585 2561 4644 est,
2599 4584 2656 4631 ut
2687 4591 2787 4632 nec
2812 4576 2913 4632 ulla
2944 4576 3198 4648 explicari
3232 4578 3500 4635 locutione
3550 4578 3725 4650 possit
3746 4622 3767 4651 ,

2179 4682 2279 4723 nec
2303 4669 2406 4723 ulla
2434 4670 2642 4725 ratione
2665 4670 2841 4726 vitari.

2249 4760 2304 4814 2.
2346 4759 2653 4831 Loquamur
2677 4777 2805 4832 ergo
2821 4761 3110 4817 secundum
3130 4762 3565 4819 consuetudinem
3582 4764 3605 4795 ⁸
3622 4779 3638 4829 ;
3658 4779 3769 4820 non

2179 4852 2319 4905 cnim
2347 4853 2501 4907 aliter
2526 4852 2781 4909 debemus
2803 4865 2889 4909 :et
2908 4854 3164 4920 dicamus,
3187 4855 3324 4910 Ante
3350 4867 3595 4921 mortem,
3616 4856 3773 4924 prius

2179 4958 2337 5012 quam
2368 4960 2512 5000 mors
2539 4946 2773 5012 accidat;
2819 4946 2956 5000 sicut
2983 4947 3238 5015 scriptum
3268 4957 3369 5010 est,
3400 4947 3528 5001 Ante
3556 4957 3772 5002 mortem

2179 5050 2241 5087 ne
2261 5036 2436 5090 laudes
2461 5037 2711 5091 hominem
2739 5054 3035 5110 quemquam
3067 5036 3254 5109 (Eccli.
3274 5054 3348 5103 XI,
3376 5039 3489 5110 50).
3518 5040 3769 5099 Dicamus

2179 5127 2335 5181 etiam
2357 5142 2476 5182 cum
2508 5128 2782 5196 acciderit,
2814 5129 2940 5184 Post
2970 5140 3196 5185 mortem
3235 5130 3377 5185 illius
3405 5131 3490 5186 vel
3517 5130 3659 5186 illius
3688 5131 3772 5188 fa-

2179 5227 2320 5274 ctum
2352 5230 2433 5275 est
2462 5220 2589 5275 illud
2620 5221 2704 5275 vel
2733 5220 2881 5276 illud.
2913 5221 3159 5279 Dicamus
3185 5231 3241 5279 et
3258 5222 3325 5278 de
3352 5224 3600 5293 praesenti
3624 5233 3771 5278 tem-

2178 5329 2307 5385 pore
2348 5322 2405 5367 ut
2447 5300 2748 5384 possumus,
2778 5315 2925 5372 velut
2951 5331 3071 5373 cum
3117 5317 3187 5373 ita
3218 5316 3500 5389 loquimur,
3532 5315 3773 5373 Moriens

2177 5407 2268 5463 ille
2298 5415 2517 5462 testatus
2537 5416 2636 5475 est,
2665 5417 2722 5464 et
2748 5409 2851 5464 illis
2876 5420 3035 5481 atque
3061 5410 3166 5467 illis
3186 5411 3312 5466 illud
3330 5419 3489 5482 atque
3505 5409 3634 5465 illud
3653 5426 3772 5464 mo-

2177 5502 2322 5557 riens
2350 5500 2666 5572 dereliquit:
2694 5503 2935 5573 quamvis
2974 5503 3076 5559 hoc
3102 5504 3201 5559 nisi
3222 5503 3406 5558 vivens
3438 5503 3657 5558 omnino
3685 5502 3773 5559 fa-

2176 5611 2299 5654 cere
2327 5611 2432 5653 non
2476 5605 2679 5668 posset,
2724 5606 2782 5655 et
2808 5598 2983 5670 potius
3014 5597 3118 5655 hoc
3154 5608 3277 5656 ante
3305 5606 3530 5654 mortem
3555 5596 3779 5671 fecerit,

2242 5824 2261 5902 ἒ
2294 5824 2369 5902 ξίο
2390 5823 2751 5902 “adnue-Ei:
2768 5830 2829 5902 et.
2846 5822 3219 5902 seems;
3235 5831 3455 5902 “tota

2239 5887 2261 5917 '
2294 5892 2422 5959 I.o_v.,
2850 5886 3243 5953 scripturam
3286 5886 3454 5952 Abest,
3486 5886 3777 5956 Μινωτα-
