4054 6470
262 308 365 367 588

263 438 361 483 non
391 423 446 479 in
475 427 670 478 morte.
713 422 1015 492 Loquamur
1059 423 1216 479 etiam
1259 424 1396 481 sicut
1416 424 1673 498 'loquitur
1699 428 1840 485 Scri-

263 529 410 588 prura
433 515 630 581 divina,
655 531 774 587 quae
794 526 1032 571 mortuos
1057 531 1267 587 quoque
1302 533 1406 573 non
1447 531 1565 588 post
1591 531 1837 590 mortem,

262 609 349 665 sed
379 608 430 662 in
462 617 635 663 morte
675 623 794 664 esse
821 623 928 662 non
955 607 1158 662 dubitat
1187 609 1383 664 dicere.
1429 609 1561 665 Hinc
1587 613 1727 666 enim
1760 621 1842 668 est

263 700 418 755 illud:
455 700 709 765 Quoniam
758 715 856 754 non
895 708 965 754 est
1009 699 1063 753 in
1107 711 1281 768 morte,
1323 701 1405 768 qui
1453 718 1641 755 memor
1668 702 1730 758 sit
1768 703 1841 757 tui

262 794 429 866 (Psol.
461 810 535 859 v1,
564 793 642 864 6).
679 794 857 848 Donec
886 793 1027 848 enim
1057 794 1391 861 reviviscunt,
1422 803 1571 850 recte
1596 796 1841 851 dicuntur

261 902 376 941 esse
400 889 452 940 in
475 894 675 949 morte;
704 887 839 940 sicut
859 885 909 938 in
933 899 1120 940 somno
1140 900 1260 941 esse
1276 887 1516 956 quiSque,
1545 886 1713 942 donec
1733 888 1842 942 evi-

262 979 400 1045 gi!et,
420 977 649 1032 dicitur:
676 977 914 1048 quamvis
945 977 994 1031 in
1021 993 1206 1032 somno
1238 975 1434 1046 positos
1464 977 1700 1033 dicamus
1720 978 1839 1034 dor-

265 1069 507 1133 mientes,
543 1070 676 1124 necâ€˜
712 1080 883 1124 tamen
923 1084 987 1124 eo
1017 1068 1175 1124 modo
1213 1083 1489 1138 possumus
1533 1071 1704 1125 dicere
1747 1086 1840 1127 eos

262 1161 343 1230 qui
367 1159 479 1229 jam
504 1172 628 1213 sunt
659 1160 870 1224 mortui,
903 1159 1210 1214 morientes.
1244 1159 1356 1214 Non
1385 1161 1522 1214 enim
1545 1161 1717 1215 adhuc
1737 1178 1842 1216 tuc-

264 1252 468 1304 riuntur
500 1253 611 1321 qui,
640 1259 892 1321 quantum
919 1251 1108 1306 attinet
1133 1251 1196 1304 ad
1227 1252 1464 1321 corporis
1501 1263 1748 1319 mortem,
1775 1253 1841 1309 de

264 1357 357 1411 qua
388 1357 533 1396 nunc
561 1342 887 1406 disserimus,
913 1342 1021 1412 jam
1051 1352 1171 1396 sunt
1197 1359 1224 1394 a
1247 1344 1558 1413 corporibus
1587 1345 1836 1414 separati.

262 1436 361 1490 Sed
394 1436 498 1493 hoc
525 1447 607 1491 est
636 1437 774 1506 quod
814 1437 919 1491 dixi
947 1437 1197 1506 explicari
1242 1439 1413 1508 aliqua
1446 1439 1708 1494 locutione
1737 1456 1840 1496 non

263 1543 436 1598 posse,
465 1545 694 1597 quonam
727 1527 883 1582 modo
929 1528 1011 1583 vel
1051 1529 1337 1584 morientes
1367 1529 1610 1584 dicantur
1638 1533 1837 1600 vivere,

265 1621 339 1674 vel
355 1621 466 1689 jam
495 1621 689 1674 mortui
737 1621 896 1676 etiam
925 1630 1042 1690 post
1067 1631 1290 1676 mortem
1322 1621 1492 1676 adhuc
1517 1638 1636 1678 esse
1661 1624 1841 1678 dican-

265 1722 342 1766 tur
365 1713 416 1766 in
452 1724 643 1768 morte.
674 1713 950 1778 Quomodo
977 1714 1115 1767 enim
1140 1721 1255 1783 post
1287 1723 1508 1768 mortem
1531 1715 1572 1767 si
1594 1714 1838 1770 adhucin

264 1804 466 1858 morte?
490 1805 794 1858 Przesertim
824 1818 942 1858 cum
983 1818 1075 1858 eos
1117 1819 1215 1859 nec
1261 1806 1548 1859 morientes
1573 1805 1835 1873 dicamus,

264 1895 416 1948 sicuti
448 1909 545 1949 eos
574 1894 662 1964 qui
694 1895 747 1948 in
775 1909 961 1950 somno
990 1904 1112 1950 sunt
1139 1893 1364 1950 dicimus
1393 1895 1750 1964 dormientes;
1788 1906 1841 1953 ct

262 1987 346 2056 qui
372 1987 423 2039 in
457 1987 733 2056 languore,
765 1986 1103 2057 languentes;
1130 1995 1184 2040 et
1209 1987 1299 2057 qui
1343 1988 1395 2040 in
1425 1987 1626 2051 dolore,
1661 1990 1839 2059 utique

261 2078 526 2144 dolentes;
570 2086 625 2133 et
670 2079 757 2148 qui
802 2080 852 2133 in
895 2079 1020 2144 vita,
1063 2080 1299 2134 viventes
1331 2098 1341 2132 :
1370 2089 1423 2134 at
1473 2096 1598 2135 vero
1645 2083 1837 2137 mortui

261 2169 562 2240 priusquam
593 2179 889 2239 resurgant,
917 2184 1036 2226 esse
1063 2170 1308 2224 dicuntur
1337 2171 1386 2224 in
1415 2181 1606 2234 morte,
1639 2188 1735 2227 nec
1763 2181 1840 2226 ta-

261 2275 372 2315 men
407 2269 630 2329 possunt
653 2261 905 2329 appellari
937 2261 1244 2316 morientes.
1279 2261 1427 2316 Unde
1453 2277 1556 2315 non
1585 2263 1840 2332 importu-

258 2369 320 2410 ne
357 2370 531 2424 neque
570 2355 857 2425 incongrue
898 2357 1127 2410 arbitror
1169 2355 1442 2421 accidisse,
1476 2355 1575 2410 etsi
1603 2371 1708 2410 non
1735 2356 1836 2410 hu-

259 2464 404 2502 mana
430 2447 714 2514 industria,
733 2447 932 2517 judicio
953 2447 1178 2503 fortasse
1198 2448 1394 2512 divino,
1417 2458 1472 2502 ut
1493 2447 1594 2503 hoc
1618 2451 1837 2506 verbum

257 2542 389 2610 quod
418 2550 522 2607 est,
555 2541 798 2609 moritur,
846 2542 897 2596 in
931 2542 1088 2595 latina
1139 2542 1314 2612 lingua
1367 2558 1465 2597 nec
1507 2545 1836 2612 grammatici

257 2634 519 2690 declinare
546 2633 836 2706 potuerint,
878 2650 939 2690 ea
967 2635 1141 2706 regula
1170 2651 1268 2704 qua
1295 2643 1484 2690 Cretera
1519 2636 1639 2689 talia
1665 2637 1834 2692 decli-

257 2737 463 2781 nantur.
514 2725 752 2798 Namque
797 2727 864 2782 ab
901 2742 967 2782 eo
1004 2726 1142 2796 quod
1184 2735 1267 2782 est
1295 2728 1483 2792 oritur,
1531 2726 1588 2781 iit
1616 2729 1834 2784 verbum

256 2819 502 2888 praeteriti
534 2819 807 2888 temporis,
839 2827 984 2872 ortus
1015 2826 1128 2872 est:
1161 2826 1216 2872 et
1249 2818 1293 2872 si
1324 2833 1425 2888 qua
1465 2818 1660 2872 similia
1687 2828 1831 2888 sunt,

257 2927 344 2980 per
391 2912 648 2982 temporis
680 2911 927 2982 praeteriti
959 2911 1228 2981 participia
1261 2909 1612 2965 declinantur.
1656 2912 1738 2967 Ab
1767 2928 1833 2968 eo

258 3017 381 3057 vero
403 3003 544 3072 quod
566 3011 649 3057 est
669 3002 913 3068 moritur,
942 3003 984 3056 si
1016 3017 1316 3072 qumramus
1343 3004 1596 3070 prmteriti
1626 3015 1822 3074 tempo-

255 3096 322 3150 ris
353 3095 598 3160 verbum,
623 3095 926 3165 responderi
953 3095 1168 3161 assolet,
1202 3105 1443 3151 mortuus
1469 3107 1572 3163 est,
1601 3114 1630 3152 u
1658 3099 1831 3155 littera

253 3187 535 3256 geminata.
572 3186 662 3242 Sic
685 3187 822 3241 enim
849 3187 1041 3242 dicitur
1057 3198 1317 3253 mortuus,
1340 3188 1604 3256 quomodo
1632 3189 1828 3259 fatuus,

253 3277 463 3344 arduus,
495 3277 832 3346 conspicuus,
862 3286 914 3332 et
946 3278 990 3333 si
1029 3293 1130 3348 qua
1156 3278 1368 3344 similia,
1415 3295 1530 3348 qure
1572 3296 1676 3335 non
1705 3293 1829 3339 sunt

253 3370 502 3439 praeteriti
529 3371 805 3441 temporis,
852 3369 945 3426 sed
971 3372 1219 3440 quoniam
1265 3372 1474 3425 nomina
1522 3383 1666 3440 sunt,
1714 3375 1829 3431 sine

254 3471 485 3531 tempore
509 3462 863 3518 declinantur.
893 3462 1024 3518 Illud
1051 3473 1248 3530 autem,
1275 3464 1422 3533 quasi
1452 3473 1508 3519 ut
1535 3465 1829 3522 declinetur

252 3554 383 3624 quod
414 3553 673 3610 declinari
719 3569 823 3609 non
866 3562 1056 3623 potest,
1107 3569 1204 3624 pro
1249 3555 1527 3626 participio
1573 3558 1826 3626 praeteriti

251 3647 499 3715 temporis
520 3646 735 3715 ponitur
756 3659 966 3700 nomen.
991 3646 1378 3700 Convenienter
1398 3647 1572 3716 itaque
1589 3648 1610 3677 Â¹
1633 3647 1825 3704 factum

251 3747 344 3805 est,
373 3748 452 3805 ut,
484 3738 931 3810 quemadmodum
962 3739 1012 3793 id
1042 3738 1180 3810 quod
1207 3740 1487 3808 signiï¬cat,
1517 3755 1623 3794 non
1654 3751 1827 3810 potest

249 3830 470 3900 agendo,
520 3829 592 3885 ita
638 3830 809 3900 ipsum
850 3831 1068 3885 verbum
1117 3830 1366 3886 declinari
1409 3831 1671 3902 loquendo
1719 3849 1824 3890 non

251 3921 406 3990 possit
445 3920 546 3992 (a).
571 3921 668 3991 Agi
700 3929 872 3976 tamen
903 3930 1076 3991 potest
1099 3921 1150 3976 in
1178 3921 1440 3991 adjutorio
1468 3923 1652 3994 gratia:
1683 3924 1825 3981 Red-

248 4013 498 4082 emptoris
525 4012 715 4079 nostri,
750 4021 806 4067 ut
848 4013 1034 4068 saltem
1064 4013 1349 4068 secundam
1399 4025 1622 4070 mortem
1653 4015 1820 4072 decli-

245 4119 366 4160 nare
399 4104 689 4173 possimus.
719 4103 808 4158 Illa
834 4106 972 4159 enim
996 4113 1078 4160 est
1101 4106 1333 4174 gravior,
1359 4114 1414 4161 et
1442 4109 1676 4162 omnium
1706 4125 1822 4166 ma-

245 4193 406 4248 lorum
453 4195 706 4264 pessima,
752 4210 869 4265 quae
911 4210 1016 4250 non
1059 4195 1117 4250 ï¬t
1159 4197 1491 4266 separatione
1535 4198 1725 4254 anima}
1769 4208 1823 4256 et

243 4288 498 4358 corporis,
551 4287 646 4342 sed
695 4289 746 4342 in
789 4297 1042 4343 :eternam
1093 4303 1302 4358 prenam
1346 4291 1517 4358 potius
1547 4293 1820 4364 utriusque

244 4380 537 4448 complexu.
576 4379 648 4433 Ibi
677 4393 707 4433 e
735 4380 1002 4434 contrario
1047 4394 1151 4434 non
1200 4389 1360 4434 erunt
1403 4379 1646 4436 homines
1696 4391 1820 4439 ante

244 4481 460 4524 mortem
490 4479 651 4539 atque
679 4480 797 4539 post
825 4478 1067 4532 mortem,
1098 4469 1192 4524 sed
1220 4485 1430 4539 semper
1455 4471 1505 4524 in
1532 4479 1704 4527 morte
1723 4489 1738 4527 :
1756 4487 1818 4528 ac

243 4577 332 4631 per
354 4564 456 4617 hoc
483 4579 754 4632 nunquam
780 4563 1042 4629 viventes,
1068 4578 1330 4633 nunquam
1355 4564 1566 4627 mortui,
1585 4565 1678 4619 sed
1700 4565 1818 4622 sine

248 4654 341 4710 line
372 4657 683 4710 morientes.
735 4654 1011 4725 Nunquam
1055 4655 1194 4709 enim
1223 4654 1324 4709 erit
1353 4653 1550 4708 homini
1583 4655 1733 4726 pejus
1761 4655 1816 4711 in

245 4759 426 4814 morte,
455 4765 615 4820 quam
647 4749 733 4803 ubi
760 4750 859 4802 erit
887 4762 1032 4802 mors
1057 4748 1169 4816 ipsa
1200 4748 1312 4802 sine
1343 4755 1533 4802 morte.
1731 4761 1734 4764 â€˜

245 4858 458 4916 CAPUT
500 4860 618 4914 XII.
641 4890 668 4900 -
685 4889 700 4900 Î¿
737 4859 898 4924 Quam
925 4868 1130 4912 mortem
1154 4857 1328 4928 primis
1352 4857 1631 4912 hominibus
1657 4857 1814 4927 Deus,

307 4954 350 5008 si
393 4954 689 5008 mandatum
737 4954 848 5024 ejus
890 4951 1378 5024 transgrederentur,
1411 4953 1559 5022 fuerit
1600 4954 1812 5008 commi-

307 5055 474 5099 natus.

308 5155 434 5210 Cum
463 5171 593 5226 ergo
620 5155 926 5226 requiritur,
969 5170 1126 5226 quam
1171 5164 1393 5211 mortem
1446 5157 1584 5210 Deus
1628 5155 1814 5226 primis

246 5243 539 5300 hominibus
587 5246 745 5301 fuerit
789 5247 1174 5313 comminatus,
1208 5247 1252 5301 si
1294 5247 1361 5301 ab
1403 5261 1468 5302 eo
1509 5248 1813 5303 mandatum

245 5339 734 5408 transgrederentur
759 5349 1055 5409 acceptum,
1089 5355 1188 5395 nec
1213 5339 1566 5394 obedientiam
1587 5341 1813 5397 custodi-

241 5441 382 5500 rent;
413 5443 588 5489 utrum
619 5434 833 5502 anima),
884 5449 950 5488 an
982 5435 1242 5505 corporis,
1269 5450 1336 5489 an
1366 5434 1526 5489 totius
1557 5433 1809 5506 hominis,

297 5545 418 5618 {sic
439 5548 688 5618 atss.78diti
719 5561 856 5618 vero,
884 5560 994 5598 non.
1044 5607 1056 5618 Î¿
1271 5607 1281 5618 Î¿
1349 5615 1356 5618 _
1443 5607 1471 5618 Ï…

296 5609 315 5672 Î¾
346 5607 509 5672 plures
527 5617 657 5668 uss,
680 5607 888 5672 ponitur.
916 5618 1016 5660 Non
1036 5607 1412 5672 inconvenienter
1435 5607 1614 5672 itaque,
1639 5615 1732 5672 etc.

294 5669 365 5732 (Î·)
399 5675 520 5723 Lusit
543 5669 858 5732 ambiguitate
881 5673 1017 5721 verbi
1041 5670 1185 5730 illius,
1212 5669 1488 5732 declinari:
1511 5669 1721 5732 agendo,
1734 5672 1810 5721 in-

233 5731 354 5795 qnit,
377 5747 469 5783 non
493 5741 655 5797 potest
669 5731 916 5797 declinari,
941 5734 1002 5791 id,
1014 5740 1106 5793 est,
1131 5735 1301 5796 vitari;
1337 5745 1431 5786 nec
1453 5731 1696 5796 loquendo
1720 5746 1808 5795 po-

231 5801 331 5845 test
351 5809 436 5859 per
459 5796 624 5850 modos
645 5796 844 5847 inï¬‚ecti.
879 5801 988 5847 Leo.
1015 5803 1170 5848 Î³Î¹Î³Î¹Î¹Îµ.

1453 311 1656 369 LIBER
1696 312 1995 375 DECIMUS
2030 317 2346 380 TERTIUS.

3409 338 3513 395 386

1943 445 2011 488 an
2037 432 2180 489 illam
2208 452 2324 505 quae
2350 436 2643 508 appellatur
2667 439 2934 498 secunda:
2958 444 3382 514 respondendum
3410 460 3513 520 est,

1941 523 2156 584 Omnes.
2189 528 2362 586 Prima
2389 533 2528 589 enim
2558 550 2623 591 ex
2648 535 2852 594 duabus
2894 550 3133 607 constat;
3181 544 3410 600 secunda
3449 561 3514 601 ex

1943 619 2186 675 omnibus
2217 630 2343 676 tota.
2389 623 2538 680 Sicut
2569 627 2709 683 enim
2751 631 2992 687 universa
3040 642 3176 689 terra
3219 651 3285 690 ex
3335 637 3517 693 multis

1945 711 2119 776 terris,
2153 720 2207 767 et
2236 714 2481 771 universa
2512 717 2746 776 Ecclesia
2778 737 2843 778 ex
2873 725 3054 781 multis
3092 737 3300 782 constat
3327 728 3515 784 Eccle-

1943 800 2063 868 siis;
2097 803 2173 858 sic
2216 806 2460 862 universa
2490 824 2636 866 mors
2664 828 2728 868 ex
2757 817 3022 872 omnibus.
3053 817 3312 886 Quoniam
3348 822 3515 890 prima

1943 903 2150 949 conSIat
2172 912 2238 951 ex
2268 896 2492 968 duabus,
2527 918 2627 957 una
2654 907 2866 975 animae,
2888 909 3048 964 altera
3075 914 3346 983 corporis:
3368 922 3424 968 ut
3449 915 3516 968 sit

1945 987 2110 1056 prima
2147 990 2303 1044 totius
2350 993 2580 1049 hominis
2617 1012 2782 1064 mors,
2823 1015 2942 1055 cum
2970 1003 3143 1057 anima
3187 1005 3300 1060 sine
3330 1006 3438 1060 Deo
3463 1014 3518 1062 et

1943 1077 2058 1134 sine
2093 1096 2316 1153 corpore
2358 1084 2424 1138 ad
2473 1094 2678 1157 tempus
2723 1104 2906 1158 poenas
2937 1093 3058 1159 luit;
3104 1096 3334 1150 secunda
3363 1112 3511 1166 vero,

1945 1170 2034 1225 ubi
2061 1173 2234 1228 anima
2260 1175 2374 1230 sine
2403 1177 2508 1231 Deo
2534 1194 2653 1234 cum
2685 1194 2909 1252 corpore
2937 1199 3118 1252 poenas
3147 1197 3373 1244 aeternas
3394 1189 3511 1243 luit.

1943 1261 2164 1330 Quando
2190 1282 2316 1338 ergo
2340 1267 2472 1324 dixit
2517 1270 2654 1326 Deus
2699 1273 2871 1342 primo
2915 1274 2988 1329 illi
3020 1275 3240 1343 homini,
3273 1295 3428 1348 quem
3461 1281 3514 1336 in

1945 1355 2189 1423 paradiso
2229 1361 2591 1428 constituerat,
2619 1363 2686 1418 de
2713 1366 2831 1420 cibo
2860 1366 3041 1431 vetito,
3075 1367 3394 1440 Quacumque
3435 1371 3518 1426 die

1943 1447 2144 1502 ederitis
2166 1466 2228 1503 ea:
2251 1467 2327 1511 eo.
2361 1463 2520 1508 morte
2547 1457 2826 1510 moriemini
2852 1456 3002 1530 (Gen.
3027 1475 3081 1526 Î¹Î¹,
3118 1460 3239 1532 I7):
3268 1478 3374 1516 non
3397 1471 3516 1518 tan-

1947 1549 2057 1592 tum
2093 1541 2274 1608 primae
2303 1545 2490 1600 mortis
2519 1555 2720 1616 partem
2751 1548 3001 1618 priorem,
3035 1551 3122 1606 ubi
3145 1553 3318 1606 anima
3347 1555 3518 1624 priva-

1945 1638 2028 1686 tur
2050 1634 2184 1701 Deo;
2215 1652 2312 1691 nec
2335 1647 2535 1694 tantum
2559 1643 2928 1710 posteriorem,
2957 1645 3043 1699 ubi
3065 1659 3260 1716 corpus
3280 1648 3519 1716 privatur

1944 1725 2152 1792 anima;
2183 1745 2278 1784 nec
2303 1731 2473 1787 solum
2519 1734 2684 1803 ipsam
2728 1746 2889 1792 totam
2934 1738 3179 1808 primam,
3227 1741 3315 1796 ubi
3343 1741 3519 1798 anima

1943 1829 1996 1874 et
2029 1836 2055 1873 a
2093 1823 2200 1876 Deo
2240 1833 2292 1878 et
2319 1839 2348 1878 a
2379 1840 2602 1896 corpore
2645 1840 2885 1899 separata
2930 1833 3142 1900 punitur
3178 1851 3190 1885 :
3222 1834 3318 1889 sed
3361 1836 3518 1905 quid-

1943 1914 2067 1983 quid
2113 1917 2295 1971 mortis
2325 1927 2408 1972 est
2445 1935 2612 1990 usque
2637 1921 2701 1975 ad
2736 1922 3096 1990 novissimam,
3129 1942 3247 1996 qua:
3287 1926 3520 1984 secunda

1944 2005 2150 2072 dicitur,
2183 2023 2284 2077 qua
2313 2016 2395 2064 est
2417 2009 2556 2065 nulla
2589 2013 2873 2081 posterior,
2899 2016 3238 2072 comminatio
3262 2016 3352 2073 illa
3373 2032 3520 2073 com-

1945 2097 2092 2165 plexa
2116 2107 2213 2152 est.

1941 2208 2166 2267 CAPUT
2223 2212 2358 2269 XIII.
2404 2245 2475 2256 --
2515 2215 2873 2273 Prwvaricatio
2913 2221 3188 2290 primorum
3235 2223 3516 2293 hominum,

2292 2324 2442 2377 quam
2471 2311 2686 2378 primaut
2710 2314 2918 2367 senserit
2943 2331 3160 2382 pcenam.

2011 2415 2142 2471 Nam
2190 2427 2528 2490 posteaquam
2574 2425 2819 2493 praecepti
2853 2423 2988 2480 facta
3035 2428 3385 2498 transgressio
3413 2436 3514 2496 est,

1941 2506 2218 2561 confestim
2252 2510 2416 2578 gratia
2446 2510 2725 2568 deserente
2755 2515 2953 2582 divina,
2981 2516 3048 2571 de
3071 2533 3355 2586 corporum
3396 2535 3520 2574 suo-

1942 2615 2057 2653 rum
2079 2600 2316 2656 nuditate
2337 2601 2539 2657 confusi
2569 2614 2710 2658 sunt.
2737 2604 2884 2660 Unde
2904 2607 3062 2662 etiam
3092 2607 3228 2662 foliis
3255 2608 3516 2678 ï¬culneis,

1939 2708 2056 2761 quae
2086 2691 2218 2748 forte
2241 2710 2271 2749 a
2305 2695 2622 2764 perturbatis
2649 2698 2819 2766 prima
2847 2709 3117 2770 comperta
3147 2712 3290 2768 sunt,
3323 2701 3521 2772 puden-

1938 2782 2003 2837 da
2029 2793 2274 2840 texerunt
2304 2785 2456 2856 (Gen.
2493 2804 2567 2853 ut,
2593 2788 2679 2859 7):
2710 2806 2827 2860 quae
2873 2791 3019 2861 prius
3061 2793 3246 2849 eadem
3276 2794 3517 2850 membra

1939 2887 2110 2943 erant,
2139 2878 2230 2932 sed
2261 2879 2504 2948 pudenda
2527 2897 2631 2936 non
2653 2892 2823 2938 erant.
2854 2883 3144 2942 Senserunt
3169 2903 3296 2958 ergo
3322 2903 3518 2944 novum

1939 2979 2139 3024 motum
2167 2970 2525 3027 inobedientis
2555 2974 2728 3029 carnis
2749 2991 2880 3040 sua),
2911 2987 3162 3048 tanquam
3188 2980 3516 3049 reciprocam

1937 3075 2146 3131 pinnam
2177 3061 2548 3118 inobedientis:
2587 3080 2718 3122 suae.
2763 3066 2879 3122 Jam
2922 3071 3117 3140 quippe
3156 3072 3331 3127 anima
3357 3072 3519 3128 liber-

1939 3163 2043 3209 tate
2071 3155 2120 3208 in
2150 3169 2462 3224 perversum
2486 3158 2696 3227 propria
2723 3159 3006 3228 delectata,
3030 3172 3083 3217 et
3105 3162 3214 3218 Deo
3233 3163 3515 3236 dedignata

1934 3247 2157 3314 servire,
2202 3247 2424 3317 pristino
2466 3250 2705 3320 corporis
2753 3252 2969 3308 servitio
3010 3252 3430 3311 destituebatur:
3462 3264 3516 3312 et

1933 3339 2053 3409 quia
2079 3340 2408 3410 superiorem
2456 3341 2733 3397 Dominum
2777 3358 2876 3400 suo
2921 3344 3140 3400 arbitrio
3183 3347 3510 3416 deseruerat,

1935 3429 2237 3486 inferiorem
2267 3429 2519 3486 famulum
2549 3432 2614 3488 ad
2643 3448 2796 3488 suum
2822 3435 3096 3491 arbitrium
3127 3453 3232 3492 non
3263 3439 3508 3496 tenebat:

1934 3536 2034 3575 nec
2054 3523 2196 3576 omni
2221 3521 2379 3578 modo
2406 3522 2633 3579 habebat
2657 3526 2919 3582 subditam
2949 3544 3186 3597 carnem,
3217 3531 3354 3587 sicut
3379 3547 3512 3588 sem-

1934 3627 2028 3680 per
2056 3611 2252 3667 habere
2281 3614 2558 3682 potuisset,
2586 3615 2632 3670 si
2669 3617 2778 3672 Deo
2822 3619 3029 3674 subdita
3063 3620 3174 3690 ipsa
3204 3622 3507 3680 mansisset.

1933 3703 2078 3758 Tunc
2105 3722 2230 3776 ergo
2255 3707 2416 3777 coepit
2438 3722 2564 3762 caro
2588 3711 2963 3780 concupiscere
2987 3711 3052 3765 ad
3062 3726 3242 3768 versus
3263 3712 3510 3783 spiritum

1933 3794 2122 3866 (Galat.
2151 3812 2204 3862 v,
2236 3797 2322 3868 17)
2347 3815 2358 3848 Ï„
2387 3812 2507 3853 cum
2536 3814 2640 3868 qua
2659 3802 3018 3857 controversia
3047 3803 3154 3857 nati
3175 3819 3384 3871 sumus,
3402 3813 3510 3860 tra-

1930 3885 2118 3942 hentes
2136 3888 2397 3958 originem
2429 3891 2636 3954 mortis,
2667 3900 2723 3946 et
2756 3891 2810 3946 in
2844 3893 3098 3950 membris
3123 3895 3320 3951 nostris
3350 3895 3508 3952 vitia-

1931 3985 2084 4047 taque
2131 3987 2314 4032 natura
2363 3981 2752 4035 contentionem
2794 3982 2910 4052 ejus
2955 3983 3072 4040 sive
3115 3985 3396 4041 victoriam
3440 3985 3507 4041 de

1930 4068 2097 4137 prima
2122 4069 2552 4138 praevaricatione
2577 4082 2866 4142 gestantes.

1926 4180 2151 4237 CAPUT
2190 4182 2329 4238 XIV.
2359 4214 2427 4223 â€”
2451 4184 2627 4250 Qualis
2677 4185 2825 4239 homo
2849 4186 2913 4240 sit
2950 4186 3114 4256 factus
3157 4203 3188 4241 a
3223 4185 3353 4257 Deo,
3380 4196 3428 4244 et
3453 4189 3506 4244 in

2049 4292 2200 4345 quam
2225 4288 2406 4330 sortem
2429 4277 2444 4307 Â¹
2475 4278 2714 4332 deciderit
2735 4295 2840 4333 sate
2859 4279 3126 4334 voluntatis
3148 4279 3374 4334 arbitrio.

2001 4389 2134 4444 Deus
2169 4390 2308 4444 enim
2357 4393 2556 4446 creavit
2604 4392 2871 4448 hominem
2918 4403 3142 4461 rectum,
3195 4403 3503 4453 naturarum

1926 4492 2128 4546 auctor,
2161 4498 2266 4536 non
2313 4485 2494 4550 utique
2536 4485 2782 4538 vitiorum
2809 4503 2822 4539 :
2846 4485 2940 4540 sed
2967 4497 3157 4556 sponte
3187 4487 3502 4557 depravatus

1916 4572 2164 4643 justeque
2193 4575 2492 4638 damnatus,
2523 4575 2839 4643 depravatos
2864 4577 3250 4650 damnatosque
3275 4595 3502 4650 genera-

1923 4665 2015 4718 vit.
2046 4664 2243 4718 Omnes
2286 4665 2426 4719 enim
2469 4665 2661 4720 fuimus
2707 4667 2758 4721 in
2799 4668 2887 4722 illo
2915 4684 3043 4736 uno,
3075 4671 3289 4740 quando
3315 4687 3502 4728 omnes

1923 4757 2114 4811 luimus
2143 4757 2231 4812 ille
2258 4773 2412 4826 unus,
2445 4759 2533 4828 qui
2565 4774 2660 4827 per
2703 4759 2948 4815 feminam
2977 4762 3156 4832 lapsus
3184 4773 3264 4829 est
3289 4763 3342 4818 in
3370 4777 3498 4831 pec-

1921 4859 2118 4915 catum,
2148 4865 2265 4920 quae
2289 4849 2355 4904 de
2386 4851 2476 4904 illo
2505 4850 2642 4906 facta
2668 4861 2749 4908 est
2777 4863 2900 4908 ante
2929 4864 3223 4923 peccatum.
3250 4853 3496 4910 Nondum

1920 4951 2035 4996 erat
2063 4940 2216 4996 nobis
2244 4941 2552 5012 singillatim
2595 4955 2770 4999 creata
2815 4953 2869 4999 et
2913 4946 3192 5000 distributa
3222 4944 3411 5012 forma,
3443 4946 3496 5001 in

1919 5050 2019 5105 qua
2047 5036 2240 5106 singuli
2271 5037 2603 5102 viveremus;
2647 5037 2740 5094 sed
2773 5037 2881 5108 jam
2911 5047 3095 5092 natura
3125 5047 3240 5092 erat
3264 5037 3499 5092 semina-

1919 5126 2002 5192 lis,
2030 5144 2095 5182 ex
2119 5144 2220 5198 qua
2249 5143 2662 5199 propagaremur
2700 5148 2712 5183 :
2757 5144 2860 5199 qua
2886 5129 3086 5184 scilicet
3130 5137 3344 5198 propter
3371 5143 3499 5198 pec-

1917 5228 2091 5273 catum
2118 5219 2318 5286 vitiata,
2363 5228 2418 5274 et
2455 5221 2660 5274 vinculo
2701 5219 2888 5274 mortis
2933 5219 3206 5286 obstricta,
3249 5218 3498 5291 justeque

1917 5310 2185 5378 damnata,
2216 5326 2318 5366 non
2365 5311 2585 5366 alterius
2633 5309 2948 5367 conditionis
2978 5308 3140 5365 homo
3177 5326 3241 5366 ex
3284 5309 3499 5368 homine

1918 5411 2248 5459 nasceretur.
2282 5404 2360 5457 Ac
2391 5417 2485 5473 per
2511 5401 2612 5458 hoc
2638 5417 2666 5454 a
2694 5402 2845 5456 liberi
2869 5401 3071 5457 arbitrii
3099 5402 3241 5458 malo
3277 5418 3377 5459 usu
3406 5418 3495 5458 se-

1916 5497 2022 5552 ries
2053 5495 2210 5565 hujus
2235 5495 2551 5550 calamitatis
2579 5502 2764 5550 exorta
2794 5501 2896 5560 est,
2925 5510 3044 5566 quae
3070 5495 3358 5552 humanum
3400 5511 3495 5567 ge-

1917 5602 2016 5642 nus
2045 5587 2250 5658 origine
2275 5586 2577 5656 depravata,
2625 5585 2771 5640 velut
2811 5584 2988 5642 radice
3015 5595 3286 5658 corrupta,
3330 5602 3497 5658 usque

1917 5677 1982 5733 ad
2021 5679 2270 5732 secundae
2299 5677 2484 5732 mortis
2510 5675 2750 5746 exitium,
2793 5692 2913 5750 quae
2958 5693 3065 5736 non
3107 5676 3269 5737 habet
3309 5677 3492 5748 ï¬nem,

1978 5790 1994 5824 â¸
2030 5787 2249 5840 Nonnulli
2269 5795 2396 5852 Mss,
2419 5794 2636 5841 mrtem.
