4054 6478
491 413 748 472 attentius
784 412 1022 485 pondera
1062 413 1176 485 ipsa
1205 421 1439 470 terrena.
1475 413 1531 472 Si
1558 418 1701 473 enim
1730 435 1816 475 ars
1844 419 2074 476 humana

491 508 654 565 efﬁcit
685 517 743 563 ut
782 525 849 564 ex
886 507 1150 573 metallis,
1179 523 1299 578 quae
1344 509 1394 562 in
1436 511 1587 580 aquis
1628 514 1800 581 posita
1825 515 2078 570 continuo

491 601 925 672 submerguntur,
948 598 1262 671 quibusdam
1291 601 1464 658 modis
1488 619 1615 659 vasa
1639 605 1891 662 fabricata
1917 608 2076 662 etiam

491 703 679 748 natare
720 692 962 762 possint;
994 701 1195 762 quanto
1236 693 1544 750 credibilius
1582 705 1638 752 et
1672 696 1942 755 efﬁcacius
1983 715 2078 756 oc-

490 786 666 841 cultus
688 785 876 855 aliquis
903 785 1093 840 modus
1119 788 1450 855 operationis
1487 788 1580 843 Dei
1604 831 1620 857 ,
1645 792 1798 860 cujus
1827 793 2074 862 omnipo-

492 877 787 932 tentissima
818 877 1092 933 voluntate
1121 878 1269 934 Plato
1292 879 1425 935 dicit
1445 897 1543 936 nec
1566 892 1681 938 orta
1710 884 1949 952 interire,
1978 902 2077 942 nec

488 969 730 1038 colligata
759 983 920 1039 posse
950 969 1197 1036 dissolvi,
1231 987 1349 1026 cum
1383 974 1553 1029 multo
1583 976 1876 1033 mirabilius
1902 979 2075 1034 incor-

488 1077 648 1130 porea
674 1063 966 1132 corporeis,
995 1079 1154 1134 quam
1189 1079 1537 1136 quaecumque
1562 1082 1818 1138 corporea
1850 1071 2070 1140 quibus-

485 1167 714 1224 cumque
739 1154 1053 1225 corporibus
1095 1156 1434 1226 capuleutur,
1466 1167 1642 1229 potest
1676 1162 1905 1217 molibus
1942 1177 2077 1232 pra:-

485 1255 628 1302 8tare
657 1248 902 1312 terrenis,
934 1255 992 1302 ut
1016 1249 1163 1303 nullo
1193 1249 1245 1303 in
1273 1249 1380 1305 ima
1408 1251 1645 1320 pondere
1671 1253 2072 1324 deprimantur;

487 1336 724 1410 ipsisque
752 1339 943 1394 animis
974 1341 1361 1410 perfectissime
1389 1343 1582 1408 beatis,
1618 1355 1674 1400 ut
1701 1349 1946 1416 quamvis
1969 1358 2074 1404 ter-

484 1446 636 1498 rena,
670 1443 845 1489 tamen
871 1434 1291 1506 incorruptibilia
1331 1437 1440 1506 jam
1489 1454 1714 1508 corpora
1759 1440 1848 1495 ubi
1891 1443 2075 1498 volunt

487 1533 705 1595 ponant,
734 1535 789 1581 et
815 1542 921 1597 quo
950 1527 1135 1582 volunt
1160 1537 1336 1599 agant,
1371 1531 1478 1584 situ
1506 1539 1755 1602 motuque
1786 1533 2072 1590 facillimo?

485 1619 567 1672 An
599 1633 726 1695 vero
755 1619 798 1673 si
827 1619 928 1676 hoc
965 1622 1150 1692 Angeli
1195 1621 1425 1689 faciant,
1468 1634 1522 1679 et
1547 1626 1799 1695 quaelibet
1826 1629 2072 1684 animalia

487 1689 762 1764 terresti‘ia
797 1712 1005 1781 rapiant
1051 1689 1191 1768 unde
1233 1713 1396 1779 libet,
1429 1689 1862 1789 constituantque
1891 1722 1978 1775 ubi
2004 1721 2071 1776 li-

483 1801 574 1857 bet
597 1842 612 1868 ,
644 1811 736 1858 aut
762 1818 856 1858 eos
880 1804 997 1859 sine
1025 1804 1205 1859 labore
1238 1807 1253 1837 ¹
1286 1821 1389 1860 non
1426 1822 1600 1877 posse,
1629 1820 1721 1864 aut
1749 1826 1914 1866 onera
1945 1828 2070 1869 sen-

484 1892 584 1948 tire
603 1894 928 1950 credendum
955 1895 1075 1950 est?
1100 1897 1208 1951 Cur
1238 1912 1367 1968 ergo
1396 1910 1700 1956 sanctorum
1727 1903 1991 1973 perfectos
2017 1915 2071 1962 et

479 1983 668 2040 beatos
709 1986 890 2043 divino
931 2003 1153 2044 munere
1196 1991 1414 2058 spiritus
1455 1993 1571 2048 sine
1609 1995 1714 2048 ulla
1755 1995 2069 2053 difﬁcultate

479 2089 639 2146 posse
664 2076 805 2133 ferre
828 2095 934 2148 quo
956 2080 1240 2147 voluerint,
1269 2091 1322 2137 et
1351 2086 1544 2140 sistere
1573 2086 1661 2141 ubi
1687 2089 1954 2144 Voluerint
1974 2106 2068 2151 sua

477 2182 703 2240 corpora
726 2185 830 2226 non
857 2172 1172 2228 credamus?
1201 2173 1333 2229 Nam
1361 2191 1481 2231 cum
1515 2185 1849 2235 terrenorum
1877 2196 2070 2253 corpo-

477 2279 631 2333 rum,
664 2267 800 2322 sicut
825 2284 989 2324 onera
1019 2270 1070 2325 in
1113 2273 1370 2342 gestando
1411 2276 1612 2332 sentire
1653 2280 2064 2346 consuevimus,

476 2365 678 2426 quanto
705 2359 876 2428 major
905 2371 984 2416 est
1010 2365 1278 2432 quantitas
1303 2405 1319 2431 ,
1349 2373 1497 2420 tanto
1523 2368 1694 2438 major
1721 2371 1790 2424 sit
1816 2379 1870 2424 et
1891 2372 2067 2441 gravi-

479 2457 580 2518 tas,
603 2451 675 2506 ita
697 2461 755 2506 ut
775 2453 926 2522 plura
947 2455 1124 2524 pondo
1141 2473 1300 2526 quam
1337 2460 1587 2526 pauciora
1631 2463 1746 2530 plus
1781 2472 2062 2531 premant:
2128 2476 2134 2483 ‘

475 2543 721 2599 membra
745 2553 926 2601 tamen
953 2563 1063 2602 sua:
1088 2551 1264 2605 carnis
1290 2550 1488 2606 leviora
1511 2554 1530 2584 ³
1554 2565 1728 2623 portat
1747 2558 1920 2612 anima
1943 2574 2064 2614 cum

478 2633 534 2690 in
560 2636 788 2692 sanitate
815 2638 1032 2692 robusta
1061 2651 1181 2695 sunt
1199 2683 1212 2706 ,
1247 2658 1407 2712 quam
1441 2645 1493 2698 in
1520 2645 1773 2717 languore
1797 2664 1916 2704 cum
1947 2666 2064 2705 ma-

475 2740 565 2784 cra
587 2740 729 2784 sunt.
755 2730 960 2785 Etcum
982 2733 1098 2786 aliis
1117 2737 1442 2804 gestantibus
1458 2740 1734 2794 onerosior
1755 2742 1829 2796 sit
1862 2756 2024 2797 sanus
2040 2741 2062 2774 ³

475 2827 532 2876 et
559 2821 797 2888 validus,
830 2839 990 2894 quam
1017 2825 1173 2880 exilis
1205 2837 1260 2882 et
1299 2829 1612 2896 morbidus;
1645 2832 1757 2902 ipse
1787 2842 1962 2888 tamen
1994 2834 2061 2890 ad

474 2925 632 2967 suum
652 2927 849 2984 corpus
878 2916 1199 2970 movendum
1223 2927 1381 2988 atque
1405 2921 1724 2989 portandum
1745 2923 1936 2994 agilior
1955 2935 2059 2994 est,

477 3018 598 3062 cum
628 3005 681 3059 in
709 3005 847 3060 bona
878 3007 1179 3064 valetudine
1209 3009 1328 3079 plus
1358 3011 1518 3068 habet
1547 3013 1723 3082 molis,
1756 3031 1911 3085 quam
1939 3032 2061 3072 cum

473 3096 529 3152 in
555 3106 706 3167 peste
733 3099 816 3153 vel
841 3098 984 3155 fame
1012 3102 1286 3156 minimum
1318 3104 1546 3160 roboris.
1572 3107 1798 3162 Tantum
1831 3111 1976 3166 valet
2005 3112 2058 3166 in

474 3188 732 3246 habendis
771 3192 931 3247 etiam
975 3195 1201 3249 terrenis
1238 3197 1587 3265 corporibus,
1615 3201 1860 3269 quamvis
1885 3201 2059 3259 adhuc

471 3285 907 3354 corruptibilihus
931 3297 1089 3357 atque
1109 3289 1443 3356 mortalibus,
1468 3305 1571 3346 non
1595 3293 1904 3362 quantitatis
1927 3311 2059 3365 pon-

469 3373 604 3444 dus,
631 3375 726 3430 sed
770 3379 1170 3447 temperationis
1199 3379 1406 3435 modus.
1449 3381 1514 3435 Et
1542 3383 1661 3452 quis
1689 3384 1866 3439 verbis
1891 3385 2061 3456 expli-

468 3474 589 3534 cet,
619 3476 874 3538 quantum
901 3469 1063 3524 distet
1091 3469 1228 3525 inter
1262 3477 1578 3542 praesentem
1599 3515 1614 3542 ,
1647 3491 1805 3545 quam
1833 3477 2058 3533 dicimus

469 3562 752 3617 sanitatem
775 3603 791 3629 ,
833 3571 887 3616 et
927 3563 1377 3620 immortalitatem
1419 3566 1696 3622 futuram?
1732 3569 1846 3625 Non
1881 3570 2056 3641 itaque

467 3663 706 3711 nostram
747 3653 904 3711 ﬁdem
952 3657 1268 3727 redarguant
1307 3659 1611 3730 philosophi
1637 3661 1705 3717 de
1734 3663 2056 3732 ponderibus

467 3762 771 3818 corporum.
803 3747 939 3804 Nolo
962 3751 1104 3804 enim
1134 3767 1375 3822 quaerere
1397 3795 1412 3820 ,
1438 3770 1536 3810 cur
1561 3772 1668 3810 non
1695 3757 1921 3812 credant
1950 3768 2056 3814 ter-

468 3855 656 3896 renum
682 3854 840 3911 posse
866 3856 988 3898 esse
1010 3856 1206 3914 corpus
1232 3845 1287 3899 in
1310 3847 1468 3914 coelo,
1497 3863 1617 3902 cum
1643 3858 1784 3904 terra
1807 3851 2053 3907 universa

467 3929 691 3987 libretur
710 3932 762 3987 in
780 3932 965 3988 nihilo.
990 3934 1257 3991 Fortassis
1276 3940 1420 3993 enim
1441 3939 1509 3995 de
1531 3941 1646 4010 ipso
1666 3943 1844 3999 medio
1870 3945 2052 4001 mundi

467 4023 606 4089 loco,
640 4041 705 4080 eo
725 4025 867 4096 quod
893 4027 944 4081 in
969 4042 1091 4083 eum
1117 4041 1308 4085 coeant
1331 4047 1556 4104 quaeque
1580 4037 1824 4104 graviora
1846 4079 1860 4103 ,
1888 4039 2051 4094 etiam

465 4121 853 4190 argumentatio
881 4123 1223 4177 verisimilior
1244 4125 1526 4182 habeatur.
1561 4127 1690 4184 Illud
1716 4129 1838 4186 dico
1863 4150 1874 4184 :
1909 4133 1952 4186 si
1975 4132 2048 4188 dii

465 4211 720 4278 minores,
738 4212 931 4282 quibus
952 4215 1091 4269 inter
1111 4217 1359 4272 animalia
1381 4221 1654 4275 terrestria
1675 4231 1868 4279 caetera
1887 4226 2049 4282 etiam

465 4303 735 4360 hominem
765 4305 1067 4362 faciendum
1084 4311 1352 4366 commisit
1368 4311 1517 4368 Plato
1537 4313 1848 4391 (inTimazo),
1869 4329 2050 4388 potue-

463 4407 605 4463 runt,
621 4398 761 4453 sicut
787 4398 935 4464 dicit,
965 4400 1032 4454 ab
1062 4401 1180 4471 igne
1205 4419 1479 4460 removere
1501 4408 1684 4462 urendi
1715 4411 2045 4482 qualitatem,

461 4489 672 4545 lucendi
709 4491 1010 4562 relinquere
1043 4509 1160 4564 quae
1195 4511 1291 4565 per
1325 4497 1508 4552 oculos
1538 4502 1793 4558 emicaret
1821 4503 2043 4576 (lbid.);

457 4580 603 4637 itane
622 4583 731 4637 Deo
747 4598 955 4639 summo
971 4587 1267 4644 concedere
1282 4589 1405 4645 dubi
1413 4592 1660 4658 labimus,
1680 4596 1832 4667 cujus
1849 4598 1938 4654 ille
1953 4614 2047 4656 vo-

457 4673 650 4727 luntati
676 4675 1030 4746 potestatique
1062 4693 1129 4734 ne
1155 4681 1446 4738 moriantur
1479 4689 1743 4743 concessit
1781 4707 1898 4761 quae
1929 4701 2044 4748 orta

457 4774 611 4831 sunt,
639 4775 694 4822 et
721 4777 829 4823 tam
855 4768 1060 4825 diversa
1081 4813 1094 4835 ,
1123 4781 1231 4827 tam
1261 4774 1537 4833 dissimilia
1557 4821 1572 4845 ,
1597 4780 1648 4834 id
1676 4791 1758 4836 est
1786 4798 2043 4855 corporea

456 4868 511 4915 et
541 4859 875 4930 incorporea,
908 4861 1122 4917 sibimet
1144 4879 1381 4920 connexa
1408 4909 1424 4936 ,
1457 4870 1600 4924 nulla
1633 4874 1837 4941 possint
1862 4876 2043 4933 disso-

456 4950 658 5007 lutione
682 4953 887 5025 sejungi
912 4995 928 5019 ,
956 4963 1013 5009 ut
1038 4954 1105 5010 de
1129 4971 1288 5012 carne
1317 4958 1546 5016 hominis
1569 5003 1584 5028 ,
1625 4965 1709 5018 cui
1741 4966 1902 5022 donat
1939 4970 2042 5024 im-

454 5047 826 5103 mortalitatem
852 5089 867 5114 ,
909 5051 1302 5119 corruptionem
1334 5053 1575 5120 auferat,
1607 5068 1848 5114 naturam
1878 5062 2041 5118 relin-

453 5143 618 5205 quat,
645 5140 1041 5209 congruentiam
1070 5142 1252 5212 figurae
1279 5146 1742 5220 membrorumque
1770 5151 2037 5222 detineat,

447 5227 698 5287 detrahat
719 5231 966 5298 ponderis
989 5234 1286 5290 tarditatem
1305 5238 1328 5289 ?
1347 5238 1451 5294 Sed
1480 5241 1546 5295 de
1567 5241 1670 5296 ﬁde
1697 5251 2038 5306 resurrectio-

449 5323 534 5377 nis
558 5328 913 5391 mortuorum,
936 5333 990 5378 et
1014 5323 1080 5379 de
1100 5328 1413 5396 corporibus
1437 5346 1620 5386 eorum
1649 5333 2039 5398 immortalibus

448 5413 776 5486 diligentius,
807 5415 852 5469 si
880 5415 1023 5474 Deus
1047 5418 1294 5490 voluerit,
1325 5421 1378 5478 in
1404 5422 1510 5480 ﬁne
1540 5427 1695 5498 hujus
1720 5431 1899 5501 operis
1922 5434 2036 5490 dis-

449 5508 736 5566 serendum
767 5515 869 5564 est.

510 5666 528 5731 ξ
563 5669 726 5731 abest,
751 5669 853 5721 sine
875 5666 1054 5731 labore,
1077 5682 1106 5720 a
1128 5678 1234 5726 Mss.

511 5729 533 5796 ξ
564 5729 840 5796 Solaeditio
861 5740 998 5796 ιιονη
1019 5729 1183 5788 leonis.

513 5790 536 5824 ⁸
568 5790 702 5846 Vind.
718 5790 1102 5861 ctMss.,stt1m.

1578 306 1666 363 DE
1701 306 2027 367 CIVITATE
2065 309 2199 379 DEI,
2238 311 2297 370 S.
2337 315 2708 376 AUGUSTINI

2189 427 2414 488 CAPUT
2442 433 2584 490 XIX.
2623 467 2696 478 —
2734 437 2923 494 Contra
2960 455 3133 498 eorum
3171 446 3440 518 dogmata,
3467 450 3556 520 qui
3583 452 3778 522 primos

2253 525 2498 595 homines,
2528 529 2574 583 si
2597 547 2698 586 non
2727 543 3031 604 peccassent,
3063 537 3370 594 immortales
3395 543 3594 612 futuros
3616 543 3779 614 fuisse

2253 634 2356 673 non
2383 621 2609 678 credunt.

2252 732 2402 791 Nunc
2425 736 2492 792 de
2519 741 2832 809 corporibus
2866 743 3154 814 primorum
3200 746 3474 804 hominum
3511 751 3656 821 quod
3694 753 3775 808 in-

2182 826 2451 883 stituimus
2480 831 2804 900 explicemus
2833 852 2845 890 :
2877 837 3130 906 quoniam
3173 854 3272 894 nec
3312 857 3456 896 mors
3481 842 3584 896 ista
3606 884 3623 910 ,
3652 859 3776 914 qua:

2185 919 2324 976 bona
2347 923 2652 993 perhibetur
2670 927 2843 996 bonis,
2869 946 2965 985 nec
2990 940 3195 988 tantum
3221 935 3400 1003 paucis
3426 935 3775 1006 intelligenti-

2185 1014 2283 1071 hus
2309 1017 2420 1072 sive
2448 1020 2822 1090 credentibus,
2863 1024 2957 1080 sed
2997 1027 3244 1082 omnibus
3270 1037 3394 1084 nota
3431 1037 3546 1095 est,
3579 1045 3686 1100 qua
3714 1031 3778 1085 lit

2182 1110 2372 1165 animae
2396 1127 2426 1166 a
2451 1127 2676 1183 corpore
2695 1119 2980 1186 separatio,
3007 1133 3113 1189 qua
3133 1130 3278 1175 certe
3305 1135 3497 1190 corpus
3524 1122 3773 1176 animan-

2182 1205 2270 1272 tis,
2289 1206 2426 1277 qnod
2448 1209 2719 1266 evidenter
2734 1211 2963 1280 vivebat,
2981 1214 3259 1270 evidenter
3279 1215 3552 1279 emoritur,
3576 1215 3654 1270 eis
3673 1231 3774 1284 po-

2183 1299 2367 1354 tuisset
2384 1300 2645 1368 accidere,
2668 1303 2764 1357 nisi
2788 1307 2988 1374 peccati
3009 1310 3254 1361 meritum
3275 1317 3604 1379 sequeretur.
3623 1307 3775 1364 Licet

2180 1391 2321 1445 enim
2345 1391 2608 1462 justorum
2639 1409 2702 1450 ac
2729 1397 2933 1465 piorum
2963 1398 3155 1452 animae
3199 1397 3564 1453 defunctorum
3584 1441 3598 1465 ,
3626 1399 3771 1471 quod

2181 1488 2232 1538 in
2249 1485 2432 1555 requie
2449 1487 2642 1552 vivant,
2667 1487 2911 1544 dubitare
2928 1490 3005 1545 fas
3022 1506 3124 1545 non
3147 1493 3234 1557 sit,
3257 1508 3422 1563 usque
3436 1492 3572 1547 adeo
3590 1501 3773 1548 tamen

2179 1577 2256 1632 eis
2287 1578 2476 1635 melius
2501 1588 2650 1636 esset
2675 1597 2794 1636 cum
2825 1584 2935 1638 suis
2955 1585 3267 1653 corporibus
3295 1585 3431 1640 bene
3469 1585 3772 1641 valentibus

2179 1672 2357 1728 vivere
2385 1671 2460 1745 (a)
2486 1715 2501 1741 ,
2531 1683 2588 1729 ut
2607 1675 2766 1730 etiam
2789 1677 2862 1731 illi
2891 1679 2978 1748 qui
3003 1679 3145 1733 omni
3180 1679 3337 1734 modo
3357 1694 3475 1734 esse
3494 1680 3610 1736 sine
3639 1695 3768 1736 cor-

2179 1782 2306 1842 pore
2331 1767 2694 1823 beatissimum
2719 1771 3056 1839 existimant,
3081 1772 3218 1828 hanc
3239 1774 3538 1843 Opinionem
3569 1782 3724 1830 su‘am
3749 1777 3768 1807 ί

2176 1860 2437 1914 sententia
2453 1870 2778 1930 repugnante
2791 1877 2888 1916 con
2899 1864 3318 1932 vincant.Neque
3330 1866 3468 1921 enim
3481 1867 3767 1937 quisquam

2176 1951 2392 2006 audebit
2413 1952 2624 2009 illorum
2641 1956 2908 2026 sapientes
2925 1956 3189 2023 homines,
3207 1959 3317 2013 sive
3331 1959 3638 2027 morituros,
3653 1961 3770 2016 sive

2168 2043 2279 2114 jam
2307 2054 2564 2113 mortuos,
2588 2047 2641 2102 id
2665 2060 2765 2113 est,
2789 2057 2881 2103 aut
2899 2059 3144 2105 carentes
3163 2053 3494 2121 corporibus,
3521 2062 3612 2107 aut
3639 2069 3768 2108 cor-

2173 2151 2302 2206 pora
2331 2139 2640 2200 relicturos.
2664 2139 2765 2194 diis
2787 2141 3172 2197 immortalibus
3195 2153 3542 2214 anteponere,
3570 2145 3766 2214 quibus

2173 2227 2316 2283 Deus
2341 2243 2580 2284 summus
2595 2231 2732 2300 apud
2750 2231 3023 2287 Platonem
3041 2249 3231 2289 munus
3253 2235 3459 2305 ingens,
3475 2235 3764 2290 indissolu-

2172 2319 2332 2375 hilem
2349 2321 2743 2389 scilicetvitam,
2759 2324 2809 2377 id
2827 2334 3176 2380 estmteruum
3193 2342 3311 2381 cum
3330 2327 3765 2398 suiscorporihus

2170 2414 2521 2480 consortium,
2551 2415 2848 2483 pollicetur.
2882 2417 3091 2486 Optime
3105 2426 3282 2472 autem
3309 2433 3428 2473 cum
3458 2418 3767 2475 hominibus

2171 2504 2253 2573 agi
2273 2504 2562 2559 arbitratur
2585 2505 2723 2560 idem
2749 2506 2917 2574 Plato,
2940 2509 2982 2561 si
3003 2517 3177 2563 tamen
3206 2508 3343 2563 hanc
3359 2509 3518 2564 vitam
3543 2509 3625 2578 pie
3640 2509 3766 2579 jus-

2173 2603 2328 2664 teque
2345 2597 2666 2667 peregerint,
2687 2606 2788 2653 uta
2808 2600 2919 2653 suis
2939 2601 3250 2671 corporibus
3266 2601 3516 2671 separati,
3543 2601 3594 2654 in
3613 2601 3766 2670 ipso-

2169 2703 2288 2742 rum
2317 2691 2558 2755 deorum,
2586 2693 2676 2760 qui
2699 2707 2794 2746 sua
2819 2707 3043 2762 corpora
3076 2708 3343 2764 nunquam
3370 2693 3645 2761 deserunt,
3668 2707 3763 2749 re-

2167 2781 2430 2850 cipiantur
2453 2782 2626 2835 sinum
2659 2781 2677 2852 (
2701 2780 3020 2837 inPhazdone
3044 2793 3091 2838 et
3123 2783 3370 2854 Phaedro)
3396 2803 3410 2838 :

2229 2895 2419 2946 Scilicet
2443 2897 2761 2962 immemores
2778 2909 2956 2960 supera
2976 2904 3030 2947 ut
3052 2912 3273 2962 convexa
3293 2899 3525 2962 revisant,

2229 2965 2408 3007 Rursus
2430 2959 2734 3032 etincipiant
2752 2959 3028 3032 incorporei
3043 2960 3173 3010 velle
3192 2960 3394 3032 reverti.

2442 3020 2462 3083 (
2486 3020 2656 3085 Virgil.
2891 3020 2974 3072 tib.
2999 3023 3049 3083 6,
3074 3035 3195 3073 vers.
3219 3022 3329 3084 750,
3352 3023 3463 3072 75!.
3487 3023 3507 3086 )

2164 3126 2316 3193 Quod
2339 3127 2588 3198 Virgilius
2611 3143 2676 3182 ex
2704 3128 2977 3183 Platonico
2997 3127 3245 3199 dogmate
3269 3127 3466 3183 dixisse
3487 3126 3756 3182 laudatur.

2164 3220 2239 3275 ita
2266 3221 2462 3291 quippe
2486 3222 2694 3278 animas
2718 3223 3020 3277 mortalium
3044 3265 3059 3289 ,
3091 3237 3191 3277 nec
3220 3222 3272 3275 in
3310 3222 3421 3276 suis
3443 3222 3762 3291 corporibus

2162 3331 2375 3385 semper
2390 3330 2510 3371 esse
2527 3330 2681 3386 posse
2697 3316 2983 3382 existimat,
2999 3315 3090 3371 sed
3109 3315 3296 3371 mortis
3309 3315 3626 3372 necessitate
3642 3316 3764 3372 dis-

2163 3408 2332 3473 solvi;
2359 3422 2457 3462 nec
2477 3409 2592 3463 sine
2619 3409 2930 3478 corporibus
2956 3409 3150 3464 durare
3179 3419 3455 3480 perpetuo,
3473 3409 3565 3465 sed
3586 3410 3762 3465 alter-

2161 3499 2410 3553 nantibus
2425 3499 2628 3555 vicibus
2645 3500 3004 3556 indesinenter
3019 3502 3171 3555 vivos
3185 3517 3254 3556 ex
3271 3503 3512 3565 mortuis,
3527 3512 3578 3557 et
3596 3518 3663 3557 ex
3682 3503 3765 3558 vi-

2159 3589 2240 3644 vis
2255 3600 2490 3644 mortuos
2519 3591 2631 3646 ﬁeri
2662 3599 2810 3661 putat
2833 3609 2847 3645 :
2869 3601 2969 3647 uta
2989 3593 3197 3647 caeteris
3217 3591 3519 3647 hominibus
3547 3593 3650 3649 hoc
3680 3593 3765 3648 vi-

2159 3681 2292 3738 dean
2301 3692 2384 3738 tur
2395 3683 2607 3739 differre
2621 3684 3053 3755 sapientes,quod
3073 3693 3190 3755 post
3201 3695 3423 3740 mortem
3439 3684 3678 3740 ferantur
3688 3683 3763 3740 ad

2158 3776 2354 3841 sidera,
2373 3787 2426 3831 ut
2446 3777 2713 3848 aliquanto
2729 3777 2927 3832 diutius
2940 3778 2990 3832 in
3003 3788 3150 3833 astro
3161 3778 3260 3833 sibi
3276 3793 3513 3848 congruo
3528 3778 3763 3847 quisque

2173 3867 2492 3938 requiescat,
2520 3876 2678 3937 atque
2703 3868 2825 3924 inde
2846 3884 3030 3924 rursus
3049 3869 3280 3924 miseria:
3299 3869 3532 3940 pristinae
3553 3869 3760 3924 oblitus

2157 3968 2209 4014 et
2235 3960 2521 4028 cupiditate
2551 3959 2776 4015 habendi
2802 3962 3041 4030 corporis
3070 3961 3260 4024 victus,
3293 3961 3476 4016 redeat
3500 3959 3564 4014 ad
3599 3961 3760 4016 labo-

2155 4067 2242 4107 res
2263 4067 2632 4122 aerumnasqne
2647 4052 2950 4107 mortalium
2971 4070 2986 4119 ;
3008 4053 3077 4107 illi
3097 4069 3223 4108 vero
3244 4054 3331 4123 qui
3353 4054 3566 4108 stultam
3585 4053 3759 4108 duxe-

2157 4143 2264 4197 rint
2289 4143 2470 4207 vitam,
2497 4143 2563 4196 ad
2589 4158 2812 4213 corpora
2839 4145 2949 4199 suis
2972 4145 3175 4200 meritis
3199 4145 3397 4211 debita,
3430 4146 3541 4198 sive
3571 4143 3758 4199 homi-

2155 4251 2303 4299 num,
2321 4237 2434 4291 sive
2453 4237 2766 4303 bestiarum,
2785 4237 2852 4292 de
2875 4239 3115 4307 proximo
3140 4238 3476 4292 revolvantur
3497 4235 3570 4307 (in
3597 4235 3758 4291 Plue-

2153 4329 2286 4401 dro).
2305 4329 2359 4383 In
2379 4329 2479 4384 hac
2493 4331 2671 4399 itaque
2680 4329 2965 4386 durissima
2977 4331 3283 4387 conditione
3297 4331 3570 4386 constituit
3586 4331 3756 4386 etiam

2153 4423 2319 4478 bonas
2351 4432 2510 4493 atque
2543 4423 2811 4492 sapientes
2839 4425 3044 4478 animas
3064 4466 3078 4489 ,
3107 4425 3299 4494 quibus
3325 4441 3428 4478 non
3473 4425 3597 4478 talia
3629 4439 3758 4478 cor-

2153 4532 2279 4587 pora
2300 4516 2576 4572 distributa
2597 4525 2739 4583 sunt,
2758 4532 2876 4571 cum
2894 4516 3085 4585 quibus
3107 4531 3318 4585 semper
3342 4526 3500 4585 atque
3527 4517 3757 4570 immor-

2153 4610 2326 4665 taliter
2353 4610 2626 4678 viverent,
2669 4619 2724 4665 ut
2755 4625 2926 4680 neque
2959 4609 3012 4664 in
3039 4608 3351 4679 corporibus
3390 4622 3752 4677 permanere,

2151 4718 2324 4773 neque
2361 4705 2476 4758 sine
2501 4704 2582 4758 his
2612 4705 2817 4773 possint
2852 4703 2904 4758 in
2939 4711 3139 4757 mterna
3175 4703 3400 4771 puritate
3419 4700 3631 4755 durare.
3664 4701 3755 4756 De

2149 4813 2252 4868 quo
2273 4798 2546 4852 Platonico
2565 4797 2811 4869 dogmate
2821 4797 2930 4867 jam
2954 4797 3006 4850 in
3030 4795 3176 4850 libris
3188 4795 3548 4865 superioribus
3569 4792 3757 4866 (Pras-

2146 4893 2316 4948 sertt'm
2339 4893 2391 4946 in
2419 4892 2502 4947 lib.
2537 4893 2618 4959 10,
2642 4910 2754 4962 cap.
2777 4893 2866 4961 50)
2905 4890 3138 4943 diximus
3180 4888 3471 4943 christiano
3499 4898 3756 4958 tempore

2146 4983 2423 5038 erubuisse
2451 4982 2820 5053 Porphyrium,
2845 4992 2898 5035 et
2922 4997 3027 5035 non
3053 4981 3224 5034 solum
3253 4979 3320 5034 ab
3349 4979 3596 5033 humanis
3623 4980 3756 5032 aui-

2147 5075 2250 5128 mis
2291 5074 2587 5129 removisse
2629 5089 2852 5143 corpora
2897 5074 3216 5137 bestiarum,
3245 5088 3432 5128 verum
3462 5073 3620 5126 etiam
3651 5086 3755 5125 sa-

2153 5165 2406 5236 pientium
2434 5165 2636 5218 animas
2663 5165 2731 5218 ita
2756 5165 2993 5220 voluisse
3022 5165 3089 5220 de
3112 5165 3386 5233 corporeis
3417 5163 3641 5216 nexibus
3676 5161 3752 5216 li-

2145 5260 2341 5326 berari,
2377 5267 2433 5313 ut
2461 5273 2654 5327 corpus
2679 5273 2837 5313 omne
2866 5258 3126 5330 fugientes
3154 5259 3323 5312 beatae
3351 5256 3490 5324 apud
3519 5256 3753 5312 Patrem

2149 5352 2264 5406 sine
2293 5351 2397 5405 line
2427 5360 2724 5405 teneantur.
2753 5351 2934 5421 Itaque
2959 5367 3023 5406 ne
3051 5367 3080 5405 a
3110 5349 3326 5405 Christo
3349 5349 3491 5404 vinci
3519 5348 3755 5407 videre-

2145 5453 2230 5499 tur
2252 5444 2412 5500 vitam
2452 5445 2648 5498 sanctis
2694 5445 2975 5514 pollicente
3016 5453 3327 5514 perpetuam
3353 5483 3368 5509 ,
3411 5443 3574 5498 etiam
3622 5444 3759 5514 ipse

2145 5549 2394 5610 purgatas
2421 5541 2626 5595 animas
2650 5539 2765 5596 sine
2785 5541 2891 5596 ullo
2912 5539 2977 5595 ad
3009 5540 3252 5596 miserias
3279 5537 3535 5611 pristinas
3556 5538 3757 5598 reditu

2206 5695 2227 5757 ξ
2258 5700 2389 5753 Lov.,
2411 5707 2497 5746 sua
2517 5709 2534 5757 ;
2551 5695 2949 5746 dissentientibus
2970 5696 3165 5746 caeteris
3187 5696 3340 5748 libris.
3743 5746 3749 5750 λ

2139 5755 2432 5882 agnitioni.
2571 5758 2631 5809 12
2648 5759 2713 5810 de
2736 5766 2851 5809 Gen.
2870 5759 2932 5810 ad
2945 5760 3072 5822 Litt.,
3091 5773 3143 5810 ιι.
3165 5757 3248 5825 68,
3276 5769 3329 5812 et
3346 5765 3552 5811 ﬂetract.
3569 5758 3661 5812 lib.
3674 5762 3726 5823 1,

2231 5851 2248 5870 .
2334 5855 2350 5883 ,
2370 5835 2422 5870 ιι.
2481 5855 2493 5868 .
