4054 6486
242 467 290 522 in
313 473 514 520 aeterna
543 459 804 516 felicitate
827 455 1102 513 constituit
1125 470 1138 510 :
1165 463 1222 512 et
1245 463 1306 512 ut
1331 455 1547 516 Christo
1573 460 1828 518 adversa-

243 567 400 622 retur,
427 552 886 612 resurrectionem
911 548 1394 619 incorruptibilium
1420 565 1704 620 corporum
1730 569 1825 606 ne-

243 663 384 721 gans,
413 661 522 701 non
551 645 732 699 solum
759 643 876 698 sine
901 641 1129 698 terrenis
1147 681 1164 708 ,
1189 640 1284 696 sed
1315 641 1431 696 sine
1455 643 1580 698 ullis
1605 645 1826 699 omnino

243 737 550 810 corporibus
585 751 679 792 eas
720 737 948 790 asseruit
985 733 1040 788 in
1079 733 1462 803 sempiternum
1504 751 1622 792 esse
1649 738 1824 792 victu-

241 849 320 890 ras
347 831 447 904 (a).
473 829 586 886 Nec
609 839 788 886 tamen
815 829 912 883 ista
939 828 1312 898 qualicumque
1340 827 1590 898 opinione
1615 844 1823 898 praece—

241 926 306 981 nit
327 923 518 979 saltem
541 937 612 977 ne
631 920 736 976 diis
749 919 1045 988 corporatis
1061 917 1333 988 religionis
1353 919 1612 988 obsequio
1631 919 1826 975 subde-

235 1027 434 1072 rentur.
469 1015 610 1082 Quid
640 1015 712 1070 ita
737 1056 752 1080 ,
786 1013 885 1068 nisi
913 1011 1036 1082 quia
1066 1025 1158 1066 eas
1187 1011 1430 1082 quamvis
1453 1011 1582 1067 nulli
1613 1014 1824 1083 corpori

239 1112 482 1172 sociatas,
505 1123 616 1162 non
639 1107 868 1164 credidit
886 1107 991 1159 illis
1011 1120 1130 1160 esse
1155 1104 1442 1160 meliores?
1465 1103 1822 1176 Quapropter,

239 1203 277 1255 si
305 1216 410 1254 non
441 1198 719 1254 audebunt
745 1199 832 1252 isti
861 1197 902 1262 ί,
928 1197 1068 1253 sicut
1092 1211 1186 1252 eos
1212 1211 1435 1250 ausuros
1454 1211 1572 1252 esse
1599 1211 1705 1252 non
1735 1211 1824 1250 ar-

241 1291 420 1356 bitror,
453 1289 558 1344 diis
581 1289 902 1344 beatissimis
925 1329 940 1352 ,
970 1297 1024 1343 et
1052 1297 1230 1342 tamen
1261 1287 1316 1342 in
1343 1288 1558 1342 aeternis
1586 1287 1826 1357 corpori-

241 1385 332 1439 bus
353 1381 683 1448 constitutis,
713 1379 970 1434 humanas
992 1381 1199 1434 animas
1227 1389 1589 1448 anteponere;
1621 1393 1720 1434 cur
1747 1379 1826 1434 eis

197 1495 202 1498 ·
241 1473 442 1528 videtur
467 1473 782 1536 absurdum,
809 1469 948 1540 quod
980 1469 1114 1526 ﬁdes
1142 1470 1434 1526 christiana
1459 1470 1744 1541 przedicat,
1772 1479 1826 1526 et

241 1566 434 1636 primos
463 1563 708 1618 homines
739 1564 811 1618 ita
840 1561 1004 1616 fuisse
1029 1563 1289 1628 conditos,
1321 1571 1379 1617 ut
1402 1563 1447 1618 si
1473 1578 1578 1618 non
1609 1577 1826 1632 peccas-

242 1666 386 1722 sent,
418 1655 566 1709 nulla
594 1661 770 1708 morte
794 1669 824 1707 a
865 1654 976 1707 suis
999 1655 1316 1722 corporibus
1341 1654 1696 1721 solverentur,
1729 1654 1824 1708 sed

243 1763 330 1818 pro
367 1745 576 1800 meritis
623 1743 939 1798 obedientiae
981 1743 1257 1798 custoditus
1299 1743 1696 1800 immortalitate
1730 1747 1825 1801 do-

241 1840 380 1906 nati,
420 1853 544 1892 cum
573 1837 654 1892 eis
681 1838 924 1892 viverent
952 1838 1006 1890 in
1035 1845 1292 1892 :rternum
1317 1853 1330 1902 ;
1364 1845 1420 1890 et
1459 1837 1580 1891 talia
1611 1845 1826 1893 sanctos

243 1930 290 1986 in
321 1929 718 1986 resurrectione
742 1927 1016 1982 habituros
1040 1942 1102 1982 ea
1132 1929 1243 1998 ipsa
1267 1967 1285 1994 ,
1316 1927 1368 1982 in
1408 1929 1599 1998 quibus
1631 1929 1717 1984 hic
1745 1931 1824 1983 la-

243 2019 598 2086 boraverunt,
641 2033 906 2086 corpora,
961 2025 1020 2072 ut
1059 2033 1158 2073 nec
1204 2033 1391 2074 eorum
1431 2021 1578 2074 carni
1623 2019 1826 2090 aliquid

244 2112 590 2182 corruptionis
617 2113 700 2165 vel
729 2110 1054 2166 difﬁcultatis
1080 2153 1096 2178 ,
1138 2125 1238 2165 nec
1278 2126 1464 2166 eorum
1509 2113 1824 2167 beatitudini

243 2205 432 2276 aliquid
462 2204 664 2260 doloris
691 2212 744 2257 et
773 2201 1096 2257 infelicitatis
1125 2203 1293 2272 possit
1323 2203 1614 2258 accidere?

245 2317 458 2374 CAPUT
504 2315 628 2372 XX.
655 2345 724 2356 -
747 2315 895 2380 Quod
933 2331 1052 2369 caro
1075 2323 1362 2370 sanctorum
1385 2358 1398 2380 ,
1426 2333 1539 2386 qua:
1567 2335 1702 2374 nunc
1747 2337 1828 2374 re-

305 2409 508 2479 quiescit
533 2409 588 2460 in
605 2423 714 2476 spe,
745 2407 798 2460 in
822 2406 1078 2459 meliorem
1099 2406 1388 2474 reparanda
1416 2407 1480 2461 sit
1502 2409 1822 2479 qualitatem,

305 2515 456 2568 quam
481 2499 580 2570 fuit
609 2498 888 2568 primorum
909 2497 1170 2550 hominum
1197 2505 1317 2550 ante
1345 2508 1626 2566 peccatum.

305 2608 550 2680 Proinde
567 2623 708 2662 nunc
735 2615 1040 2662 sanctorum
1075 2607 1268 2660 animae
1307 2607 1678 2666 defunctorum
1705 2610 1828 2667 ideo

243 2715 340 2756 non
367 2699 576 2755 habent
599 2713 816 2768 gravem
869 2704 1134 2764 mortem,
1167 2713 1270 2770 qua
1316 2708 1574 2768 separatae
1617 2711 1743 2756 sunt
1796 2717 1828 2758 a

239 2793 548 2862 corporibus
567 2791 677 2846 suis
699 2831 716 2856 ,
748 2790 868 2858 quia
903 2803 1030 2844 caro
1053 2803 1238 2844 eorum
1279 2791 1566 2860 requiescit
1603 2793 1656 2848 in
1695 2807 1825 2862 spe,

240 2883 495 2954 quaslibet
519 2883 638 2936 sine
681 2881 792 2934 ullo
815 2881 924 2948 jam
968 2895 1130 2934 sensu
1158 2882 1510 2936 contumelias
1556 2885 1829 2953 accepisse

238 2976 494 3030 videatur.
527 2973 643 3028 Non
671 2972 836 3038 enim,
863 2971 1002 3026 sicut
1027 2971 1234 3026 Platoni
1261 2973 1434 3028 visum
1465 2982 1566 3039 est,
1596 2991 1824 3044 corpora

237 3067 498 3122 oblivione
525 3067 548 3097 ⁸
573 3064 880 3120 desiderant
906 3081 921 3118 :
947 3063 1043 3120 sed
1081 3061 1257 3134 potius
1281 3105 1296 3128 ,
1324 3064 1444 3133 quia
1471 3067 1829 3122 meminerunt

237 3158 354 3229 quid
377 3159 484 3212 sibi
539 3157 610 3212 ab
635 3171 700 3212 eo
723 3157 792 3211 sit
837 3155 1156 3227 promissum
1177 3197 1192 3220 ,
1221 3157 1311 3226 qui
1355 3157 1626 3212 neminem
1651 3156 1824 3224 fallit,

234 3251 319 3322 qui
341 3253 424 3306 eis
449 3251 614 3306 etiam
643 3250 711 3306 de
745 3250 1058 3320 capillorum
1085 3263 1302 3306 suorum
1335 3251 1636 3322 integritate
1665 3267 1826 3308 secu-

235 3345 440 3400 ritatem
467 3342 618 3398 dedit
643 3341 794 3415 (Luc.
820 3357 918 3398 ut
943 3383 961 3409 ,
992 3341 1082 3414 18)
1110 3384 1126 3408 ,
1155 3345 1608 3400 resurrectionem
1637 3359 1828 3414 corpo-

237 3447 348 3492 rum
379 3475 396 3500 ,
424 3436 482 3490 in
509 3435 703 3504 quibus
732 3433 896 3488 multa
938 3432 1070 3488 dura
1111 3435 1350 3503 perpessi
1394 3441 1552 3499 sunt,
1583 3432 1712 3489 nihil
1771 3435 1824 3488 in

235 3529 310 3583 eis
329 3527 562 3582 ulterius
593 3527 698 3581 tale
721 3525 929 3580 sensuri
951 3566 965 3590 ,
1005 3524 1430 3580 desiderabiliter
1462 3533 1515 3578 et
1567 3526 1828 3594 patienter

235 3625 565 3688 exspectant.
591 3617 650 3670 Si
668 3617 810 3670 enim
828 3629 1044 3670 carnem
1065 3629 1216 3670 suam
1237 3629 1344 3668 non
1361 3613 1585 3669 oderant
1607 3613 1822 3684 (Ephes.

233 3707 621 3778 v,29),quando
645 3721 764 3762 eam
785 3721 896 3761 suae
917 3707 1080 3760 menti
1107 3703 1414 3760 infirmitate
1436 3705 1818 3773 resistentem',

238 3799 636 3870 spiritualijure
653 3797 994 3864 coercebant,
1023 3805 1224 3866 quanto
1272 3797 1440 3866 magis
1467 3812 1584 3852 eam
1605 3797 1826 3867 diligunt

235 3892 384 3946 etiam
415 3892 590 3960 ipsam
613 3887 944 3958 spiritualem
967 3887 1238 3942 futuram?
1258 3888 1406 3944 Sicut
1433 3889 1577 3942 enim
1603 3890 1824 3959 spiritus

235 3986 374 4040 carni
393 3983 646 4039 serviens
669 3997 776 4036 non
799 3985 1091 4053 incongrue
1109 3982 1357 4048 carnalis,
1377 3983 1450 4038 ita
1470 3997 1596 4039 caro
1617 3985 1826 4054 spiritui

235 4075 474 4132 serviens
531 4083 679 4129 recte
719 4073 1070 4144 appellabitur
1092 4073 1418 4142 spiritualis;
1467 4088 1575 4128 non
1617 4075 1738 4146 quia
1768 4075 1821 4130 in

235 4168 470 4236 spiritum
490 4173 858 4230 convertatur,
875 4165 1012 4220 sicut
1035 4164 1275 4219 nonnulli
1301 4171 1490 4234 putant
1509 4181 1574 4220 ex
1596 4179 1662 4222 eo
1681 4167 1824 4238 quod

236 4257 484 4326 scriptum
505 4265 610 4322 est,
641 4255 935 4310 Seminatur
953 4270 1139 4324 corpus
1165 4255 1386 4309 animale
1411 4297 1425 4322 ,
1466 4267 1688 4328 resurget
1711 4275 1824 4312 cor-

235 4365 320 4417 pus
365 4347 632 4416 spirituale
654 4344 732 4418 (ὁ)
781 4346 826 4416 (l
853 4343 972 4400 Cor.
997 4361 1067 4400 xv
1089 4384 1106 4412 ,
1143 4343 1238 4418 42)
1270 4362 1286 4400 :
1317 4345 1409 4400 sed
1436 4347 1560 4416 quia
1613 4349 1820 4418 spiritui

237 4453 436 4494 summa
469 4447 526 4493 et
549 4436 778 4492 mirabili
799 4435 1204 4506 obtemperandi
1229 4435 1482 4492 facilitate
1501 4436 1524 4468 ‘
1543 4439 1817 4506 subdetur,

237 4545 394 4600 usque
441 4529 510 4584 ad
570 4527 979 4582 immortalitatis
1018 4525 1041 4559 ³
1084 4525 1463 4582 indissolubilis
1545 4529 1821 4582 securissi-

239 4637 370 4676 mam
423 4622 754 4678 voluntatem
801 4620 947 4674 omni
1001 4619 1260 4674 molestiae
1289 4633 1475 4688 sensu,
1506 4619 1651 4674 omni
1695 4635 1816 4675 cor-

235 4714 574 4782 ruptibilitate
595 4723 650 4768 et
665 4711 912 4767 tarditate
931 4711 1188 4768 detracta.
1205 4709 1320 4766 Non
1344 4711 1515 4766 solum
1539 4711 1684 4768 enim
1708 4727 1814 4768 non

236 4805 332 4858 erit
355 4804 458 4858 tale
483 4845 499 4870 ,
522 4803 682 4872 quale
703 4818 844 4857 nunc
881 4811 965 4857 est
991 4803 1042 4858 in
1076 4803 1264 4874 quavis
1301 4803 1500 4872 optima
1551 4803 1815 4858 valetudi-

291 4899 306 4928 ⁸
341 4896 446 4947 Sola
469 4897 619 4946 editio
641 4903 771 4956 Lov.,
792 4895 914 4946 istis.

290 4960 311 4990 ³
341 4962 412 5008 sic
435 4959 570 5007 vind.
597 4967 698 5006 Am.
725 4955 776 5006 et
799 4955 1028 5007 meliores
1047 4965 1154 5007 uss.
1182 4963 1236 5008 At
1270 4961 1362 5018 ιιι-η
1391 4969 1598 5021 corpora
1617 4955 1815 5010 oblivio-

290 5033 350 5069 ιιι.
375 5027 506 5070 bov..
530 5031 788 5070 corporum
808 5017 1103 5070 obliuionem.

231 5031 350 5069 nan.
375 5027 506 5078 μοι,
530 5017 1103 5090 εοτρονιιηιρωίιτὶοηεηι.

289 5083 310 5156 Ῐ
341 5081 530 5156 ἑηεῐᾳοῖι
561 5091 689 5156 MSS",
709 5087 1077 5156 Tﬁmtff.u-

287 5142 310 5176 ⁸
341 5148 393 5192 ιιι
415 5139 1098 5242 ιίιιιυίειιοιιιιιιΙΙὶἎαειιιιαιε.
1136 5201 1146 5212 ι
1375 5202 1386 5214 ,
1462 5203 1474 5214 ι

287 5205 310 5237 Ι
343 5213 406 5242 ille.
447 5206 560 5242 θωςι
625 5217 771 5242 usam!
901 5201 1093 5242 nbmnm
1128 5201 1498 5242 smmnrtnhmtu
1519 5215 1534 5230 ο

341 5213 422 5254 iis.
447 5206 584 5262 2051,
602 5265 606 5266 ν
625 5217 771 5266 usque
802 5201 868 5266 ad
901 5201 1094 5266 plenam
1128 5201 1498 5266 {inmortalitatis
1513 5215 1534 5266 ;
1561 5209 1646 5254 Is.
1668 5203 1810 5266 ιοω,

315 5279 371 5316 ue
399 5267 464 5316 ad
487 5263 787 5316 itnulendam
807 5263 1194 5315 irtvhortaIitalis.
1261 5271 1315 5313 Μ.

311 5279 371 5376 3⁸
389 5277 970 5378 ιίἓηέἑθηὲἕωωωῆἷ

231 5277 362 5452 Ἴθζ
381 5365 688 5452 Origenes-in
713 5339 875 5449 libri:
889 5401 970 5452 per

310 5385 360 5451 li)
381 5385 620 5452 Origenes
641 5391 688 5437 in
713 5385 866 5452 libris,
889 5387 996 5452 peri
1021 5385 1224 5446 Archon,
1249 5389 1316 5438 ait
1337 5386 1442 5438 fore
1465 5395 1520 5438 ut
1536 5389 1693 5438 omnis
1707 5401 1812 5438 cor-

231 5447 618 5512 poreacréatura
651 5451 700 5499 in
736 5447 1001 5513 spiritualia
1046 5461 1246 5513 corpora
1289 5455 1520 5506 mutetur,
1559 5456 1618 5513 et.
1641 5457 1810 5513 cuncta

229 5509 486 5563 substantia
506 5515 556 5563 in
579 5525 728 5563 unum
751 5509 925 5574 corpus
947 5509 1310 5574 mundisSimum
1335 5517 1386 5560 et
1403 5513 1533 5560 omni
1548 5509 1808 5572 Splendore

231 5577 392 5636 periis
409 5590 528 5626 conv
537 5581 739 5634 artatur,
766 5585 822 5622 ac
838 5573 942 5623 tale
961 5573 1107 5636 quale
1133 5586 1258 5623 nunc
1280 5573 1489 5622 humana
1512 5585 1654 5636 mens
1675 5575 1808 5636 cogi-

229 5643 332 5700 tare
353 5651 448 5686 non
475 5645 661 5700 tmtest;
688 5643 740 5685 et
785 5649 834 5696 ιτ
845 5643 908 5694 st,
929 5635 1104 5697 inquit,
1131 5636 1226 5700 erit
1246 5641 1378 5684 Deus
1393 5635 1558 5700 omnia
1580 5635 1628 5683 in
1646 5635 1809 5700 omni-

225 5697 333 5759 bus,
357 5707 412 5748 ut
427 5694 656 5748 universa
677 5694 846 5759 natura
870 5694 1102 5758 corporea
1118 5697 1366 5759 redigatur
1389 5695 1438 5759 in
1458 5709 1567 5744 eam
1586 5694 1810 5759 substan-

221 5755 356 5822 ω,
371 5773 480 5822 qm
493 5761 722 5812 omnibus
739 5757 913 5808 melior
929 5755 1022 5818 est,
1047 5759 1094 5806 in
1111 5755 1318 5808 divinam
1334 5757 1537 5816 scilicet,
1561 5768 1658 5819 qua
1674 5755 1808 5805 nulla

225 5773 356 5822 smn,
371 5773 722 5874 gemmis
739 5773 828 5808 mei

225 5828 300 5874 est
319 5835 370 5874 m
421 5835 508 5874 tor.
533 5830 646 5872 wn.
674 5829 828 5872 \‘WIS.

435 5955 440 5960 .
493 5907 724 5973 SANGT.
757 5907 1031 5968 Ausus-1'.
1059 5903 1200 5984 VII.

1435 341 1640 400 LIBER
1669 343 1962 404 DECIMUS
1995 346 2313 409 TERTIUS.

3410 357 3518 414 διιι

1932 479 2002 520 ne
2027 482 2042 532 ;
2074 467 2168 522 sed
2196 481 2292 523 nec
2317 467 2422 524 tale
2441 469 2674 540 quidem,
2695 471 2852 542 quale
2871 471 2968 528 fuit
2994 473 3048 528 in
3075 472 3261 544 primis
3286 473 3518 530 homini-

1931 555 2032 610 bus
2055 565 2178 612 ante
2206 561 2613 631 peccatum.Qui
2643 563 2768 618 licet
2795 566 3040 620 morituri
3071 581 3176 620 non
3197 576 3398 635 essent,
3413 568 3516 624 nisi

1932 657 2277 718 peccassent;
2305 651 2575 706 alimentis
2601 661 2778 710 tamen
2806 667 2867 710 ut
2895 657 3140 712 homines
3185 658 3510 725 utebantur,

1931 739 2168 794 nondum
2195 742 2488 810 spiritualia
2509 786 2524 810 ,
2557 745 2651 800 sed
2677 746 2850 802 adhuc
2876 750 3123 804 animalia
3149 766 3374 822 corpora
3402 759 3518 808 ter-

1931 846 2062 887 rena
2087 843 2378 904 gestantes.
2409 837 2537 903 Quae
2557 839 2680 894 licet
2701 842 2852 896 senio
2875 857 2982 897 non
3015 852 3431 913 veterascerent,
3459 854 3520 900 ut

1931 926 2250 982 necessitate
2266 928 2758 996 perducerenturad
2779 943 3004 990 mortem
3029 935 3142 1008 (qui
3159 945 3332 992 status
3348 938 3430 993 eis
3451 937 3520 992 de

1933 1013 2078 1086 ligno
2104 1017 2246 1085 vitm,
2266 1019 2408 1089 quod
2431 1020 2484 1076 in
2511 1022 2688 1078 medio
2717 1025 2963 1094 paradiso
2987 1042 3109 1082 cum
3133 1030 3326 1085 arbore
3353 1029 3518 1085 vetita

1930 1105 2088 1160 simul
2115 1115 2253 1176 erat,
2281 1111 2512 1166 mirabili
2539 1113 2633 1168 Dei
2655 1115 2824 1184 gratia
2839 1118 3242 1190 praestabatur):
3265 1129 3444 1176 tamen
3465 1129 3523 1176 et

1929 1197 2065 1252 alios
2081 1201 2365 1256 sumebant
2382 1203 2530 1259 cibos
2543 1217 2738 1274 praeter
2753 1220 2913 1262 unam
2931 1209 3194 1276 arborem,
3212 1227 3332 1282 quae
3349 1211 3524 1268 fuerat

1930 1289 2240 1360 interdicta,
2292 1309 2398 1350 non
2443 1296 2564 1366 quia
2593 1297 2706 1368 ipsa
2749 1309 2867 1354 erat
2905 1302 3101 1355 malum
3126 1343 3142 1370 ,
3175 1303 3268 1358 sed
3305 1313 3523 1375 propter

1929 1385 2412 1440 commendandum
2431 1403 2579 1458 purae
2600 1397 2656 1444 et
2681 1390 2942 1460 simplicis
2958 1391 3279 1448 obedientias
3299 1395 3519 1464 bonum,

1929 1489 2050 1545 qua:
2081 1491 2267 1548 magna
2297 1480 2467 1536 virtus
2511 1489 2597 1537 est
2645 1483 2924 1538 rationalis
2951 1495 3210 1540 creatura
3229 1487 3331 1542 sub
3356 1488 3522 1543 Crea-

1933 1575 2051 1623 tore
2075 1567 2302 1625 Domino
2329 1573 2653 1627 constitutae.
2679 1573 2812 1628 Nam
2842 1575 2932 1630 ubi
2961 1575 3164 1630 nullum
3189 1577 3386 1632 malum
3417 1585 3526 1632 tan-

1929 1659 2172 1728 gebatur,
2193 1663 2431 1731 profecto
2445 1665 2491 1720 si
2515 1665 2838 1735 prohibitum
2862 1677 3189 1738 tangeretur,
3205 1670 3315 1724 sola
3337 1671 3526 1726 inube-

1934 1750 2134 1806 dientia
2163 1754 2500 1822 peccabatur.
2540 1758 2833 1812 Alebantur
2858 1759 2876 1792 ί
2901 1775 3028 1830 ergo
3057 1761 3176 1815 aliis
3205 1777 3324 1831 quae
3350 1775 3528 1817 sume-

1931 1842 2083 1911 bant,
2112 1861 2180 1900 ne
2205 1847 2452 1902 animalia
2477 1863 2706 1918 corpora
2731 1851 2990 1906 molestiae
3011 1852 3212 1923 aliquid
3239 1855 3526 1910 esuriendo

1931 1949 1994 1988 ac
2023 1937 2252 1991 sitiendo
2277 1939 2542 1994 sentirent
2573 1959 2586 1995 τ
2613 1939 2682 1996 de
2701 1941 2846 2012 ligno
2885 1952 3064 1998 autem
3091 1945 3214 2000 vitae
3243 1955 3526 2016 propterea

1931 2026 2240 2094 gustabatur
2260 2070 2276 2094 ,
2308 2043 2376 2083 ne
2405 2027 2550 2085 mofs
2571 2031 2652 2086 eis
2675 2033 3046 2103 undecumque
3074 2035 3407 2106 subreperet,
3441 2037 3526 2093 vel

1932 2125 2209 2178 senectute
2247 2118 2488 2174 confecta
2509 2121 2790 2176 ’decursis
2819 2133 3118 2193 temporum
3150 2127 3335 2196 spatiis
3357 2129 3524 2183 inter-

1931 2206 2072 2262 irent
2100 2227 2112 2262 :
2140 2219 2390 2281 tanquam
2434 2221 2627 2269 cetera
2653 2225 2835 2271 essent
2863 2217 3118 2272 alimento
3145 2260 3160 2284 ,
3191 2219 3318 2274 illud
3347 2235 3524 2276 sacra-

1931 2310 2144 2366 mento;
2174 2315 2232 2357 ut
2257 2305 2336 2359 sic
2361 2303 2528 2361 fuisse
2575 2307 2868 2376 accipiatur
2893 2309 3093 2379 lignum
3119 2312 3242 2365 vitae
3280 2313 3332 2366 in
3365 2327 3524 2383 para-

1931 2391 2052 2448 diso
2070 2395 2356 2464 corporali,
2390 2397 2530 2452 sicut
2547 2397 2600 2451 in
2625 2399 2884 2468 spirituali
2909 2441 2926 2466 ,
2965 2401 3069 2456 hoc
3108 2402 3524 2473 sstintelligibili

1932 2485 2214 2555 paradiso,
2245 2489 2512 2558 Sapientia
2545 2490 2680 2558 Dei,
2711 2491 2781 2546 de
2822 2507 2925 2563 qua
2955 2495 3214 2564 scriptum
3257 2504 3340 2551 est
3360 2537 3377 2562 ,
3433 2496 3524 2550 [λίς

1931 2593 2084 2648 gnum
2125 2579 2240 2634 vita
2266 2589 2338 2634 est
2365 2580 2386 2612 ³
2418 2581 2832 2650 amplectentibus
2877 2603 2986 2639 eam
3018 2585 3198 2656 (Prov.
3230 2605 3325 2654 ιιι,
3359 2587 3474 2658 18).
3511 2613 3516 2618 ·

1931 2687 2160 2746 CAPUT
2188 2691 2330 2747 XXI.
2357 2693 2526 2748 -—De
2562 2697 2802 2766 paradiso
2824 2739 2840 2765 ,
2869 2697 2924 2752 in
2970 2715 3068 2770 quo
3097 2702 3248 2769 primi
3297 2703 3522 2760 homines

2005 2783 2204 2852 fuerant
2232 2825 2246 2850 ,
2278 2785 2414 2852 quod
2449 2796 2582 2840 recte
2629 2789 2788 2856 possit
2815 2789 3188 2860 signiﬁcatione
3237 2793 3347 2864 ejus
3371 2797 3526 2864 spiri~

2004 2877 2139 2930 tuale
2167 2877 2360 2946 aliquid
2385 2879 2600 2950 intelligi
2621 2923 2636 2946 ,
2665 2883 2806 2936 salua
2842 2884 3049 2938 ueritate
3077 2888 3386 2941 narrationis
3441 2890 3525 2942 hi-

2004 2969 2203 3022 storica:
2226 2971 2290 3022 de
2319 2973 2572 3040 corporali
2597 2973 2730 3028 loco.

2006 3079 2155 3134 Unde
2183 3083 2426 3138 nonnulli
2455 3093 2620 3139 totum
2651 3087 2824 3156 ipsum
2858 3091 3160 3158 paradisum
3198 3136 3214 3162 ,
3247 3095 3336 3148 ubi
3372 3097 3526 3165 primi

1931 3169 2172 3226 homines
2202 3183 2454 3240 parentes
2483 3179 2699 3244 generis
2744 3179 2962 3234 humani
2990 3194 3191 3238 sanctae
3234 3183 3526 3254 Scriptum

1930 3263 2152 3317 veritate
2183 3261 2350 3320 fuisse
2389 3277 2711 3334 narrantur,
2737 3270 2804 3324 ad
2845 3271 3198 3344 intelligiliilia
3239 3275 3526 3345 referunt,

1929 3351 2255 3423 arboresque
2292 3355 2410 3410 illas
2439 3367 2494 3412 et
2540 3359 2678 3427 ligna
2707 3359 2978 3418 fructifera
3025 3363 3078 3417 in
3125 3365 3352 3420 virtutes
3403 3367 3526 3422 vita:

1929 3458 2214 3514 moresque
2237 3456 2558 3504 convertunt
2585 3449 2696 3522 (a):
2719 3459 2968 3522 tanquam
3003 3454 3229 3509 visibilia
3254 3465 3306 3510 et
3333 3472 3526 3529 corpu.

1931 3535 2060 3588 ralia
2107 3535 2198 3590 illa
2223 3553 2330 3592 non
2361 3537 2596 3608 fuerint,
2629 3541 2723 3596 sed
2771 3543 3180 3614 intelligibilium
3220 3548 3525 3618 significan~

1929 3625 2118 3680 dorum
2145 3643 2307 3684 causa
2343 3647 2410 3686 eo
2459 3633 2619 3687 modo
2666 3634 2808 3689 dicta
2836 3637 2918 3690 vel
2967 3639 3162 3706 scripta
3207 3642 3332 3695 sint.
3364 3643 3524 3710 Quasi

1931 3729 2208 3788 propterea
2263 3737 2370 3777 non
2418 3727 2648 3794 potuerit
2689 3741 2810 3782 esse
2867 3729 3146 3796 paradisus
3187 3735 3479 3801 corporalis
3504 3777 3521 3804 ,

1927 3813 2052 3878 quia
2084 3820 2260 3880 potest
2297 3815 2455 3868 etiam
2487 3816 2776 3885 spiritualis
2808 3819 3070 3890 intelligi:
3109 3833 3362 3893 tanquam
3402 3827 3525 3883 ideo

1931 3921 2036 3958 non
2065 3905 2260 3959 fuerint
2279 3906 2398 3962 dua:
2419 3908 2692 3976 mulieres,
2709 3911 2851 3980 Agar
2868 3923 2922 3966 et
2949 3913 3102 3981 Sara,
3118 3925 3170 3969 et
3199 3931 3264 3970 ex
3291 3917 3397 3972 illis
3417 3919 3525 3976 duo

1929 3997 2021 4051 lilii
2069 3997 2328 4064 Abrahze,
2361 4014 2498 4053 unus
2526 3999 2593 4054 de
2633 4003 2827 4057 ancilla
2847 4045 2862 4070 ,
2891 4003 3028 4059 alius
3055 4007 3122 4060 de
3163 4007 3328 4064 libera
3349 4051 3365 4076 ,
3395 4014 3523 4082 quia

1926 4089 2032 4142 duo
2053 4089 2393 4146 Testamenta
2425 4092 2477 4146 in
2505 4093 2584 4146 eis
2615 4091 2837 4164 ﬁgurata
2863 4095 3296 4168 dicitApostolus
3319 4101 3522 4174 (Colat.

1926 4195 1976 4234 tv
2007 4221 2020 4242 ,
2047 4179 2234 4250 92-24)
2269 4197 2283 4234 :
2317 4191 2407 4236 aut
2447 4183 2567 4238 ideo
2612 4183 2680 4239 de
2710 4187 2851 4241 nulla
2909 4197 3057 4255 petra
3107 4190 3293 4264 Moyse
3325 4209 3523 4264 percu-

1925 4276 2092 4328 tiente
2119 4289 2252 4344 aqua
2281 4274 2566 4330 deﬂuxerit
2612 4277 2807 4347 (Exod.
2839 4295 2970 4345 xvu,
2994 4281 3055 4347 6;
3087 4280 3249 4338 Num.
3278 4302 3375 4352 xx,
3401 4288 3520 4360 il),

1923 4367 2043 4434 quia
2077 4374 2252 4434 potest
2277 4365 2386 4419 illic
2415 4365 2640 4437 figurata
2669 4369 3058 4438 significatione
3085 4375 3244 4430 etiam
3268 4375 3516 4436 Christus

1923 4457 2144 4526 intelligi
2173 4498 2187 4522 ,
2227 4457 2418 4512 eodem
2449 4461 2694 4529 apostolo
2719 4461 2928 4517 dicente
2952 4503 2969 4530 ,
2996 4463 3152 4520 Petra
3205 4479 3370 4523 autem
3411 4482 3521 4527 erat

1923 4547 2153 4602 Christus
2183 4547 2224 4619 (l
2249 4547 2366 4601 Cor.
2395 4565 2430 4603 ι
2456 4589 2470 4613 ,
2494 4549 2574 4619 ιί).
2605 4549 2774 4604 Nemo
2818 4553 2998 4623 itaque
3041 4557 3288 4624 prohibet
3317 4561 3519 4616 intelli-

1923 4654 2050 4706 gere
2079 4639 2385 4708 paradisum
2405 4680 2420 4706 ,
2451 4640 2612 4694 vitam
2647 4641 2957 4710 beatorum;
2987 4657 3216 4715 quatuor
3249 4651 3367 4721 ejn
3415 4653 3520 4708 flu~
3547 4708 3562 4737 ξ

1921 4733 2060 4783 mina
2085 4771 2101 4797 ,
2127 4739 2357 4800 quatuor
2381 4731 2606 4785 virtutes
2634 4773 2649 4798 ,
2683 4733 3017 4801 prudentiam
3048 4779 3062 4802 ,
3101 4739 3470 4797 fortitudinem
3498 4786 3514 4810 ,

1919 4823 2346 4890 temperantiam,
2374 4831 2533 4892 atque
2555 4825 2855 4893 justitiam;
2886 4836 2943 4882 et
2973 4829 3110 4898 ligna
3139 4831 3256 4900 ejus
3279 4876 3292 4899 ,
3323 4848 3513 4892 omnes

1919 4917 2075 4970 utiles
2101 4915 2444 4985 disciplinas;
2473 4927 2526 4972 et
2553 4917 2816 4988 lignorum
2837 4919 3061 4988 fructus,
3083 4939 3259 4978 mores
3279 4927 3510 4995 piorum;

1916 5017 1966 5060 et
1991 5007 2189 5076 lignum
2211 5007 2336 5062 vitae
2365 5049 2380 5074 ,
2409 5009 2576 5078 ipsam
2601 5009 2866 5065 bonorum
2893 5013 3128 5067 omnium
3158 5023 3382 5070 matrem
3413 5033 3506 5074 sa-

1915 5100 2195 5170 pientiam;
2220 5109 2272 5154 et
2297 5100 2495 5170 lignum
2522 5101 2759 5156 scientire
2782 5102 2906 5156 boni
2925 5111 2980 5157 et
3007 5104 3151 5172 mali,
3179 5113 3508 5178 transgressi

1977 5259 1994 5290 ί
2031 5265 2143 5330 Μξετ
2163 5257 2372 5329 Quidam,
2415 5258 2649 5330 Aggbaiur
2669 5269 2799 5330 ergo.
2824 5283 2888 5295 --
2906 5257 3069 5308 Codex
3091 5261 3240 5325 2051,
3267 5266 3508 5330 Agebatur

1913 5334 2026 5382 ergo
2044 5319 2101 5368 ab
2125 5319 2198 5368 his
2222 5333 2329 5379 qua:
2349 5319 2610 5368 monebunt.
2693 5319 2746 5368 si.

1977 5387 1994 5414 ε
2029 5386 2097 5429 μὴ,
2125 5393 2136 5410 ,
2159 5383 2252 5448 il“.
2287 5392 2378 5448 μη,
2408 5391 2458 5429 (ει
2485 5387 2662 5448 ιιδδ,Ᾱι
2685 5387 2760 5428 Er.
2787 5385 2990 5448 etim”
3015 5385 3230 5448 confecti.

2724 5445 2958 5498 antidotis.

1977 5509 2050 5573 (a)
2087 5509 2216 5559 Philo
2259 5509 2468 5573 iudzeus,
2517 5505 2741 5573 extremo
2778 5505 2902 5556 libro
2925 5509 2989 5573 de
3010 5507 3204 5573 Opificio
3226 5511 3408 5572 mundi,
3443 5521 3496 5564 et

1909 5569 2040 5622 libro
2059 5575 2212 5640 primo
2235 5569 2578 5640 Allegoriarum
2613 5571 2771 5640 Legis,
2806 5569 3006 5640 mystice
3029 5569 3263 5640 duntaxat
3277 5581 3338 5640 et
3372 5569 3496 5622 alle-

1912 5633 2078 5697 gorice
2125 5635 2472 5697 interpretatur
2497 5633 2840 5697 _narrationem
2866 5633 3030 5697 Moysis
3060 5633 3382 5697 de_paradiso,
3407 5649 3501 5684 nec

1914 5691 2060 5744 aliter
2084 5707 2197 5744 esse
2223 5691 2592 5762 intelligendum
2613 5699 2806 5762 censet.
2833 5691 3010 5762 Eodem
3033 5691 3174 5762 modo
3191 5691 3428 5762 prigencs
3449 5699 3500 5762 in

1915 5759 2059 5807 tomis
2081 5769 2229 5818 super
2251 5751 2443 5812 Genetii,
2471 5759 2523 5802 et
2545 5754 2595 5801 in
2612 5751 2734 5803 libro
2757 5761 2948 5817 quarto,
2971 5754 3078 5818 peri
3097 5751 3304 5816 Αυκσὴὁῶ
3325 5769 3431 5820 cap.
3449 5757 3498 5808 2.

1911 5827 2113 5872 COQUEU
2117 5835 2142 5870 S
2147 5860 2158 5872 .

2955 5889 3270 5965 /Tret'ze.)

1971 5451 1996 5484 ³
2027 5450 2110 5498 Hic
2131 5447 2230 5497 sola
2253 5447 2402 5497 editio
2417 5454 2528 5496 Lov.
2551 5446 2700 5506 addit,
