4054 6496
543 394 651 454 595

547 512 783 572 mandati
825 506 1270 581 experimentum.
1304 501 1524 560 Ptenam
1572 501 1715 557 enim
1762 498 2134 571 peccatoribus

550 609 685 661 bene
713 605 915 674 utique,
943 597 1375 671 quoniamjuste,
1404 593 1679 650 constituit
1708 593 1869 661 Deus,
1902 588 1997 648 sed
2029 606 2135 645 non

547 698 690 756 bono
716 712 815 755 suo
836 693 1117 764 experitur
1145 690 1327 746 homo.
1361 690 1592 745 Possunt
1618 688 1735 747 haec
1764 684 1926 743 etiam
1952 684 2003 742 in
2024 678 2132 740 Ec-

547 791 710 851 clesia
728 788 976 858 intelligi,
996 794 1055 840 ut
1079 801 1140 841 ea
1172 783 1368 841 melius
1395 782 1719 854 accipiamus
1742 790 1989 855 tanquam
2013 795 2138 851 pro-

545 883 756 953 phetica
802 878 995 937 indicia
1046 875 1400 951 praecedentia
1442 875 1784 932 futurorum:
1833 870 2133 961 paradisum

466 1014 479 1027 .
543 972 748 1029 scilicet
774 973 944 1042 ipsam
973 969 1266 1027 Ecclesiam
1287 1010 1303 1034 ,
1331 968 1467 1023 sicut
1492 966 1558 1022 de
1584 965 1672 1021 illa
1701 967 1891 1038 legitur
1918 966 1970 1023 in
1991 964 2134 1020 Can-

541 1066 651 1122 tico
662 1066 996 1123 canticorum
1017 1062 1191 1134 (Cant.
1220 1060 1400 1135 tv,,i5)
1425 1079 1440 1117 :
1458 1068 1689 1131 quatuor
1706 1068 1883 1115 autem
1898 1052 2132 1131 paradisi

540 1157 782 1225 ﬁumina,
806 1166 1035 1229 quatuor
1060 1154 1388 1226 Evangelia;
1414 1148 1557 1226 ligna
1573 1152 1867 1219 fructifera,
1885 1160 2129 1218 sanctos;

540 1248 749 1306 fruetus
798 1258 975 1303 autem
1003 1262 1188 1303 eorum
1214 1287 1229 1313 ,
1260 1260 1422 1316 opera
1469 1260 1655 1301 eorum
1682 1261 1697 1312 ;
1730 1244 1932 1314 lignum
1962 1241 2082 1297 vita:
2114 1285 2129 1309 ,

544 1340 800 1399 Sanctum
826 1348 1164 1406 sanctorum,
1192 1338 1374 1409 utique
1398 1336 1706 1402 Christum;
1732 1336 1934 1408 lignum
1960 1335 2131 1390 scien-

541 1434 629 1488 tiae
656 1432 789 1487 boni
817 1440 873 1487 et
896 1431 1048 1495 mali,
1080 1432 1358 1502 preprium
1380 1430 1669 1486 voluntatis
1690 1429 1991 1485 arbitrium.
2020 1427 2129 1483 Nec

528 1541 599 1582 .se
628 1526 745 1597 ipso
770 1526 969 1596 quippe
992 1524 1159 1580 homo
1182 1523 1363 1579 divina
1388 1523 1664 1579 voluntate
1690 1531 1995 1596 contempta
2025 1521 2127 1577 nisi

537 1619 838 1690 perniciose
856 1619 935 1673 uti
956 1626 1135 1689 potest
1166 1637 1178 1672 :
1202 1628 1365 1688 atque
1388 1617 1463 1672 ita
1486 1616 1648 1673 discit
1675 1659 1691 1685 ,
1718 1616 1844 1687 quid
1874 1616 2085 1671 intersit
2109 1658 2124 1684 ,

535 1720 715 1766 utrum
746 1709 1003 1767 inhaereat
1030 1709 1301 1765 communi
1330 1707 1579 1765 omnibus
1606 1709 1746 1764 bono
1769 1750 1786 1777 ,
1814 1724 1880 1763 an
1910 1706 2127 1778 preprio

533 1799 931 1857 delecteturLSe
947 1800 1144 1870 quippe
1162 1815 1347 1855 amans
1362 1799 1595 1856 donatur
1607 1800 1731 1866 sibi,
1749 1808 1807 1855 ut
1820 1792 1945 1854 inde
1973 1798 2128 1852 timo-

532 1891 681 1947 ribus
707 1893 1131 1963 mmroribusqne
1172 1893 1473 1963 completus
1513 1901 1692 1949 cantet
1718 1892 1772 1947 in
1822 1892 2057 1956 Psalmo,
2079 1892 2124 1946 si

532 1992 709 2043 tamen
730 1984 870 2043 male
890 1999 987 2041 sua
1015 1985 1202 2053 sentit,
1231 1985 1312 2040 Ad
1339 2002 1419 2040 me
1445 1985 1612 2057 ipsnn
1630 1984 1832 2040 turbata
1850 1993 1925 2039 est
1953 1983 2124 2037 anima

530 2093 643 2133 utea
667 2077 841 2149 (Pent.
867 2077 1037 2152 ruﬁ)
1063 2090 1476 2150 :correcwsque
1495 2080 1606 2149 jam
1633 2078 1813 2135 dicat:
1841 2076 2127 2133 Fortitudi-

530 2186 646 2224 nem
673 2184 840 2226 meum
872 2170 941 2225 ad
974 2181 1022 2227 te
1045 2170 1685 2241 custodiam(Psat.t.vm,
1706 2170 1819 2241 I0).
1847 2170 1989 2236 Haec,
2009 2169 2125 2226 etsi

529 2276 635 2333 qua
654 2261 755 2318 alia
785 2262 1122 2319 commodius
1142 2260 1248 2317 diei
1274 2269 1496 2332 possunt
1524 2262 1593 2321 de
1622 2262 1965 2332 intelligendo
2016 2262 2124 2331 spi-

527 2354 793 2411 rituaiiter
816 2354 1088 2426 paradiso,
1115 2354 1328 2409 nemine
1352 2352 1674 2423 prohibente
1699 2352 1970 2409 dicantur:
1995 2352 2122 2407 dum

529 2453 712 2502 tamen
732 2455 790 2502 et
816 2446 956 2501 illius
983 2445 1222 2501 historia
1242 2445 1440 2501 veritas
1466 2445 1779 2500 ﬁdelissima
1825 2460 2007 2501 rerum
2033 2462 2123 2516 ge-

527 2545 731 2593 starum
761 2538 1070 2592 narratione
1094 2536 1468 2592 commendata
1495 2537 1768 2591 credatur.

524 2647 751 2718 CAPUT
779 2648 947 2706 XXII.
973 2678 1045 2691 —
1067 2650 1144 2703 De
1166 2649 1467 2720 corporibus
1496 2658 1791 2705 sanctorum
1814 2659 1925 2721 post
1951 2667 2121 2704 resur-

597 2730 889 2809 rectionem,
918 2758 1031 2813 quw
1058 2743 1131 2797 sic
1156 2742 1446 2813 spiritantia
1472 2753 1621 2797 erunt
1638 2780 1661 2809 ,
1689 2751 1744 2797 ut
1764 2759 1864 2797 nou
1890 2742 1943 2796 in
1969 2743 2121 2813 spiri-

597 2845 704 2891 tum
725 2851 847 2891 caro
872 2845 1110 2891 vertatur.

594 2927 838 2999 Corpora
868 2943 996 2999 ergo
1019 2928 1284 2997 justorum
1309 2942 1428 2997 qua:
1447 2928 1501 2982 in
1527 2925 1917 2982 resurrectione
1944 2924 2120 2980 futura

525 3028 688 3083 sunt,
717 3035 892 3090 neque
923 3019 1032 3075 ullo
1054 3020 1197 3090 ligno
1229 3020 1577 3090 indigebunt,
1609 3034 1717 3089 quo
1746 3018 1837 3072 ﬁat
1865 3027 1923 3072 ut
1974 3018 2119 3077 nullo

527 3110 717 3168 morbo
743 3112 825 3169 vel
857 3121 1132 3167 senectute
1163 3110 1457 3166 inveterata
1485 3110 1815 3179 moriantur;
1838 3126 2010 3181 neque
2034 3111 2117 3165 ul-

522 3204 592 3259 lis
619 3204 739 3260 aliis
769 3203 1138 3277 corporalibus
1163 3202 1435 3258 alimentis
1461 3244 1476 3271 ,
1508 3204 1702 3275 quibus
1746 3202 2015 3259 esuriendi
2055 3220 2119 3259 ac

524 3294 742 3352 sitiendi
768 3295 1173 3367 qualiscumque
1217 3294 1463 3349 molestia
1517 3293 1787 3350 devitetur
1817 3313 1830 3348 :
1863 3295 2116 3366 quoniam

520 3398 671 3446 certo
698 3400 753 3444 et
770 3388 1086 3444 omnimodo
1118 3386 1408 3443 inviolabili
1440 3402 1664 3442 munere
1704 3386 2117 3444 immortalitatis

521 3480 831 3546 induentur,
864 3489 919 3533 ut
939 3479 1156 3535 nonnisi
1184 3478 1370 3548 velint,
1398 3477 1773 3548 possibilitate,
1800 3496 1901 3532 non
1930 3495 2115 3536 neces-

516 3572 676 3629 sitate
708 3581 1015 3627 vescantur.
1063 3569 1218 3638 Quod
1241 3569 1432 3639 Angeli
1471 3584 1687 3640 quoque
1718 3570 2001 3625 visibiliter
2061 3579 2115 3626 et

517 3662 868 3719 tractabiliter
924 3670 1280 3733 apparentes,
1310 3676 1418 3716 non
1468 3660 1592 3732 quia
1644 3659 1984 3731 indigebant,
2018 3662 2112 3717 sed

515 3760 642 3830 quia
668 3758 921 3814 volebant
950 3766 1003 3812 et
1029 3765 1309 3827 poterant,
1342 3764 1397 3810 ut
1428 3753 1737 3810 hbminibus
1757 3763 2114 3825 congruerent

512 3830 601 3912 sui
627 3848 909 3909 ministerii
924 3850 1153 3922 quadam
1176 3849 1525 3911 humanitate,
1550 3846 1793 3903 fecerunt
1814 3847 1911 3917 (a).
1931 3846 2113 3918 Neque

513 3944 659 4001 enim
689 3947 745 3998 in
772 3942 1150 4014 phantasmate
1172 3940 1413 4011 Angelos
1433 3940 1611 3994 edisse
1634 3937 1960 3993 credendum
1993 3947 2107 4008 est,

513 4035 728 4108 quando
754 4050 851 4092 eos
875 4034 1126 4091 homines
1151 4032 1384 4103 hospitio
1404 4041 1757 4102 susceperunt
1778 4029 1931 4103 (Gen.
1956 4050 2104 4100 xvm,

515 4135 561 4182 et
583 4124 713 4182 Tob.
745 4124 827 4199 ιι)
858 4144 871 4180 :
898 4126 1146 4196 quamvis
1176 4133 1352 4179 utrum
1382 4123 1573 4194 Angeli
1621 4134 1803 4179 essent
1850 4126 2107 4196 ignoran-

512 4217 698 4283 tibus,
725 4214 991 4273 consimili
1029 4216 1183 4272 nobis
1234 4216 1526 4289 indigentia
1574 4218 1719 4272 vesci
1773 4217 2103 4274 viderentur.

514 4308 672 4370 Unde
697 4320 780 4366 est
808 4309 951 4381 quod
994 4309 1068 4365 ait
1091 4310 1314 4380 angelus
1342 4311 1394 4363 in
1425 4310 1560 4365 libro
1589 4309 1772 4365 Tobiae
1795 4350 1811 4376 ,
1851 4309 2107 4367 Videbatis

515 4401 598 4461 me
614 4404 944 4471 manducare,
965 4403 1056 4458 sed
1078 4404 1188 4458 visu
1216 4413 1398 4470 vestro,
1426 4402 1664 4458 videbatis
1683 4402 1836 4476 (Tob.
1863 4420 1962 4470 xu,
1988 4403 2102 4479 19):

511 4494 685 4565 idest,
712 4495 1031 4552 necessitate
1053 4495 1334 4551 reﬁciendi
1352 4496 1615 4566 corporis,
1640 4497 1778 4551 sicut
1799 4512 1894 4552 vos
1913 4496 2101 4562 facitis,

511 4602 603 4643 me
625 4587 801 4649 cibum
829 4602 1044 4644 sumere
1074 4586 1361 4658 putabatis.
1389 4585 1495 4643 Sed
1521 4585 1567 4641 si
1613 4585 1750 4642 forte
1784 4584 1852 4642 de
1890 4588 2105 4659 Angelis

438 4708 443 4739 τ
515 4680 659 4736 aliud
700 4680 1009 4737 credibilius
1038 4679 1299 4750 disputari
1339 4687 1553 4749 potest,
1580 4687 1728 4735 certe
1783 4679 1913 4735 ﬁdes
1962 4678 2105 4736 ebri-

513 4771 683 4829 stiana
712 4771 781 4829 de
809 4773 925 4843 ipso
952 4769 1232 4831 Salvatore
1255 4786 1359 4825 non
1390 4769 1613 4837 dubitat,
1634 4769 1773 4841 quod
1802 4771 1961 4826 etiam
1987 4778 2105 4841 post

511 4866 966 4922 resurrectionem
989 4905 1008 4931 ,
1034 4863 1148 4935 jam
1169 4862 1386 4935 quidem
1411 4863 1465 4918 in
1490 4863 1756 4933 spirituali
1776 4879 1939 4920 carne
1959 4906 1974 4931 ,
2006 4864 2104 4920 sed

513 4964 691 5013 tamen
719 4970 846 5012 vera
873 4997 891 5023 ,
922 4957 1101 5013 cibum
1128 4970 1191 5011 ac
1217 4963 1398 5026 potum
1424 4969 1544 5011 cum
1568 4954 1850 5031 .discipulis
1876 4957 2105 5025 sumpsit

511 5046 665 5122 (Luc.
693 5046 862 5120 χιιι).
890 5047 1005 5105 Non
1045 5048 1190 5104 enim
1224 5055 1456 5117 potestas
1486 5089 1499 5112 ,
1531 5045 1627 5102 sed
1653 5054 1861 5115 egestas
1909 5047 2100 5103 edendi

512 5154 576 5193 ac
603 5139 818 5195 bibendi
847 5140 1042 5195 talibus
1072 5138 1387 5210 corporibus
1417 5137 1710 5193 auferetur.
1740 5136 1893 5194 Unde
1919 5151 1974 5196 et
1994 5139 2104 5210 spi-

512 5230 729 5285 ritualia
754 5239 947 5297 erunt;
972 5238 1084 5285 non
1108 5232 1237 5301 quia
1264 5244 1489 5299 corpora
1514 5245 1635 5285 esse
1677 5231 1939 5287 desistent
1960 5272 1976 5299 ,
2003 5234 2100 5289 sed

438 5338 443 5343 ·
512 5323 634 5394 quia
665 5323 854 5393 spiritu
887 5325 1189 5381 viviﬁcante
1207 5322 1522 5381 subsistent.

509 5411 738 5473 CAPUT
780 5414 972 5472 XXIII.
1000 5444 1076 5458 —
1100 5416 1240 5485 Qn'd
1283 5416 1667 5485 intelligendum
1691 5417 1757 5471 sit
1802 5418 1865 5473 de
1891 5435 2101 5490 corpore

580 5508 793 5566 artimali
810 5519 863 5566 et
884 5508 951 5567 de
973 5526 1186 5583 corpore
1206 5508 1461 5580 spirituali
1484 5526 1503 5562 :
1532 5516 1620 5562 aut
1633 5510 1720 5580 qui
1744 5511 2027 5566 moriuntur
2045 5514 2098 5568 in

581 5605 747 5661 Atiam
770 5648 788 5676 ,
814 5605 902 5680 qui
929 5620 1045 5660 vero
1064 5605 1384 5673 uitiiﬁcantur
1405 5603 1458 5658 in
1484 5600 1703 5659 Christo.

576 5698 632 5759 l.
662 5696 796 5757 Nam
824 5701 964 5756 sicut
1003 5712 1225 5767 corpora
1268 5694 1365 5751 ista
1389 5739 1405 5764 ,
1440 5712 1558 5769 qua:
1609 5694 1806 5753 habent
1856 5699 2087 5762 animam

507 5794 795 5858 viventem,
816 5789 1053 5846 nondum
1072 5789 1316 5858 spiritum
1329 5788 1709 5857 viviﬁcantem,
1732 5791 1984 5848 animalia
2008 5793 2094 5849 di-

444 5946 459 5962 ι
565 5898 1236 5971 (a)00hf.Bp'Bt.i02,n.6.

1610 382 1699 439 DE
1738 370 2058 439 CIVITA’I‘E
2098 374 2230 451 DEI,
2268 374 2325 438 S.
2368 370 2735 439 AUGUSTiNI

2243 505 2437 554 cuntur
2462 496 2720 572 corpora;
2742 504 2845 558 nec
2869 500 3044 556 tamen
3062 496 3254 555 animm
3272 504 3400 557 sunt
3420 499 3547 569 ,θεά
3570 514 3833 574 cor-pora:

2243 592 2320 647 ita
2362 593 2450 648 ilia
2477 588 2772 665 spirituaiia
2820 603 3078 649 vocantur
3107 603 3368 665 corpora;
3399 595 3538 651 absit
3565 605 3741 654 tamen
3772 606 3836 654 ut

2240 684 2458 756 spiritus
2482 702 2543 743 ea
2575 686 2856 744 credamus
2895 687 3106 756 futura,
3139 686 3231 744 sed
3268 700 3491 760 cerpora
3521 691 3701 747 carnis
3728 691 3831 747 ha-

2240 777 2417 835 bitura
2494 781 2845 837 substantiam
2892 824 2906 847 ,
2956 782 3049 837 sed
3109 781 3305 837 nullam
3348 782 3654 838 tarditatem
3703 796 3830 840 cor-

2238 872 2647 944 ruptionemque
2693 872 2960 931 earnalem
3001 874 3189 946 spiritu
3239 873 3537 931 viviﬁcante
3578 878 3828 947 passura.

2239 963 2387 1021 Tunc
2407 956 2517 1038 jam
2549 983 2653 1023 non
2682 970 2948 1037 terrenus,
2978 962 3075 1025 sed
3105 966 3339 1025 caelestis
3366 968 3528 1026 homo
3555 970 3657 1026 erit
3676 978 3694 1026 ξ
3716 988 3830 1028 non

2237 1056 2359 1128 quia
2385 1073 2579 1129 corpus
2596 1060 2735 1131 quod
2761 1058 2829 1117 de
2856 1066 2995 1116 terra
3023 1063 3218 1117 factum
3246 1070 3349 1129 est,
3368 1072 3472 1118 non
3500 1063 3673 1135 ipsum
3700 1064 3827 1132 erit;

2237 1146 2329 1205 sed
2361 1153 2482 1225 quia
2510 1151 2652 1210 doho
2694 1154 2899 1212 caelesti
2926 1156 3035 1226 jam
3081 1157 3185 1211 tale
3212 1155 3317 1212 erit
3338 1199 3354 1224 ,
3396 1162 3459 1212 ut
3498 1152 3660 1213 etiam
3687 1159 3831 1216 cosio

2237 1239 2520 1299 incolendo
2562 1262 2668 1301 non
2699 1247 2896 1302 amissa
2946 1254 3132 1303 natura
3157 1289 3173 1316 ,
3204 1244 3300 1304 seti
3331 1252 3529 1304 mutata
3569 1248 3830 1323 qualitate

2234 1338 2534 1393 conveniat.
2577 1338 2788 1395 Primus
2815 1349 2992 1397 autem
3024 1340 3186 1396 homo
3209 1338 3278 1397 'd'e
3303 1344 3441 1398 terra
3484 1336 3735 1401 terrenus
3762 1341 3830 1415 (ἰ

2235 1427 2352 1486 Cor.
2385 1446 2453 1486 xv
2474 1472 2490 1500 ,
2521 1428 2589 1488 47
2609 1433 2629 1505 )
2652 1475 2668 1500 ,
2702 1431 2756 1489 in
2801 1435 3032 1491 animam
3060 1434 3326 1491 viventem
3370 1434 3539 1491 factus
3567 1444 3649 1491 est
3671 1477 3687 1503 ,
3717 1452 3828 1494 non

2233 1520 2287 1576 in
2316 1520 2561 1594 spiritum
2594 1523 2968 1593 viviﬁcantem,
2991 1520 3135 1599 quod
3160 1525 3208 1581 ei
3238 1542 3335 1597 per
3363 1526 3680 1583 obedientia:
3710 1542 3829 1585 me-

2232 1609 2390 1667 ritum
2421 1614 2752 1670 servabatur.
2784 1614 2910 1671 Ideo
2935 1632 3129 1687 corpus
3154 1616 3290 1688 ejus,
3322 1616 3463 1685 quod
3492 1618 3615 1675 cibo
3638 1635 3701 1675 ac
3728 1636 3831 1691 po-

2231 1708 2286 1757 tu
2316 1703 2525 1774 egebat,
2556 1722 2622 1762 ne
2653 1708 2791 1763 fame
2820 1704 3121 1763 afﬁceretur
3150 1725 3215 1765 ac
3241 1709 3351 1778 siti,
3379 1719 3432 1767 et
3458 1726 3566 1767 non
3596 1711 3826 1768 immor-

2230 1793 2431 1851 talitate
2455 1796 2543 1851 illa
2573 1798 2816 1854 absoluta
2842 1809 3001 1871 atque
3026 1800 3382 1858 indissolubili
3404 1845 3421 1873 ,
3448 1802 3542 1860 sed
3563 1798 3711 1876 ligno
3736 1807 3825 1862 vi-

2230 1897 2299 1945 ta:
2325 1905 2357 1945 a
2387 1892 2574 1949 mortis
2618 1896 2938 1950 necessitate
2968 1890 3350 1967 prohibebatur
3372 1939 3389 1964 ,
3433 1905 3593 1970 atque
3638 1900 3691 1953 in
3731 1901 3826 1969 ju-

2226 1984 2460 2039 ventntis
2484 1984 2615 2042 flore
2644 1987 2923 2044 tenebatur
2946 2030 2960 2054 ,
2992 2006 3097 2044 non
3126 1982 3403 2059 spirituale
3426 2032 3441 2057 ,
3469 1990 3563 2047 sed
3590 1988 3827 2050 animale

2227 2072 2394 2132 fuisse
2416 2117 2433 2145 ,
2464 2091 2569 2133 non
2596 2076 2816 2133 dubium
2845 2088 2927 2135 est
2959 2098 2972 2133 :
3007 2094 3340 2153 nequaquam
3388 2091 3566 2139 tamen
3595 2087 3825 2141 moritu-

2227 2184 2345 2223 rum
2370 2211 2386 2237 ,
2418 2170 2516 2225 nisi
2546 2177 2598 2226 in
2629 2171 2723 2227 Dei
2750 2172 3087 2242 pracdiccnlis
3118 2174 3473 2246 minantisque
3500 2178 3824 2236 sententiam

2226 2261 2583 2331 delinquendo
2636 2266 2944 2321 corruisset.
2978 2266 3045 2319 Et
3098 2254 3363 2323 alimentis
3393 2268 3607 2338 quidem
3657 2272 3824 2328 etiam

2227 2364 2375 2411 extra
2407 2356 2708 2429 paradisum
2741 2375 2846 2415 non
2874 2361 3097 2431 negatis,
3122 2377 3153 2417 a
3172 2360 3319 2432 ligno
3342 2366 3520 2419 tamen
3546 2364 3669 2421 vitae
3698 2382 3825 2436 pro.

2227 2447 2446 2514 hihitus,
2471 2451 2692 2506 traditus
2710 2460 2851 2507 esset
2878 2454 3104 2525 tempori
3122 2452 3477 2526 vetustatique
3492 2452 3760 2515 ﬁniendus
3779 2461 3823 2529 ί,

2226 2540 2279 2594 in
2311 2556 2373 2595 ea
2412 2540 2668 2598 duntaxat
2698 2544 2805 2600 vita
2831 2586 2845 2609 ,
2876 2560 3037 2616 quam
3080 2544 3135 2601 in
3161 2560 3387 2617 corpore
3408 2542 3535 2604 beet
3558 2550 3779 2606 animali
3803 2594 3824 2621 ,

2223 2628 2396 2688 donec
2440 2635 2718 2706 spirituale
2745 2637 3063 2696 obedientiae
3094 2642 3285 2695 merito
3328 2642 3480 2700 ﬁeret
3502 2682 3518 2710 ,
3548 2648 3736 2715 posset
3764 2646 3824 2704 in

2222 2724 2472 2795 paradiso
2495 2770 2510 2796 ,
2545 2729 2645 2784 nisi
2698 2742 3012 2802 peccasset,
3041 2726 3241 2790 habere
3287 2746 3618 2805 perpetuam.
3666 2738 3822 2806 Qua-

2222 2826 2440 2888 propter
2462 2861 2478 2885 ,
2510 2820 2719 2875 etiamsi
2765 2833 2993 2878 mortem
3022 2825 3178 2880 istam
3221 2828 3553 2883 manifestam
3579 2869 3593 2893 ,
3625 2843 3731 2900 qua
3759 2830 3822 2888 ﬁt

2223 2909 2415 2965 animae
2444 2924 2473 2966 a
2501 2926 2728 2983 corpore
2756 2918 3023 2983 separatio
3046 2958 3062 2985 ,
3097 2919 3455 2990 inteliigamus
3478 2921 3635 2977 simul
3658 2926 3821 2995 signi-

2222 3003 2430 3059 ficatam
2462 3006 2513 3060 in
2542 3023 2607 3063 eo
2632 3004 2774 3079 quod
2803 3006 2941 3066 Deus
2988 3008 3230 3080 dixerat,
3263 3013 3379 3082 Qua
3402 3015 3485 3069 die
3524 3015 3730 3071 adtritis
3757 3032 3821 3074 es

2221 3095 2312 3151 illo
2336 3141 2351 3165 ,
2378 3108 2538 3155 morte
2566 3100 2849 3157 moriemini
2870 3098 2894 3178 ζ
2912 3098 3041 3158 Cen.
3064 3110 3107 3160 it
3130 3146 3146 3174 ,
3174 3100 3242 3162 17
3264 3104 3324 3178 )‘;
3352 3114 3463 3163 non
3508 3106 3629 3165 idco
3654 3110 3821 3169 debet

2219 3192 2507 3249 absurdum
2535 3197 2741 3265 videri,
2774 3200 2894 3269 Quia
2923 3214 3027 3255 non
3074 3214 3139 3256 eo
3170 3216 3388 3272 prorsus
3414 3202 3500 3261 die
3528 3220 3558 3260 a
3587 3214 3820 3276 Cbrpore

2220 3292 2345 3340 sunt
2387 3286 2589 3355 soluti,
2625 3305 2730 3359 quo
2777 3290 2953 3348 Cibum
2998 3284 3339 3350 interdictum
3364 3295 3821 3372 mortiferumtwe

2219 3382 2579 3446 sumpserunt.
2602 3376 2686 3435 Eo
2715 3380 2910 3453 quippe
2938 3380 3023 3440 die
3063 3395 3264 3442 mutata
3290 3386 3343 3443 in
3372 3382 3613 3447 deterius
3653 3394 3819 3450 vitia-

2220 3478 2378 3540 taque
2417 3480 2602 3526 natura
2627 3513 2643 3541 ,
2674 3472 2831 3547 atque
2860 3491 2891 3531 a
2923 3477 3067 3548 ligno
3096 3474 3220 3535 vita:
3249 3482 3586 3552 separatione
3624 3484 3819 3556 justis-

2216 3560 2352 3617 sima
2374 3604 2392 3632 ,
2424 3566 2612 3620 mortis
2640 3566 2689 3621 in
2716 3568 2793 3623 eis
2820 3568 2979 3624 etiam
3022 3573 3313 3642 corporalis
3343 3572 3633 3630 necessitas
3672 3572 3818 3635 facta

2216 3660 2338 3720 est,
2368 3669 2490 3711 cum
2535 3644 2638 3728 qua
2682 3674 2781 3714 nos
2828 3662 3149 3718 necessitate
3195 3658 3301 3719 nati
3348 3674 3546 3721 sttmus-
3579 3660 3821 3739 Propter

2215 3744 2357 3816 quod
2385 3746 2671 3817 Apostolus
2715 3766 2820 3804 non
2865 3750 2939 3805 ait
2964 3795 2977 3817 ,
3008 3748 3218 3825 Corpus
3244 3750 3458 3825 quidem
3490 3756 3820 3816 moriturum

2214 3847 2297 3892 est
2323 3847 2541 3909 propter
2584 3850 2859 3910 peccatum
2886 3859 2899 3909 ;
2931 3843 3027 3900 sed
3068 3845 3181 3913 ait,
3214 3840 3412 3917 Corpus
3438 3848 3640 3918 quidem
3668 3860 3820 3905 mor-

2215 3936 2356 3984 tuum
2380 3940 2452 3985 est
2483 3943 2687 4003 propter
2712 3944 2969 4005 peccatum
2993 3979 3005 4002 ,
3039 3939 3248 4008 spiritus
3276 3948 3441 3993 autem
3463 3938 3567 3995 vita
3590 3944 3665 3996 est
3686 3950 3821 4014 pro-

2214 4033 2323 4095 pter
2353 4023 2628 4096 justitiam.
2664 4026 2863 4084 Deinde
2911 4016 3182 4100 subjttngit
3214 4048 3227 4084 :
3260 4026 3322 4086 Si
3366 4041 3533 4086 autem
3576 4027 3819 4102 Spiritus

2212 4118 2321 4189 ejus
2347 4119 2434 4188 qui
2461 4118 2717 4173 suscitavit
2737 4114 2991 4175 Christum
3020 4142 3051 4176 a
3082 4125 3311 4191 mortuis,
3330 4120 3521 4180 habitat
3546 4125 3603 4181 in
3626 4122 3819 4194 tota;

2210 4212 2296 4275 qui
2323 4210 2575 4265 suscitavit
2604 4202 2859 4267 Christum
2886 4232 2917 4267 a
2947 4216 3159 4270 mortuis
3182 4256 3198 4283 ,
3228 4208 3496 4287 viviﬁcabit
3524 4222 3571 4273 el
3613 4228 3817 4275 morta-

2211 4296 2281 4356 lia
2322 4319 2534 4373 corpora
2562 4314 2723 4358 vestra
2747 4347 2761 4371 ,
2794 4322 2883 4377 per
2923 4305 3287 4361 inhabitantem
3316 4296 3571 4380 Spiritum
3614 4310 3732 4381 eius
3760 4312 3820 4368 in

2209 4394 2345 4449 vobis
2376 4392 2566 4467 (Rom.
2602 4413 2689 4452 vm
2717 4438 2729 4462 ,
2764 4396 2832 4453 10
2858 4438 2870 4463 ,
2902 4394 2963 4452 Il
2997 4398 3037 4469 ).
3067 4396 3217 4455 Tunc
3241 4406 3369 4470 ergo
3398 4396 3499 4455 erit
3528 4406 3732 4473 cbrpus
3752 4402 3822 4460 in

2210 4484 2453 4556 spiritum
2483 4486 2839 4543 viviﬁcantem
2866 4530 2880 4555 ,
2912 4488 3052 4559 quod
3095 4506 3235 4546 nunc
3261 4491 3424 4547 estin
3460 4493 3700 4549 animam
3728 4494 3817 4551 vi-

2211 4586 2462 4646 ventem;
2494 4589 2548 4635 et
2597 4589 2775 4635 tamen
2824 4591 3091 4638 mortuum
3141 4580 3270 4638 dicit
3322 4584 3647 4654 Apostolus,
3683 4586 3820 4657 quia

2202 4670 2315 4747 jam
2345 4666 2608 4728 moriendi
2638 4674 2957 4729 necessitate
3001 4676 3352 4731 constrictum
3397 4686 3498 4730 est.
3526 4672 3682 4732 Tunc
3713 4693 3817 4734 an-

2210 4770 2316 4819 tem
2362 4764 2433 4820 ita
2475 4772 2591 4818 erat
2638 4764 2689 4820 in
2720 4766 2950 4820 animam
2980 4766 3245 4822 viventem
3272 4808 3289 4835 ,
3323 4768 3567 4837 quamvis
3610 4780 3729 4824 non
3761 4766 3818 4826 in

2208 4858 2451 4928 Spiritum
2484 4857 2835 4915 viviﬁcantem
2860 4902 2873 4925 ,
2911 4868 2966 4914 ut
2995 4869 3170 4917 tamen
3215 4871 3484 4927 mortuum
3515 4862 3620 4917 dici
3654 4876 3818 4923 recte

2206 4961 2560 5021 mnposset;
2590 4952 2715 5023 quia
2754 4950 2857 5007 nisi
2884 4953 3281 5023 perpetratione
3327 4953 3531 5024 peccati
3577 4958 3825 5015 necessi-

2209 5052 2367 5097 tatem
2394 5044 2655 5098 moriendi
2682 5043 2879 5099 habere
2903 5060 3007 5098 non
3033 5055 3233 5116 posset.
3264 5043 3399 5100 Cum
3426 5058 3555 5101 vero
3576 5045 3737 5105 Deus
3754 5058 3825 5105 et

2207 5136 2452 5204 dicendo,
2476 5138 2661 5202 Adam,
2686 5136 2772 5191 ubi
2796 5154 2847 5193 es
2867 5138 2894 5193 2
2916 5149 3145 5195 mortem
3174 5138 3557 5211 signiﬁcaverit
3582 5130 3820 5209 animae,

2206 5230 2324 5302 quae
2362 5226 2499 5285 facta
2529 5239 2609 5285 est
2655 5231 2744 5286 ilio
2771 5231 3095 5299 deserente;
3128 5240 3180 5290 et
3209 5233 3437 5290 dicendo
3460 5274 3476 5301 ,
3516 5230 3695 5288 Terra
3721 5252 3779 5290 es
3802 5275 3824 5304 ,

2205 5335 2251 5378 et
2284 5325 2336 5378 in
2364 5333 2548 5378 terram
2575 5324 2668 5379 ibis
2702 5324 2849 5397 (Gen.
2882 5342 2978 5393 ιιι,
3012 5325 3046 5381 9
3067 5368 3084 5393 ,
3120 5320 3211 5397 19)
3237 5368 3250 5393 ,
3278 5336 3505 5381 mortem
3533 5322 3829 5396 signiﬁca-

2207 5415 2339 5472 verit
2377 5416 2614 5486 corporis
2638 5459 2655 5486 ,
2686 5432 2803 5488 qua:
2832 5417 2906 5473 illi
2934 5417 2991 5472 ﬁt
3033 5418 3206 5472 anima
3234 5417 3545 5474 discedente
3564 5419 3586 5450 ⁸
3622 5432 3640 5470 :
3670 5432 3824 5489 pro-

2205 5516 2384 5578 pterea
2409 5508 2477 5561 de
2503 5519 2675 5564 morte
2701 5509 2936 5565 secunda
2954 5510 3096 5566 .nihil
3126 5510 3327 5568 dixisse
3349 5509 3659 5567 credendus
3687 5518 3783 5569 est
3803 5554 3823 5580 ,

2203 5597 2326 5671 quia
2352 5600 2616 5658 occultam
2640 5606 2760 5660 esse
2780 5604 2947 5660 voluit
2968 5592 3196 5675 propter
3219 5604 3691 5676 dispensationem
3712 5607 3831 5663 τε.

2269 5784 2287 5815 ί
2322 5782 2397 5833 Sic
2432 5784 2627 5847 optimas
2648 5790 2778 5848 notae
2814 5789 2923 5848 ιμ.
2948 5783 3068 5836 Editi
3098 5790 3284 5848 autem,
3308 5779 3654 5840 mm

2203 5858 2319 5910 pore
2342 5851 2657 5908 vetustateque
2673 5851 2938 5910 Mimans.

2272 5906 3064 5987 'ttauss.atediti,m
