4054 6486
297 433 399 496 597

293 571 539 624 stamenti
567 543 692 626 novi
718 615 733 640 ,
766 573 854 629 ubi
895 585 1126 631 secunda
1155 593 1299 636 mors
1343 588 1676 653 apemssime
1702 589 1880 649 decla-

296 671 471 726 ratur;
506 671 564 716 ut
593 665 742 733 prius
783 665 880 721 ista
912 683 1055 723 mors
1085 671 1253 740 prima
1279 717 1294 741 ,
1325 691 1444 745 qua:
1471 684 1771 738 communis
1803 694 1886 741 est

290 756 535 812 omnibus
559 799 574 821 ,
611 759 926 827 proderetur
969 778 1034 818 ex
1062 763 1156 820 illo
1197 770 1407 825 venisse
1451 784 1667 841 peccato
1693 817 1706 840 ,
1740 778 1882 846 quod

287 845 338 902 in
363 861 471 902 uno
495 861 788 908 commune
814 853 1010 909 factum
1036 867 1116 912 est
1142 860 1390 916 omnibus
1426 881 1438 918 :
1473 881 1616 920 mors
1642 883 1774 923 vero
1803 886 1883 926 se-

285 939 451 994 cunda
483 953 594 997 non
642 946 824 1014 utique
850 950 1148 1004 communis
1196 958 1278 1005 est
1324 955 1610 1022 omnibus,
1661 970 1879 1030 prepter

283 1045 371 1086 eos
395 1035 484 1102 qui
527 1037 804 1091 secundum
849 1042 1161 1111 propositum
1186 1047 1349 1098 vocati
1375 1057 1489 1101 sunt
1514 1049 1528 1080 ¹
1555 1092 1571 1117 ,
1603 1067 1726 1120 quos
1754 1062 1876 1109 ante

283 1124 529 1192 prcescivit
549 1141 567 1190 ',
597 1137 645 1180 et
684 1130 1055 1199 prwdestinavit
1081 1175 1092 1195 ,
1123 1133 1264 1190 sicut
1294 1136 1369 1192 ait
1395 1141 1682 1208 Apostolus
1707 1185 1722 1210 ,
1753 1159 1874 1198 con-

284 1214 462 1269 'ormes
516 1216 754 1290 imaginis
803 1219 930 1276 Filii
975 1225 1056 1278 sui
1077 1267 1092 1291 ,
1141 1236 1197 1280 ut
1245 1229 1310 1282 sit
1356 1231 1466 1302 ipse
1515 1234 1873 1305 primogenitus

277 1307 328 1360 in
357 1309 532 1363 multis
579 1313 820 1380 fratribus
866 1315 1061 1386 (Rom.
1111 1335 1200 1374 vm
1226 1361 1240 1387 ,
1293 1322 1362 1379 28
1395 1334 1440 1378 et
1477 1326 1626 1401 29),
1662 1346 1795 1400 quos
1840 1347 1870 1386 a

279 1401 510 1456 secunda
559 1414 730 1461 morte
778 1423 872 1477 per
917 1409 1261 1470 Mediatorem
1312 1417 1405 1472 Dei
1453 1422 1622 1490 gratia
1671 1423 1866 1480 libera-

277 1491 351 1545 vit
385 1493 408 1524 ²

340 1581 395 1636 2.
427 1579 486 1638 In
515 1599 745 1655 corpore
789 1603 917 1660 ergo
953 1593 1165 1649 animali
1199 1599 1424 1666 primum
1473 1604 1742 1661 hominem
1787 1607 1866 1663 fa-

272 1679 412 1727 ctum
443 1716 457 1740 ,
488 1676 569 1731 sic
592 1678 882 1748 Apostolus
924 1683 1174 1756 loquitur.
1203 1688 1399 1747 Veiens
1425 1697 1566 1750 enim
1609 1699 1675 1754 ab
1703 1702 1860 1770 spiri-

274 1764 398 1818 tuali
444 1767 671 1835 quodin
717 1778 1108 1832 resurrectione
1155 1779 1386 1837 futurum
1419 1796 1538 1853 est,
1574 1788 1676 1846 hoc
1716 1795 1858 1862 quod

269 1867 408 1910 nunc
438 1864 521 1911 est
561 1859 792 1916 animale
819 1864 1123 1924 discernere
1157 1889 1170 1923 ε
1205 1871 1531 1944 Seminamr,
1565 1881 1769 1952 inquit,
1805 1887 1858 1941 in

266 1949 610 2016 corruptione,
640 1964 807 2023 surget
831 1955 884 2007 in
911 1958 1328 2030 incorruptione;
1354 1969 1628 2024 seminatur
1657 1975 1708 2026 in
1736 1992 1856 2030 con-

265 2039 492 2107 tumelia,
523 2053 692 2113 surget
719 2045 770 2098 in
794 2046 987 2116 gloria;
1017 2054 1294 2108 seminatur
1321 2057 1372 2110 in
1400 2061 1710 2129 inﬁrmitate,
1741 2083 1853 2120 sur-

261 2141 337 2198 get
360 2131 416 2184 in
437 2134 622 2188 virtute
643 2151 663 2198 ;
694 2140 968 2193 seminatur
989 2160 1168 2214 corpus
1193 2149 1412 2203 animale
1434 2193 1448 2214 ,
1477 2166 1641 2225 surget
1669 2173 1852 2224 corpus

261 2209 541 2291 spirituale.
575 2228 776 2285 Deinde
803 2241 856 2286 ut
883 2233 983 2288 hoc
1011 2209 1276 2306 probaret,
1309 2240 1371 2296 Si
1399 2209 1489 2310 est,
1520 2209 1708 2317 inquit,
1739 2209 1852 2305 eor-

259 2327 349 2381 ρας
375 2317 600 2372 animale
623 2361 636 2385 ,
665 2329 738 2374 est
767 2332 810 2375 et
836 2325 1116 2394 spirituale.
1154 2330 1216 2384 Et
1247 2339 1305 2385 ut
1333 2331 1458 2404 quid
1487 2347 1626 2392 esset
1652 2355 1848 2410 corpus

257 2406 487 2463 animale
529 2412 830 2468 ostenderet
858 2457 872 2480 ,
907 2417 996 2471 Sic
1020 2461 1032 2482 ,
1067 2420 1269 2490 inquit,
1317 2427 1556 2496 scriptum
1587 2441 1657 2485 est
1689 2448 1710 2486 :
1740 2433 1846 2487 Fa-

255 2507 363 2552 ctus
403 2511 478 2556 est
508 2505 701 2573 primus
740 2507 888 2562 homo
925 2513 977 2564 in
1009 2513 1230 2569 animam
1258 2518 1514 2573 viventem.
1545 2522 1648 2577 lsto
1691 2527 1846 2595 igitur

257 2590 413 2650 modo
433 2595 600 2648 voluit
621 2599 905 2656 ostendere
921 2604 1043 2672 quid
1072 2607 1140 2659 sit
1166 2623 1359 2678 corpus
1385 2611 1633 2679 animale,
1657 2590 1844 2684 quam-

255 2683 330 2737 vis
354 2683 634 2756 Scriptura
664 2705 771 2745 non
810 2692 1005 2749 dixerit
1031 2697 1096 2750 de
1141 2701 1310 2767 primo
1352 2701 1569 2760 homine
1593 2748 1606 2771 ,
1640 2709 1727 2779 qui
1760 2721 1880 2766 est.

247 2779 548 2847 appellatus
576 2783 769 2851 Adam,
799 2789 1012 2857 quando
1036 2791 1108 2846 illi
1134 2792 1156 2824 ⁸
1186 2795 1359 2849 anima
1389 2797 1510 2852 ﬂatu
1540 2799 1630 2855 Dei
1661 2813 1838 2860 crcata

249 2876 346 2931 est,
376 2869 445 2924 Et
475 2871 646 2928 factus
674 2885 757 2930 est
784 2878 945 2933 homo
975 2881 1024 2934 in
1057 2897 1281 2953 corpore
1307 2889 1524 2944 animali
1552 2909 1564 2953 ;
1593 2893 1706 2959 sed,
1734 2895 1836 2948 Fa-

249 2969 351 3014 rtus
375 2973 450 3015 est
476 2965 626 3018 homo
653 2968 705 3020 in
731 2970 950 3025 animam
977 2974 1216 3030 viventem
1255 2976 1272 3048 (
1295 2978 1422 3034 Gen.
1451 2997 1486 3036 ιι
1512 3025 1525 3049 ,
1560 2984 1590 3038 'l
1612 2987 1652 3054 ).
1687 2985 1744 3041 In
1771 3005 1835 3042 eo

246 3063 367 3120 ergo
393 3054 539 3121 quod
582 3058 836 3126 scriptum
881 3073 1001 3131 est,
1035 3065 1224 3122 Factus
1267 3080 1338 3123 est
1364 3074 1557 3143 primus
1597 3079 1746 3131 homo
1777 3080 1830 3132 in

246 3141 462 3197 uanam
505 3147 786 3220 viventem,
833 3155 996 3210 voluit
1039 3160 1323 3228 Apostolus
1365 3141 1589 3235 inteiligl
1635 3184 1830 3240 corpus

245 3230 471 3289 hominis
499 3239 752 3296 uernale.
775 3243 1060 3312 Spirituale
1084 3261 1257 3305 autem
1279 3257 1724 3323 quemadmodum
1747 3263 1830 3316 in-

246 3325 585 3395 telligendum
611 3342 754 3387 esset
778 3375 792 3399 ,
821 3339 1053 3395 ostendit
1071 3341 1314 3398 addendo
1338 3386 1353 3412 ,
1389 3347 1708 3406 Novissimus
1736 3369 1829 3408 au-

244 3425 334 3471 tem
355 3419 525 3475 Adam
553 3423 604 3477 in
624 3426 852 3495 spiritum
877 3431 1206 3501 viviﬁcantem
1230 3441 1452 3507 :procul
1481 3441 1641 3498 dubio
1670 3447 1826 3500 Chri-

243 3520 371 3568 stum
403 3514 716 3584 signiﬁcans
740 3561 753 3585 ,
787 3523 875 3592 qui
900 3525 1010 3593 jam
1042 3543 1106 3582 ex
1134 3535 1359 3588 mortuis
1387 3537 1456 3590 ita
1489 3543 1819 3610 resurrexit,

240 3614 294 3656 It
329 3609 466 3660 sileri
498 3611 722 3665 omnino
751 3615 1004 3688 deinceps
1033 3633 1137 3676 nun
1170 3627 1354 3693 p08sit.
1387 3628 1622 3702 Denique
1647 3637 1823 3706 sequi-

237 3701 321 3747 tur
339 3707 396 3750 et
414 3698 550 3753 dicit
583 3717 596 3752 :
630 3703 740 3756 Sed
778 3722 876 3761 non
903 3712 1119 3778 primum
1145 3718 1278 3785 quod
1301 3698 1564 3789 spirituale
1591 3736 1662 3780 est
1685 3769 1698 3792 ,
1725 3698 1822 3783 sed

236 3788 362 3854 quod
383 3790 652 3858 animate;
681 3805 854 3864 postea
875 3842 890 3867 ,
931 3805 1209 3871 spirituale.
1245 3788 1344 3865 Ubi
1373 3815 1538 3868 multo
1582 3788 1818 3886 apertius

233 3875 519 3935 declaravit
543 3923 558 3946 ,
587 3893 649 3939 se
677 3888 909 3945 animale
938 3908 1130 3964 corpus
1177 3900 1470 3960 insinuasse
1499 3907 1553 3961 ln
1584 3924 1647 3964 eo
1676 3914 1818 3980 quod

233 3972 482 4041 scriptum
526 3984 610 4029 est
635 4019 649 4042 ,
682 3978 874 4036 factum
903 4000 1024 4041 esse
1051 3990 1278 4058 primum
1309 3995 1578 4053 hominem
1625 4002 1674 4054 in
1703 4005 1818 4058 anis

231 4073 361 4115 am
385 4064 657 4121 viventem
685 4087 696 4122 :
724 4073 996 4140 spirituale
1027 4085 1204 4136 autem
1238 4084 1286 4137 in
1315 4101 1378 4139 eo
1411 4088 1550 4156 quod
1576 4092 1668 4158 ait,
1703 4091 1816 4148 No-

231 4151 453 4208 lissimus
478 4157 647 4212 Adam
666 4160 720 4214 in
745 4164 977 4232 spiritum
1005 4170 1353 4240 viviﬁcantem.
1376 4151 1532 4236 Prius
1561 4192 1642 4238 est
1669 4186 1811 4242 enim

230 4245 452 4302 animale
480 4264 680 4320 corpus
703 4295 717 4318 ,
749 4259 902 4325 quale
927 4259 1112 4317 habuit
1156 4267 1356 4334 primus
1385 4271 1553 4328 Adam
1579 4318 1594 4342 ,
1623 4291 1811 4347 quam-

230 4335 300 4390 vis
324 4353 431 4393 non
457 4343 801 4412 interiturum,
834 4351 932 4404 nisi
965 4359 1266 4423 peccasset;
1295 4363 1450 4431 quale
1481 4381 1621 4422 nunc
1647 4367 1810 4426 habe-

227 4440 335 4483 nas
358 4441 415 4485 et
441 4448 540 4488 nos
563 4475 577 4499 ,
607 4435 870 4495 hactenus
895 4443 1010 4512 ejus
1037 4456 1235 4504 mutata
1265 4451 1551 4526 vitiataque
1579 4472 1762 4516 natura
1787 4504 1803 4531 ,

223 4529 481 4588 quatenus
507 4526 562 4580 in
589 4529 680 4584 illo
703 4573 716 4596 ,
747 4546 1086 4606 posmaquam
1113 4547 1346 4608 peccavit
1372 4591 1384 4611 ,
1413 4549 1656 4607 eﬂ‘ectum
1683 4567 1764 4611 est
1787 4601 1802 4625 ,

227 4613 352 4668 unde
377 4617 609 4674 haberet
631 4622 740 4691 jam
788 4630 1046 4686 moriendi
1078 4637 1447 4695 necessitatem
1474 4660 1486 4707 ;
1521 4643 1677 4713 quale
1710 4664 1805 4718 pro

223 4706 366 4759 nobis
383 4709 547 4764 etiam
566 4711 806 4771 Christus
834 4721 1077 4789 primitus
1095 4725 1298 4786 habere
1314 4734 1558 4804 dignatus
1574 4750 1674 4807 est,
1694 4758 1802 4799 non

223 4794 426 4859 quidem
457 4805 802 4874 necessitate,
833 4812 926 4865 sed
959 4825 1218 4883 potestate
1245 4839 1258 4876 :
1283 4835 1463 4891 postea
1488 4843 1614 4882 vero
1641 4834 1800 4902 spiri-

223 4885 355 4942 tuale
374 4928 391 4954 ,
417 4893 580 4960 quale
597 4895 708 4965 jam
733 4906 1008 4968 priecessit
1033 4908 1088 4962 in
1113 4885 1330 4968 Chrisio
1359 4924 1605 4988 tanquam
1633 4885 1694 4977 iur
1711 4939 1800 4981 ea-

221 4974 322 5042 pite
362 4991 549 5039 nostro
573 5026 588 5052 ,
619 4999 924 5050 secuturum
972 5006 1056 5055 est
1096 5012 1271 5079 autem
1303 5007 1354 5062 in
1387 4974 1640 5070 membris
1682 5018 1798 5089 ejus

219 5069 390 5129 ultima
403 5084 811 5141 usurrectione
831 5099 1181 5151 mortuorum.

279 5164 330 5218 ὅ.
362 5167 621 5244 Adjungit
646 5176 840 5237 deinde
865 5184 1149 5254 Apostolus
1178 5191 1402 5250 duorum
1431 5199 1658 5258 istorum
1698 5204 1794 5261 ho-

216 5256 404 5314 minum
431 5266 885 5329 evidentissimam
912 5278 1286 5352 dlﬂ‘ereutiam,
1322 5287 1507 5348 dicens
1537 5310 1552 5348 :
1586 5294 1792 5355 Primus

213 5343 351 5405 ius
371 5355 435 5408 de
457 5364 594 5412 terra
617 5401 631 5426 ,
667 5372 934 5436 terrenus;
960 5376 1205 5430 secundus
1227 5379 1378 5435 homo
1397 5382 1460 5437 de
1498 5386 1621 5441 cozlo
1643 5430 1658 5455 ,
1688 5407 1788 5446 cae-

212 5437 354 5499 latis.
379 5447 562 5515 Qualis
585 5463 813 5513 terrenus
838 5503 854 5528 ,
882 5464 1005 5518 tales
1026 5475 1070 5520 et
1092 5471 1274 5524 terreni
1304 5489 1322 5526 :
1351 5477 1517 5543 qualis
1530 5437 1748 5537 “cuilestis
1771 5528 1783 5548 ,

263 5625 286 5715 ξ
452 5631 783 5715 .
971 5653 990 5701 ;
1015 5650 1067 5692 et
1085 5645 1206 5715 intra
1229 5653 1535 5715 ,_conformes
1555 5654 1684 5715 ﬁeri.
1733 5667 1786 5710 At

1505 449 1706 517 LIBER
1745 456 2035 519 DECIMUS
2072 466 2380 532 TERTIUS.

3487 506 3591 562 598

1995 600 2119 655 tales
2139 613 2183 656 et
2204 608 2440 667 calestes.
2468 612 2534 670 Et
2550 624 2800 688 quomodo
2816 626 3070 686 induimus
3085 633 3354 708 imaginem
3376 652 3582 710 terrent.

1988 694 2257 756 induamus
2280 716 2326 758 et
2351 707 2616 792 imaginem
2641 719 2754 788 ejus
2773 725 2859 791 qui
2893 725 2954 792 tle
2979 731 3103 783 caelo
3131 742 3201 794 est
3232 732 3249 799 (
3275 735 3292 790 Ι
3322 735 3437 792 Cor.
3475 757 3540 794 xv
3564 782 3579 804 ς

1999 786 2056 804 ιο
2099 789 2170 804 ΠΛ*
2234 793 2272 804 ¹¹
2385 797 2395 804 ⁸

1987 786 2199 861 42-49).
2232 793 2341 851 lloe
2369 786 2752 870 Apostolus'ita
2785 786 2958 882 posuit
2984 859 3000 886 ,
3032 831 3088 875 ut
3114 786 3251 878 nunc
3526 786 3580 888 id

1987 880 2142 937 nobis
2187 891 2478 946 secundum
2525 896 2927 963 Sacramentum
2978 919 3398 984 regenerationis
3447 924 3575 992 fiat;

1983 970 2120 1026 Sicut
2162 976 2288 1033 am’i
2320 981 2446 1036 (“Cll
2469 1025 2487 1052 9
2521 987 2773 1062 Quotquot
2811 998 2862 1051 in
2891 970 3092 1060 Chrile
3133 1005 3376 1079 baptizati
3416 970 3572 1084 estis:

1983 1057 2181 1084 DL_:-._,
2267 1069 2277 1080 -
2339 1070 2350 1084 ι
2393 1073 2404 1084 .
2459 1076 2468 1084 .
2537 1079 2593 1084 .--
2640 1080 2650 1084 -

2661 1057 2672 1062 ,
3024 1057 3029 1058 γ
3067 1057 3083 1060 ν
3135 1057 3192 1061 νη
3234 1057 3374 1067 --σν--ν
3416 1057 3572 1084 Vw",

1981 1057 2234 1120 Christum
2261 1069 2494 1129 induistis
2528 1079 2719 1147 (Calai.
2754 1103 2828 1153 ιιι,
2854 1089 2944 1164 27)
2973 1111 2986 1146 :
3013 1111 3071 1150 re
3099 1057 3276 1158 autem
3307 1104 3420 1175 ipsa
3446 1117 3574 1166 tunc

1981 1154 2212 1175 ..η-Πλῗ--
2565 1171 2576 1175 ⁸

2925 1154 2938 1164 ι
3205 1154 3276 1158 ⁷-⁷-
3307 1154 3420 1175 -ιτ-
3448 1154 3570 1166 """"'

1979 1154 2301 1226 perficietur,
2331 1177 2451 1219 cum
2478 1179 2528 1221 et
2563 1171 2613 1224 in
2643 1176 2793 1230 nobis
2820 1182 2958 1250 quod
2986 1196 3064 1240 est
3090 1191 3318 1250 animale
3348 1213 3570 1264 nascen-

1981 1241 2042 1264 ,Α
2215 1250 2247 1264 ,Α
2327 1253 2339 1264 .
2412 1255 2432 1264 -
2644 1263 2649 1264 ν

1977 1241 2066 1310 d0,
2099 1247 2374 1316 spirituale
2405 1255 2598 1314 factum
2630 1263 2786 1321 fuerit
2814 1241 3157 1344 resurgendo.
3192 1281 3259 1337 Ut
3287 1287 3429 1344 enim
3452 1261 3567 1362 ejus

1977 1331 2154 1362 “illa...
2187 1343 2332 1362 -.--J.‘
2434 1357 2443 1362 .
2589 1354 2620 1362 ,-
2779 1359 2787 1362 .

1975 1331 2155 1391 itidem
2187 1343 2362 1398 verbis
2393 1357 2512 1404 utar
2534 1392 2548 1415 ,
2581 1354 2686 1426 Spe
2709 1359 2836 1412 salvi
2857 1363 2982 1431 facti
3005 1384 3176 1424 sumus
3209 1373 3401 1446 (Rom.
3432 1331 3520 1437 viil
3544 1425 3560 1451 ,

1975 1423 2064 1451 Ωιι
2120 1428 2171 1451 1-
2193 1432 2226 1451 -Ικ
2255 1435 2265 1446 ”
2632 1447 2642 1451 ⁵

2624 1423 2631 1426 ν
2857 1423 2866 1431 π
3159 1423 3169 1424 ,
3212 1423 3227 1446 ι
3544 1425 3560 1451 ,

1970 1423 2085 1499 24).
2120 1428 2388 1490 Induith
2420 1453 2596 1498 autem
2631 1447 2915 1518 imaginem
2951 1461 3148 1514 terreni
3182 1463 3409 1522 hominis
3439 1488 3562 1541 pro-

1973 1523 2252 1590 pagatione
2282 1535 2732 1597 praevaricationis
2759 1552 2812 1597 et
2855 1550 3043 1604 mortis
3067 1593 3080 1617 ,
3111 1570 3269 1623 quam
3299 1561 3453 1618 nobis
3482 1563 3562 1618 in.

1973 1609 2091 1664 tulit
2113 1621 2384 1682 generatio
2416 1639 2431 1676 :
2464 1626 2557 1680 sed
2589 1629 2856 1690 induimus
2888 1638 3175 1712 imaginem
3203 1650 3440 1708 emlestis
3468 1655 3562 1710 ho-

1969 1701 2130 1756 minis
2155 1710 2320 1775 gratia
2352 1711 2695 1788 indulgentia:
2725 1725 2950 1799 vitaque
2977 1701 3266 1804 perpetuae,
3297 1744 3437 1812 quod
3465 1763 3562 1802 n0-

1969 1791 2047 1812 ις-
2226 1810 2233 1812 .

1967 1791 2052 1847 bis
2080 1810 2296 1864 pra-stat
2323 1815 2657 1876 regeneratio
2680 1857 2695 1881 ,
2725 1821 2936 1877 nonnisi
2973 1842 3068 1895 per
3091 1791 3435 1894 Mediatdrem
3464 1840 3558 1895 Dei

1965 1895 2018 1939 et
2051 1887 2321 1948 hominum
2371 1900 2638 1959 hominem
2681 1907 2864 1966 Jesum
2897 1914 3162 1974 Christum
3210 1924 3273 1992 (Ι
3306 1924 3442 1982 Tim.
3477 1948 3511 1985 ιι
3535 1974 3553 2000 ,

1966 1978 1992 2000 ι,
2021 1981 2032 2000 λ
2075 1998 2086 2000 _
2396 1992 2406 2000 .

1962 1978 2034 2049 5)
2072 1998 2088 2038 :
2119 2000 2277 2054 quem
2307 1992 2578 2051 caelestem
2608 2000 2877 2060 hominem
2910 2011 3021 2064 vult
3046 1978 3304 2089 intelligi,
3337 2023 3457 2091 quia
3487 1978 3555 2082 dt;

1960 2075 2097 2128 cmlo
2127 2083 2306 2147 venit,
2357 2096 2407 2139 ut
2441 2096 2665 2147 terrenae
2701 2101 3040 2159 mortalitatis
3066 2121 3295 2178 corpore
3320 2118 3551 2174 vestire-

1962 2175 2080 2232 tur,
2129 2174 2268 2238 quod
2309 2178 2513 2233 etnlcsti
2562 2183 2961 2248 immortalitate
3005 2174 3242 2256 vestiret.
3291 2203 3550 2266 C(elestes

1957 2267 2084 2312 vero
2130 2261 2250 2317 ideo
2280 2270 2510 2338 appellat
2554 2283 2605 2328 et
2654 2275 2825 2348 alios,
2858 2285 2977 2353 quia
3027 2288 3158 2343 liuut
3201 2308 3297 2362 per
3321 2301 3550 2367 gratiam

1955 2353 2192 2407 meu'ibra
2223 2356 2338 2426 ejus
2359 2401 2375 2426 ,
2425 2371 2482 2417 ut
2523 2380 2643 2421 cum
2677 2371 2780 2427 illis
2808 2373 2879 2428 sit
2922 2393 3056 2433 unus
3085 2381 3326 2442 Christus
3348 2430 3362 2454 ,
3399 2391 3550 2447 velut

1953 2452 2110 2509 caput
2136 2456 2186 2499 et
2210 2463 2403 2519 corpus
2425 2454 2521 2528 (α).
2550 2457 2660 2514 Hoc
2687 2461 2738 2515 iu
2768 2465 2952 2520 eadem
2977 2469 3219 2540 Epistola
3245 2480 3546 2539 evidentius

1951 2531 2022 2586 ita
2049 2539 2199 2604 ponit
2228 2554 2242 2592 :
2277 2537 2381 2596 Per
2407 2545 2660 2604 hominem
2696 2571 2830 2610 mors
2855 2598 2870 2623 ,
2905 2570 2950 2612 et
2970 2579 3060 2632 per
3095 2567 3347 2626 hominem
3372 2591 3544 2630 resur—

1949 2627 2103 2681 rectio
2131 2643 2461 2693 mortuorum.
2493 2637 2637 2696 Sicut
2662 2647 2793 2699 enim
2833 2651 2885 2703 in
2911 2651 3078 2708 Adam
3120 2675 3290 2714 omnes
3319 2667 3545 2722 moriun-

1949 2723 2031 2769 tur
2053 2760 2066 2783 ,
2094 2722 2167 2774 sic
2191 2731 2236 2776 et
2264 2726 2314 2778 in
2341 2725 2540 2784 Christo
2568 2749 2737 2792 omnes
2765 2740 3152 2810 viviﬁcabuntur
3177 2753 3194 2822 (
3223 2750 3240 2805 l
3269 2753 3386 2808 Cor.
3431 2774 3499 2814 xv
3524 2803 3540 2825 ,

1943 2808 2006 2862 21
2030 2820 2075 2864 et
2091 2810 2205 2884 22).
2237 2815 2352 2871 Jam
2387 2823 2566 2892 utique
2593 2827 2644 2879 in
2682 2808 2908 2902 corpore
2935 2839 3193 2905 spirituali
3222 2887 3233 2908 ,
3267 2848 3406 2914 quod
3441 2853 3544 2906 erit

1945 2899 1995 2954 in
2023 2906 2266 2972 spiritum
2293 2913 2668 2972 viviﬁcantem.
2690 2921 2804 2977 Non
2825 2928 2943 2995 quia
2976 2945 3164 2988 omnes
3182 2938 3268 3004 qui
3299 2937 3541 2997 inAdatu

1943 3000 2262 3071 moriuntur,
2286 3011 2522 3064 membra
2552 3025 2706 3070 erunt
2726 3018 2921 3075 Christi
2951 3023 3038 3096 (ex
3069 3027 3169 3082 illis
3197 3032 3337 3087 enim
3366 3037 3536 3112 multo

1943 3090 2057 3112 ..1ηη
2077 3110 2084 3112 μ
2101 3109 2117 3112 -
2170 3111 2183 3112 κ
2351 3101 2363 3112 '
2441 3103 2451 3112 '

1942 3090 2121 3158 plures
2163 3101 2395 3154 secunda
2439 3103 2490 3157 in
2521 3117 2777 3164 :cternum
2823 3125 2999 3170 morte
3043 3120 3364 3198 plectemur)
3394 3146 3408 3192 ;
3441 3109 3537 3184 Sed

1939 3181 2058 3236 ideo
2081 3185 2275 3241 dictum
2304 3197 2388 3245 est
2412 3234 2425 3258 ,
2455 3213 2626 3251 omnes
2647 3208 2804 3270 atque
2829 3221 3001 3260 omnes
3026 3250 3038 3272 ,
3069 3214 3190 3282 quia
3217 3215 3353 3271 sicut
3375 3235 3535 3277 nemo

1937 3288 2162 3343 corpore
2188 3280 2403 3335 animali
2436 3285 2532 3339 nisi
2560 3286 2611 3341 in
2645 3291 2812 3346 Adam
2843 3297 3092 3365 moritur,
3122 3302 3192 3356 ita
3225 3322 3382 3361 nemo
3411 3324 3534 3366 cor-

1939 3382 2070 3434 pore
2094 3372 2356 3440 Spirituali
2382 3377 2482 3433 nisi
2514 3380 2565 3434 in
2589 3382 2805 3439 Christo
2831 3387 3146 3448 vivili’catur.
3182 3396 3414 3456 Proinde
3444 3419 3531 3460 ne-

1934 3475 2198 3531 quaquam
2220 3467 2508 3540 putandum
2537 3483 2638 3540 est,
2664 3492 2761 3529 nos
2787 3476 2838 3531 in
2864 3485 3256 3543 resurrectione
3283 3491 3386 3546 tale
3405 3507 3528 3549 cor-

1929 3567 2029 3619 pus
2058 3554 2330 3612 habituros
2356 3602 2369 3634 ,
2413 3563 2570 3634 quale
2596 3563 2781 3622 habuit
2827 3569 2986 3628 homo
3011 3575 3215 3648 primus
3243 3592 3365 3638 ante
3395 3601 3525 3654 pee-

1928 3658 2124 3703 catum.
2155 3650 2337 3721 Neque
2367 3655 2496 3710 illud
2522 3659 2666 3728 quod
2691 3661 2889 3718 dictum
2920 3677 3002 3721 est
3022 3710 3036 3733 ,
3072 3669 3250 3737 Qualis
3275 3650 3519 3748 terrenus,

1928 3738 2050 3792 tales
2092 3751 2139 3792 et
2187 3745 2410 3811 terreni;
2457 3750 2747 3804 secundum
2781 3753 2909 3809 illud
2959 3758 3362 3831 intelligendum
3393 3738 3514 3840 est,

1925 3829 2064 3898 quod
2093 3831 2286 3886 factum
2316 3846 2396 3890 est
2426 3837 2750 3896 admissione
2770 3848 2992 3914 peccati.
3016 3849 3133 3907 Non
3157 3855 3300 3910 enim
3329 3847 3516 3916 existi-

1925 3921 2175 3976 mandum
2224 3933 2305 3978 est
2329 3966 2344 3992 ,
2376 3915 2497 3982 eum
2530 3931 2677 3999 prius
2701 3950 2861 4004 quam
2893 3954 3167 4008 peccasset
3191 3987 3206 4012 ,
3238 3949 3517 4017 Spirituale

1921 4025 2115 4080 corpus
2160 4007 2410 4072 habuisse
2434 4063 2448 4086 ,
2487 4034 2543 4076 et
2583 4028 2784 4092 peccati
2813 4032 3006 4086 merito
3036 4034 3089 4088 in
3133 4038 3366 4100 animale
3393 4060 3512 4106 mu~

1922 4109 2108 4160 talum.
2139 4106 2205 4162 Ut
2234 4111 2374 4164 enim
2403 4113 2502 4167 hoc
2532 4126 2766 4188 putetur,
2791 4137 2980 4190 parum
3008 4127 3354 4188 attenduntur
3381 4137 3515 4193 tanti

1919 4197 2078 4249 'verba
2117 4197 2351 4256 doctoris
2375 4245 2388 4266 ,
2421 4205 2510 4274 qui
2559 4208 2672 4276 ait,
2707 4211 2770 4265 Si
2817 4224 2887 4267 est
2935 4232 3118 4287 corpus
3148 4222 3370 4304 animale
3392 4269 3407 4295 ,
3441 4238 3514 4283 est

1917 4296 1963 4340 et
1982 4289 2244 4357 spirituale
2265 4307 2286 4356 ;
2314 4294 2440 4348 sicut
2473 4299 2716 4369 scriptum
2737 4313 2808 4357 est
2829 4346 2843 4371 ,
2883 4303 3074 4363 Factus
3094 4323 3166 4365 est
3187 4289 3379 4384 primus
3414 4318 3511 4371 ho-

1916 4394 1996 4431 mo
2037 4381 2207 4436 Adam
2263 4385 2316 4439 in
2358 4387 2581 4443 animam
2619 4393 2878 4450 viventem.
2921 4399 3187 4473 Numquid
3235 4408 3334 4461 hoc
3387 4420 3506 4478 pest

1915 4482 2188 4538 peceatum
2237 4471 2432 4532 factum
2479 4490 2597 4546 est,
2630 4499 2749 4538 cum
2803 4489 2871 4541 sit
2917 4491 3016 4545 ista
3069 4494 3299 4551 hominis
3330 4499 3501 4568 prima

1912 4566 2186 4636 Conditio,
2228 4569 2294 4625 de
2331 4587 2433 4641 qua
2480 4573 2824 4633 beatissimus
2864 4583 3153 4651 Apostolus
3192 4589 3259 4644 ad
3306 4566 3501 4662 corpus

1911 4657 2139 4714 animale
2187 4664 2588 4720 monstrandum
2614 4708 2628 4731 ,
2661 4668 2765 4724 hoc
2812 4673 3175 4734 testimonium
3203 4679 3364 4753 Legi's
3409 4700 3498 4740 asc

1908 4747 2134 4816 sumpsit
2162 4749 2187 4803 ’ἶ
2837 4783 2842 4786 ·

1906 4859 2134 4918 CAPUT
2163 4861 2352 4926 XXIV.
2383 4895 2455 4906 —
2485 4867 2715 4933 Qualiter
2757 4876 3050 4946 accipienda
3076 4882 3142 4935 sit
3168 4880 3246 4938 vel
3284 4884 3378 4947 illa
3404 4887 3490 4941 in-

1975 4953 2190 5024 sit/[latio
2212 4995 2228 5020 ,
2258 4956 2310 5010 in
2335 4973 2434 5028 qua
2457 4961 2662 5028 primus
2694 4963 2853 5038 homo
2881 4968 3050 5027 factus
3075 4980 3155 5028 est
3181 4971 3232 5026 in
3257 4975 3490 5042 animam

1973 5045 2278 5113 viventem;
2310 5051 2384 5102 vel
2409 5051 2500 5104 illa
2517 5068 2669 5122 quam
2690 5055 2940 5114 Dominus
2965 5063 3120 5131 fecit,
3148 5063 3317 5119 dicens
3339 5107 3355 5131 ,
3383 5067 3488 5126 Ac-

1971 5135 2130 5206 cipite
2157 5137 2412 5207 Spiritum
2444 5152 2704 5209 sanetum,

1971 5255 2021 5312 1.
2057 5257 2209 5316 Unde
2233 5269 2286 5315 et
2317 5262 2442 5318 illud
2483 5280 2667 5334 parum
2697 5267 3031 5326 considerate
3055 5271 3369 5343 quibusdam
3401 5283 3482 5342 vj.

1897 5361 2012 5401 sum
2043 5358 2143 5413 est,
2177 5352 2229 5405 in
2253 5367 2322 5408 eo
2347 5355 2484 5424 quod
2515 5357 2722 5425 legitur,
2753 5358 3030 5429 [respiravit
3059 5363 3196 5420 Deus
3220 5369 3272 5422 in
3297 5374 3482 5440 faciem

1895 5441 2002 5512 ejus
2027 5444 2258 5512 spiritum
2284 5447 2415 5512 vitta,
2444 5455 2488 5501 et
2520 5451 2684 5518 factus
2709 5462 2781 5507 est
2810 5452 2958 5508 homo
2985 5455 3036 5510 in
3067 5461 3286 5516 animam
3314 5466 3480 5521 viven-

1894 5539 1991 5585 tem
2019 5533 2169 5603 (Gen.
2203 5551 2258 5599 ιι,
2292 5536 2369 5607 7),
2401 5552 2504 5593 non
2535 5549 2658 5596 tunc
2686 5544 2917 5599 animum
2947 5550 3121 5619 primo
3149 5553 3350 5611 homini
3378 5559 3476 5612 da-

1953 5665 2026 5730 (a)
2054 5674 2118 5717 Ita
2141 5672 2293 5718 visum
2316 5678 2391 5719 est
2411 5673 2625 5746 Origeni,
2665 5676 2790 5727 libro
2822 5680 2869 5738 1,
2899 5683 3013 5763 1geri
3055 5685 3242 5759 tre/ida,
3279 5685 3470 5763 eap.’5_;

1953 5727 2182 5763 Halllionn
2222 5731 2346 5763 Iihnn
2376 5734 2439 5763 An
2471 5742 2703 5763 namnam...
2761 5753 2842 5763 ......
2944 5758 2957 5763 -
3005 5755 3058 5763 n,
3271 5759 3298 5763 _

940 5689 947 5690 ,
971 5689 985 5701 ,
1022 5689 1065 5692 μ
1086 5689 1206 5698 __-._
1229 5689 1243 5708 ,
1271 5689 1534 5715 νν,.,ν,...νσ
1577 5689 1684 5708 ιω..
1733 5689 1786 5710 ιιι
1953 5689 2026 5730 ψ)
2055 5689 2118 5717 ιω
2142 5689 2293 5718 Visum
2316 5689 2391 5719 (35L
2411 5689 2625 5746 urtgent,
2665 5689 2790 5727 ΙΙΙ)Γο
2822 5689 2869 5738 1,
2897 5689 3013 5793 geri
3055 5689 3242 5759 ιη’]ιόη,
3405 5689 3470 5754 ῦς

206 5689 1108 5814 Ήέ⁰εέ¹¹ἓὲιῗ¹ἃιῗίιῗ²ἰὲᾌὶἑῗίί¹υθ’
1155 5707 1302 5773 ﬁeri;
1332 5728 1441 5776 (³⁸³³
1467 5689 1614 5767 "3"”
1640 5720 1783 5770 θίί³¹¹¹
1889 5727 2723 5814 ΕἮέἱΞτξὲτ.ΡῩΡἏίέξξιθἯιιιξτηον
2757 5753 2892 5814 αξιλ-
2941 5758 2958 5806 ς
3002 5755 3246 5812 Urinam,
3269 5755 3477 5814 εριειοιει

665 5748 675 5755 ν
833 5748 845 5751 ν
869 5748 882 5762 1
976 5748 1067 5766 ἰν-ν
1094 5748 1108 5766 ν
1155 5748 1230 5773 ,vv-
1247 5748 1266 5762 υ
1284 5752 1297 5772 ,
1332 5748 1439 5776 ιιυιω
1472 5748 1614 5767 suum
1640 5748 1783 5770 cudlu
1899 5748 2197 5790 lcrunuano,
2225 5748 2346 5781 "pro
2376 5748 2439 5782 (ιο
2473 5748 2723 5808 [gafjtjsmo’
2757 5753 2862 5804 cap.
3002 5749 3246 5812 Cypriano,

201 5748 366 5808 Mm
386 5765 488 5816 “3"
495 5769 599 5810 ποθι
613 5766 757 5810 mi“
773 5765 998 5824 Αβοὸῑοιί·
1888 5790 1948 5837 ad
1971 5791 2277 5855 .lubtlianmu;
2300 5795 2488 5857 cyrillo,
2515 5798 2639 5849 libro
2655 5805 2856 5878 nonooin
2872 5811 3123 5870 Joannem,
3143 5823 3247 5890 cap:
3274 5815 3333 5890 t7
3352 5823 3475 5890 una-

262 5813 284 5882 ,-
598 5827 746 5883 mpu“
767 5825 1055 5888 νίεθδίωυω
1080 5835 1274 5884 tertium
1299 5837 1346 5886 in
1364 5840 1605 5890 nonnullis
1617 5855 1784 5890 mc
1888 5849 2012 5890 Sili“-
2060 5853 2105 5890 in
2140 5855 2371 5890 νςιιὶπιιιιιι
2407 5858 2488 5890 ΑΩ·
2534 5865 2770 5890 ΔιιιιιηΑι-υι
2831 5867 2950 5890 Ide-..
2985 5871 3042 5890 ,ιλ
3085 5881 3187 5890 mnu

812 5813 823 5824 ,
848 5813 858 5814 ,
888 5813 909 5814 η
987 5813 995 5814 κ
1888 5813 1948 5837 au
1971 5813 2277 5855 ..uunamnu;
2300 5813 2488 5857 hymno,
2515 5813 2639 5849 noro
2655 5813 2854 5853 nono'tn
2872 5813 3123 5870 Joannem,
3143 5823 3247 5875 cap.
3274 5813 3333 5862 47
3352 5830 3366 5875 ;
3394 5823 3472 5866 Ba-

262 5813 284 5920 ;
412 5813 577 5881 incipit
598 5827 746 5883 caput
767 5825 1055 5888 vigesimum
1080 5835 1274 5884 tertium
1299 5837 1346 5886 in
1364 5840 1605 5892 nonnullis
1617 5855 1784 5896 maluo
1887 5849 2378 5936 Sliggﬂindl‘salnlutn
2389 5858 2790 5936 exultauit-psit),
2830 5867 2953 5936 ιιι)ςο
2982 5871 3046 5920 de
3085 5877 3324 5936 fimum;
3361 5878 3472 5924 pm-

290 5889 316 5935 ι)
382 5913 394 5924 .

1083 5875 1274 5884 ---.......
1299 5875 1346 5886 ...
1364 5875 1784 5896 ..νηηυιωμ-..ς-
1887 5875 2014 5910 διιιυ,
2059 5875 2107 5901 ιιι
2142 5875 2372 5904 ινδειιιιιυιυ
2403 5875 2488 5906 κιδ-
2528 5875 2790 5926 Auinrosw,
2830 5875 2953 5918 libro
2982 5875 3046 5920 de
3085 5877 3324 5936 Famulae;
3361 5878 3469 5924 Phi-

200 5875 394 5935 Scriptis.
507 5875 522 5881 ’
657 5875 672 5883 ’
814 5875 844 5888 ν
1889 5910 2069 5972 lastrio,
2097 5923 2147 5963 et
2173 5915 2293 5966 aliis.
2325 5920 2456 5971 Conf.
2594 5924 2626 5974 2
2649 5926 2714 5976 de
2735 5931 2909 5979 Genesi
2943 5941 3105 5983 contra
3142 5938 3358 6000 Μυκη,
3385 5953 3469 5991 ιω.

261 5937 280 5966 ³
308 5943 358 5987 ιιι
377 5943 579 5996 quadam
600 5945 836 6000 editione.
864 5952 1056 6000 quando
1075 5953 1180 6000 illa.
1891 5973 1949 6000 m
1993 5975 2042 6000 η
2549 5997 2561 6000 -

261 5937 280 5966 ³
308 5943 358 5987 tn
377 5943 579 5996 quadam
600 5945 836 6007 editione,
864 5952 1056 6009 quando
1075 5953 1180 6006 illa.
1889 5937 2066 6036 latini
