4054 6506
521 355 629 412 399

527 485 636 530 tam
660 516 677 540 ,
708 471 802 528 sed
828 487 948 528 eam
969 485 1092 542 quo
1119 469 1228 539 jam
1253 467 1428 523 inerat
1450 507 1467 533 ,
1498 464 1702 536 Spiritu
1727 473 1912 519 sancto
1943 460 2115 516 viviﬁ-

524 573 721 622 catam.
755 564 930 620 Movet
956 563 1098 618 enim
1128 575 1240 627 eos,
1271 558 1414 630 quod
1446 559 1699 612 Dominus
1723 557 1877 612 Jesus
1906 564 2119 626 postea-

522 674 680 728 quam
704 656 998 712 resurrexit
1026 671 1055 708 a
1086 653 1310 708 mortuis
1335 694 1349 718 ,
1385 649 1678 704 insufﬂavit
1702 691 1717 716 ,
1748 649 1932 704 dicens
1958 646 2117 701 disci-

520 751 662 823 pulis
685 749 796 802 suis
819 789 835 814 ,
869 747 1089 816 Accipite
1114 745 1366 816 Spiritum
1395 750 1624 797 sanctum
1650 739 1832 810 (Joan.
1864 754 1934 792 xx
1957 778 1973 804 ,
2001 735 2114 806 ‘22).

524 843 679 898 Unde
708 842 814 896 tale
855 839 1056 910 aliquid
1100 839 1410 893 existimant
1438 836 1632 890 factum
1658 875 1673 901 ,
1702 832 1860 902 quale
1891 841 2015 885 tunc
2043 831 2118 882 fa-

522 945 665 990 ctum
695 943 777 988 est
807 951 820 986 :
854 933 1007 1003 quasi
1049 940 1104 986 et
1143 933 1230 984 hic
1270 937 1484 985 secutus
1511 926 1850 997 Evangelista
1879 922 2074 978 dixerit
2100 964 2115 988 ,

522 1029 589 1082 Et
634 1026 755 1081 facti
800 1033 924 1080 sunt
962 1026 1014 1078 in
1058 1024 1292 1078 animam
1320 1023 1606 1076 viventem.
1635 1018 1788 1087 Quod
1830 1016 2044 1086 quidem
2075 1014 2121 1068 si

522 1119 722 1174 dictum
772 1126 955 1185 esset,
988 1117 1091 1171 hoc
1139 1116 1557 1185 intelligeremus
1583 1153 1597 1177 ,
1629 1111 1771 1181 quod
1821 1111 2116 1164 animarum

522 1211 768 1280 quaedam
794 1210 903 1264 vita
928 1209 997 1264 sit
1021 1208 1251 1278 Spiritus
1280 1207 1371 1260 Dei
1397 1248 1413 1274 ,
1441 1205 1558 1260 sine
1599 1220 1706 1274 quo
1733 1205 1924 1256 animae
1955 1202 2120 1255 ratio-

525 1303 674 1356 nales
702 1309 928 1356 mortuae
957 1297 1278 1368 deputandre
1315 1306 1437 1352 sunt
1463 1339 1477 1364 ,
1507 1295 1748 1366 quamvis
1773 1308 1955 1348 earum
1987 1307 2122 1360 prte-

526 1397 700 1451 sentia
723 1396 905 1449 vivere
931 1409 1156 1461 corpora
1185 1392 1484 1445 videantur.
1516 1389 1620 1444 Sed
1648 1403 1753 1443 non
1786 1388 1854 1441 ita
1883 1385 2078 1441 factum
2102 1427 2117 1451 ,

526 1486 743 1555 quando
779 1494 864 1540 est
887 1485 1133 1538 conditus
1161 1484 1322 1538 homo
1347 1524 1362 1548 ,
1397 1481 1526 1535 satis
1556 1481 1669 1549 ipsa
1698 1479 1816 1533 libri
1844 1478 2006 1533 verba
2046 1487 2123 1532 te-

526 1583 738 1630 stantur
760 1617 775 1640 ,
808 1591 926 1644 quae
952 1575 1021 1628 ita
1050 1589 1108 1629 se
1139 1573 1337 1645 habent
1370 1587 1385 1624 :
1417 1569 1486 1624 Et
1519 1571 1754 1638 formavit
1792 1569 1927 1623 Deus
1957 1569 2122 1622 homi-

526 1683 643 1721 nem
671 1670 925 1735 pulverem
951 1668 1014 1719 de
1057 1675 1190 1719 terra
1214 1667 1253 1716 ³.
1287 1664 1437 1730 Quod
1469 1663 1681 1733 quidam
1713 1663 1923 1733 planius
1968 1663 2125 1716 inter-

525 1759 842 1826 pretandum
873 1765 1116 1826 putantes
1143 1756 1416 1821 dixerunt,
1439 1755 1505 1808 Et
1530 1755 1679 1823 finxit
1708 1754 1845 1806 Deus
1871 1753 2121 1806 hominem

526 1851 589 1904 de
621 1851 740 1904 limo
765 1859 928 1904 terrae.
961 1849 1225 1914 Quoniam
1254 1848 1500 1916 superius
1531 1846 1730 1900 dictum
1753 1843 1943 1909 fuerat,
1980 1843 2122 1896 Fons

525 1950 694 1994 autem
732 1940 1030 1994 ascendebat
1072 1939 1135 1993 de
1161 1948 1295 1993 terra
1320 1980 1335 2006 ,
1366 1948 1414 1992 et
1437 1937 1680 2008 irrigabat
1719 1953 1917 1990 omnem
1941 1936 2121 2005 faciem

525 2042 674 2087 terra:
700 2031 850 2104 (Gen.
883 2049 920 2088 ll
943 2075 956 2100 ,
991 2034 1022 2086 7
1046 2073 1061 2095 .
1093 2033 1147 2102 6)
1183 2050 1196 2086 :
1229 2041 1288 2086 ut
1313 2047 1378 2087 ex
1410 2031 1510 2085 hoc
1536 2031 1696 2085 limus
1742 2029 2120 2099 intelligendus

525 2125 798 2180 videretur
821 2166 837 2190 ,
872 2126 1097 2180 humore
1145 2125 1350 2180 scilicet
1395 2131 1641 2192 terraque
1684 2130 1985 2178 concretus.
2020 2118 2120 2173 Ubi

524 2219 667 2272 enim
696 2219 800 2272 hoc
825 2219 1024 2273 dictum
1046 2226 1129 2272 est
1151 2260 1166 2284 ,
1200 2216 1456 2271 continuo
1478 2215 1718 2285 sequitur
1743 2255 1758 2280 ,
1791 2212 1858 2265 Et
1887 2212 2122 2282 formavit

529 2310 662 2362 Deus
689 2309 940 2362 hominem
982 2309 1236 2378 pulverem
1267 2307 1327 2360 de
1349 2317 1482 2360 terra
1508 2321 1529 2360 :
1560 2307 1697 2360 sicut
1727 2303 1885 2374 graeci
1909 2302 2120 2357 codices

524 2400 757 2466 habent,
793 2400 936 2454 unde
961 2401 1017 2453 in
1048 2399 1263 2453 latinam
1298 2399 1531 2468 linguam
1562 2397 1838 2466 Scriptura
1867 2396 1965 2448 ista
1992 2409 2121 2448 con-

521 2507 676 2547 versa
704 2499 788 2546 est
815 2491 915 2562 (a).
962 2491 1089 2546 Sive
1115 2499 1294 2546 autem
1341 2489 1576 2554 formavit
1599 2529 1614 2554 ,
1645 2489 1759 2542 sive
1786 2488 1932 2556 ﬁnxit
1955 2529 1970 2552 ,
2003 2486 2120 2556 quis

521 2582 704 2637 dicere
730 2583 1001 2649 voluerit,
1033 2581 1175 2651 quod
1218 2595 1392 2651 graece
1421 2579 1614 2635 dicitur
1640 2586 1838 2634 ιπλασιν
1861 2619 1874 2642 ,
1907 2578 1975 2633 ad
2002 2593 2119 2634 rem

522 2673 662 2728 nihil
707 2675 928 2730 interest
961 2690 976 2728 :
1009 2675 1178 2744 magis
1219 2683 1396 2728 tamen
1435 2672 1650 2742 proprie
1679 2671 1875 2726 dicitur
1900 2713 1914 2735 ,
1947 2671 2116 2740 ﬁnxit.
2153 2741 2169 2752 ι.

520 2765 629 2822 Sed
673 2767 990 2837 ambiguitas
1021 2767 1128 2820 visa
1160 2775 1244 2821 est
1284 2765 1570 2820 devitanda
1598 2765 1677 2820 eis
1701 2805 1715 2829 ,
1747 2765 1838 2833 qui
1882 2763 2120 2833 formavit

521 2860 702 2915 dicere
729 2861 1033 2914 maluerunt
1057 2901 1071 2926 ,
1105 2875 1170 2915 eo
1198 2860 1339 2929 quod
1365 2861 1418 2913 in
1450 2859 1611 2913 latina
1636 2858 1814 2928 lingua
1842 2857 1976 2911 illud
2001 2872 2117 2912 ma-

520 2953 602 3022 gis
633 2953 861 3006 obtinuit
885 2952 1216 3008 consuetudo
1239 2994 1254 3019 ,
1284 2962 1344 3006 ut
1387 2951 1442 3006 hi
1468 2950 1715 3004 dicantur
1757 2949 1957 3019 ﬁngere
1982 2990 1996 3016 ,
2028 2948 2117 3018 qui

520 3044 719 3116 aliquid
748 3045 1028 3100 mendacio
1053 3045 1338 3099 simulante
1364 3051 1692 3112 componunt
1711 3043 1752 3094 ³.
1776 3041 1930 3096 Hunc
1960 3040 2120 3110 igitur

522 3136 810 3193 formatum
838 3138 1111 3192 hominem
1135 3137 1204 3192 de
1231 3148 1387 3192 terrae
1415 3137 1656 3206 pulvere,
1683 3135 1796 3190 sive
1827 3134 1954 3188 limo
1979 3135 2119 3206 (erat

519 3231 662 3284 enim
692 3231 864 3300 pulvis
889 3231 1196 3300 humectus)
1220 3246 1236 3296 ;
1267 3229 1430 3296 hunc,
1454 3229 1699 3299 inquam,
1723 3237 1782 3283 ut
1808 3229 2116 3297 expressius

469 3393 482 3400 _
518 3320 693 3375 dicam
716 3362 730 3386 ,
760 3323 899 3376 sicut
918 3322 1190 3390 Scriptura
1223 3322 1396 3375 locuta
1425 3330 1507 3375 est
1531 3360 1546 3385 ,
1575 3319 1831 3390 pulverem
1853 3321 1916 3372 de
1941 3328 2076 3372 terra
2098 3359 2113 3384 ,

519 3413 750 3468 animale
793 3427 987 3481 corpus
1028 3414 1226 3467 factum
1269 3427 1390 3466 esse
1427 3411 1584 3465 docet
1625 3411 1950 3479 Apostolus,
1993 3424 2115 3464 cum

519 3504 751 3560 animam
795 3506 1020 3573 accepit.
1053 3504 1120 3558 Et
1165 3509 1330 3575 factus
1357 3511 1430 3557 est
1472 3502 1574 3556 iste
1618 3501 1769 3555 homo
1796 3505 1850 3554 in
1893 3501 2116 3554 animam

519 3597 760 3652 viventem
788 3612 811 3654 :
843 3597 896 3651 id
938 3607 1058 3665 est,
1088 3596 1356 3653 formatus
1396 3596 1498 3650 iste
1524 3594 1698 3665 pulvis
1740 3594 1911 3648 iactus
1952 3604 2036 3648 est
2061 3595 2115 3648 in

519 3690 750 3745 animam
781 3690 1068 3745 viventem.

589 3783 647 3837 2.
688 3783 827 3849 Jam,
870 3783 1136 3853 inquiunt,
1169 3780 1400 3836 habebat
1445 3779 1700 3844 animam,
1734 3777 1970 3848 alioquin
2007 3791 2114 3832 non

473 3895 482 3899 ·
519 3875 880 3945 appellaretur
910 3872 1078 3929 homo
1108 3891 1120 3927 :
1153 3874 1406 3943 quoniam
1443 3871 1606 3926 homo
1647 3885 1754 3925 non
1795 3877 1880 3924 est
1919 3883 2115 3938 corpus

520 3967 715 4032 solum,
743 3967 829 4022 vel
857 3967 1031 4020 anima
1073 3965 1205 4028 sola,
1243 3963 1339 4019 sed
1383 3963 1474 4032 qui
1502 3979 1567 4017 ex
1607 3962 1785 4015 anima
1824 3968 2034 4015 constat
2059 3967 2115 4015 et

520 4072 767 4126 corpore.
819 4056 933 4111 Hoc
976 4055 1189 4126 quidem
1239 4068 1426 4110 verum
1473 4063 1574 4120 est,
1627 4051 1769 4122 quod
1818 4067 1924 4106 non
1967 4060 2113 4108 totus

481 4209 488 4217 _
521 4152 707 4216 homo,
736 4151 832 4206 sed
858 4165 985 4222 pars
1020 4150 1212 4204 melior
1237 4149 1469 4204 hominis
1495 4149 1670 4202 anima
1706 4155 1819 4214 est;
1851 4163 1950 4203 nec
1971 4155 2113 4202 totus

522 4240 688 4296 homo
705 4255 920 4310 corpus,
951 4241 1046 4296 sed
1075 4240 1299 4296 inferior
1325 4240 1702 4309 hominis‘pars
1723 4249 1803 4295 est
1831 4257 1844 4292 :
1869 4239 1964 4295 sed
1989 4254 2112 4294 cum

520 4342 606 4389 est
633 4342 917 4400 utrumque
959 4333 1302 4402 conjunctum
1346 4333 1525 4396 simul,
1559 4331 1719 4387 habet
1754 4331 1985 4386 hominis
2015 4347 2113 4387 no-

521 4439 682 4490 men;
728 4424 870 4494 quod
914 4435 1092 4478 tamen
1144 4431 1199 4477 et
1240 4423 1443 4493 singula
1484 4437 1590 4477 non
1641 4424 1908 4488 amittunt,
1950 4423 2111 4478 etiam

521 4531 646 4571 cum
673 4515 740 4570 de
766 4516 987 4585 singulis
1015 4515 1302 4585 loquimur.
1332 4514 1460 4583 Quis
1486 4515 1628 4569 enim
1655 4517 1835 4571 dicere
1864 4515 2114 4586 prohibe-

522 4614 610 4660 tur
639 4607 932 4676 quotidiani
973 4606 1201 4677 quadam
1230 4607 1345 4676 lege
1379 4607 1663 4672 sermonis,
1697 4607 1867 4661 Homo
1902 4608 1990 4662 ille
2013 4608 2110 4664 de-

522 4697 737 4754 functus
767 4708 868 4764 est,
898 4708 951 4754 et
983 4714 1127 4753 nunc
1154 4699 1206 4753 in
1234 4699 1415 4767 requie
1443 4709 1524 4752 est
1553 4700 1635 4753 vel
1674 4699 1724 4752 in
1758 4700 1960 4768 pinnis;
1989 4714 2111 4754 cum

521 4793 591 4848 de
633 4795 808 4848 anima
848 4794 956 4847 sola
988 4793 1157 4863 possit
1199 4791 1300 4846 hoc
1329 4791 1437 4846 dici
1467 4809 1478 4843 :
1513 4802 1586 4859 et,
1615 4791 1710 4846 lllo
1745 4803 1836 4846 aut
1874 4793 1964 4847 illo
1991 4793 2110 4847 loco

524 4885 686 4940 homo
714 4885 803 4939 ille
828 4885 1066 4953 sepultus
1096 4892 1216 4948 est;
1245 4899 1364 4938 cum
1394 4883 1495 4937 hoc
1521 4883 1624 4937 nisi
1649 4883 1715 4938 de
1741 4885 1855 4937 solo
1885 4898 2110 4952 corpore

522 4993 632 5034 non
663 4978 832 5048 possit
864 4975 1123 5046 intelligi?
1151 4975 1231 5030 An
1262 4974 1456 5030 dicturi
1498 4984 1642 5041 sunt,
1683 4976 1759 5029 sic
1787 4975 1929 5045 loqui
1960 4975 2108 5030 Scri-

581 5162 599 5193 ί
634 5159 1050 5220 Ludovicusvives
1067 5171 1078 5205 :
1098 5155 1409 5220 Septuaginta
1428 5155 1502 5220 sic
1519 5159 1792 5220 verterunt,
1809 5151 1898 5202 Καὶ
1917 5149 2110 5220 ερέαδεῃ

517 5234 550 5273 ο
574 5221 719 5288 Ther
741 5227 820 5288 ton
841 5219 1123 5288 anthrt‘tpon,
1161 5213 1312 5288 citauit
1338 5213 1476 5268 labén
1499 5230 1592 5288 apo
1625 5214 1692 5288 tes
1714 5213 1796 5288 ges
1829 5227 1846 5264 :
1885 5213 1952 5288 {Et
1965 5213 2110 5288 finxit

517 5291 649 5347 Deus
671 5281 924 5347 honunan,
948 5277 1140 5345 pulvere
1163 5281 1223 5329 de
1247 5289 1380 5347 terra
1409 5277 1617 5347 sumpto.
1649 5277 1869 5347 Suspicor
1892 5277 1982 5327 hoc
2015 5286 2108 5347 au-

518 5346 701 5406 gustini
732 5342 838 5406 loco
858 5337 1039 5393 deesse
1061 5356 1210 5406 unum
1231 5342 1465 5406 verbum;
1489 5337 1543 5388 ut
1563 5341 1642 5406 sit.
1672 5337 1836 5406 tingvit
1863 5347 2002 5406 Deus_
2020 5338 2108 5406 ho;-

521 5399 714 5469 ininem,
738 5405 982 5469 pulverem
1018 5404 1211 5469 capiens
1235 5404 1295 5452 de
1318 5399 1484 5469 terra;
1503 5407 1586 5450 aut
1619 5402 1669 5449 in
1690 5401 1923 5469 ablativo,
1943 5399 2110 5469 ﬁnxit

519 5477 652 5530 Deus
669 5462 922 5530 hominem,
949 5462 1149 5530 pulvere
1164 5471 1303 5530 capto
1325 5463 1386 5512 de
1415 5469 1588 5530 terra_._
1605 5470 1716 5530 nam
1739 5462 1926 5530 taurini
1949 5463 2105 5530 codex

517 5529 684 5591 habet,
710 5523 919 5591 pulvere.
944 5523 1152 5591 "tametsi
1191 5523 1240 5591 in
1277 5532 1428 5587 't‘argo
1449 5523 1666 5573 Chaldaeo
1696 5523 1896 5587 legitur,
1919 5523 2108 5575 ereavit

516 5598 648 5642 Deus
669 5588 909 5654 bonum
927 5589 1172 5654 puluerem
1192 5588 1256 5638 de
1276 5591 1426 5637 terra.

581 5648 1611 5720 feliquoltlséamieic‘lw-
1673 5716 1681 5720 -
1722 5709 1752 5720 _.

581 5716 656 5777 (a)
681 5708 902 5767 ostendit
913 5708 1035 5782 olim
1050 5723 1165 5782 usas
1187 5708 1426 5782 Ecclesias'
1444 5709 1861 5782 interpretatione
1873 5708 2024 5782 latina
2038 5721 2105 5759 ex

517 5771 682 5842 graeco
697 5777 1029 5889 seﬁtuaginta,
1049 5776 1128 5825 cui
1142 5779 1310 5837 postea
1326 5772 1561 5824 mecessit
1578 5771 1919 5834 interpretatio
1935 5771 2104 5822 Hiero-

519 5841 650 5890 nvmi
672 5853 738 5890 ex
796 5838 978 5890 θυι-τεο.

519 5841 738 5905 nymiex

1597 349 1686 407 DE
1720 343 2044 405 CIVITATE
2081 342 2212 412 DEI,
2246 344 2307 401 S.
2347 345 2715 404 AUGUSTINI

3713 352 3828 411 400

2229 467 2437 528 pturam
2480 475 2590 515 non
2624 460 2799 516 solere
2823 457 3091 516 divinam?
3117 458 3229 514 lmo
3253 473 3385 516 vero
3421 459 3514 516 illa
3558 461 3633 516 ita
3659 462 3823 518 nobis

2226 550 2281 604 in
2310 550 2413 606 hoc
2455 559 2761 618 attestatur,
2790 560 2847 606 ut
2885 551 3044 605 etiam
3091 568 3213 606 cum
3243 551 3350 606 duo
3393 552 3490 606 ista
3533 553 3824 623 conjuncta

2225 652 2348 698 sunt
2371 653 2426 698 et
2450 644 2578 698 vivit
2603 644 2784 710 homo,
2813 651 2991 698 tamen
3019 643 3177 698 etiam
3221 643 3427 713 singula
3458 643 3690 700 hominis
3718 659 3822 700 vo-

2225 735 2416 790 cabulo
2431 735 2664 804 appellet
2683 751 2698 799 ;
2717 735 2951 793 animam
2971 735 3178 790 scilicet
3197 734 3503 791 interiorem
3520 734 3820 804 hominem,

2225 839 2418 895 corpus
2444 841 2573 881 vero
2611 826 2930 882 exteriorem
2959 825 3232 881 hominem
3265 841 3462 882 vocans
3489 825 3556 899 (Il
3593 825 3712 883 Cor.
3744 843 3820 896 iv,

2227 919 2340 989 l6),
2371 931 2620 990 tanquam
2648 919 2756 974 duo
2776 921 2884 974 sint
2914 919 3180 986 homines,
3205 935 3324 976 cum
3355 919 3515 975 simul
3536 929 3825 992 utrumque

2228 1011 2297 1065 sit
2349 1010 2511 1066 homo
2551 1027 2710 1066 unus.
2765 1011 2871 1066 Sed
2919 1011 3319 1082 intelligendum
3375 1019 3477 1076 est,
3524 1011 3823 1067 secundum

2227 1104 2351 1174 quid
2380 1103 2590 1159 dicatur
2631 1105 2792 1159 homo
2819 1105 2886 1159 ad
2933 1105 3215 1175 imaginem
3248 1105 3362 1172 Dei,
3390 1113 3445 1159 et
3482 1106 3643 1160 homo
3678 1113 3822 1160 terra

2228 1207 2386 1269 atque
2416 1199 2586 1253 iturus
2611 1200 2665 1252 in
2687 1207 2902 1254 terram.
2931 1198 3064 1253 Illud
3093 1199 3237 1254 enim
3267 1198 3559 1255 secundum
3585 1201 3821 1254 animam

2227 1292 2539 1346 rationalem
2567 1292 2780 1358 dicitur,
2829 1292 3043 1362 qualem
3079 1292 3220 1347 Deus
3248 1291 3590 1359 insufﬂando,
3624 1294 3730 1359 vel,
3776 1295 3820 1348 si

2229 1382 2565 1436 commodius
2594 1382 2807 1448 dicitur,
2838 1383 3148 1452 inspirando
3173 1383 3363 1438 indidit
3392 1384 3616 1449 homini,
3657 1385 3710 1439 id
3737 1394 3825 1440 est

2230 1473 2462 1529 hominis
2487 1476 2700 1543 corpori
2733 1493 2745 1529 :
2775 1475 2876 1529 hoc
2917 1484 3096 1529 autem
3127 1478 3416 1530 secundum
3445 1491 3660 1546 corpus,
3690 1492 3822 1547 qua-

2230 1567 2337 1623 lem
2381 1568 2649 1622 hominem
2694 1567 2835 1622 Deus
2873 1567 3024 1622 ﬁnxit
3067 1583 3136 1623 ex
3174 1568 3412 1638 pulvere,
3456 1570 3541 1623 cui
3571 1569 3694 1624 data
3739 1579 3823 1625 est

2227 1661 2425 1725 anima,
2449 1672 2508 1715 ut
2537 1659 2692 1716 fieret
2716 1675 2910 1730 corpus
2937 1660 3188 1726 animale,
3219 1659 3273 1715 id
3311 1669 3396 1716 est
3422 1659 3586 1716 homo
3615 1661 3670 1716 in
3697 1663 3820 1716 ani-

2228 1769 2370 1807 mam
2400 1752 2687 1808 viventem.

2301 1844 2353 1898 5.
2395 1845 2731 1914 Quapropter
2772 1842 2824 1898 in
2869 1858 2934 1898 eo
2972 1843 3115 1914 quod
3147 1844 3404 1899 Dominus
3423 1844 3572 1912 fecit,
3606 1845 3822 1915 quando

2229 1933 2517 1989 insufﬂavit
2556 1935 2758 1999 dicens,
2801 1936 3022 2004 Accipite
3069 1935 3320 2006 Spiritum
3361 1946 3611 2001 sanctum,
3657 1939 3820 1993 nimi-

2228 2042 2347 2080 rum
2375 2026 2476 2081 hoc
2505 2028 2728 2097 intelligi
2760 2028 2944 2092 voluit,
2996 2029 3138 2098 quod
3183 2027 3410 2097 Spiritus
3456 2037 3673 2085 sanctus
3712 2047 3819 2086 non

2231 2128 2431 2174 tantum
2461 2121 2529 2174 sit
2571 2121 2765 2188 Patris,
2797 2137 2981 2177 verum
3011 2121 3172 2176 etiam
3199 2121 3467 2192 Unigeniti
3509 2123 3676 2192 ipsius
3700 2123 3823 2195 Spi-

2227 2199 2381 2266 ritus.
2410 2211 2554 2266 Idem
2587 2213 2699 2283 ipse
2725 2213 2922 2282 quippe
2948 2212 3176 2283 Spiritus
3205 2223 3288 2268 est
3311 2223 3365 2268 et
3395 2213 3568 2269 Patris
3593 2223 3649 2270 et
3672 2215 3818 2285 Filii,

2227 2319 2344 2360 cum
2370 2321 2476 2375 quo
2509 2315 2591 2359 est
2625 2305 2856 2360 Trinitas
2883 2306 3041 2362 Pater
3066 2315 3120 2361 et
3149 2305 3315 2362 Filius
3345 2317 3399 2363 et
3427 2308 3658 2378 Spiritus
3696 2323 3823 2364 san-

2226 2406 2364 2462 ctus,
2406 2412 2512 2450 non
2547 2406 2815 2464 creatura,
2860 2397 2955 2451 sed
2985 2397 3226 2452 Creator.
3260 2397 3446 2469 Neque
3475 2400 3617 2454 enim
3661 2400 3822 2454 ﬂatus

2226 2489 2314 2543 ille
2351 2503 2640 2560 corporeus
2681 2489 2750 2545 de
2801 2491 2977 2546 carnis
3028 2506 3120 2545 ore
3170 2492 3467 2560 procedens
3520 2494 3819 2549 substantia

2226 2592 2343 2638 erat
2366 2583 2594 2652 Spiritus
2636 2585 2805 2638 sancti
2850 2594 3008 2654 atque
3035 2593 3246 2651 natura,
3275 2585 3370 2641 sed
3397 2587 3573 2656 potius
3613 2587 3820 2656 signiﬁ-

2225 2680 2384 2744 catio,
2414 2692 2519 2746 qua
2545 2677 2982 2746 intelligeremus,
3015 2688 3072 2732 ut
3101 2678 3235 2745 dixi,
3267 2677 3523 2748 Spiritum
3570 2682 3819 2735 sanctum

2225 2771 2369 2826 Patri
2409 2785 2528 2825 esse
2570 2770 2811 2840 Filioque
2855 2786 3193 2825 communem
3227 2788 3240 2823 :
3270 2772 3393 2841 quia
3432 2787 3539 2826 non
3579 2780 3704 2826 sunt
3738 2773 3822 2828 eis

2224 2862 2448 2933 singulis
2483 2861 2699 2932 singuli,
2728 2861 2822 2916 sed
2849 2876 2986 2917 unus
3011 2862 3291 2916 amborum
3327 2871 3429 2917 est.
3462 2862 3689 2932 Semper
3717 2879 3819 2918 au-

2225 2962 2334 3009 tem
2383 2955 2484 3008 iste
2535 2953 2765 3022 Spiritus
2806 2953 2859 3008 in
2913 2953 3205 3023 Scripturis
3252 2953 3451 3008 sanctis
3494 2969 3672 3024 grzeco
3715 2968 3816 3010 vo-

2221 3046 2414 3101 cabulo
2441 3055 2623 3114 πνιῦμα
2651 3045 2862 3111 dicitur,
2903 3046 3042 3101 sicut
3075 3060 3200 3100 eum
3245 3053 3299 3100 et
3343 3047 3443 3100 hoc
3471 3046 3589 3100 loco
3620 3046 3812 3102 Domi-

2223 3155 2322 3194 nus
2361 3138 2660 3208 appellavit,
2694 3137 2906 3207 quando
2957 3151 3079 3192 eum
3108 3137 3403 3206 corporalis
3432 3138 3512 3192 sui
3544 3139 3656 3191 oris
3684 3138 3817 3195 ﬂatu

2223 3233 2548 3303 signiﬁcans,
2599 3231 2873 3301 discipulis
2914 3231 3026 3286 suis
3073 3230 3221 3285 dedit
3250 3249 3264 3286 :
3293 3239 3348 3285 et
3390 3231 3522 3287 locis
3562 3232 3817 3286 omnibus

2221 3324 2521 3379 divinorum
2558 3323 2891 3392 eloquiorum
2923 3337 3029 3376 non
3057 3322 3187 3378 mihi
3215 3323 3372 3390 aliter
3397 3335 3630 3394 unquam
3677 3341 3815 3379 nun-

2221 3428 2444 3485 cupatus
2469 3414 2722 3470 occurrit.
2747 3413 2846 3468 Hic
2870 3430 3022 3481 vero,
3050 3414 3142 3468 ubi
3169 3415 3382 3483 legitur,
3414 3414 3478 3468 Et
3503 3416 3652 3477 ﬁnxit
3677 3415 3815 3471 Deus

2221 3511 2472 3564 hominem
2497 3509 2750 3579 pulverem
2777 3507 2839 3562 de
2864 3516 3020 3576 terra,
3045 3517 3090 3563 et
3138 3509 3425 3579 insufflauit,
3456 3509 3568 3563 sive
3592 3510 3815 3579 inspira.

2220 3605 2286 3656 vit
2305 3605 2358 3656 in
2388 3601 2569 3674 faciem
2587 3603 2697 3672 eius
2715 3602 2949 3670 spiritum
2969 3602 3120 3667 vitta;
3147 3617 3252 3656 non
3280 3603 3354 3656 ait
3376 3615 3584 3672 graecus
3605 3613 3811 3670 τηῡμι,

2219 3691 2362 3763 quod
2413 3693 2550 3748 solet
2596 3692 2699 3748 dici
2753 3690 2983 3762 Spiritus
3027 3701 3274 3759 sanctus,
3320 3692 3416 3748 sed
3459 3705 3637 3754 me»:
3666 3693 3815 3764 quod

2203 3798 2415 3862 nomen
2458 3783 2512 3837 in
2537 3791 2782 3838 creatura
2811 3797 2972 3852 quam
3001 3782 3053 3836 in
3082 3782 3337 3838 Creatore
3375 3783 3705 3852 frequentius
3735 3784 3814 3838 le-

2219 3875 2363 3945 gitur
2390 3891 2403 3927 :
2431 3873 2576 3928 unde
2613 3873 2857 3929 nonnulli
2887 3873 3048 3928 etiam
3073 3873 3270 3939 Latini,
3302 3881 3518 3942 propter
3552 3872 3811 3930 diﬂ'eren-

2221 3968 2370 4033 tiam,
2400 3965 2505 4022 hoc
2530 3965 2849 4021 vocabulum
2893 3981 3000 4020 non
3031 3965 3298 4034 spiritum,
3349 3964 3442 4018 sed
3481 3964 3664 4018 ﬂatum
3711 3981 3812 4035 ap-

2219 4058 2420 4128 pellare
2453 4057 2775 4113 maluerunt.
2805 4057 2919 4112 Hoc
2945 4055 3088 4113 enim
3117 4066 3200 4111 est
3222 4057 3276 4111 in
3304 4071 3480 4127 graeco
3517 4058 3680 4112 etiam
3718 4058 3813 4114 illo

2218 4154 2338 4208 loco
2365 4150 2506 4220 apud
2543 4148 2756 4218 Isaiam,
2787 4149 2875 4205 ubi
2919 4149 3061 4206 Deus
3085 4149 3235 4217 dicit,
3272 4148 3484 4204 Omnem
3509 4151 3689 4219 ﬂatum
3717 4167 3812 4222 ego

2218 4243 2318 4313 feci
2347 4241 2500 4314 (Isai.
2530 4257 2656 4309 Lvn,
2689 4241 2777 4308 l6,
2821 4258 2921 4296 sec.
2953 4241 3143 4314 LXX),
3173 4257 3388 4297 omnem
3422 4243 3653 4296 animam
3691 4244 3812 4298 sine

2217 4334 2551 4390 dubitatione
2577 4333 2901 4406 signiﬁcans.
2933 4333 3084 4402 Quod
3122 4334 3300 4405 itaque
3324 4348 3498 4404 graec
3525 4346 3641 4396 πνοή
3676 4333 3812 4389 dici-

2221 4439 2324 4494 tur,
2376 4431 2542 4484 nostri
2599 4427 2886 4498 aliquando
2937 4425 3145 4494 ﬂatum,
3198 4427 3483 4496 aliquando
3535 4427 3807 4497 spiritum,

2218 4519 2503 4590 aliquando
2542 4519 2970 4588 inspirationem,
2997 4519 3082 4573 vel
3123 4516 3562 4588 adspirationem,
3591 4518 3812 4588 quando

2217 4612 2378 4666 etiam
2421 4611 2511 4666 Dei
2555 4610 2766 4679 dicitur,
2818 4609 3148 4687 interpretati
3197 4612 3352 4664 snnt‘
3384 4627 3396 4661 :
3427 4622 3631 4677 πνεῦμα,
3680 4626 3814 4666 vero

2219 4719 2486 4774 nunquam
2550 4704 2652 4758 nisi
2695 4703 2976 4772 spiritum;
3020 4703 3132 4756 sive
3176 4702 3427 4769 hominis,
3476 4702 3545 4758 de
3584 4717 3694 4772 quo
3733 4703 3816 4758 ait

2218 4797 2527 4868 Apostolus,
2564 4797 2689 4864 Quis
2714 4798 2845 4850 enim
2871 4797 2962 4850 scit
2993 4797 3253 4850 hominum
3277 4813 3392 4867 qua:
3419 4807 3536 4851 sunt
3562 4797 3812 4866 hominis,

2217 4893 2315 4945 nisi
2342 4893 2549 4962 spiritus
2576 4891 2792 4944 hominis
2817 4891 2904 4959 qui
2928 4891 2981 4943 in
3005 4890 3117 4959 ipso
3139 4901 3213 4944 est
3239 4890 3283 4961 (l
3309 4888 3424 4945 Cor.
3452 4905 3515 4958 tt,
3539 4890 3668 4954 ll)?
3689 4891 3815 4946 sive

2216 4983 2448 5050 pecoris,
2479 4982 2617 5035 sicut
2657 4982 2709 5034 in
2739 4980 3038 5036 Salomonis
3072 4980 3210 5036 libro
3253 4981 3511 5050 scriptum
3539 4988 3642 5044 est,
3680 4980 3816 5048 Quis

2216 5077 2310 5129 scit
2348 5077 2392 5128 si
2434 5075 2642 5144 spiritus
2673 5074 2889 5128 hominis
2913 5073 3153 5127 ascendat
3192 5089 3394 5128 sursum
3434 5075 3486 5127 in
3513 5072 3718 5138 calum,
3761 5083 3817 5128 et

2214 5169 2422 5238 spiritus
2448 5167 2642 5238 pecoris
2667 5166 2935 5220 descendat
2955 5167 3189 5221 deorsum
3213 5167 3266 5220 in
3295 5175 3480 5220 terram
3501 5166 3696 5233 (Eccle.
3724 5181 3814 5236 nl,

2213 5258 2346 5330 2|)?
2389 5258 2501 5312 sive
2545 5257 2705 5312 istum
2737 5273 3074 5328 corporeum,
3121 5258 3210 5328 qui
3249 5259 3411 5312 etiam
3453 5267 3641 5312 ventus
3671 5257 3816 5313 dicio

2215 5360 2344 5406 tur:
2374 5365 2498 5406 nam
2523 5349 2639 5420 ejus
2677 5349 2778 5404 hoc
2817 5365 3014 5405 nomen
3047 5358 3148 5414 est,
3194 5350 3280 5404 tibi
3317 5351 3370 5404 in
3409 5349 3622 5405 Psalmo
3661 5351 3821 5406 cani-

2216 5456 2319 5513 tur,
2368 5445 2534 5517 Ignis,
2586 5445 2803 5518 grando,
2847 5446 2958 5514 nis,
2999 5445 3208 5515 glacies,
3246 5445 3452 5515 spiritus
3501 5445 3821 5514 tempestatis

2216 5539 2384 5612 (Psal.
2414 5555 2628 5606 cxnvm,
2656 5539 2714 5610 8)
2750 5558 2762 5593 :
2793 5539 2912 5594 sive
2930 5537 3043 5608 jam
3069 5552 3180 5592 non
3221 5545 3482 5604 creatum,
3515 5535 3610 5592 sed
3642 5534 3822 5592 Crea-

2217 5643 2409 5702 torem,
2439 5635 2577 5689 sicut
2617 5632 2790 5688 estde
2815 5646 2921 5702 quo
2949 5631 3078 5686 dicit
3114 5631 3374 5686 Dominus
3416 5631 3469 5685 in
3496 5629 3821 5702 Evangelio,

2212 5771 2402 5885 ὠδὶς
2429 5777 2536 5821 uss.
2573 5775 2629 5818 At
2651 5767 2786 5828 editi,
2809 5763 3072 5830 aliquando
3092 5763 3242 5817 etiam
3273 5763 3487 5816 animam
3509 5761 3825 5830 auertit-etalt
