4054 6486
250 400 344 457 ιοι

253 517 472 590 Accipite
508 517 774 589 Spiritum
816 526 1046 573 sanctum
1069 531 1089 582 ;
1124 531 1248 572 eum
1291 519 1568 587 corporei‘
1612 518 1694 572 sui
1739 518 1850 573 oris

254 608 555 680 signiﬁcans
579 609 733 664 ﬂatu.
758 609 822 665 Et
841 609 929 664 ubi
961 609 1054 673 ait,
1085 606 1182 674 Ite,
1213 608 1461 678 baptizate
1481 625 1652 662 omnes
1677 617 1875 680 gentes'

252 703 303 758 in
318 704 521 758 nomine
541 701 720 756 Patris
737 713 784 758 et
803 701 925 756 Filii
945 713 990 756 et
1014 702 1237 770 Spiritus
1253 701 1412 756 sancti
1434 701 1648 770 (Matth.
1665 717 1850 767 xxvut,

254 792 340 865 i9)
374 813 388 849 :
417 795 511 850 ubi
555 795 673 864 ipsa
701 794 936 850 Trinitas
976 793 1422 849 excellentissime
1469 801 1523 847 et
1565 792 1854 848 evidentia.

253 889 383 942 sime
421 888 800 943 commendata
842 897 942 942 est.
991 887 1058 941 Et
1101 886 1187 940 ubi
1225 885 1440 956 legitur,
1472 884 1610 938 Deus
1650 887 1857 955 spiritus

254 987 322 1032 est
347 977 535 1041 (least.
567 993 647 1042 tv,
676 978 792 1047 24).
826 979 892 1033 Et
919 978 1034 1032 aliis
1060 977 1306 1048 plurimis
1325 992 1598 1032 sacrarum
1628 977 1852 1031 Littera-

255 1086 368 1126 rum
401 1071 554 1126 locis.
603 1071 661 1125 In
706 1070 787 1124 his
814 1070 1010 1142 quippe
1059 1071 1308 1124 omnibus
1348 1068 1668 1123 testimoniis
1711 1068 1858 1124 Scri-

257 1171 560 1232 pturarum,
593 1172 856 1232 quantum
886 1164 952 1217 ad
998 1162 1215 1218 Graecos
1245 1164 1451 1226 attinet,
1486 1177 1591 1215 non
1622 1174 1765 1222 πνοήν
1785 1161 1860 1215 vi-

257 1254 443 1309 demus
463 1255 726 1325 scriptum
755 1269 895 1320 esse,
925 1255 1017 1309 sed
1050 1254 1233 1322 πνεῧμα
1260 1272 1274 1308 :
1299 1263 1553 1323 quantum
1585 1260 1764 1306 autem
1792 1251 1858 1306 ad

258 1344 494 1409 Latinos,
531 1360 640 1399 non
667 1344 870 1409 ﬂatum,
903 1345 998 1400 sed
1030 1346 1297 1414 spiritum.
1327 1345 1668 1414 Quapropter
1707 1343 1758 1396 in
1794 1356 1861 1397 eo

259 1437 396 1506 quod
437 1437 701 1508 scriptum
729 1445 834 1498 est,
867 1436 1168 1506 lnspiravit,
1212 1437 1320 1502 vel,
1364 1436 1408 1490 si
1450 1435 1618 1504 magis
1647 1435 1862 1505 proprie

261 1531 546 1585 dicendum
576 1541 684 1600 est,
712 1529 997 1601 Insuﬁiavit
1020 1530 1076 1584 in
1103 1530 1282 1599 [aciem
1319 1531 1429 1600 eius
1449 1529 1684 1600 spiritum
1710 1529 1860 1595 vitaz;

261 1624 303 1677 si
328 1637 539 1692 graecus
575 1638 682 1676 non
714 1635 876 1688 πνοήν,
919 1623 1059 1678 sicut
1083 1623 1155 1677 ibi
1183 1623 1396 1692 legitur,
1425 1621 1520 1676 sed
1545 1633 1728 1689 πνεῦμα
1752 1635 1851 1688 po-

263 1716 478 1780 suisset,
508 1728 609 1768 nec
638 1713 716 1768 sic
744 1722 888 1769 esset
913 1729 1267 1783 consequens,
1300 1723 1362 1767 ut
1389 1713 1701 1768 Creatorem
1733 1711 1860 1782 Spi-

265 1806 444 1872 ritum,
478 1807 570 1875 qui
604 1806 818 1876 proprie
845 1806 1038 1860 dicitur
1067 1806 1121 1860 in
1150 1805 1411 1861 Trinitate
1454 1805 1684 1875 Spiritus
1727 1819 1858 1860 san-

267 1905 399 1962 ctus,
450 1897 750 1967 intelligere
791 1912 1105 1966 cogeremur
1135 1914 1146 1949 :
1179 1896 1611 1966 quandoquidem
1650 1906 1857 1964 manu,

268 1996 322 2042 ut
347 1987 550 2042 dictum
591 1999 692 2053 est,
727 2004 836 2044 non
864 1989 1036 2044 solum
1065 1989 1132 2044 de
1159 1988 1435 2057 Creatore,
1476 1988 1573 2045 sed
1602 1989 1763 2044 etiam
1788 1988 1859 2046 de

269 2092 512 2138 creatura
541 2083 644 2137 dici
670 2083 846 2137 solere
872 2083 1210 2137 manifestum
1239 2092 1340 2138 est.

335 2175 389 2228 ι.
430 2173 540 2229 Sed
567 2189 690 2229 cum
716 2174 959 2240 dixisset,
989 2175 1255 2244 inquiunt,
1282 2174 1540 2242 spiritum,
1563 2188 1671 2228 non
1700 2173 1865 2229 adde-

269 2278 346 2324 ret
368 2271 503 2334 vita,
534 2267 639 2322 nisi
667 2268 811 2323 illic’
832 2267 1090 2336 Spiritum
1127 2277 1370 2323 sanctum
1403 2267 1562 2321 vellet
1592 2266 1814 2337 intelligi
1844 2283 1859 2320 :

269 2370 321 2416 et
359 2375 483 2415 cum
523 2359 768 2425 dixisset,
816 2357 1005 2414 Factus
1052 2369 1126 2414 est
1167 2359 1317 2413 homo
1361 2361 1416 2412 in
1463 2359 1708 2425 animum,
1755 2372 1865 2413 non

271 2453 510 2517 adderet,
533 2454 798 2519 viventem,
831 2453 930 2506 nisi
961 2452 1156 2506 anima:
1182 2452 1343 2506 vitam
1373 2451 1716 2520 signiﬁcaret,
1745 2464 1868 2520 qua

273 2546 344 2601 illi
375 2544 632 2599 divinitus
661 2544 965 2614 impertitur
993 2545 1134 2598 dono
1160 2543 1392 2614 Spiritus
1425 2543 1540 2598 Dei.
1563 2543 1693 2598 Cum
1721 2541 1866 2597 enim

273 2639 412 2692 vivat
443 2639 646 2700 anima,
684 2637 951 2706 inquiunt,
984 2637 1201 2705 proprio
1226 2650 1340 2690 suae
1375 2636 1498 2689 vitae
1530 2635 1710 2700 modo,
1739 2633 1865 2704 quid

274 2745 406 2799 apus
431 2739 553 2784 erat
581 2728 782 2782 addere
810 2730 1073 2793 viventem,
1107 2727 1208 2781 nisi
1237 2735 1293 2780 ut
1318 2741 1380 2781 ea
1408 2728 1515 2781 vita
1547 2725 1874 2794 intelligere-

275 2833 378 2890 tur,
406 2838 530 2891 quai
572 2822 647 2875 illi
678 2837 772 2889 per
798 2821 1060 2890 Spiritum
1091 2830 1335 2875 sanctum
1361 2819 1552 2874 datur?
1593 2819 1703 2872 Hoc
1746 2815 1872 2886 quid

274 2924 352 2968 est
379 2912 550 2976 aliud,
572 2911 673 2965 nisi
702 2911 986 2982 diligenter
1014 2926 1109 2980 pro
1139 2911 1366 2965 humana
1396 2909 1701 2979 suSpicione
1731 2923 1868 2963 con-

279 3005 513 3069 tendere,
544 3015 599 3060 et
619 3005 925 3074 Scripturas
951 3013 1166 3058 sanctas
1201 3004 1530 3073 negligenter
1555 3000 1874 3056 attendere?

277 3097 410 3164 Quid
459 3098 605 3152 enim
653 3112 902 3165 magnum
957 3107 1071 3151 erat
1121 3110 1230 3151 non
1277 3096 1357 3150 ire
1400 3096 1633 3163 longius,
1679 3093 1775 3149 sed
1819 3093 1874 3148 in

279 3189 464 3244 eodem
508 3189 652 3242 libro
695 3188 812 3257 ipso
861 3188 1020 3257 paulo
1069 3188 1315 3257 superius
1358 3187 1555 3256 legere,
1613 3183 1876 3238 Producat

281 3293 411 3337 terra
437 3283 666 3336 animam
691 3282 932 3336 viventem
956 3281 1110 3348 (Gen.
1141 3297 1180 3346 ι,
1211 3279 1340 3350 24)-;
1385 3277 1599 3348 quando
1627 3276 1878 3331 animalia

282 3378 554 3433 terrestria
599 3385 791 3430 cuncta
839 3388 1016 3430 creata
1055 3375 1210 3428 sunt?
1244 3374 1446 3428 Deinde
1485 3371 1771 3441 aliquantis
1799 3370 1882 3424 in-

282 3471 574 3541 terpositis,
611 3470 664 3523 in
694 3468 885 3524 eodem
915 3477 1091 3522 tamen
1124 3468 1240 3536 ipso
1268 3467 1424 3530 libro,
1469 3464 1598 3534 quid
1626 3477 1877 3533 magnum

283 3573 393 3619 erat
429 3563 718 3618 advertere
757 3561 896 3631 quod
931 3561 1186 3630 scriptum
1212 3569 1311 3625 est,
1347 3557 1416 3613 Et
1443 3557 1610 3612 omnia
1635 3571 1747 3626 qua:
1784 3555 1882 3608 ha-

283 3656 394 3709 bent
433 3655 675 3723 spiritum
713 3653 846 3716 vitte,
888 3662 935 3706 et
981 3653 1142 3706 ontnis
1184 3652 1268 3721 qui
1315 3659 1423 3704 erat
1466 3665 1615 3718 super
1657 3645 1879 3709 aridam,

286 3758 516 3801 mortuus
545 3756 618 3802 est
652 3744 765 3814 (Id.
789 3761 882 3808 vn,
906 3745 1036 3815 22);
1065 3759 1186 3798 cum
1218 3744 1514 3797 insinuaret
1553 3739 1733 3796 omnia
1763 3754 1884 3808 qua:

287 3839 538 3893 vivebant
561 3837 614 3892 in
645 3847 785 3892 terra
809 3837 1032 3908 periisse
1063 3835 1308 3890 diluvio?
1333 3836 1389 3890 Si
1411 3850 1538 3904 ergo
1567 3843 1622 3888 et
1649 3832 1884 3888 animam

289 3931 578 3997 viventem,
612 3939 666 3984 et
708 3931 952 3999 spiritum
983 3930 1107 3984 vita:
1139 3930 1300 3984 etiam
1331 3930 1380 3982 in
1413 3927 1696 3998 pecoribus
1735 3930 1886 3980 inve-

290 4021 484 4086 nimus,
538 4021 678 4074 sicut
722 4019 866 4090 loqui
904 4019 1080 4074 divina
1123 4019 1397 4088 Scriptura
1470 4017 1788 4080 consuevit;
1835 4023 1889 4071 et

289 4130 403 4168 cum
439 4116 544 4168 hoc
569 4128 784 4184 quoque
812 4113 956 4180 loco,
985 4113 1073 4166 ubi
1101 4112 1314 4182 legitur,
1346 4110 1530 4164 Omnia
1556 4125 1668 4179 qua:
1705 4108 1888 4162 habent

291 4207 524 4276 spiritum
563 4206 698 4267 vitae,
733 4219 837 4256 non
873 4218 1080 4273 graecus
1112 4214 1314 4270 πνεῦμα,
1344 4201 1437 4255 sed
1474 4212 1614 4260 πνοήν
1649 4197 1885 4252 dixerit:

293 4314 383 4353 cur
414 4313 523 4352 non
571 4297 820 4357 dicimus,
854 4296 992 4364 Quid
1036 4311 1170 4366 opus
1215 4303 1331 4350 erat
1367 4304 1422 4348 ut
1449 4293 1688 4356 adderet,
1718 4292 1889 4346 viven-

293 4399 408 4457 tem,
435 4404 560 4443 cum
584 4387 763 4441 anima
793 4387 896 4442 nisi
928 4386 1072 4440 vivat
1095 4400 1216 4440 esse
1244 4401 1351 4439 non
1379 4383 1585 4454 possit?
1615 4390 1727 4449 aut,
1753 4379 1892 4448 Quid

295 4495 423 4550 Opus
471 4489 590 4534 erat
637 4488 696 4534 ut
735 4479 978 4544 adderet,
1015 4479 1149 4542 vitaz,
1188 4493 1309 4532 cum
1355 4476 1580 4532 dixisset
1613 4471 1893 4545 spiritum?

295 4575 391 4629 Sed
440 4574 790 4644 intelligimus
825 4573 1062 4643 spiritum
1107 4573 1242 4636 vita,
1290 4578 1345 4625 et
1385 4569 1609 4621 animum
1649 4567 1894 4619 viventem

298 4666 628 4736 Scripturam
664 4680 762 4720 suo
792 4681 942 4722 more
987 4663 1211 4728 dixisse,
1243 4678 1365 4718 cum
1409 4659 1683 4720 animalia,
1716 4657 1767 4712 id
1811 4665 1894 4711 est

297 4773 517 4828 corpora
568 4757 826 4824 animata,
857 4755 1017 4811 vellet
1048 4754 1294 4825 intelligi,
1336 4752 1528 4823 quibus
1567 4749 1770 4804 inesset
1797 4761 1894 4818 per

298 4849 527 4902 animam
568 4847 882 4917 perspicuus
926 4845 1026 4900 iste
1071 4845 1231 4901 etiam
1276 4841 1516 4912 corporis
1569 4853 1781 4894 sensus.
1827 4836 1886 4892 ln

298 4937 528 4995 hominis
554 4945 735 4993 autem
762 4936 1070 4993 conditione
1107 4935 1498 4997 obliviscimur,
1531 4928 1888 5001 quemadmo-

299 5031 419 5086 dum
463 5031 610 5102 loqui
656 5029 932 5101 Scriptura
963 5027 1326 5092 consueverit,
1375 5040 1496 5080 cum
1536 5037 1634 5078 suo
1675 5033 1895 5092 prorsus

301 5137 448 5179 more
486 5123 666 5178 locuta
695 5121 766 5176 sit
794 5139 808 5176 :
837 5135 943 5190 quo
972 5119 1266 5175 insinuaret
1303 5117 1577 5172 hominem
1607 5115 1767 5170 etiam
1803 5126 1897 5166 ra-

303 5214 480 5269 tionali
508 5213 689 5268 anima
731 5224 971 5284 accepta,
1015 5226 1175 5283 quam
1204 5225 1312 5266 non
1347 5208 1484 5265 sicut
1523 5209 1746 5263 aliarum
1777 5220 1897 5261 car-

303 5309 444 5364 nium
485 5309 640 5379 aquis
685 5315 740 5363 et
786 5317 928 5363 terra
968 5306 1410 5378 producentibus,
1453 5303 1548 5358 sed
1593 5302 1704 5357 Deo
1734 5300 1896 5356 ﬂante

245 5427 250 5430 -
303 5411 533 5457 creatam
563 5400 733 5454 voluit
753 5399 975 5470 intelligi
1001 5417 1016 5466 ;
1043 5400 1122 5454 sic
1149 5408 1327 5454 tamen
1355 5396 1575 5463 factum,
1608 5405 1666 5451 ut
1696 5395 1747 5450 in
1775 5408 1896 5449 cor-

306 5507 432 5564 pore
468 5492 710 5557 animali,
739 5491 882 5562 quod
910 5491 968 5545 fit
993 5491 1174 5545 anima
1203 5491 1252 5544 in
1282 5505 1348 5545 eo
1372 5489 1604 5554 vivente,
1639 5487 1776 5542 sicut
1804 5484 1894 5540 illa

308 5584 552 5639 animalia
574 5584 803 5650 viveret,
839 5583 903 5636 de
924 5581 1118 5654 quibus
1149 5581 1303 5647 dixit,
1335 5579 1593 5635 Producat
1623 5587 1754 5632 terra
1778 5577 1896 5630 ani-

308 5692 442 5730 mam
473 5677 720 5731 viventem
747 5691 765 5730 :
793 5682 848 5729 et
890 5690 1007 5743 qua:
1053 5674 1234 5729 itidem
1275 5673 1403 5730 dicit
1447 5670 1698 5726 habuisse
1742 5668 1797 5723 in
1837 5682 1897 5724 se

373 5832 390 5864 ί
425 5833 495 5883 sic
515 5839 622 5883 uss.
650 5836 708 5881 At
729 5829 845 5880 editi
867 5827 966 5888 alii,
991 5842 1252 5893 corporeo;
1276 5828 1378 5890 alii,
1395 5827 1693 5891 incorporeo.

373 5893 395 5925 ³
426 5894 561 5943 vtad.
588 5901 690 5943 Am.
714 5897 791 5943 Er.
817 5900 870 5944 et
889 5899 1018 5955 Itss.,

1445 403 1652 461 LIBER
1697 397 1984 459 TERTIUS
2040 405 2353 466 DECIMUS.

3447 404 3552 461 402

1962 520 2206 589 spiritum
2232 520 2392 583 vitat;
2421 521 2508 576 ubi
2537 520 2697 574 etiam
2741 519 2795 574 in
2835 532 3011 588 graeco
3039 530 3146 572 non
3173 516 3305 572 dixit
3345 530 3549 585 πνιῡμα,

1963 610 2058 665 sed
2086 624 2227 672 πνοήν
2255 629 2268 665 :
2297 626 2404 665 non
2443 613 2624 682 utique
2655 611 2913 682 Spiritum
2943 619 3208 677 sanctum,
3232 606 3327 663 sed
3362 622 3547 664 eorum

1962 702 2196 756 animam
2227 703 2315 756 tali
2345 704 2650 773 exprimens
2677 705 2911 758 nomine.

2038 796 2094 849 5.
2137 796 2241 851 Sed
2283 798 2425 851 enim
2460 799 2550 852 Dei
2593 797 2769 859 ﬂatus,
2800 797 3066 866 inquiunt,
3106 796 3197 851 Dei
3237 810 3333 851 ore
3375 796 3559 850 exisse

1965 887 2297 957 intelligitur,
2347 904 2504 959 quem
2551 891 2592 942 si
2641 889 2872 943 animam
2913 888 3319 952 crediderimus,
3366 902 3557 942 conse-

1964 992 2131 1047 quens
2161 979 2262 1032 erit
2288 988 2345 1031 ut
2371 978 2610 1048 ejusdem
2645 978 2906 1033 fateamur
2947 993 3066 1034 esse
3093 978 3426 1048 substantiae,
3462 994 3558 1050 pa-

1967 1084 2188 1139 remque
2227 1070 2370 1125 illius
2421 1071 2729 1141 Sapientiae,
2773 1086 2892 1139 qua:
2916 1071 3063 1136 dicit,
3095 1069 3204 1142 Ego
3242 1087 3306 1124 ex
3344 1087 3431 1125 ore
3463 1070 3559 1124 Αι-

1967 1161 2147 1214 tissimi
2174 1163 2368 1230 providi
2394 1159 2582 1234 (Eccli.
2610 1177 2762 1228 xxtv,
2796 1161 2872 1232 5).
2913 1161 3029 1216 Non
3058 1162 3270 1230 quidem
3297 1161 3431 1216 dixit
3458 1161 3560 1217 Sa-

1966 1255 2160 1324 pientia
2199 1270 2293 1309 ore
2331 1255 2423 1310 Dei
2463 1253 2694 1310 efﬂatam
2738 1270 2797 1310 se
2841 1254 3021 1317 fuisse,
3059 1255 3152 1308 sed
3196 1270 3260 1310 ex
3307 1255 3422 1325 ejus
3466 1268 3564 1310 ore

1966 1347 2230 1418 prodisse.
2265 1349 2412 1402 Sicut
2450 1359 2626 1401 autem
2669 1362 2765 1401 nos
2793 1361 3097 1416 possumus,
3133 1362 3236 1400 non
3274 1347 3340 1400 de
3379 1355 3563 1402 nostra

1967 1447 2152 1492 natura
2177 1454 2280 1509 qua
2313 1439 2559 1494 homines
2585 1455 2788 1504 sumus,
2834 1437 2928 1492 sed
2949 1437 3016 1491 de
3043 1438 3144 1491 isto
3183 1452 3307 1492 aere
3330 1437 3564 1492 circum-

1967 1529 2107 1596 fuso,
2137 1547 2293 1601 quem
2325 1531 2578 1600 spirando
2601 1546 2666 1586 ac
2696 1529 3009 1599 respirando
3037 1529 3279 1584 ducimus
3303 1542 3366 1583 ac
3392 1527 3561 1582 redu-

1968 1623 2190 1688 cimus‘,
2220 1622 2403 1678 ﬂatum
2431 1622 2609 1678 facere
2635 1638 2756 1678 cum
2785 1622 3057 1676 sumamus
3090 1640 3102 1674 :
3137 1621 3205 1674 ita
3228 1620 3566 1689 omnipatens

1971 1715 2132 1783 Deus,
2162 1733 2267 1770 non
2299 1716 2367 1771 de
2402 1731 2496 1771 sua
2525 1723 2734 1782 natura,
2782 1729 2958 1786 neque
2986 1713 3053 1768 de
3083 1713 3378 1781 subjacenti
3419 1727 3568 1768 crea-

1969 1817 2109 1874 tura,
2139 1808 2234 1864 sed
2268 1811 2429 1863 etiam
2454 1809 2524 1863 de
2550 1807 2718 1863 nihilo
2758 1807 2927 1877 potuit
2970 1806 3147 1861 facere
3179 1805 3384 1871 ﬂatum,
3409 1820 3570 1875 quem

1969 1903 2182 1971 corpori
2216 1901 2446 1956 hominis
2490 1900 2776 1956 inserendo
2822 1899 3108 1969 inspirasse
3139 1898 3221 1952 vel
3267 1897 3571 1953 insufﬂasse

1969 1995 2480 2050 convenientissime
2530 1993 2706 2049 dictus
2753 2000 2872 2059 est,
2926 1993 3273 2060 incorporeus
3319 1990 3573 2060 incorpo-

1969 2102 2142 2152 reum,
2181 2087 2275 2142 sed
2308 2087 2652 2142 immutabilis
2687 2084 3033 2148 mutabilem;
3077 2083 3202 2152 quia
3231 2097 3336 2136 non
3361 2091 3572 2136 creatus

1970 2187 2232 2234 creatum.
2281 2179 2656 2234 Verumtamen
2703 2187 2760 2232 ut
2806 2177 2977 2231 sciant
3020 2175 3128 2239 isti,
3178 2175 3267 2244 qui
3312 2173 3378 2228 de
3422 2172 3572 2228 Seri-

1973 2272 2141 2340 pturis
2165 2272 2307 2342 loqui
2338 2271 2547 2334 volunt,
2597 2279 2652 2326 et
2694 2269 3091 2339 Scripturarum
3122 2267 3418 2321 locutiones
3462 2280 3570 2318 non

1972 2362 2275 2431 advertunt,
2325 2378 2430 2419 non
2476 2363 2579 2418 hoc
2618 2363 2790 2418 solum
2835 2361 2939 2416 dici
2985 2359 3133 2416 exire
3181 2373 3249 2413 ex
3298 2372 3392 2412 ore
3438 2356 3569 2419 Dei,

1974 2453 2114 2523 quod
2139 2462 2222 2508 est
2247 2455 2466 2524 aequalis
2486 2454 2834 2524 ejusdemque
2855 2461 3080 2514 naturze,
3109 2449 3344 2506 audiant.
3376 2447 3458 2502 vel
3484 2448 3566 2501 le-

1977 2557 2103 2618 gant
2142 2547 2285 2618 quod
2313 2547 2426 2602 Deo
2469 2547 2680 2602 dicente
2719 2545 2975 2615 scriptum
3003 2553 3088 2597 est
3115 2561 3128 2595 :
3155 2542 3408 2608 Quoniam
3436 2539 3567 2605 tepi-

1975 2639 2072 2694 dus
2118 2656 2192 2706 es,
2240 2649 2289 2693 et
2334 2655 2491 2709 neque
2533 2637 2729 2692 calidus
2774 2651 2931 2706 neque
2973 2634 3211 2705 frigidus,
3254 2631 3494 2702 incipiam
3525 2640 3572 2682 te

1977 2749 2203 2786 evomere
2227 2748 2290 2786 ea:
2327 2748 2416 2786 ore
2440 2747 2549 2785 meo
2573 2732 2755 2802 (Apoc.
2785 2745 2862 2794 ιιι,
2893 2727 3004 2797 l6).

2050 2828 2103 2882 6.
2136 2825 2288 2880 Nulla
2308 2828 2486 2895 itaque
2508 2833 2802 2887 causaest,
2833 2837 2930 2876 cur
2968 2819 3303 2890 apertissime
3341 2817 3576 2887 loquenti

1979 2919 2294 2974 resistamus
2317 2918 2597 2987 Apostolo,
2629 2917 2716 2970 ubi
2743 2917 2810 2969 ab
2837 2914 3100 2985 spirituali
3129 2927 3358 2982 corpore
3384 2926 3580 2979 corpus

1980 3011 2212 3065 animale
2241 3010 2554 3063 discernens
2575 3049 2590 3074 ,
2621 3007 2673 3061 id
2719 3016 2838 3071 est,
2869 3006 2937 3059 ab
2967 3005 3059 3058 illo
3093 3005 3145 3059 in
3175 3018 3280 3073 quo
3306 3003 3464 3057 futuri
3493 3017 3582 3055 su-

1981 3121 2128 3170 mus,
2156 3104 2255 3158 hoc
2282 3104 2334 3157 in
2366 3119 2472 3166 ιιιιο
2508 3117 2650 3155 nunc
2679 3114 2882 3161 sumus,
2916 3099 2991 3152 ait
3025 3115 3038 3152 :
3074 3097 3370 3152 Seminatur
3397 3109 3582 3164 corpus

1983 3197 2224 3262 animale,
2247 3206 2418 3266 surgat
2437 3211 2621 3262 corpus
2644 3192 2906 3262 spirituale
2933 3206 2950 3244 :
2971 3191 3012 3243 si
3039 3200 3110 3244 est
3132 3206 3316 3258 corpus
3336 3187 3578 3250 animale,

1984 3303 2056 3349 est
2086 3303 2133 3347 et
2155 3290 2456 3364 spirituale,
2491 3289 2618 3342 sicut
2644 3288 2889 3354 scriptum
2931 3293 3036 3348 est,
3070 3280 3262 3335 Factus
3287 3290 3360 3334 est
3389 3280 3583 3348 primus

1986 3388 2136 3441 homo
2165 3384 2331 3438 Adam
2357 3383 2409 3434 in
2432 3381 2656 3433 animam
2699 3379 2942 3430 viventem
2961 3415 2974 3437 ,
3008 3372 3306 3427 novissimus
3339 3370 3501 3422 Adam
3529 3369 3584 3422 in

1985 3478 2220 3549 spiritum
2243 3475 2594 3542 viviﬁcantem.
2636 3469 2740 3524 Sed
2775 3485 2876 3522 non
2905 3467 3123 3538 primum
3160 3463 3295 3535 quod
3321 3461 3586 3533 spirituale

1988 3581 2077 3636 est,
2101 3569 2189 3625 sed
2215 3567 2350 3638 quod
2378 3565 2638 3629 animale;
2669 3572 2871 3634 postea,
2903 3560 3036 3628 quod
3064 3557 3348 3629 spirituale.
3380 3555 3585 3608 Primus

1989 3666 2138 3718 homo
2163 3663 2225 3716 de
2251 3672 2384 3715 terra
2405 3702 2419 3724 ,
2448 3670 2710 3722 terrenus;
2741 3656 2990 3710 secundus
3033 3653 3182 3706 homo
3206 3651 3270 3705 de
3295 3651 3419 3704 caelo
3438 3690 3452 3713 ,
3481 3665 3586 3703 cm-

1991 3757 2147 3810 lestis.
2181 3753 2361 3820 Qualis
2391 3762 2620 3805 terrenus
2639 3791 2655 3816 ,
2688 3748 2814 3801 tales
2838 3757 2884 3800 et
2909 3745 3092 3798 terreni
3115 3759 3133 3798 :
3159 3743 3324 3812 qualis
3347 3740 3584 3806 caelestis,

1992 3847 2116 3900 tales
2173 3855 2219 3899 et
2272 3845 2512 3898 cwlestes.
2573 3839 2640 3895 Et
2699 3837 2950 3910 quomodo
3005 3835 3264 3889 induimus
3319 3832 3587 3902 imaginem

1994 3940 2219 4005 terreni,
2277 3938 2552 3991 induantus
2608 3944 2654 3988 et
2715 3933 2987 4002 imaginem
3048 3930 3158 4001 ejus
3211 3929 3296 3998 qui
3353 3926 3416 3980 de
3463 3924 3589 3978 celo

1994 4039 2066 4085 est
2107 4030 2150 4102 (l
2192 4031 2307 4084 Cor.
2330 4044 2419 4092 xv,
2472 4023 2704 4098 44-459).
2751 4025 2826 4078 De
2852 4023 3042 4093 quibus
3082 4019 3328 4074 omnibus
3370 4023 3590 4086 aposto-

1995 4127 2111 4181 licis
2167 4125 2346 4179 verbis
2401 4122 2648 4192 superius
2697 4118 2859 4174 locuti
2918 4130 3123 4171 sumus.
3171 4112 3379 4182 Corpus
3431 4109 3591 4181 igitur

1996 4219 2259 4279 animale,
2311 4217 2361 4271 in
2412 4230 2518 4286 quo
2571 4215 2802 4285 primum
2849 4210 3123 4265 hominem
3173 4206 3342 4262 Adam
3394 4203 3592 4259 factum

1996 4326 2117 4368 esse
2160 4311 2288 4364 dicit
2321 4307 2638 4378 Apostolus,
2672 4305 2750 4359 sic
2791 4312 2908 4359 erat
2940 4303 3172 4366 factum,
3213 4315 3320 4353 non
3373 4306 3431 4350 ut
3470 4309 3592 4349 mo-

1998 4404 2044 4458 ri
2085 4402 2305 4457 omnino
2352 4415 2459 4454 non
2504 4404 2715 4468 posset;
2758 4393 2853 4449 sed
2884 4402 2942 4448 ut
2975 4407 3080 4447 non
3123 4397 3454 4452 moreretur,
3485 4385 3592 4438 nisi

1999 4496 2162 4551 homo
2203 4501 2495 4564 peccasset.
2523 4489 2654 4546 Nam
2703 4489 2834 4542 illud
2879 4485 3021 4556 quod
3064 4484 3252 4554 spiritu
3288 4478 3594 4534 viviﬁcante

1999 4585 2274 4656 Spirituale
2295 4585 2397 4637 erit
2416 4593 2469 4638 et
2495 4579 2821 4643 immortale,
2843 4577 2978 4631 mori
3001 4575 3223 4630 omnino
3244 4589 3350 4628 non
3375 4569 3591 4640 poterit.

1999 4678 2146 4734 Sicut
2175 4677 2349 4730 anima
2375 4683 2552 4729 creata
2582 4681 2666 4726 est
2694 4668 3032 4735 immortalis,
3061 4683 3184 4738 qua:
3211 4667 3336 4721 licet
3367 4670 3592 4735 peccato

2001 4779 2209 4823 mortua
2244 4765 2587 4836 perhibeatur
2613 4776 2805 4818 carens
2834 4760 3062 4831 quadam
3088 4759 3196 4813 vita
3223 4773 3317 4812 sua
3338 4796 3355 4823 ,
3384 4756 3487 4810 hoc
3510 4762 3594 4810 est

2003 4860 2097 4915 Dei
2123 4859 2323 4935 Spiritu
2344 4899 2358 4925 ,
2393 4873 2500 4928 quo
2529 4857 2690 4912 etiam
2716 4853 2988 4923 sapienter
3011 4862 3065 4906 et
3094 4851 3248 4906 beate
3277 4849 3460 4902 vivere
3492 4861 3594 4916 po-

2003 4963 2140 5009 terat
2172 4971 2185 5008 :
2219 4963 2394 5007 tamen
2423 4949 2639 5022 propria
2663 4947 2894 5019 quadam
2913 4989 2928 5014 ,
2960 4947 3085 5000 licet
3114 4943 3329 5008 misera,
3361 4940 3470 4994 vita
3497 4954 3592 4996 sua

2004 5064 2112 5102 non
2141 5047 2336 5102 desinit
2372 5045 2552 5099 vivere
2579 5061 2591 5107 ;
2621 5042 2743 5113 quia
2776 5038 3091 5095 immortalis
3113 5045 3194 5090 est
3214 5042 3412 5089 creata.
3444 5032 3596 5089 Sicut

2002 5140 2160 5195 etiam
2200 5138 2502 5193 desertores
2545 5133 2754 5204 angeli,
2805 5132 2929 5185 licet
2972 5127 3262 5183 secundum
3310 5122 3595 5194 quemdam

2002 5231 2219 5286 modum
2277 5228 2471 5284 mortui
2499 5229 2604 5280 sint
2648 5221 2948 5294 peccando;
2976 5219 3098 5290 quia
3122 5217 3322 5272 fontem
3349 5217 3471 5272 vitae
3497 5215 3596 5272 de-

2003 5331 2310 5389 seruerunt,
2357 5319 2447 5391 qui
2493 5319 2632 5372 Deus
2681 5325 2785 5381 est,
2826 5327 2983 5383 quem
3026 5309 3295 5381 potando,
3324 5309 3598 5378 sapienter

2006 5419 2271 5488 beateque
2305 5419 2554 5486 poterant
2581 5409 2802 5463 vivere:
2845 5416 3022 5460 tamen
3067 5419 3175 5458 non
3221 5403 3300 5458 sic
3328 5404 3462 5458 mori
3502 5417 3598 5474 po-

2007 5521 2238 5574 tuerunt,
2271 5519 2328 5563 ut
2353 5506 2570 5562 omnnio
2594 5503 2914 5558 desisterent
2941 5499 3121 5555 vivere
3159 5509 3320 5568 atque
3343 5496 3547 5553 sentire
3574 5512 3590 5562 ;

2003 5607 2256 5678 quoniam
2294 5599 2619 5657 immortales
2646 5595 2810 5652 creati
2837 5603 3000 5650 sunt:
3031 5603 3194 5664 atque
3224 5593 3295 5647 ita
3322 5593 3375 5646 in
3406 5605 3597 5646 secun-

2006 5703 2129 5757 dam
2158 5708 2382 5754 mortem
2407 5703 2527 5764 post
2546 5686 2792 5746 ultim'um
2817 5689 3292 5760 praacipitabuntur
3307 5685 3595 5757 judicium,

2005 5802 2066 5849 ut
2095 5806 2194 5847 nec
2223 5789 2330 5843 illic
2356 5787 2466 5841 vita
2485 5793 2734 5848 careant;
2763 5779 3195 5852 quandoquidem
3220 5779 3384 5834 etiam
3404 5789 3598 5842 sensu,

2072 5884 2094 5916 ι
2123 5881 2278 5932 nostri
2299 5878 2492 5930 codices
2512 5873 2636 5926 2050
2658 5881 2711 5926 et
2731 5873 2872 5934 ωδι,
2895 5885 2954 5923 ac
2976 5867 3244 5923 reddimus.
3293 5872 3352 5918 II.
