4054 6482
428 347 536 403 ωδ

430 477 551 516 cum
581 461 634 514 in
663 459 933 516 doloribus
977 459 1133 513 futuri
1161 467 1306 523 sunt,
1336 473 1443 510 non
1478 458 1752 512 carebunt.
1786 456 1891 511 Sed
1920 456 2014 510 ho-

429 553 607 608 mines
652 552 718 605 ad
769 551 862 605 Dei
887 552 1109 621 gratiam
1158 552 1483 619 pertinentes
1524 551 1668 603 cives
1714 559 2018 603 sanctorum

433 646 758 715 Angelorum
787 642 838 696 in
869 644 1019 696 beata
1044 643 1147 695 vita
1180 646 1528 705 manentium,
1562 641 1629 693 ita
1660 639 2021 710 spiritualibns

433 737 750 806 corporibus
779 734 1084 800 induentur,
1115 741 1170 787 ut
1200 749 1372 803 neque
1403 741 1623 802 peccent
1651 732 1897 800 amplius,
1925 746 1988 784 ne

433 844 538 899 que
568 829 864 882 moriantur
889 846 901 880 ε
926 843 986 882 ea
1015 836 1192 882 tamen
1223 826 1618 880 immortalitate
1645 825 1843 890 vestiti,
1878 839 2018 894 quae,

432 921 568 977 sicut
598 920 910 988 Angelorum
931 961 948 985 ,
978 935 1076 974 nec
1106 929 1324 989 peccato
1360 919 1527 988 possit
1565 916 1796 981 auferri;
1832 923 2019 968 natura

434 1013 647 1084 quidem
697 1019 945 1065 manente
989 1011 1200 1075 carnis,
1232 1012 1321 1065 sed
1371 1011 1510 1064 nulla
1558 1011 1778 1064 omnino
1820 1005 2019 1064 carnali

433 1102 876 1172 corruptibilitate
907 1101 987 1156 vel
1020 1102 1266 1156 tarditate
1298 1110 1625 1156 remanente.

509 1195 560 1248 7.
589 1195 839 1265 Sequitur
856 1203 1030 1248 autem
1061 1194 1601 1266 quarstioneecssario
1626 1192 2015 1261 pertractanda,

435 1295 490 1344 et
513 1287 738 1341 Domino
769 1289 877 1342 Deo
900 1288 1137 1341 veritatis
1162 1286 1442 1356 adjuvante
1474 1285 1748 1340 solvenda.
1777 1286 1828 1339 Si
1859 1284 2020 1340 libido

434 1379 798 1436 membrorum
827 1381 1244 1436 inobedientium
1275 1397 1344 1436 ex
1393 1390 1608 1450 peccato
1647 1381 2019 1435 inobcdientiae

1501 343 1586 399 DE
1625 340 1944 399 CIVITATE
1984 338 2118 400 DEI.
2156 337 2216 400 S.
2258 337 2624 396 AUGUSTlNl

3607 344 3715 402 4οι

2130 453 2184 507 in
2214 451 2316 506 illis
2339 453 2526 523 primis
2555 453 2858 510 hominibus
2877 496 2892 520 ,
2915 468 3036 510 eum
3068 454 3187 514 illos
3211 455 3393 514 divina
3419 459 3588 530 gratia
3615 460 3714 516 de-

2129 549 2406 613 seruisset,
2437 558 2620 601 exorta
2643 557 2758 614 est;
2788 547 2930 603 unde
2958 549 3009 602 in
3033 563 3181 604 suam
3212 550 3503 606 nuditatem
3530 555 3718 611 oculos

2134 649 2497 708 aperuerunt,
2546 640 2599 694 id
2643 651 2745 708 est,
2789 657 2907 696 eam
2953 643 3216 698 curiosius
3258 643 3619 716 adverterunt,
3661 659 3718 705 et

2127 732 2246 801 quia
2281 733 2562 802 impudens
2591 744 2765 789 motus
2812 734 3096 790 voluntatis
3125 736 3345 792 arbitrio
3398 740 3714 810 resistebat,

2126 823 2370 892 pudenda
2415 833 2705 880 texerunt:
2746 827 3012 904 quomodo
3055 838 3234 884 essent
3276 830 3415 885 ﬁlios
3457 847 3720 904 propaga—

2127 914 2251 978 turi,
2286 912 2352 981 si,
2383 923 2440 969 ut
2481 917 2643 971 creati
2673 916 2906 985 fuerant,
2941 920 3054 973 sine
3092 923 3528 988 praevaricatione
3559 939 3714 984 man-

2127 1006 2345 1060 sissent.
2378 1006 2482 1062 Sed
2526 1009 2646 1078 quia
2693 1019 2748 1065 et
2794 1011 2929 1066 liber
2971 1012 3071 1068 iste
3117 1013 3442 1069 claudendus
3469 1025 3580 1081 est,
3615 1032 3720 1082 nec

2129 1106 2273 1153 tanta
2326 1101 2550 1169 quatstio
2593 1103 2643 1156 in
2677 1105 2940 1158 sermonis
2981 1109 3248 1176 angustias
3277 1111 3617 1178 coarctanda,
3662 1113 3717 1168 in

2125 1203 2245 1245 eum
2260 1192 2350 1262 qui
2363 1195 2620 1263 sequitur,
2641 1197 3003 1254 commodiore
3016 1198 3369 1270 dispositione
3384 1203 3681 1260 diﬂ’eratur.
3696 1206 3716 1238 ί

2188 1392 2203 1422 ι
2229 1392 2302 1442 sic
2323 1398 2396 1440 Er.
2418 1398 2471 1443 et
2485 1390 2670 1458 aliquot
2690 1401 2798 1446 Mss.
2823 1395 2928 1458 Alii,
2954 1395 3264 1462 dispositione
3287 1398 3527 1464 diﬁcrtur.

1011 1613 1494 1721 LIBER
1589 1611 1687 1738 Q
1712 1611 2330 1720 UARTUS
2371 1614 3056 1728 DECIMUS
3095 1622 3210 1733 (α).

428 1807 630 1852 limum
649 1801 713 1872 de
745 1802 884 1872 primi
899 1801 1116 1872 hominis
1131 1805 1350 1872 peccato,
1375 1809 1438 1847 ex
1463 1811 1560 1872 (ηιο
1584 1799 1694 1848 vitm
1715 1795 1988 1872 carnalis'et
2003 1797 2566 1872 vitiosarumail‘ectuum
2589 1813 2777 1852 causam
2801 1795 3091 1872 proﬂuxisse
3115 1807 3257 1872 docet
3283 1810 3569 1872 Augustinus
3592 1825 3604 1860 :
3626 1809 3718 1860 sed

511 1860 763 1935 iraesertipi
795 1863 1007 1935 libidinis
1039 1860 1392 1935 erubescenda
1416 1860 1591 1909 malum
1616 1874 1804 1935 pomam
1837 1860 2182 1935 inohedientite
2199 1863 2497 1924 reciprocam
2527 1877 2642 1915 esse
2659 1860 2899 1928 ostendit,
2917 1876 2968 1918 et
2992 1871 3246 1931 quomodo,
3267 1873 3306 1920 si
3333 1860 3425 1922 nvon
3464 1877 3718 1935 peccasset

527 1940 654 1987 omo,
670 1924 796 1976 ﬁlios
817 1925 992 1976 fuisset
1014 1925 1199 1987 absque
1224 1923 1424 1973 libidine
1445 1921 1812 1987 propagaturus,
1839 1921 2052 1984 inquirit.

428 2158 654 2216 CAPUT
702 2158 984 2214 PRIMUM:
1029 2189 1092 2198 -—
1142 2157 1244 2212 Per
1285 2157 1672 2210 inobedientiam
1723 2154 1874 2225 primi
1928 2154 2018 2206 Ito-

501 2252 654 2307 minis
670 2253 723 2304 in
740 2251 974 2306 secundae
990 2253 1165 2304 mortis
1188 2250 1577 2320 perpetuitatem
1606 2248 1830 2302 ruitura:
1849 2263 2020 2300 omnes

499 2345 674 2415 fuisse,
705 2345 803 2397 nisi
827 2343 1010 2398 multos
1035 2343 1126 2396 Dei
1147 2344 1309 2423 gratia
1337 2341 1587 2396 liberaret.

501 2457 738 2513 Diximus
781 2459 888 2526 jam
936 2457 988 2510 in
1035 2455 1397 2525 superioribus
1426 2454 1575 2509 libris
1616 2452 1680 2508 ad
1725 2455 2016 2508 humanum

421 2564 624 2620 genus,
652 2565 757 2602 non
807 2549 977 2602 solum
1024 2559 1223 2601 natura}
1272 2547 1622 2602 similitudine
1665 2545 2012 2610 soeiandum,

421 2653 609 2694 verum
663 2640 821 2694 etiam
873 2636 1099 2709 quadam
1145 2639 1478 2708 cognationis
1526 2638 1919 2696 necessitudine
1961 2639 2013 2690 in

425 2731 688 2785 unitatem
732 2730 1056 2784 concordem
1091 2729 1235 2799 paris
1281 2731 1492 2784 vinculo
1531 2729 1919 2798 colligandztm,
1950 2747 2011 2783 ev

427 2818 652 2876 homine
679 2835 785 2872 uno
811 2821 972 2874 Deum
999 2821 1226 2874 voluisSe
1243 2821 1485 2875 homines
1508 2821 1783 2875 instituere
1807 2840 1815 2872 :
1843 2835 2012 2889 neque

424 2908 532 2968 hoc
575 2923 743 2980 genus
773 2908 938 2966 fuisse
967 2911 1017 2964 in
1051 2911 1273 2981 singulis
1313 2911 1611 2982 quibusque
1655 2912 1969 2965 moriturum
1995 2953 2008 2974 ,

419 3006 525 3064 nisi
557 3003 664 3062 duo
715 3003 892 3078 primi,
941 3019 1165 3074 quorum
1197 3015 1408 3059 creatus
1449 3015 1525 3059 est
1569 3020 1706 3058 unus
1737 3019 1803 3059 ex
1833 3005 2007 3072 nullo,

425 3097 595 3154 altera
625 3114 690 3153 ex
731 3098 845 3166 illo,
877 3093 928 3153 id
970 3096 1329 3152 inobedientia
1371 3099 1693 3152 meruissent
1721 3117 1733 3152 :
1759 3115 1784 3151 a
1821 3099 2010 3169 quibus

419 3188 714 3244 admissum
756 3197 839 3245 est
879 3201 982 3244 tam
1012 3187 1227 3272 grande,
1258 3195 1566 3257 peccatum,
1599 3198 1652 3242 ιιι
1681 3189 1730 3242 in
1777 3190 2011 3243 deterius

419 3295 489 3338 eo
514 3290 703 3336 natura
731 3281 1300 3349 mutareturhumana,
1331 3281 1492 3338 etiam
1523 3280 1573 3333 in
1607 3292 1853 3350 posteros
1880 3281 2010 3333 obii-

416 3372 634 3443 gatione
688 3377 888 3444 peccati
947 3383 1002 3428 et
1062 3377 1247 3429 mortis
1302 3373 1622 3430 necessitate
1677 3375 2006 3426 transmissa.

415 3463 602 3522 Mortis
629 3476 804 3519 autem
839 3477 1059 3536 regnum
1099 3467 1149 3520 in
1183 3467 1428 3523 homines
1467 3483 1634 3536 usque
1674 3464 1808 3524 adeo
1835 3465 2006 3518 domi-

414 3569 600 3615 natum
629 3565 746 3626 est,
779 3567 836 3612 ut
872 3573 1059 3613 omnes
1090 3559 1141 3613 in
1181 3559 1468 3612 sccundatn
1501 3573 1712 3630 quoque
1756 3568 2003 3627 mortem,

417 3651 574 3722 cujus
601 3652 778 3706 nullus
801 3659 882 3705 est
909 3651 1051 3714 linis,
1087 3663 1239 3722 poena
1267 3653 1441 3707 debita
1475 3655 1774 3724 principites
1802 3664 2002 3724 ageret,

413 3741 520 3800 nisi
552 3743 675 3798 inde
718 3743 977 3813 quosdam
1012 3744 1244 3798 indebita
1292 3745 1382 3798 Dei
1432 3747 1597 3813 gratia
1633 3746 1898 3800 liberaret.
1932 3749 2005 3800 Ac

413 3847 513 3905 per
536 3831 640 3888 hoc
683 3833 876 3888 factum
904 3841 1021 3900 est,
1053 3845 1109 3890 ut
1135 3847 1254 3888 eum
1285 3842 1362 3890 tot
1389 3845 1654 3903 tantmque
1694 3843 1878 3906 gentes
1907 3847 2006 3907 per

413 3931 680 3980 terrarum
722 3925 905 3978 orbem
954 3925 1179 3978 diversis
1218 3925 1408 3979 ritibus
1455 3927 1794 3996 moribusque
1822 3928 2004 3981 viven-

412 4018 518 4076 tes,
544 4014 823 4083 multiplici
853 4014 1174 4083 linguarum,
1205 4030 1495 4079 armorum,
1526 4017 1749 4070 vcstimn
1781 4017 1888 4071 sint
1909 4031 2000 4071 va-

415 4104 605 4161 rietate
631 4105 896 4160 disﬁnetae
917 4123 931 4171 ;
954 4120 1060 4161 non
1093 4115 1268 4162 tanien
1291 4109 1519 4177 amplius
1541 4123 1698 4176 quam
1724 4109 1827 4163 duo
1854 4125 2000 4180 quaa-

413 4195 538 4251 dam
574 4209 767 4267 genera
817 4197 1062 4252 humanae
1097 4201 1367 4253 societatis
1409 4200 1734 4265 existerent,
1769 4215 1899 4271 quas
1929 4205 2003 4257 ci-

411 4289 608 4343 vitates
666 4289 800 4344 duas
852 4293 1147 4346 secundum
1195 4293 1500 4361 St‘l‘lpllll'ﬂs
1551 4307 1760 4350 noswas
1811 4299 2002 4352 merito

413 4380 689 4450 appellare
731 4383 1017 4451 possimus.
1077 4382 1189 4438 Una
1221 4384 1414 4453 quippe
1455 4393 1536 4440 est
1585 4387 1855 4442 hominum
1913 4405 2000 4444 se-

411 4472 646 4528 cundum
675 4487 914 4539 carnem,
940 4476 1107 4530 altera
1135 4477 1425 4531 secundum
1454 4479 1696 4546 Spiritum
1738 4481 1917 4535 vivere
1949 4483 2000 4535 in

413 4565 500 4622 sui
521 4566 780 4636 cujusque
807 4568 1020 4637 generis
1053 4583 1178 4637 pace
1199 4569 1527 4634 volentium;
1557 4580 1750 4624 etcum
1782 4573 1830 4625 id
1859 4574 1996 4642 quod

411 4669 667 4732 expetunt
701 4673 1082 4732 assequuntur,
1131 4664 1182 4717 in
1212 4664 1294 4718 sui
1324 4665 1583 4735 cujusque
1630 4667 1840 4735 generis
1871 4681 1999 4738 pace

409 4751 722 4806 viVentium.

410 4861 640 4924 CAPUT
673 4867 736 4923 ll.
766 4899 838 4910 ——
867 4863 946 4924 De
987 4871 1087 4924 vita
1111 4872 1342 4937 carnali,
1389 4891 1501 4944 qua:
1528 4890 1626 4927 non
1669 4891 1730 4928 ex
1775 4876 1998 4945 corporis

509 4958 735 5028 tantum,
763 4963 852 5017 sed
871 4964 1020 5017 etiam
1041 4980 1105 5019 ea:
1125 4965 1283 5018 animi
1302 4967 1363 5020 sit
1391 4967 1718 5038 intelligenda
1747 4969 1900 5022 vitiis.

483 5076 537 5130 l.
581 5075 736 5131 Prius
782 5092 910 5149 ergo
948 5077 1232 5132 videndum
1283 5090 1397 5146 est,
1426 5079 1553 5149 quid
1590 5079 1656 5133 sit
1704 5081 1995 5136 secundum

405 5179 658 5234 carnem,
700 5168 827 5238 quid
877 5169 1167 5224 secundum
1213 5169 1456 5240 spiritum
1501 5171 1698 5225 vivere.
1747 5171 1998 5242 Quisquis

409 5257 554 5312 enim
575 5257 674 5311 hoc
701 5259 840 5327 quod
867 5260 1099 5314 diximus
1124 5262 1290 5329 prima
1319 5262 1493 5317 fronte
1519 5264 1754 5331 inspicit,
1784 5265 1864 5319 vel
1889 5282 1994 5320 non

408 5349 688 5412 recolens,
720 5351 799 5405 vel
832 5353 1008 5406 minus
1030 5353 1316 5409 advertens
1355 5355 1799 5426 quemadmodum
1854 5357 1996 5414 Scri-

408 5450 585 5510 pturte
626 5450 824 5497 sanctae
854 5442 1172 5512 loquantur,
1214 5456 1384 5514 potest
1433 5456 1619 5516 putare
1649 5449 1993 5520 phiIOSOphos

409 5532 623 5604 quidem
685 5535 976 5606 Epicureos
1023 5539 1313 5594 secundum
1347 5555 1560 5594 carnem
1607 5542 1811 5608 vivere,
1871 5546 1990 5615 quia

409 5639 679 5683 summum
717 5629 913 5684 bonum
957 5630 1188 5685 hominis
1231 5632 1279 5712 ξι
1320 5633 1559 5701 corporis
1591 5635 1857 5707 voluptate
1901 5654 1990 5709 po-

465 5758 542 5833 (α)
565 5759 856 5833 (:itatur_bic
891 5762 1016 5833 liber
1051 5765 1096 5833 in
1136 5763 1304 5833 librol
1343 5768 1737 5833 contra_advers.
1774 5770 1918 5833 Legls
1940 5778 1992 5822 et

399 5824 648 5883 PrOphet.,
673 5837 722 5874 [ι.
749 5824 826 5886 18,
853 5827 1033 5890 scripto
1055 5827 1248 5876 circiter
1279 5840 1457 5878 annum
1479 5829 1585 5881 420.

2128 2165 2383 2220 suerunt;
2415 2167 2469 2212 et
2514 2159 2557 2212 si
2597 2161 2686 2230 qui
2712 2161 2799 2215 alii
2829 2167 2980 2230 sunt,
3011 2164 3099 2234 qui
3146 2175 3358 2236 quoquo
3389 2167 3546 2222 modo
3595 2173 3712 2225 cors

2128 2250 2275 2319 poris
2303 2252 2522 2318 bonum,
2556 2267 2825 2309 summum
2879 2257 3076 2311 honuni
3107 2267 3223 2314 esSe
3255 2260 3483 2315 heminis
3510 2263 3713 2332 opinati

2127 2352 2283 2410 sunt;
2315 2354 2370 2399 et
2413 2360 2573 2401 omne
2612 2361 2797 2402 eorttm
2841 2350 3062 2419 vulgus,
3097 2352 3185 2420 qui
3229 2367 3330 2407 non
3361 2355 3536 2423 aliquo
3579 2349 3712 2423 dog-

2125 2443 2296 2502 mate,
2321 2437 2406 2492 vel
2443 2453 2511 2492 eo
2539 2439 2698 2493 modo
2725 2440 3194 2510 philosophantur,
3236 2441 3329 2499 sed
3360 2447 3619 2516 proclives
3645 2445 3714 2503 ad

2127 2528 2421 2595 libidinem,
2453 2532 2552 2586 nisi
2598 2547 2664 2588 ex
2692 2533 3047 2602 voluptatibus
3069 2577 3083 2601 ,
3114 2551 3244 2605 quas
3269 2537 3539 2604 cerporeis
3585 2553 3713 2592 sen-

2125 2624 2271 2678 sibus
2298 2628 2533 2696 capiunt,
2563 2628 2795 2700 gaudere
2833 2632 3076 2686 nesciunt
3108 2652 3120 2687 :
3145 2631 3352 2688 Stoicos
3382 2643 3555 2688 autem
3575 2678 3587 2696 ,
3621 2636 3711 2704 qui

2124 2730 2391 2770 summum
2419 2719 2612 2773 bonum
2637 2720 2868 2776 hominis
2897 2723 2948 2776 in
2978 2725 3155 2778 animo
3178 2735 3399 2794 ponunt,
3418 2726 3711 2782 secundum

2122 2809 2366 2876 spiritum
2405 2812 2618 2877 vivere;
2649 2813 2767 2883 quia
2812 2823 2866 2868 et
2911 2815 3141 2870 hominis
3179 2817 3388 2871 animus
3427 2818 3549 2888 quid
3592 2821 3709 2884 est,

2120 2899 2224 2953 nisi
2250 2899 2508 2969 Spiritus?
2533 2903 2639 2958 Sed
2667 2905 2802 2958 sicut
2827 2905 3064 2976 loquitur
3088 2905 3359 2978 Scriptura
3388 2903 3586 2975 divina,
3618 2918 3713 2965 'se-

2119 2993 2350 3048 cundum
2383 3009 2599 3051 carnem
2625 2997 2802 3053 vivere
2833 2999 3043 3069 utrique
3069 3003 3450 3055 monstrantur.
3480 3002 3710 3058 Carnem

2119 3086 2315 3154 quippe
2365 3088 2629 3157 appellat,
2679 3105 2784 3144 non
2836 3092 3008 3146 Solum
3061 3108 3257 3163 corpus
3309 3095 3502 3149 terreni
3548 3103 3714 3166 atque

2120 3178 2363 3233 mortaiis
2410 3181 2744 3238 animantis:
2796 3184 2959 3240 veluti
3011 3201 3130 3240 cum
3176 3185 3330 3251 dicit,
3384 3186 3501 3241 Non
3545 3191 3713 3243 omnis

2116 3272 2234 3323 στιγο
2255 3271 2428 3325 eadem
2455 3290 2610 3337 caro;
2647 3275 2737 3328 sed
2774 3277 2879 3330 alia
2906 3277 3108 3348 quidem
3139 3278 3354 3333 hominis
3373 3323 3386 3344 ,
3415 3279 3517 3333 alia
3537 3291 3708 3334 autem

2114 3371 2233 3416 caro
2252 3364 2463 3431 pecoris,
2483 3366 2583 3418 alia
2596 3367 2875 3434 volucrum,
2890 3369 2993 3423 alia
3010 3370 3220 3440 piscium
3248 3365 3291 3441 (Ι
3311 3369 3427 3426 Cor.
3442 3387 3532 3438 xv,
3554 3371 3648 3441 39)
3690 3391 3704 3428 :

2116 3455 2212 3511 sed
2259 3457 2376 3511 aliis
2423 3459 2603 3515 multis
2641 3461 2815 3515 modis
2856 3463 3242 3532 significatione
3280 3463 3439 3534 hujus
3476 3459 3709 3520 nominis

2115 3547 2303 3616 utitur,
2327 3548 2467 3604 inter
2494 3555 2629 3621 quos
2650 3553 2826 3607 'varios
2855 3553 3138 3609 locutionis
3168 3556 3354 3610 modos
3376 3561 3517 3627 Smpe
3541 3559 3707 3611 etiam

2113 3646 2288 3715 ipsum
2331 3641 2642 3720 hominem,
2689 3645 2741 3699 id
2780 3658 2862 3700 est
2901 3649 3145 3702 naturam
3186 3647 3451 3717 hominis,
3480 3663 3702 3706 carnem

2113 3752 2402 3810 nuncupat,
2424 3743 2583 3798 modo
2609 3739 2892 3802 locutionis
2920 3756 2948 3801 a
2972 3752 3121 3816 parte
3151 3737 3317 3797 tolum
3349 3739 3388 3811 ί,
3415 3737 3573 3814 quale
3595 3741 3703 3810 est,

2111 3832 2198 3889 Ex
2227 3837 2458 3905 operibus
2497 3839 2618 3908 legis
2656 3857 2755 3892 non
2773 3841 3137 3910 justi/imbitur
3179 3835 3340 3898 omnis
3375 3849 3494 3898 caro
3518 3835 3701 3919 (Bam-

2112 3947 2196 3993 lli,
2232 3931 2346 4001 9.0).
2374 3932 2506 3999 Quid
2532 3935 2672 3987 enim
2700 3935 2867 3989 voluit
2898 3937 3136 4006 intelligi,
3170 3939 3270 3992 nisi
3295 3940 3470 3993 omnis
3501 3939 3704 3995 homo?

2109 4023 2258 4090 Quod
2293 4027 2527 4093 apertius
2569 4028 2726 4096 paulo
2759 4038 2877 4097 post
2907 4031 2978 4082 ait
2999 4073 3012 4096 ,
3041 4028 3107 4083 In
3145 4027 3252 4103 lege
3281 4049 3424 4085 nemo
3439 4023 3703 4103 justi/ica-

2110 4127 2188 4169 tur
2214 4117 2233 4148 ²
2262 4115 2456 4186 (Galat.
2485 4135 2570 4184 ιιι,
2609 4117 2694 4188 il)
2723 4138 2734 4173 :
2760 4129 2812 4174 et
2839 4109 2902 4175 ad
2936 4121 3171 4187 Galatas,
3197 4123 3425 4179 Scientes
3445 4127 3562 4194 quia
3593 4144 3699 4180 non

2105 4207 2463 4279 iustiﬁcabitur
2497 4208 2516 4239 ³
2568 4210 2715 4264 homo
2763 4229 2822 4266 ea;
2873 4213 3104 4282 aperibus
3149 4214 3270 4283 legis
3311 4213 3421 4285 (Id.
3471 4231 3525 4282 ιι,
3581 4214 3696 4289 16),

2107 4305 2407 4362 Secundum
2451 4307 2552 4364 hoc
2594 4311 2933 4381 intelligitur,
2980 4309 3046 4364 Et
3097 4307 3312 4384 Verbum
3352 4329 3470 4366 caro
3504 4317 3700 4382 factum

2106 4407 2178 4454 est
2203 4397 2377 4469 (Joan.
2410 4416 2446 4467 ι,
2481 4401 2572 4472 M)
2605 4420 2617 4455 :
2650 4399 2699 4456 id
2730 4412 2829 4465 est,
2859 4402 3038 4456 homo.
3063 4389 3214 4479 Quod
3242 4418 3344 4456 non
3379 4413 3522 4457 recte
3549 4404 3697 4458 accio

2105 4491 2314 4562 pientes
2339 4495 2550 4565 quidam
2586 4496 2660 4567 (a)
2684 4507 3031 4566 .pntaverunt
3048 4496 3259 4551 Christo
3276 4494 3557 4551 humanam
3579 4500 3701 4552 aui-

2107 4601 2243 4639 mam
2265 4585 2514 4642 defuisse.
2537 4589 2682 4644 Sient
2697 4589 2842 4664 enim
2863 4605 2889 4641 a
2912 4598 3020 4642 toto
3043 4603 3163 4656 pars
3181 4588 3457 4659 accipitur,
3481 4589 3565 4642 ubi
3585 4589 3666 4642 Ma
3679 4622 3700 4630 -

2106 4676 2197 4731 ria:
2228 4678 2549 4749 Magtlalcnzv
2575 4679 2732 4733 verba
2765 4679 2816 4733 in
2841 4675 3131 4748 Evnngelio
3161 4679 3405 4751 leguntur
3423 4679 3648 4734 dicentis
3678 4724 3693 4744 ,

2104 4771 2428 4824 Abstulerunt
2472 4771 2746 4826 Dominum
2791 4790 2991 4838 meum,
3025 4782 3069 4826 et
3100 4773 3262 4826 nescio
3308 4773 3391 4826 ubi
3420 4783 3696 4842 posuerunt

2103 4878 2215 4914 eum
2250 4859 2356 4932 (Id.
2383 4863 2622 4931 xx,15);
2654 4879 2773 4916 cum
2807 4861 2872 4917 de
2898 4862 3010 4915 sola
3035 4861 3230 4917 Christi
3263 4878 3422 4926 carne
3447 4862 3698 4929 loquere-

2105 4961 2217 5016 tur,
2250 4968 2407 5022 quam
2436 4955 2694 5022 sepultam
2717 4955 2779 5008 tle
2808 4964 3154 5008 monumento
3177 4951 3391 5022 putabat
3417 4939 3647 5008 ablatam
3681 4972 3695 5008 :

2103 5044 2172 5098 ita
2219 5054 2273 5099 et
2319 5061 2345 5097 a
2392 5056 2545 5114 parte
2597 5055 2798 5110 totum,
2854 5063 3013 5101 carne
3060 5046 3330 5099 nominata
3379 5037 3697 5113 intelligitur

2051 5183 2053 5185 .
2104 5135 2300 5204 homo;
2327 5135 2480 5190 sicuti
2513 5152 2574 5191 ea
2600 5148 2723 5191 sunt
2745 5154 2862 5207 qua:
2892 5153 3050 5207 supra
3071 5133 3629 5192 commemOravimus.

2169 5227 2224 5283 2.
2264 5227 2396 5283 Cum
2444 5230 2600 5297 igitur
2653 5229 2833 5283 multis
2889 5229 3088 5294 modis,
3120 5244 3251 5296 quos
3287 5218 3604 5296 perscrutari
3637 5223 3696 5280 et

2100 5322 2351 5393 colligere
2375 5317 2587 5392 longum
2608 5333 2722 5388 est,
2746 5321 2922 5377 divina
2957 5323 3231 5392 Scriptura
3261 5330 3527 5391 nuncupet
3567 5337 3692 5387 car-

2162 5435 2182 5470 ί
2215 5442 2361 5507 ειη-ει
2375 5441 2508 5507 ιρι,
2527 5449 2556 5507 a
2573 5443 2709 5507 parte
2727 5441 2877 5488 totum
2895 5434 3189 5507 signiﬁcans.
3215 5437 3375 5507 Abest,
3387 5432 3694 5507 signiﬁcans,

2098 5497 2161 5548 ab
2186 5498 2328 5560 editis
2366 5496 2472 5547 aliis
2497 5505 2548 5548 et
2574 5496 2668 5547 'Mss
2723 5508 2775 5547 nt
2811 5496 2987 5549 sensus
3021 5496 3109 5560 'sit,
3135 5497 3275 5548 modo
3298 5496 3546 5548 locutionis
3579 5496 3696 5559 qmr

2097 5559 2385 5623 appellatur,
2411 5575 2440 5608 α
2463 5568 2597 5623 parte
2619 5567 2783 5610 totum.

2162 5619 2180 5653 '1
2217 5630 2345 5680 l.ov.,
2375 5632 2427 5671 In
2455 5619 2557 5686 lege
2596 5637 2699 5686 non,
2732 5621 3072 5686 iusti/imbitur
3091 5619 3426 5686 omnislgonto.
3453 5623 3570 5672 Editi
3606 5622 3694 5674 alii

2099 5691 2151 5735 et
2171 5692 2300 5748 Mss,
2332 5693 2382 5732 tn
2405 5681 3000 5748 lcgtittemoiustiﬁcatur;
3027 5683 3125 5746 vel,
3141 5681 3504 5748 justt'ﬁcabitur.

2160 5748 2181 5780 ³
2213 5747 2370 5796 Codex
2396 5747 2533 5805 2051,
2549 5745 2865 5812 jttstiﬁcatur.
2983 5745 2990 5747 ⁷
3013 5753 3070 5797 ﬂ.

2157 5832 2230 5895 (α)
2264 5829 2625 5895 Αροιϋωιδὶεῐω.
