4054 6480
259 391 356 459 ωδ

260 526 413 569 nem:
444 507 576 581 quid
604 508 679 571 sit
698 505 989 565 secundum
1026 518 1242 575 carnem
1267 501 1445 559 vivere
1484 499 1506 574 (
1532 498 1673 572 quod
1726 512 1850 569 pro-

260 602 395 661 lecto
445 601 652 674 malum
710 607 829 665 est,
879 612 997 654 eum
1044 595 1155 668 ipsa
1204 594 1378 655 carnis
1429 599 1615 646 natura
1650 606 1751 645 non
1784 588 1855 647 sit

260 695 454 759 malum
478 691 575 767 )pt
601 680 856 765 indagare
884 688 1180 762 possimus,
1212 685 1555 759 inspiciamus
1571 682 1850 755 diligenter

259 790 403 851 illum
433 788 611 853 locum
636 782 890 859 Ερῑειοιιη
929 783 1078 841 Pauli
1134 778 1398 852 apostoli,
1426 794 1582 851 quam
1636 775 1852 849 scripsit

258 880 323 934 ad
349 878 574 934 Galatas
596 920 611 943 ,
642 876 730 931 ubi
760 876 865 943 ait,
896 872 1173 945 Manifesta
1201 881 1365 933 autem
1390 888 1510 926 sunt
1550 885 1704 942 Opera
1733 884 1848 922 car-

258 972 355 1038 nis,
409 984 526 1039 qua:
571 977 691 1025 sunt
739 966 1022 1031 adulteria,
1052 964 1442 1039 fornicationes,
1492 960 1845 1041 inmunditiae,

257 1064 508 1128 luxuriae,
541 1062 793 1129 idolorum
820 1060 1030 1115 servitus
1049 1100 1062 1122 ,
1093 1056 1332 1122 veneﬁcia
1352 1097 1365 1120 ,
1397 1053 1692 1121 inimicitiis,
1723 1069 1849 1106 con—

258 1157 522 1221 tentiones,
540 1153 906 1217 aemulationes,
928 1150 1294 1214 animositates,
1319 1146 1676 1217 dissensiones,
1692 1144 1851 1198 ntere-

256 1265 352 1313 ses,
377 1246 607 1319 incidite,
632 1245 910 1311 ebrietates,
932 1243 1338 1307 comessationes,
1357 1250 1403 1294 et
1421 1238 1498 1293 his
1513 1236 1725 1302 similia;
1741 1253 1852 1309 qua:

258 1340 481 1415 prgqlico
498 1338 659 1407 vobis,
690 1339 817 1393 sicut
834 1349 879 1395 et
898 1337 1135 1409 prwdixi,
1158 1335 1393 1406 quoniam
1409 1332 1494 1405 qui
1519 1331 1641 1386 talia
1671 1340 1848 1404 agunt,

256 1453 468 1509 regnum
486 1435 582 1491 Dei
612 1452 714 1489 non
733 1429 1259 1507 possidebunt(Galat.
1279 1446 1331 1501 ν,
1356 1425 1552 1500 19-21).
1578 1425 1680 1481 Iste
1710 1434 1851 1489 totus

257 1526 507 1600 Epistolze
527 1525 838 1596 apostolicae
851 1524 998 1579 locus
1012 1565 1027 1589 ,
1044 1529 1298 1594 quantum
1311 1518 1375 1574 ad
1391 1534 1503 1574 rem
1531 1526 1847 1591 przrsentcm

256 1620 385 1687 satis
396 1634 521 1674 esse
531 1618 820 1684 videbitur,
832 1616 1221 1681 consideratus,
1239 1614 1431 1693 poterit
1448 1611 1584 1671 hanc
1598 1610 1849 1665 dissolve-

212 1706 219 1727 ‘
256 1711 710 1782 requtestionem,
744 1708 869 1781 quid
901 1710 969 1764 sit
998 1707 1287 1765 secundum
1312 1722 1527 1767 carnem
1558 1706 1756 1761 vivere.
1791 1704 1848 1767 in

256 1800 505 1876 Operibus
522 1819 755 1876 namque
780 1802 975 1871 carnis,
999 1820 1117 1876 quae
1136 1801 1412 1873 manifesta
1440 1816 1559 1859 esse
1583 1800 1733 1864 dixit.
1758 1814 1847 1857 ea-

258 1912 356 1969 que
371 1908 797 1957 commemorata
819 1894 1121 1960 damnavit,
1150 1910 1252 1948 non
1287 1893 1374 1949 illa
1411 1901 1615 1949 tantum
1645 1890 1853 1947 inveni-

256 2005 404 2060 mus,
431 2006 554 2063 qua:
580 1990 648 2049 ad
672 1990 995 2061 voluptatem
1024 1989 1289 2061 pertinent
1314 1987 1487 2043 carnis
1506 2028 1521 2055 ,
1545 1986 1699 2047 sicuti
1726 1995 1849 2045 sunt

255 2082 670 2151 lomieationes,
714 2083 1062 2141 immunditite
1082 2126 1096 2151 ,
1127 2083 1380 2149 luxuriat,
1405 2082 1689 2141 ebrietates
1709 2122 1725 2147 ,
1756 2094 1849 2135 co-

256 2177 856 2245 messationes;verum
901 2176 1061 2233 etiam
1114 2175 1200 2231 illa
1257 2174 1447 2244 quibus
1509 2172 1669 2229 animi
1722 2171 1849 2227 vitia

256 2266 695 2329 demonstrantur
716 2282 747 2323 a
774 2268 1045 2339 voluptate
1089 2264 1268 2322 carnis
1307 2266 1499 2323 aliena.
1531 2265 1661 2335 Quis
1703 2264 1844 2321 enim

255 2357 564 2419 servitutem
591 2374 711 2430 qua:
734 2357 888 2417 idolis
935 2357 1236 2423 exhibetur,
1279 2355 1569 2419 venalicia,
1622 2355 1849 2411 inimici-

256 2447 370 2513 tias,
401 2447 815 2515 contentiones,
851 2447 1238 2514 mutulationes,
1287 2446 1689 2513 animositates,
1738 2445 1843 2499 dis-

255 2539 569 2610 sensiones,
602 2539 870 2608 haereses,
922 2540 1313 2605 invidias,non
1361 2540 1535 2610 potius
1584 2538 1848 2617 intelligat

255 2632 413 2695 animi
444 2630 573 2689 vitia
620 2647 741 2689 esse
770 2648 929 2707 quam
974 2632 1195 2689 carnis?
1232 2631 1673 2703 Quandoquidem
1733 2630 1847 2689 ticri

254 2734 445 2795 potest,
466 2731 529 2795 ut
548 2735 767 2797 propter
792 2723 1147 2789 idololatriam
1163 2720 1246 2781 vel
1272 2721 1492 2778 haeresis
1511 2721 1734 2792 alicujus
1755 2737 1844 2778 er-

255 2832 426 2873 rorem
453 2834 484 2871 a
518 2814 879 2887 voluptatibus
903 2816 1079 2871 carnis
1130 2824 1499 2886 temperetur:
1558 2821 1613 2870 et
1669 2824 1846 2873 tamen

256 2913 410 2968 etiam
432 2919 566 2967 tunc
582 2911 776 2973 homo,
810 2909 1054 2980 quamvis
1082 2907 1261 2963 carnis
1289 2900 1540 2971 libidines
1566 2907 1847 2968 continere

255 3010 408 3076 atque
446 3002 705 3060 cohibere
756 3002 1020 3068 videatur,
1050 3001 1347 3069 secundum
1397 3016 1615 3056 carnem
1666 3001 1847 3058 vivere

257 3094 351 3154 hac
376 3097 672 3171 apostolica
702 3096 1017 3152 auctoritate
1038 3094 1406 3163 convincitur;
1428 3103 1483 3150 et
1508 3094 1562 3150 in
1606 3110 1673 3153 eo
1701 3094 1847 3166 quod

256 3176 482 3247 abstinet
529 3204 559 3244 a
612 3184 971 3259 voluptatibus
1026 3187 1204 3243 carnis
1235 3229 1251 3253 ,
1297 3186 1619 3241 damnabilia
1682 3201 1848 3260 Opera

257 3281 431 3337 carnis
456 3295 622 3351 agere
648 3279 1064 3335 demonstratur.
1096 3277 1227 3345 Quis
1281 3277 1587 3334 inimicitias
1641 3294 1745 3333 non
1792 3279 1845 3334 in

257 3372 689 3431 admobobeat?
715 3381 807 3427 aut
834 3373 955 3444 quis
975 3372 1332 3443 italoquatur,
1362 3380 1423 3427 ut
1461 3372 1678 3429 inimico
1724 3387 1844 3441 suo,

257 3468 334 3525 vel
360 3480 521 3558 quem
553 3474 706 3539 putat
732 3466 1004 3523 inimicum
1022 3508 1038 3532 ,
1063 3466 1206 3522 dicat
1224 3508 1240 3533 ,
1271 3465 1462 3523 Malam
1502 3482 1720 3522 carnem
1741 3510 1755 3534 ,
1784 3480 1847 3521 ac

259 3556 616 3631 non‘potius,
646 3558 842 3614 Italum
893 3560 1131 3614 animum
1186 3558 1353 3615 babes
1387 3556 1673 3614 adversum
1721 3559 1849 3614 me?

259 3651 538 3708 Postremo
555 3651 695 3706 sicut
723 3651 1090 3719 carnalitates,
1110 3659 1167 3705 ut
1192 3652 1263 3705 ita
1288 3650 1459 3705 dicam
1481 3693 1496 3719 ,
1527 3651 1573 3706 si
1604 3650 1723 3722 quis
1752 3665 1848 3705 au-

258 3744 455 3811 disset,
482 3758 592 3800 non
622 3745 1089 3802 dubitassctcarni
1118 3745 1385 3809 tribuere;
1411 3744 1485 3799 ita
1532 3760 1689 3801 nemo
1751 3744 1849 3799 du-

258 3837 383 3893 bitat
406 3838 783 3892 animositates
831 3836 898 3892 ad
942 3839 1177 3891 animum
1237 3838 1543 3906 pertinere:
1573 3848 1670 3892 cur
1721 3848 1848 3911 ergo

259 3924 367 3983 haec
392 3928 577 3983 omnia
602 3938 658 3983 et
688 3929 770 3982 his
797 3928 992 3984 similia
1022 3929 1221 3983 Doctor
1239 3928 1489 3984 Gentium
1538 3929 1591 3983 in
1638 3926 1742 3983 nde
1794 3937 1848 3984 ct

260 4020 479 4076 veritate
502 4032 669 4091 opera
697 4020 875 4075 carnis
898 4020 1166 4090 appellat,
1186 4020 1287 4075 nisi
1307 4020 1429 4090 quia
1456 4030 1523 4075 eo
1569 4019 1847 4076 locutionis

259 4113 434 4181 modo,
463 4126 576 4185 quo
604 4121 773 4168 totum
802 4111 1134 4184 significatur
1162 4130 1189 4167 a
1240 4122 1420 4185 parte,
1454 4114 1626 4185 ipsum
1677 4114 1849 4169 homi-

261 4218 379 4260 nm
407 4205 525 4261 vult
547 4206 764 4260 nurnine
788 4205 966 4262 carnis
996 4198 1259 4277 intelligit

259 4294 481 4354 CAPUT
509 4296 596 4353 Ill.
625 4326 698 4339 -—
717 4296 923 4353 Peecatt
938 4310 1148 4352 causam
1174 4313 1238 4353 ex
1262 4300 1456 4364 animo,
1475 4312 1580 4354 non
1604 4315 1670 4356 ea:
1696 4315 1850 4356 carne

324 4390 593 4460 prodiisse,
620 4399 669 4444 es
688 4386 1065 4463 corhptionem
1079 4407 1145 4447 ea:
1160 4401 1364 4467 peccato
1382 4394 1715 4461 contractam,
1747 4411 1846 4450 non

325 4491 587 4554 peccatum
613 4496 751 4551 esse,
780 4483 872 4540 sed
896 4498 1115 4555 panum.

326 4575 377 4629 i.
416 4574 572 4644 Quod
597 4576 643 4630 si
674 4576 953 4647 quisquam
980 4576 1131 4641 dicit,
1160 4588 1380 4633 carnem
1405 4588 1622 4634 causam
1643 4592 1761 4635 esse
1793 4580 1845 4635 in

258 4668 411 4724 malis
425 4669 671 4725 moribus
699 4676 1161 4743 quorumcumque
1182 4672 1455 4738 vitiorum,
1484 4684 1550 4726 eo
1567 4670 1709 4743 quod
1730 4675 1847 4728 ani-

259 4774 342 4816 ma
362 4774 526 4819 carne
546 4762 736 4818 affecta
760 4763 837 4819 sic
861 4764 1008 4830 vivit;
1029 4762 1271 4834 profecto
1299 4778 1403 4819 non
1424 4764 1724 4821 universam
1748 4764 1848 4820 lio-

259 4855 417 4911 minis
435 4864 684 4912 naturam
706 4856 989 4928 diligenter
1004 4858 1251 4913 advertit.
1272 4858 1401 4913 Nam
1424 4870 1608 4930 corpus
1635 4858 1847 4931 quidem

261 4950 591 5020 corruptibile
618 4958 862 5021 aggraval
881 4951 1102 5004 animam
1133 4949 1483 5025 (Sap.tx,i5).
1510 4948 1662 5008 Unde
1689 4954 1847 5007 etiam

260 5038 398 5095 idem
425 5041 701 5113 apostolos
720 5056 882 5114 agens
908 5042 975 5099 de
1004 5042 1106 5099 hoc
1138 5042 1469 5114 corruptibili
1496 5060 1719 5115 corpore
1739 5089 1753 5113 ,
1782 5045 1850 5103 de

259 5146 365 5200 quo
384 5133 547 5204 paulo
578 5142 701 5187 ante
726 5133 971 5202 dixerat,
997 5132 1105 5189 Etsi
1131 5137 1348 5190 exterior
1380 5136 1527 5191 homo
1549 5149 1715 5193 noster
1736 5155 1853 5192 cor-

260 5227 509 5295 rumpitur
538 5226 605 5296 (li
619 5224 739 5282 Cor.
759 5243 835 5286 tv.
858 5226 946 5301 id)
968 5245 980 5282 :
1007 5227 1230 5297 Scimus,
1250 5229 1439 5304 inquit,
1458 5232 1578 5304 quia
1598 5234 1642 5286 si
1657 5242 1852 5287 terrena

260 5324 431 5370 nostra
450 5316 635 5372 domus
654 5317 974 5374 habitationis
987 5320 1004 5353 ί
1018 5320 1339 5389 dissolvatur,
1354 5323 1738 5392 mdiﬁctttiouem
1754 5326 1851 5379 Ita-

259 5404 427 5463 bestius
445 5425 509 5464 ea:
526 5407 660 5477 Deo,
673 5408 879 5465 domum
892 5427 992 5467 non
1013 5429 1165 5468 manu
1171 5416 1356 5485 [actam
1368 5402 1608 5470 mteritam
1624 5417 1677 5471 in
1691 5416 1847 5472 caelis.

261 5494 465 5555 Etenim
480 5500 535 5557 in
558 5501 656 5556 hoc
675 5503 1071 5573 ingemiscimus.
1091 5504 1438 5565 habitaculum
1456 5518 1690 5571 nostrum
1714 5512 1851 5582 quod

256 5591 321 5645 de
349 5594 472 5648 ccta
491 5603 564 5649 est
579 5595 879 5665 superindui
902 5599 1244 5670 cupientes:si
1264 5609 1428 5654 tamen
1443 5610 1491 5655 et
1505 5601 1672 5655 induti
1687 5603 1728 5667 ',
1748 5618 1851 5656 non

325 5772 342 5806 ⁸
380 5773 512 5839 Editi,
534 5772 681 5840 hujus
1058 5778 1224 5842 Abest,
1247 5777 1410 5842 ludus,
1449 5794 1479 5830 a
1514 5780 1852 5842 minusa'iptis

253 5846 363 5931 αῖ
378 5840 1105 5967 πῗῖἑῖξῗαλέτὲἕξιωω,
1131 5901 1345 5965 sitanen
1363 5901 1557 5968 naua,-
1575 5903 1846 5964 mea.

1434 380 1633 449 LIBER
1675 375 2003 453 ουᾼιιτυε
2041 376 2353 451 DECIMUS.

3444 379 3552 449 tas

1967 495 2094 549 nudi
2119 495 2449 549 inveniamur.
2483 493 2685 551 Etenim
2709 496 2796 570 qui
2814 497 3009 553 sumus‘
3026 496 3079 550 in
3102 495 3196 548 hac
3221 495 3551 575 habitatione,

1963 584 2337 661 ingemiscimus
2359 589 2591 661 gravati:
2615 605 2673 643 eo
2696 588 2833 663 quod
2870 588 3106 643 nolumus
3130 588 3404 662 exspoliari
3421 630 3437 659 ,
3464 591 3554 655 sed

1960 676 2301 749 supervestiri,
2324 687 2377 732 ut
2396 676 2717 733 absorbeatur
2732 678 2948 734 mortale
2965 696 2997 735 a
3017 680 3120 734 vita
3134 678 3199 751 (li
3216 677 3334 736 Cor.
3350 695 3402 746 ν,
3419 677 3548 755 1-4).

1964 769 2033 825 Et
2056 785 2404 841 aggravamur
2429 786 2555 844 ergo
2570 772 2903 844 corruptibili
2925 787 3169 847 corpore,
3195 783 3250 829 et
3272 773 3437 846 ipsius
3460 787 3554 851 ag~

1962 862 2283 932 gravationis
2310 878 2544 931 causam,
2575 879 2682 927 non
2696 872 2936 919 naturam
2962 863 3554 945 substantiamqueeor-

1961 952 2107 1027 poris
2132 996 2146 1021 ,
2176 952 2271 1009 sed
2294 956 2411 1025 ejus
2436 956 2831 1027 corruptionem
2858 958 3087 1014 scientes
3107 999 3120 1023 ,
3155 958 3403 1015 nolumus
3430 972 3554 1015 εον-ι

1961 1061 2091 1116 pore
2110 1047 2419 1117 ex5poliari,
2438 1045 2533 1103 sed
2552 1045 2666 1120 ejus
2692 1048 3092 1105 immortalitate
3111 1050 3317 1106 vestiri.
3336 1050 3403 1106 Et
3424 1061 3552 1107 tunc

1960 1140 2102 1194 enim
2124 1140 2226 1195 erit
2253 1140 2350 1212 (a),
2379 1138 2474 1196 sed
2504 1139 2625 1211 quia
2647 1141 2991 1213 corruptibile
3018 1158 3121 1198 non
3150 1144 3271 1209 erit,
3305 1160 3409 1201 non
3439 1159 3553 1216 gra-

1960 1228 2124 1286 vabit.
2154 1228 2408 1305 Aggravat
2455 1247 2582 1305 ergo
2622 1247 2764 1289 nunc
2811 1232 3033 1288 animam
3077 1250 3257 1304 corpus
3301 1236 3552 1306 corrupti-

1959 1320 2076 1391 bile,
2103 1334 2151 1381 et
2176 1323 2415 1396 deprimit
2441 1333 2638 1379 terrena
2661 1323 2963 1380 inhabitatio
2988 1340 3188 1381 sensum
3226 1326 3383 1383 multa
3411 1327 3549 1398 cogi-

1958 1425 2144 1475 tantem
2175 1408 2419 1491 (Sapltx,
2449 1417 2559 1491 i5).
2595 1417 2976 1476 Verumtamen
3006 1418 3094 1489 qui
3142 1419 3320 1475 omnia
3349 1420 3543 1475 animat
3622 1488 3639 1499 κ

1958 1508 2096 1564 mala
2135 1524 2202 1565 ex
2236 1524 2459 1581 corpore
2486 1519 2673 1582 putant
2715 1509 3008 1574 accidisse.
3039 1510 3091 1566 in
3139 1524 3326 1567 errore
3351 1512 3523 1565 sunt.il

2026 1599 2082 1657 2.
2123 1601 2376 1669 Quamvis
2412 1605 2554 1661 enim
2598 1603 2848 1675 Virgilius
2903 1603 3233 1661 Platonicam
3309 1603 3551 1663 videatur

1956 1692 2239 1750 luculentis
2270 1696 2519 1752 versibus
2545 1696 2814 1767 explicare
2839 1697 3163 1753 sententiam
3183 1739 3201 1766 ,
3225 1697 3412 1757 dicens
3431 1738 3448 1765 ,

2016 1836 2203 1896 Ignaris
2218 1837 2297 1881 est
2315 1829 2428 1882 ollis
2443 1832 2465 1865 ⁸
2488 1832 2628 1896 vigor
2651 1837 2705 1883 et
2724 1831 2942 1896 omlestis
2958 1834 3098 1895 origo

2013 1893 2304 1959 seminibus,
2327 1893 2562 1959 quantum
2584 1907 2682 1944 non
2705 1893 3067 1959 noxiaeorpora
3090 1894 3300 1959 tardant,

2005 1956 2308 2019 Terreuique
2331 1955 2570 2007 liebetant
2592 1963 2728 2009 artus
2745 1955 3128 2021 moribundaque
3144 1958 3364 2007 membra
3387 1970 3403 2018 ;

1952 2075 2251 2134 omnesque
2277 2063 2397 2119 illas
2429 2064 2738 2119 notissimas
2781 2072 3008 2135 quatuor
3060 2064 3227 2120 animi
3268 2062 3552 2135 perturba-

1953 2152 2164 2223 tiones,
2224 2155 2604 2224 cupiditatem,
2637 2156 2914 2223 timorem,
2949 2155 3223 2221 laititiam,
3254 2155 3547 2223 tristitiam,

1953 2247 2105 2319 quasi
2151 2248 2384 2323 origines
2427 2250 2664 2305 omnium
2714 2259 3052 2321 peccatorum
3090 2258 3250 2320 atque
3298 2249 3551 2309 vitiorum

1950 2342 2141 2399 volens
2181 2340 2405 2415 intelligi
2454 2358 2523 2399 ex
2572 2357 2799 2415 corpore
2846 2342 3123 2409 accidere.
3156 2341 3441 2413 subiungat
3493 2349 3552 2399 et

1951 2431 2095 2491 dicat
2113 2473 2129 2501 ,

2012 2545 2372 2609 ﬂinegmetuunt
2390 2547 2706 2609 cupiuntque,
2737 2543 2908 2599 (liuent
2942 2545 3275 2609 gaudentque,
3291 2557 3387 2595 nec
3405 2554 3557 2607 auras.

2012 2607 2302 2670 Suspiciunt,
2327 2605 2503 2658 clausa:
2521 2605 2741 2670 tenebris
2762 2614 2815 2657 et
2828 2605 3035 2670 care—ere
3052 2605 3202 2670 ﬁt:ch
3216 2621 3228 2670 ξ

2445 2669 2464 2733 (
2492 2668 2679 2721 Md.
2706 2667 2790 2721 lib.
2815 2668 2862 2727 6,
2887 2682 3015 2720 vers.
3031 2667 3255 2720 730-754.
3280 2669 3301 2730 )

1950 2781 2129 2827 tamen
2176 2770 2331 2827 aliter
2380 2785 2439 2827 se
2490 2772 2651 2829 habet
2697 2772 2825 2826 iides
2869 2776 3072 2826 nostra.
3121 2770 3250 2825 Nam
3272 2768 3547 2841 corruptio

1953 2864 2196 2935 corporis
2220 2906 2234 2931 ,
2257 2880 2376 2937 qua:
2397 2874 2646 2937 aggravat
2668 2864 2934 2933 animam,
2966 2880 3074 2919 non
3123 2863 3328 2936 peccati
3381 2863 3545 2935 primi

1953 2966 2035 3012 eet
2061 2970 2218 3011 causa
2237 2996 2253 3023 ,
2284 2956 2376 3011 sed
2406 2971 2598 3026 pinna;
2629 2971 2727 3010 nec
2757 2972 2883 3011 caro
2921 2955 3284 3029 corruptibilis
3312 2955 3545 3011 animam

1950 3048 2302 3119 peccatricem
2324 3090 2339 3114 ,
2372 3044 2467 3103 sed
2489 3047 2667 3103 anima
2697 3046 2961 3119 peccatrix
2988 3046 3115 3102 fecit
3137 3062 3258 3103 esse
3280 3047 3512 3118 corrupti
3526 3074 3547 3086 -

1949 3138 2112 3195 bilem
2142 3154 2383 3194 carnem.
2430 3138 2509 3193 Ex
2537 3155 2641 3211 qua
2674 3140 3017 3209 corruptione
3057 3139 3235 3194 carnis
3266 3138 3390 3194 licet
3432 3140 3548 3194 esi-

1949 3241 2094 3290 stant
2121 3233 2365 3304 quaedam
2395 3232 3041 3299 incitamenta-vitiorum,
3059 3241 3115 3286 et
3138 3232 3251 3302 ipsa
3281 3232 3546 3289 desideria

1947 3326 2136 3381 vitiosa
2190 3343 2203 3380 :
2257 3342 2363 3381 non
2416 3334 2589 3379 tamen
2641 3324 2820 3380 omnia
2876 3325 2998 3377 vita:
3041 3322 3238 3394 iniqua:
3275 3324 3398 3377 vitia
3446 3325 3543 3378 tri-

1947 3416 2159 3474 buenda
2181 3428 2302 3471 sunt
2331 3415 2477 3471 carni
2500 3458 2515 3482 ,
2541 3431 2606 3470 ne
2636 3416 2703 3471 ab
2732 3414 2815 3468 his
2843 3413 3093 3470 omnibus
3117 3429 3406 3485 purgemus
3431 3413 3546 3470 dia-

1948 3511 2163 3577 bolum,
2188 3512 2276 3583 qui
2324 3526 2429 3565 non
2476 3509 2636 3565 habet
2678 3524 2917 3565 carnem.
2947 3508 3062 3564 Etsi
3102 3509 3244 3565 enim
3297 3509 3545 3568 diabolus

1950 3604 2240 3659 fornicator
2270 3606 2351 3659 vel
2382 3604 2656 3668 ebriosus,
2692 3602 2775 3658 vel
2802 3602 2846 3658 si
2873 3602 2999 3673 quid
3047 3600 3353 3673 hujusmodi
3407 3603 3535 3659 mali

1952 3697 2197 3769 estquod
2242 3696 2309 3751 ad
2353 3696 2532 3752 carnis
2559 3696 2792 3768 pertinet
2834 3695 3164 3769 voluptates,
3217 3711 3323 3752 non
3369 3703 3545 3766 potest

1948 3788 2085 3855 dici,
2116 3803 2238 3845 cum
2287 3788 2357 3844 sit
2408 3788 2568 3844 etiam
2621 3787 2806 3842 talium
2861 3796 3203 3860 peccatorum
3250 3801 3450 3861 suasor,
3487 3797 3547 3865 et

1950 3881 2233 3952 instigator
2255 3881 2527 3936 occultus:
2546 3889 2628 3936 est
2651 3891 2826 3936 tamen
2842 3880 3072 3937 maxime
3092 3878 3356 3951 superbus
3379 3888 3541 3951 atque

1949 3972 2183 4031 invidus.
2210 3976 2339 4042 Quae
2368 3973 2514 4029 illum
2549 3973 2809 4033 vitiositas
2835 3974 2913 4029 sic
2937 3972 3203 4040 obtinuit,
3241 3981 3301 4029 ut
3324 3980 3545 4044 propter

1951 4067 2091 4141 hanc
2119 4076 2263 4123 esset
2294 4068 2345 4122 in
2376 4065 2681 4123 carceribus
2703 4067 2978 4139 caliginosi
2999 4065 3156 4136 hujus
3180 4064 3321 4121 aeris
3341 4074 3544 4123 artemo

1948 4156 2212 4231 supplicio
2237 4157 2535 4213 destinatus
2560 4154 2660 4229 (ll).
2694 4154 2818 4212 [late
2839 4166 3014 4212 autem
3037 4157 3163 4211 vitia
3210 4170 3332 4229 qua:
3361 4163 3545 4213 tenent

1949 4254 2004 4309 in
2056 4251 2273 4308 diabolo
2321 4250 2714 4324 principatum,
2772 4250 2918 4306 carni
2969 4249 3151 4306 tribuit
3219 4248 3541 4319 Apostolus,

1950 4359 2107 4415 quam
2139 4351 2344 4398 certum
2369 4351 2451 4397 est
2476 4340 2746 4397 diabolum
2780 4356 2885 4403 non
2930 4340 3144 4397 habere.
3175 4339 3311 4401 Dicit
3352 4339 3495 4395 enim
3522 4379 3542 4409 ,

1951 4434 2284 4504 inimicitias,
2310 4432 2704 4501 contentiones,
2729 4434 3126 4501 scmulationes,
3154 4432 3540 4498 animositates,

1950 4526 2384 4596 invidias,opera
2415 4541 2536 4583 esse
2560 4524 2739 4583 carnis
2763 4520 2958 4594 (Galat.
2986 4523 3250 4595 v.20-2i)
3273 4541 3287 4579 :
3315 4536 3541 4594 quorum

1950 4617 2186 4675 omnium
2210 4616 2477 4673 malorum
2494 4622 2654 4687 caput
2674 4625 2837 4687 atque
2860 4617 3008 4684 origo
3025 4613 3273 4685 superbia
3295 4621 3395 4677 est.
3418 4626 3540 4684 qua:

1951 4714 2064 4770 sine
2085 4728 2245 4768 carne
2268 4720 2452 4784 regnat
2474 4710 2525 4765 in
2549 4706 2781 4765 diabolo.
2807 4707 2935 4778 Quis
2954 4718 3128 4765 autem
3151 4706 3244 4763 illo
3259 4714 3343 4763 est
3362 4706 3539 4763 inimi-

1950 4809 2063 4863 cior
2079 4807 2303 4862 sanctis?
2317 4806 2435 4877 quis
2446 4805 2704 4861 adversus
2719 4819 2813 4860 eos
2825 4803 3231 4869 contentiosior,
3249 4801 3546 4858 animosior

1950 4914 2001 4957 et
2019 4902 2187 4975 magis
2204 4900 2430 4959 aemulus
2441 4907 2601 4971 atque
2615 4899 2825 4963 invidus
2845 4895 3215 4962 inveniturlEt
3229 4894 3344 4950 bare
3364 4895 3542 4949 omnia

1952 4993 2283 5051 cunrhabeat
2310 4994 2428 5051 sine
2449 5009 2611 5049 carne
2631 5033 2646 5061 ,
2670 4991 2937 5065 quomodo
2954 4996 3081 5045 sunt
3107 4988 3206 5043 ista
3227 4998 3391 5060 opera
3418 5000 3544 5044 car-

1953 5087 2068 5154 nis,
2098 5086 2196 5144 nisi
2228 5084 2352 5157 quia
2382 5101 2544 5156 opera
2574 5093 2697 5143 sunt
2728 5082 2976 5150 hominis,
3007 5092 3164 5153 quem
3185 5118 3200 5143 ,
3232 5077 3372 5133 sicut
3409 5076 3542 5145 disi,

1955 5179 2170 5235 nomine
2197 5166 2374 5234 carnis
2413 5177 2681 5251 appellat?
2709 5176 2825 5231 Non
2852 5174 2993 5237 enim
3024 5170 3272 5229 habendo
3299 5185 3543 5239 carnem,

1953 5288 2110 5344 quam
2164 5287 2271 5333 non
2303 5271 2465 5331 habet
2513 5270 2791 5339 diabolus;
2835 5266 2929 5325 sed
2970 5264 3197 5323 vivendo
3249 5266 3546 5323 secundum

1954 5381 2012 5422 se
2038 5366 2243 5438 ipsum,
2288 5366 2391 5422 hoc
2440 5374 2523 5422 est
2546 5361 2839 5423 secundum
2888 5359 3196 5423 hominem.
3239 5359 3412 5434 {acuis
3459 5366 3546 5417 est

1957 5461 2116 5513 homo
2140 5458 2329 5517 similis
2350 5457 2594 5515 diabolo:
2624 5455 2748 5529 quia
2763 5462 2823 5509 et
2840 5451 2932 5513 ille
2950 5451 3247 5513 secundum
3276 5467 3337 5511 se
3367 5454 3543 5524 ipsum

2017 5572 2035 5604 ί
2071 5561 3312 5632 Εόίαωαωιιόίαειωῳνωκειοφάωω

2017 5630 2038 5665 ’
2073 5633 2156 5683 Hic
2178 5629 2343 5695 incipit
2359 5639 2503 5695 captu
2523 5629 2721 5681 tertium
2737 5630 2789 5680 in
2810 5638 2916 5681 uss.

2018 5696 2040 5730 ³
2070 5695 2221 5746 Nostri
2242 5690 2367 5754 Mss,
2391 5690 2505 5744 illis.
2586 5698 2642 5742 Μ.

2108 5778 2612 5905 mlfll’bmsggne
2631 5839 2823 5900 dum”
2838 5848 2891 5890 u.
2908 5838 3023 5900 8-8,
3042 5844 3095 5888 et
3116 5836 3201 5887 lib.
3226 5835 3292 5885 de
3307 5838 3407 5885 ttat.
3427 5829 3538 5882 Boni

1954 5902 2123 5957 contra
2142 5904 2361 5967 lautam,
2385 5902 2596 5967 capiti?»
