4054 6472
431 403 535 476 407

432 532 616 586 vivere
638 531 838 594 voluit,
872 529 1083 598 quando
1109 529 1160 582 in
1189 527 1415 582 veritate
1444 540 1551 579 non
1581 525 1767 589 stetit;
1795 530 1854 576 ut
1909 534 2017 574 non

433 621 504 677 de
533 622 623 676 Dei
647 663 660 686 ,
687 621 779 675 sed
810 622 876 675 de
905 636 1031 686 suo,
1054 619 1390 674 mendacium
1421 619 1745 687 loqueretur,
1778 612 1870 683 qui
1912 627 2020 666 non

437 715 610 767 solum
657 713 920 777 mendax,
969 727 1152 766 verum
1197 713 1356 766 etiam
1408 708 1669 764 mendacii
1745 717 1895 776 pater
1938 713 2022 758 est

437 803 615 876 (Joan.
643 819 736 858 vui
763 845 775 866 ,
806 803 917 872 Μ).
954 803 1161 857 Primus
1187 812 1269 858 est
1315 804 1510 873 quippe
1563 800 1817 854 mentitus
1842 838 1856 862 ,
1891 804 1945 852 et
1991 810 2025 851 a

437 911 544 964 quo
573 905 879 964 peccatum,
914 895 980 948 ab
1005 894 1094 948 illo
1120 895 1283 964 coepit
1302 909 1423 948 esse
1452 891 1810 947 mendacium.

438 982 662 1041 CAPUT
704 985 792 1038 IV.
831 1015 901 1024 -—-
944 986 1078 1051 Quid
1097 987 1163 1039 sit
1190 984 1465 1039 secundum
1517 982 1789 1046 hominem,
1845 977 2028 1050 quidve

887 1079 1163 1132 secundum
1188 1077 1352 1132 Deum
1379 1077 1559 1130 vivere.

514 1170 567 1222 1.
608 1170 738 1224 Cum
767 1185 893 1238 ergo
922 1171 1050 1224 vivit
1079 1171 1238 1224 homo
1264 1167 1558 1224 secundum
1587 1168 1858 1221 hominem
1880 1205 1895 1230 ,
1917 1178 2025 1218 non

443 1260 738 1314 secundum
765 1262 948 1322 Deum,
975 1261 1167 1315 similis
1191 1270 1274 1315 est
1297 1261 1532 1315 diabolo.
1552 1258 1688 1324 Quia
1716 1271 1815 1312 nec
1838 1255 2028 1325 angelo

441 1351 734 1405 secundum
774 1352 1016 1421 angelum
1045 1393 1058 1416 ,
1093 1351 1187 1406 sed
1226 1350 1515 1405 secundum
1549 1349 1713 1403 Deum
1744 1346 2028 1402 vivendum

357 1485 374 1496 .
446 1440 623 1506 fuit,ut
652 1452 818 1496 staret
842 1443 891 1496 iu
920 1443 1165 1505 veritate,
1187 1453 1240 1496 et
1264 1442 1543 1495 veritatem
1561 1439 1628 1494 de
1650 1439 1809 1502 illius,
1838 1453 1943 1492 non
1961 1436 2030 1491 de

443 1547 541 1584 suo
564 1532 896 1586 mendacium
929 1533 1253 1600 loqueretur.
1291 1530 1422 1584 Nam
1455 1538 1509 1585 et
1537 1529 1606 1584 de
1661 1529 1875 1583 homine
1927 1527 2031 1580 alio

445 1621 565 1675 loco
594 1623 730 1676 idem
763 1625 1036 1692 apostolus
1066 1623 1169 1686 ait,
1201 1622 1260 1676 Si
1284 1632 1454 1676 autem
1477 1622 1657 1674 veritas
1689 1620 1780 1674 Dei
1825 1621 1878 1673 in
1923 1634 2031 1671 meo

449 1713 708 1766 mendacio
741 1713 1011 1766 abundavit
1041 1712 1216 1781 (Rom.
1241 1715 1405 1784 ut,7).
1434 1714 1629 1768 Mcum‘
1651 1712 1784 1767 dixit
1812 1710 2031 1765 menda-

447 1802 610 1867 cium,
636 1804 906 1857 veritatem
927 1801 1185 1858 Dei.Cum
1210 1804 1386 1874 itaque
1402 1804 1531 1857 vivit
1553 1804 1712 1857 homo
1738 1800 2032 1857 secundum

448 1892 748 1955 veritatem,
767 1909 868 1947 non
888 1896 1015 1948 vivit
1039 1895 1331 1949 secundum
1345 1910 1402 1948 se
1417 1896 1608 1964 ipsum,
1631 1893 1725 1949 sed
1741 1893 2032 1948 secundum

449 1983 636 2038 Deum.
664 1988 800 2039 Deus
826 1988 1066 2041 estenim
1089 1987 1178 2057 qui
1198 1987 1352 2053 dixit,
1370 1986 1479 2058 Ego
1497 2003 1612 2042 sum
1636 1987 1818 2042 veritas
1845 1985 2030 2056 (Joan.

449 2075 780 2146 x1v,ti).tlum
809 2094 935 2132 vero
959 2079 1088 2132 vivit
1114 2080 1405 2134 secundum
1428 2095 1486 2134 se
1505 2081 1698 2148 ipsum,
1719 2078 1820 2132 hoc
1841 2090 1924 2133 est
1945 2092 2034 2132 se-

449 2165 680 2220 cundum
701 2168 988 2234 hominem,
1023 2188 1124 2225 non
1150 2171 1442 2225 secundum
1468 2171 1656 2237 Deum,
1688 2168 1925 2240 profecto
1946 2184 2039 2223 se-

451 2259 682 2312 eundum
704 2261 1037 2315 mendacium
1056 2263 1316 2316 vivit:non
1335 2263 1456 2330 quia
1482 2261 1641 2315 homo
1666 2262 1782 2331 ipse
1807 2260 2030 2315 menda-

451 2352 592 2405 cium
609 2365 710 2414 est,
731 2368 849 2406 cum
878 2355 946 2407 sit
966 2355 1082 2422 ejus
1106 2361 1292 2408 auctor
1318 2365 1371 2408 et
1393 2363 1603 2407 creator
1633 2353 1793 2417 Deus,
1814 2352 1902 2421 qui
1930 2367 2038 2406 nou

453 2455 532 2500 est
550 2444 729 2514 utique
757 2453 944 2500 auctor
962 2456 1280 2517 ereatorque
1305 2445 1590 2510 mendacii;
1609 2443 1705 2499 sed
1730 2445 1855 2514 quia
1877 2443 2039 2498 homo

453 2537 522 2591 ita
555 2535 728 2591 factus
781 2549 864 2591 est
919 2549 1131 2603 rectus,
1165 2549 1223 2593 ut
1265 2554 1373 2592 non
1411 2538 1702 2594 secundum
1729 2553 1788 2593 se
1831 2538 2036 2609 ipsum,

453 2628 547 2681 sed
579 2629 871 2682 secundum
899 2645 1022 2683 eum
1051 2645 1080 2683 a
1098 2646 1201 2698 quo
1235 2629 1406 2685 lactus
1428 2640 1510 2684 est
1533 2671 1548 2697 ,
1572 2630 1813 2695 viveret;
1844 2629 1895 2684 id
1922 2639 2002 2684 est
2021 2669 2038 2696 ,

456 2721 594 2774 illius
651 2723 852 2790 potius,
883 2739 1039 2790 quam
1089 2739 1241 2776 suam
1303 2723 1496 2777 faceret
1545 2725 2041 2777 voluntatemzuon

455 2820 632 2866 autem
667 2813 735 2866 ita
759 2815 957 2878 vivere,
993 2814 1438 2882 quemadmodum
1456 2826 1536 2868 est
1558 2814 1795 2868 factusut
1814 2815 2038 2879 viveret,

456 2901 558 2956 hoc
578 2913 658 2956 est
687 2904 1039 2958 mendacium.
1074 2904 1269 2959 Beatus
1297 2906 1492 2974 quippe
1519 2906 1628 2958 vult
1677 2920 1797 2960 esse
1818 2947 1832 2969 ,
1881 2907 2043 2960 etiam

456 3009 562 3047 non
596 2995 673 3048 sic
705 2996 929 3048 vivendo
961 3007 1012 3048 ut
1038 2998 1203 3065 possit
1223 3013 1363 3052 esse.
1388 2998 1524 3063 Quid
1549 3007 1633 3052 est
1651 2999 1749 3052 ista
1771 2999 2046 3053 voluntate

457 3085 817 3140 mendacius?
863 3087 1010 3142 Unde
1059 3103 1162 3142 non
1209 3089 1402 3142 frustra
1470 3091 1573 3144 dici
1627 3100 1832 3157 potest,
1885 3105 2046 3146 omne

458 3187 733 3246 peccatum
767 3194 885 3232 esse
913 3179 1406 3252 mendacium.Non
1430 3181 1573 3234 enim
1618 3181 1678 3234 ﬁt
1733 3192 2006 3250 peccatum
2027 3221 2042 3246 ,

457 3270 560 3323 nisi
582 3286 646 3324 ea
678 3271 966 3336 voluntate,
995 3289 1096 3342 qua
1124 3273 1369 3327 volumus
1393 3283 1448 3327 ut
1496 3274 1631 3328 bene
1661 3275 1732 3328 sit
1760 3274 1934 3339 nobis,
1965 3273 2046 3328 vel

459 3362 704 3416 nolumus
729 3372 783 3415 ut
819 3365 956 3417 male
1014 3365 1080 3416 sit
1121 3364 1292 3418 nobis.
1346 3364 1488 3435 Ergo
1539 3365 1874 3418 mendacium
1927 3375 2042 3438 est,

458 3453 598 3522 quod
627 3469 744 3507 cum
775 3454 862 3507 ﬁat
892 3465 948 3506 ut
973 3455 1108 3508 bene
1135 3455 1203 3508 sit
1229 3455 1380 3509 nobis
1408 3497 1422 3519 ,
1457 3455 1580 3510 hinc
1608 3459 1782 3525 potius
1799 3457 1936 3510 male
1965 3465 2049 3510 est

460 3544 618 3598 nobis
642 3560 655 3608 ;
690 3546 768 3598 vel
797 3560 916 3598 cum
938 3547 1028 3597 ﬁat
1057 3553 1116 3598 ut
1143 3545 1334 3599 melius
1359 3547 1428 3600 sit
1454 3545 1605 3599 nobis
1631 3586 1645 3610 ,
1695 3544 1822 3598 hinc
1872 3545 2047 3614 potius

459 3634 611 3703 pejus
640 3646 721 3688 est
751 3636 923 3689 nobis.
959 3636 1110 3692 Unde
1138 3637 1267 3702 hoe,
1303 3638 1402 3691 nisi
1427 3639 1550 3708 quia
1595 3637 1662 3691 de
1717 3638 1826 3692 Deo
1873 3647 2048 3707 potest

458 3728 594 3782 bene
623 3743 741 3781 esse
768 3728 1006 3792 homini,
1030 3745 1188 3797 quem
1237 3729 1598 3798 delinqueudo
1653 3729 1886 3794 deserit;
1939 3746 2044 3786 non

459 3819 526 3873 de
547 3835 604 3873 se
628 3821 763 3887 ipso,
795 3823 1087 3876 secundum
1116 3839 1272 3891 quem
1302 3823 1532 3877 vivendo
1578 3822 1870 3892 delinquit?

526 3911 580 3965 2.
622 3911 772 3980 Quod
816 3914 992 3982 itaque
1035 3915 1295 3978 diximus,
1340 3913 1464 3968 hinc
1495 3915 1762 3970 exstitisse
1807 3916 2045 3972 civitates

457 4003 590 4057 duas
638 4003 878 4058 diversas
924 4005 1065 4058 inter
1101 4021 1160 4058 se
1187 4014 1347 4072 atque
1388 4005 1722 4069 contrarias,
1770 4005 1911 4074 quod
1956 4006 2045 4060 alii

457 4093 748 4146 secundum
775 4109 989 4148 carnem
1012 4137 1026 4155 ,
1057 4095 1145 4148 alii
1181 4094 1472 4148 secundum
1500 4095 1743 4162 spiritum
1766 4097 2042 4162 viverent;

458 4191 636 4252 potest
655 4184 814 4237 etiam
842 4185 942 4237 isto
962 4185 1120 4238 modo
1143 4185 1246 4238 dici
1277 4185 1416 4254 quod
1446 4186 1533 4238 alii
1561 4186 1849 4240 secundum
1874 4187 2047 4242 homi-

460 4276 699 4336 nem,alii
729 4276 1018 4328 secundum
1053 4277 1218 4330 Deum
1247 4277 1446 4330 vivant.
1470 4278 1821 4346 Apertissimc
1849 4280 2044 4349 quippe

455 4367 652 4421 Paulus
669 4367 734 4421 ad
747 4367 1048 4422 Corinthios
1062 4369 1210 4423 dicit:
1229 4367 1356 4422 Cum
1373 4370 1505 4422 enim
1523 4370 1652 4424 inter
1667 4387 1754 4425 vos
1768 4373 1867 4426 sint
1881 4388 2042 4426 temu-

453 4462 578 4515 latio
605 4471 650 4515 et
675 4462 947 4527 contentio,
977 4478 1138 4514 nonne
1177 4463 1406 4514 carnales
1435 4464 1570 4526 estis,
1591 4472 1638 4515 et
1661 4463 2018 4520 secundum/io

455 4553 640 4606 minem
661 4553 932 4606 ambulatis
949 4551 992 4623 (l
1010 4549 1126 4606 Cor.
1154 4568 1228 4618 ιιι,
1251 4552 1309 4621 5)
1323 4554 1348 4605 ?
1363 4550 1513 4618 Quod
1533 4567 1661 4622 ergo
1673 4563 1754 4608 est
1770 4555 2042 4610 ambulare

454 4644 748 4698 secundum
777 4643 1072 4709 hominem,
1105 4646 1209 4699 hoc
1249 4655 1330 4699 est
1357 4659 1478 4700 esse
1504 4647 1810 4711 carnalem;
1841 4647 1983 4716 quod
2008 4662 2040 4701 a

452 4749 654 4802 carne,
704 4734 755 4789 id
800 4745 884 4790 est
925 4750 955 4788 a
986 4746 1134 4803 parte
1176 4736 1443 4800 hominis,
1495 4737 1811 4806 intelligitur
1857 4739 2037 4794 homo.

452 4829 680 4883 Eosdem
713 4831 858 4899 ipsos
895 4830 1090 4900 quippe
1119 4830 1252 4884 dixit
1291 4831 1534 4900 superius
1561 4832 1818 4886 animales
1844 4873 1857 4895 ,
1907 4850 2038 4900 quos

452 4932 636 4991 postea
663 4923 938 4990 carnales,
971 4924 1041 4977 ita
1072 4923 1327 4991 loquens:
1362 4924 1490 4991 Quis
1518 4926 1652 4978 enim
1675 4926 1801 4992 scit,
1835 4926 2034 4996 inquit,

451 5015 710 5067 hominum
739 5030 851 5083 qua:
875 5025 993 5077 sunt
1037 5015 1275 5080 hominis,
1315 5016 1409 5070 nisi
1442 5017 1652 5087 spiritus
1682 5019 1919 5080 hominis,
1951 5021 2038 5087 qui

446 5105 499 5156 in
523 5105 632 5174 ipso
659 5115 727 5158 est
751 5104 776 5158 ?
807 5104 896 5159 Sic
923 5114 970 5160 et
995 5121 1108 5177 quas
1137 5103 1236 5159 Dei
1261 5114 1412 5173 sunt,
1443 5123 1587 5160 nemo
1617 5107 1710 5160 scit
1737 5109 1833 5161 nisi
1861 5107 2036 5177 Spiri-

448 5205 526 5248 tus
552 5194 671 5249 Dei.
700 5195 814 5250 Nos
849 5207 1034 5265 autem,
1064 5199 1255 5268 inquit,
1282 5214 1386 5252 non
1413 5200 1646 5268 spiritum
1677 5199 1829 5270 hujus
1859 5203 2033 5256 mundi

447 5287 768 5354 accepimus,
806 5288 896 5342 sed
942 5289 1194 5358 Spiritum
1227 5291 1311 5361 qui
1355 5306 1418 5344 ea:
1451 5290 1558 5344 Deo
1589 5300 1689 5357 est,
1735 5302 1790 5344 ut
1817 5293 2034 5348 sciamus

445 5391 558 5446 quin
585 5393 617 5430 a
646 5376 756 5432 Deo
791 5379 980 5434 donata
1016 5391 1133 5436 sunt
1181 5384 1356 5448 nobis;
1385 5398 1500 5453 qua:
1533 5393 1578 5436 et
1611 5383 1861 5452 loquimur
1884 5427 1898 5449 ,
1931 5404 2032 5440 non

448 5468 500 5521 in
521 5469 786 5537 sapientia:
810 5471 1045 5526 humana:
1064 5473 1226 5528 doctis
1268 5475 1448 5538 verbis,
1474 5474 1562 5526 sed
1587 5473 1747 5528 doctis
1772 5475 1954 5544 spiritu
1981 5479 2026 5542 ³,

443 5559 792 5628 spiritualibus
829 5561 1118 5630 spiritualia
1159 5574 1528 5632 comparantes.
1560 5563 1810 5619 Animalis
1862 5575 2030 5620 autem

447 5650 598 5704 homo
618 5667 720 5704 non
751 5653 961 5722 percipit
989 5670 1101 5723 qua:
1127 5667 1239 5710 sunt
1271 5657 1500 5726 Spiritus
1531 5658 1661 5712 Dei:
1699 5659 1913 5712 stultitia
1956 5670 2029 5714 est

505 5757 525 5787 ί
559 5761 665 5804 Mss.
692 5769 704 5805 :
731 5763 970 5806 Nostrum.

503 5819 526 5850 ³
560 5819 754 5884 Editiet
787 5818 1040 5884 Mss.,gsed
1064 5821 1193 5871 docti
1227 5821 1423 5884 spiritus
1461 5835 1476 5872 :
1525 5832 1734 5884 excepto
1755 5823 2028 5875 Colbertino

438 5882 598 5950 veteri
621 5881 803 5950 codice,
824 5882 1094 5950 quilubet,
1120 5883 1211 5950 sed
1227 5883 1379 5934 doctis
1399 5884 1604 5950 spiritu;
1622 5881 1761 5950 juxta
1791 5899 2024 5950 graecum,

443 5943 529 5992 all’
542 5957 602 5996 en
622 5943 881 6004 didactoii;
903 5959 989 6003 pro
1010 5959 1108 6008 quo
1130 5944 1344 6008 Vulgata,
1359 5947 1445 5998 sed
1475 5947 1526 5997 in
1543 5943 1776 5997 doctrina.

1499 412 1589 469 DE
1625 405 1948 469 CIVITATE
1985 404 2123 473 DEI,
2165 404 2222 461 S.
2251 404 2620 464 AUGUSTINI

3612 404 3724 465 ‘08

2130 522 2264 575 enim
2287 522 2365 576 illi
2384 521 2428 595 (Ι
2451 521 2568 577 Cor.
2592 539 2651 588 ιι,
2671 523 3104 595 H-M).Talibus
3129 523 3308 594 igitur,
3327 524 3381 579 id
3397 532 3480 580 est
3513 525 3726 581 anima-

2129 613 2268 669 libus
2287 658 2300 680 ,
2329 617 2484 684 paulo
2509 627 2629 686 post
2655 617 2806 684 dicit,
2832 615 2898 671 Et
2919 634 3030 689 ego,
3053 619 3268 689 'fratres,
3295 633 3398 672 non
3422 618 3566 689 potui
3585 619 3727 686 loqui

2136 707 2273 761 vobis
2291 709 2434 777 quasi
2455 709 2821 778 spiritualibus,
2840 710 2927 764 sed
2944 714 3087 780 quasi
3109 709 3396 764 carnalibus
3415 709 3522 782 (Id.
3546 727 3625 777 tu,
3645 709 3726 780 1).

2135 799 2200 853 Et
2224 799 2351 855 illud
2377 816 2436 854 ex
2472 800 2572 856 hoc
2605 801 2794 858 eodem
2816 802 3067 872 loquendi
3108 801 3268 857 modo
3303 801 3640 872 intelligitur,
3672 801 3730 856 id

2131 900 2215 945 est
2237 891 2277 955 ¹,
2296 906 2325 944 a
2352 902 2503 961 parte
2534 902 2722 947 totum.
2750 894 2819 948 Et
2841 895 2908 948 ab
2935 894 3109 948 anima
3138 909 3388 964 namque,
3409 904 3463 949 et
3481 910 3511 948 a
3537 910 3726 962 carne,

2131 999 2249 1055 quae
2261 994 2386 1038 sunt
2403 995 2579 1054 partes
2597 986 2799 1050 homin,
2821 986 2867 1040 is
2884 996 3060 1056 potest
3074 995 3239 1041 totum
3259 986 3568 1056 signiﬁcari,
3581 987 3729 1057 quod

2133 1087 2214 1132 est
2230 1077 2410 1142 homo;
2432 1087 2590 1149 atque
2616 1080 2686 1133 ita
2710 1094 2818 1133 non
2844 1089 2926 1134 est
2949 1079 3088 1132 aliud
3112 1079 3356 1132 animalis
3374 1077 3555 1144 homo,
3579 1077 3730 1132 aliud

2133 1169 2396 1235 carnalis;
2421 1170 2515 1224 sed
2541 1169 2676 1224 idem
2700 1171 2872 1239 ipsum
2897 1182 2978 1224 est
3000 1179 3305 1240 utrumque,
3330 1169 3382 1223 id
3404 1179 3503 1232 est,
3529 1185 3731 1224 secun-

2135 1259 2259 1314 dum
2305 1261 2572 1316 hominem
2612 1263 2796 1316 vivens
2817 1261 2997 1315 homo.
3044 1261 3196 1315 Sicut
3235 1275 3338 1315 non
3389 1259 3534 1313 aliud
3565 1275 3731 1329 quam

2135 1350 2380 1405 homines
2419 1351 2817 1422 signiﬁcantur,
2850 1351 2964 1405 sive
2993 1351 3081 1404 ubi
3126 1350 3337 1420 legitur,
3375 1348 3456 1402 Ea:
3493 1349 3734 1418 operibus

2138 1440 2258 1512 legis
2288 1458 2386 1496 non
2405 1443 2770 1512 justi/imbitur
2808 1440 2970 1496 omnis
2995 1445 3115 1495 car'o
3144 1441 3322 1511 (Rom.
3352 1457 3426 1506 ut,
3451 1440 3542 1511 20)
3567 1459 3580 1493 :
3616 1441 3734 1496 sive

2136 1534 2277 1602 quod
2325 1535 2581 1604 scriptum
2615 1545 2734 1600 est,
2784 1535 3118 1606 Septuaginta
3167 1535 3384 1604 quinque
3427 1535 3610 1587 animis
3653 1531 3734 1605 (α)

2137 1629 2497 1684 descenderunt
2529 1647 2644 1684 cum
2667 1629 2828 1684 Iacob
2874 1631 2927 1683 in
2953 1629 3214 1700 Egyptum
3245 1626 3398 1701 (Gen.
3432 1643 3577 1693 XLVI,
3609 1626 3730 1698 27).

2139 1721 2204 1776 Et
2234 1721 2304 1775 ibi
2336 1723 2478 1776 enim
2521 1737 2616 1792 per
2665 1736 2879 1778 omnem
2909 1737 3126 1776 carnem
3154 1722 3328 1776 omnis
3357 1720 3548 1786 homo,
3574 1731 3630 1775 et
3654 1721 3730 1774 ibi

2137 1830 2233 1884 per
2258 1817 2592 1886 septuaginta
2618 1817 2850 1886 quinque
2889 1816 3094 1868 animas
3135 1815 3467 1885 septuaginta
3495 1814 3735 1884 quinque

2139 1906 2383 1962 homines
2426 1908 2815 1978 intelliguntur.
2848 1906 2917 1961 Et
2945 1907 3086 1977 quod
3124 1906 3325 1960 dictum
3373 1915 3476 1972 est,
3527 1903 3650 1958 Non
3679 1905 3737 1958 in

2137 1999 2400 2069 sapientia
2436 1998 2673 2052 humana:
2709 1999 2869 2052 doctis
2915 1998 3108 2063 verbis,
3142 1997 3312 2068 potuit
3349 1997 3488 2064 dici,
3531 1995 3650 2051 Non
3680 1996 3736 2050 in

2141 2090 2417 2160 sapientiae
2441 2091 2702 2145 carnalis:
2733 2091 2871 2144 sicut
2899 2089 3041 2160 quod
3065 2089 3262 2144 dictum
3289 2097 3372 2144 est
3389 2131 3404 2153 ,
3439 2087 3737 2142 Secundum

2141 2183 2394 2235 hominem
2432 2181 2736 2247 ambulatis;
2764 2182 2937 2252 potuit
2965 2181 3068 2236 diei
3091 2223 3106 2246 ,
3146 2178 3454 2236 Secundum
3493 2191 3734 2233 carnem.

2141 2275 2306 2343 Magis
2339 2285 2515 2328 autem
2547 2275 2649 2329 hoc
2675 2275 2919 2344 apparuit
2948 2274 2999 2327 in
3027 2272 3110 2326 his
3133 2288 3252 2343 quae
3277 2270 3574 2341 subjunxit:
3606 2267 3740 2324 Cum

2142 2367 2276 2419 enim
2303 2367 2413 2435 quis
2459 2366 2627 2431 dicat,
2674 2363 2787 2436 Ego
2822 2382 2934 2418 sum
2980 2363 3174 2428 Pauli;
3215 2365 3349 2417 alius
3378 2372 3576 2428 autent,
3626 2360 3740 2431 Ego

2145 2459 2365 2528 Apollo:
2404 2475 2568 2513 nonne
2604 2458 2831 2512 homines
2857 2459 2973 2512 estis
3000 2457 3049 2527 (1
3078 2454 3198 2511 Cor.
3225 2471 3302 2520 ut,
3336 2454 3433 2522 4)?
3462 2451 3615 2519 Quod
3651 2451 3738 2506 di-

2145 2549 2328 2615 cebat,
2377 2549 2636 2605 Animoles
2675 2551 2822 2615 estis,
2855 2560 2942 2613 et,
2986 2547 3227 2604 Carnutes
3255 2548 3403 2609 estis;
3431 2545 3743 2615 expressius

2146 2645 2320 2713 dixit,
2347 2643 2593 2699 Homines
2617 2643 2735 2698 estis
2768 2658 2793 2699 .°
2833 2641 2977 2714 quod
3003 2649 3104 2706 est,
3135 2638 3436 2694 Secundum
3465 2636 3742 2690 hominem

2145 2737 2322 2792 vivitis
2341 2774 2361 2804 ,
2393 2752 2496 2790 non
2527 2735 2822 2790 secundum
2851 2735 3049 2802 Deum;
3071 2730 3366 2790 secundum
3393 2743 3554 2803 quem
3583 2728 3628 2787 si
3656 2727 3744 2786 vi-

2146 2829 2362 2891 veretis,
2406 2827 2482 2883 dii
2511 2829 2725 2884 essetis.

2148 2937 2374 2994 CAPUT
2427 2937 2760 3006 V.—Quod
2819 2939 2882 2992 de
2939 2940 3164 3010 corporis
3219 2939 3497 3007 animaeque
3556 2945 3745 2990 natura

2221 3032 2530 3086 tolerabilior
2549 3031 2751 3102 quidem
2767 3029 3148 3085 Platonicorum
3171 3047 3323 3101 quam
3341 3028 3746 3083 Manicheam

2220 3123 2286 3176 sit
2313 3124 2518 3190 opinio;
2548 3123 2635 3176 sed
2664 3132 2711 3175 et
2730 3122 2828 3192 ipsi
2851 3121 3208 3190 reprobantur,
3237 3120 3474 3188 quoniam
3505 3118 3746 3172 vitiorum

2222 3231 2399 3269 causas
2427 3225 2624 3270 natura:
2650 3217 2820 3269 carnis
2855 3213 3168 3268 adscribunt.

2223 3328 2337 3382 Non
2370 3330 2526 3399 igitur
2553 3343 2689 3398 opus
2716 3338 2799 3384 est
2826 3329 2878 3382 in
2909 3329 3142 3398 peccatis
3171 3328 3420 3397 vitiisque
3448 3326 3647 3382 nostris
3673 3325 3744 3382 ad

2150 3418 2423 3474 Creatoris
2448 3419 2697 3489 injuriam
2721 3421 2901 3474 carnis
2928 3433 3182 3474 accusare
3209 3428 3486 3482 naturam,
3521 3432 3642 3488 qua:
3687 3417 3745 3474 in

2149 3525 2347 3582 genere
2371 3520 2530 3581 atque
2555 3511 2743 3566 ordine
2771 3526 2866 3565 suo
2893 3511 3030 3565 bona
3056 3519 3137 3564 est
3169 3527 3181 3564 :
3219 3509 3314 3565 sed
3343 3509 3558 3564 deserto
3579 3508 3746 3566 Crea-

2153 3612 2268 3657 tore
2296 3603 2459 3669 bono,
2484 3604 2663 3658 vivere
2687 3603 2979 3658 secundum
3004 3612 3243 3658 creatum
3274 3602 3496 3668 bonum,
3524 3616 3632 3657 non
3656 3610 3746 3657 est

2152 3697 2386 3761 bonum;
2433 3698 2546 3752 sive
2583 3697 2808 3767 quisque
2849 3696 3141 3752 secundum
3186 3711 3444 3760 carnem,
3492 3695 3609 3750 sive
3656 3709 3740 3750 se-

2150 3789 2383 3844 cundum
2412 3789 2684 3855 animam,
2725 3789 2840 3844 sive
2864 3787 3159 3844 secundum
3218 3796 3385 3842 totum
3429 3785 3740 3852 hominem,

2151 3883 2242 3953 qui
2267 3891 2478 3938 constat
2496 3897 2566 3938 ex
2592 3883 2768 3937 anima
2799 3891 2853 3937 et
2875 3896 3038 3938 carne
3066 3881 3230 3954 (unde
3249 3892 3303 3936 et
3334 3881 3551 3935 nomine
3571 3880 3742 3935 solius

2151 3977 2378 4041 animae,
2410 3986 2466 4030 et
2494 3976 2712 4030 nomine
2741 3975 2906 4030 solius
2953 3975 3131 4031 carnis
3163 3974 3454 4045 signiﬁcari
3486 3972 3738 4044 potest),

2151 4068 2312 4138 eligat
2341 4068 2541 4123 vivere.
2578 4066 2710 4121 Nam
2738 4069 2827 4138 qui
2857 4068 3005 4124 velut
3033 4083 3299 4122 summum
3328 4068 3526 4122 bonum
3556 4066 3742 4122 laudat

2149 4160 2342 4214 animae
2369 4165 2646 4224 naturam,
2699 4168 2754 4214 et
2780 4169 3029 4230 tanquam
3060 4160 3257 4214 malum
3289 4166 3531 4213 naturam
3559 4159 3742 4214 carnis

2149 4258 2398 4317 accusat,
2450 4250 2684 4320 profecto
2730 4262 2783 4305 et
2806 4251 3040 4306 animam
3069 4251 3356 4306 carnaliter
3394 4251 3635 4320 appetit,
3687 4260 3742 4306 et

2148 4357 2365 4396 carnem
2391 4341 2677 4396 carnaliter
2724 4340 2890 4412 fugit:
2933 4341 3276 4412 quoniamdd
3305 4342 3539 4395 vanitate
3576 4341 3745 4396 sentit

2132 4437 2378 4508 'humana
2404 4475 2420 4502 ,
2449 4449 2556 4489 non
2587 4434 2812 4489 veritate
2835 4433 3036 4489 divina.
3062 4432 3178 4489 Non
3205 4433 3421 4504 quidem
3452 4432 3738 4498 Platonici,

2147 4526 2286 4581 sicut
2310 4525 2586 4580 Manichtei
2613 4527 2920 4595 desipiunt,
2955 4534 3014 4580 ut
3042 4535 3292 4595 tanquam
3317 4525 3441 4580 mali
3483 4533 3734 4578 naturam

2147 4630 2359 4676 terrena
2385 4633 2611 4690 corpora
2635 4619 2967 4674 detestentur
2982 4617 3081 4692 (b);
3103 4635 3225 4675 cum
3249 4620 3426 4674 omnia
3444 4619 3738 4684 elementa,

2144 4711 2337 4780 quibus
2383 4711 2483 4766 iste
2512 4709 2745 4764 mundus
2774 4710 2995 4765 visibilis
3033 4710 3543 4780 contrectabilisque
3587 4723 3741 4763 com-

2145 4812 2333 4874 pactus
2362 4811 2463 4870 est,
2495 4803 2884 4874 qualitatesque
2911 4818 3097 4858 eorum
3127 4804 3236 4860 Deo
3259 4803 3447 4859 artiﬁci
3477 4803 3736 4870 tribuant,

2143 4895 2526 4952 Verumtamen
2589 4911 2655 4951 ex
2721 4897 2949 4951 terrenis
3012 4896 3233 4951 artubus
3300 4895 3743 4966 moribundisque

2144 4990 2400 5045 membris
2426 4990 2504 5044 sic
2529 4987 2669 5044 afﬁci
2701 4990 2909 5044 animas
2936 4989 3223 5058 Opinantur
3244 5030 3261 5057 ,
3290 5000 3347 5044 ut
3377 4989 3500 5044 hinc
3523 4990 3602 5045 eis
3630 4991 3743 5044 sint

2141 5083 2314 5138 morbi
2339 5080 2687 5150 cupiditatum
2709 5089 2764 5136 et
2785 5082 3036 5136 timorum
3057 5091 3112 5136 et
3131 5081 3326 5136 laetitiis
3347 5081 3458 5136 sive
3481 5082 3738 5137 tristitiae:

2139 5174 2331 5243 quibus
2349 5181 2581 5242 quatuor
2608 5173 2694 5228 vel
2721 5172 3210 5242 perturbationibus
3227 5215 3240 5238 ,
3275 5171 3535 5229 utCicero
3553 5175 3739 5244 appel-

2139 5263 2474 5335 lat(Tuscul.
2495 5275 2672 5334 quaest.
2701 5265 2793 5324 lib.
2811 5265 2863 5331 4,
2896 5281 3010 5335 cap.
3033 5265 3134 5334 )vel
3162 5265 3519 5336 passionibus,
3549 5274 3605 5320 ut
3624 5266 3741 5334 ple-

2137 5355 2784 5428 rique,verbumeverbo
2808 5371 2984 5427 graeco
3040 5356 3350 5426 exprimunt
3401 5354 3504 5428 (c),
3556 5356 3740 5411 omnis

2201 5494 2217 5524 ί
2242 5499 2382 5555 _ttss.,
2396 5499 2470 5542 Ea:
2491 5491 2581 5542 hoc
2601 5492 2772 5543 eodem
2793 5489 3020 5555 loquendi
3039 5490 3199 5550 modo,
3223 5490 3278 5541 id
3300 5497 3394 5552 est;
3411 5502 3504 5539 nec
3524 5489 3736 5550 habent,

2134 5553 2436 5618 intelligitur.

2201 5639 2273 5700 (ιι)
2296 5641 2520 5700 sequitur
2545 5639 2810 5688 editionem
2851 5645 2959 5687 LXX
2995 5643 3342 5700 lnterpretum.
3385 5644 3497 5686 Nam
3529 5636 3742 5699 Vulgata

2133 5709 2297 5764 nostra
2320 5713 2415 5749 non
2439 5701 2607 5763 plures
2626 5714 2770 5764 quam
2786 5705 3093 5764 septuaginta
3113 5703 3298 5764 animas
3319 5706 3566 5764 recenset.
3592 5706 3740 5748 'l‘atn-

2135 5765 2229 5810 etsi
2255 5761 2379 5810 liber
2419 5761 2616 5811 A'ctuutn
2641 5761 2990 5826 Apostolm'uui,
3036 5761 3230 5826 vu,_l4.
3269 5763 3417 5826 habet
3443 5762 3628 5810 animas
3649 5775 3740 5813 so-

2134 5826 2386 5888 ptuaginta
2410 5827 2644 5888 quinque.
2674 5823 2787 5873 i’ide
2807 5826 2947 5883 infra,
2975 5823 3166 5888 lib‘s‘l6,
3190 5837 3295 5888 cap.
3321 5823 3398 5874 40.

2203 5886 2278 6011 ἓὸέ
2298 5885 2439 5935 mni?
2454 5885 2627 5936 libIde
2650 5895 2854 5945 Haeres,
2881 5888 3001 5936 haer.
3025 5885 3103 5935 46.

2227 5962 2254 5997 c
2297 5949 2430 6002 Conl.
2454 5961 2618 6011 supra,
2639 5948 2720 5999 lib.
2743 5948 2792 6010 8,
2815 5962 2921 6011 cap.
2951 5949 3027 6010 17,
3052 5962 3100 5997 ιι.

2227 5948 2278 6011 c)
2297 5949 2430 6002 Conl.
2454 5961 2618 6012 supra,
2639 5948 2720 5999 lib.
2743 5948 2792 6010 8,
2815 5962 2921 6011 cap.
2951 5949 3027 6010 17,
3052 5962 3100 5997 ιι.
3124 5948 3169 5997 1.
