  <div class='ocr_page' id='page_1' title='image "/cluster/home/n/w/nwhite01/storage/ocr_20150623/41/hvd.32044015706344/210.png"; bbox 0 0 4054 6474; ppageno 0'>
   <div class='ocr_carea' id='block_1_1' title="bbox 223 434 316 493">
    <p class='ocr_par' dir='ltr' id='par_1_1' title="bbox 223 434 316 493">
     <span class='ocr_line' id='line_1_1' title="bbox 223 434 316 493; baseline 0 0"><span class='ocrx_word' id='word_1_1' title='bbox 223 434 316 493; x_wconf 73' lang='grc' dir='ltr'><strong>ιω</strong></span> 
     </span>
    </p>
   </div>
   <div class='ocr_carea' id='block_1_2' title="bbox 223 549 1806 618">
    <p class='ocr_par' dir='ltr' id='par_1_2' title="bbox 223 549 1806 618">
     <span class='ocr_line' id='line_1_2' title="bbox 223 549 1806 618; baseline -0.001 -14"><span class='ocrx_word' id='word_1_2' title='bbox 223 549 576 604; x_wconf 87' lang='lat' dir='ltr'><strong>humanorum</strong></span> <span class='ocrx_word' id='word_1_3' title='bbox 597 564 809 605; x_wconf 89' lang='lat' dir='ltr'><strong>morum</strong></span> <span class='ocrx_word' id='word_1_4' title='bbox 828 549 1090 606; x_wconf 87' lang='lat' dir='ltr'><strong>vitiositas</strong></span> <span class='ocrx_word' id='word_1_5' title='bbox 1114 550 1434 605; x_wconf 72' lang='lat' dir='ltr'><strong>continetur.</strong></span> <span class='ocrx_word' id='word_1_6' title='bbox 1483 549 1634 618; x_wconf 86' lang='lat' dir='ltr'><strong>Quod</strong></span> <span class='ocrx_word' id='word_1_7' title='bbox 1664 549 1708 603; x_wconf 89' lang='lat' dir='ltr'><strong>si</strong></span> <span class='ocrx_word' id='word_1_8' title='bbox 1735 549 1806 603; x_wconf 91' lang='lat' dir='ltr'><strong>ita</strong></span> 
     </span>
    </p>
   </div>
   <div class='ocr_carea' id='block_1_3' title="bbox 225 634 1809 714">
    <p class='ocr_par' dir='ltr' id='par_1_3' title="bbox 225 634 1809 714">
     <span class='ocr_line' id='line_1_3' title="bbox 225 634 1809 714; baseline 0 -15"><span class='ocrx_word' id='word_1_9' title='bbox 225 651 312 708; x_wconf 85' lang='lat' dir='ltr'><strong>est,</strong></span> <span class='ocrx_word' id='word_1_10' title='bbox 341 643 468 712; x_wconf 92' lang='lat' dir='ltr'><strong>quid</strong></span> <span class='ocrx_word' id='word_1_11' title='bbox 487 651 574 698; x_wconf 86' lang='lat' dir='ltr'><strong>est</strong></span> <span class='ocrx_word' id='word_1_12' title='bbox 594 643 944 714; x_wconf 71' lang='lat' dir='ltr'><strong>quodAEneas</strong></span> <span class='ocrx_word' id='word_1_13' title='bbox 967 634 1406 714; x_wconf 85' lang='lat' dir='ltr'><strong>apudVirgilium,</strong></span> <span class='ocrx_word' id='word_1_14' title='bbox 1425 659 1546 700; x_wconf 92' lang='lat' dir='ltr'><strong>cum</strong></span> <span class='ocrx_word' id='word_1_15' title='bbox 1571 644 1809 699; x_wconf 88' lang='lat' dir='ltr'><strong>audisset</strong></span> 
     </span>
    </p>
   </div>
   <div class='ocr_carea' id='block_1_4' title="bbox 228 735 1810 806">
    <p class='ocr_par' dir='ltr' id='par_1_4' title="bbox 228 735 1810 806">
     <span class='ocr_line' id='line_1_4' title="bbox 228 735 1810 806; baseline 0.001 -19"><span class='ocrx_word' id='word_1_16' title='bbox 228 749 252 788; x_wconf 81' lang='lat' dir='ltr'><strong>a</strong></span> <span class='ocrx_word' id='word_1_17' title='bbox 276 744 419 804; x_wconf 88' lang='lat' dir='ltr'><strong>patre</strong></span> <span class='ocrx_word' id='word_1_18' title='bbox 447 735 595 804; x_wconf 90' lang='lat' dir='ltr'><strong>apud</strong></span> <span class='ocrx_word' id='word_1_19' title='bbox 630 737 852 803; x_wconf 80' lang='lat' dir='ltr'><strong>inferos,</strong></span> <span class='ocrx_word' id='word_1_20' title='bbox 889 737 1096 792; x_wconf 88' lang='lat' dir='ltr'><strong>animas</strong></span> <span class='ocrx_word' id='word_1_21' title='bbox 1117 751 1301 792; x_wconf 83' lang='lat' dir='ltr'><strong>rursus</strong></span> <span class='ocrx_word' id='word_1_22' title='bbox 1321 736 1387 790; x_wconf 87' lang='lat' dir='ltr'><strong>ad</strong></span> <span class='ocrx_word' id='word_1_23' title='bbox 1408 752 1629 806; x_wconf 85' lang='lat' dir='ltr'><strong>corpora</strong></span> <span class='ocrx_word' id='word_1_24' title='bbox 1667 735 1810 790; x_wconf 87' lang='lat' dir='ltr'><strong>redi-</strong></span> 
     </span>
    </p>
   </div>
   <div class='ocr_carea' id='block_1_5' title="bbox 232 825 1528 898">
    <p class='ocr_par' dir='ltr' id='par_1_5' title="bbox 232 825 1528 898">
     <span class='ocr_line' id='line_1_5' title="bbox 232 825 1528 898; baseline 0.005 -20"><span class='ocrx_word' id='word_1_25' title='bbox 232 837 380 891; x_wconf 88' lang='lat' dir='ltr'><strong>turas,</strong></span> <span class='ocrx_word' id='word_1_26' title='bbox 409 825 552 882; x_wconf 90' lang='lat' dir='ltr'><strong>hanc</strong></span> <span class='ocrx_word' id='word_1_27' title='bbox 576 827 885 898; x_wconf 90' lang='lat' dir='ltr'><strong>opinionem</strong></span> <span class='ocrx_word' id='word_1_28' title='bbox 911 828 1155 897; x_wconf 77' lang='lat' dir='ltr'><strong>miratur,</strong></span> <span class='ocrx_word' id='word_1_29' title='bbox 1181 829 1488 885; x_wconf 82' lang='lat' dir='ltr'><strong>exclamans</strong></span> <span class='ocrx_word' id='word_1_30' title='bbox 1513 846 1528 884; x_wconf 88' lang='lat'><strong>:</strong></span> 
     </span>
    </p>
   </div>
   <div class='ocr_carea' id='block_1_6' title="bbox 279 980 1815 1044">
    <p class='ocr_par' dir='ltr' id='par_1_6' title="bbox 279 980 1815 1044">
     <span class='ocr_line' id='line_1_6' title="bbox 279 980 1815 1044; baseline 0.004 -16"><span class='ocrx_word' id='word_1_31' title='bbox 279 986 313 1028; x_wconf 90' lang='lat'><strong>0</strong></span> <span class='ocrx_word' id='word_1_32' title='bbox 332 986 494 1044; x_wconf 80' lang='lat' dir='ltr'><strong>pater,</strong></span> <span class='ocrx_word' id='word_1_33' title='bbox 520 993 652 1029; x_wconf 88' lang='lat' dir='ltr'><strong>anne</strong></span> <span class='ocrx_word' id='word_1_34' title='bbox 676 981 862 1044; x_wconf 87' lang='lat' dir='ltr'><strong>aliquas</strong></span> <span class='ocrx_word' id='word_1_35' title='bbox 897 981 956 1030; x_wconf 90' lang='lat' dir='ltr'><strong>ad</strong></span> <span class='ocrx_word' id='word_1_36' title='bbox 979 980 1155 1031; x_wconf 68' lang='lat' dir='ltr'><strong>caelum</strong></span> <span class='ocrx_word' id='word_1_37' title='bbox 1193 981 1304 1030; x_wconf 86' lang='lat' dir='ltr'><strong>hinc</strong></span> <span class='ocrx_word' id='word_1_38' title='bbox 1342 982 1416 1030; x_wconf 90' lang='lat' dir='ltr'><strong>ire</strong></span> <span class='ocrx_word' id='word_1_39' title='bbox 1453 981 1716 1042; x_wconf 79' lang='lat' dir='ltr'><strong>putandum</strong></span> <span class='ocrx_word' id='word_1_40' title='bbox 1737 987 1815 1034; x_wconf 76' lang='lat' dir='ltr'><strong>est</strong></span> 
     </span>
    </p>
   </div>
   <div class='ocr_carea' id='block_1_7' title="bbox 278 1040 1502 1115">
    <p class='ocr_par' dir='ltr' id='par_1_7' title="bbox 278 1040 1502 1115">
     <span class='ocr_line' id='line_1_7' title="bbox 278 1040 1502 1115; baseline 0.001 -25"><span class='ocrx_word' id='word_1_41' title='bbox 278 1040 527 1115; x_wconf 62' lang='lat' dir='ltr'><strong>sublimes</strong></span> <span class='ocrx_word' id='word_1_42' title='bbox 545 1040 1053 1115; x_wconf 47' lang='lat' dir='ltr'><strong>animagﬁterumque</strong></span> <span class='ocrx_word' id='word_1_43' title='bbox 1076 1044 1138 1092; x_wconf 89' lang='lat' dir='ltr'><strong>ad</strong></span> <span class='ocrx_word' id='word_1_44' title='bbox 1160 1045 1298 1115; x_wconf 78' lang='lat' dir='ltr'><strong>tarda</strong></span> <span class='ocrx_word' id='word_1_45' title='bbox 1315 1040 1502 1115; x_wconf 40' lang='lat' dir='ltr'><strong>rever—nti</strong></span> 
     </span>
    </p>
   </div>
   <div class='ocr_carea' id='block_1_8' title="bbox 278 1103 1477 1168">
    <p class='ocr_par' dir='ltr' id='par_1_8' title="bbox 278 1103 1477 1168">
     <span class='ocr_line' id='line_1_8' title="bbox 278 1103 1477 1168; baseline 0.003 -17"><span class='ocrx_word' id='word_1_46' title='bbox 278 1103 527 1166; x_wconf 81' lang='lat' dir='ltr'><strong>Corpora?</strong></span> <span class='ocrx_word' id='word_1_47' title='bbox 544 1112 660 1164; x_wconf 74' lang='lat' dir='ltr'><strong>Quae</strong></span> <span class='ocrx_word' id='word_1_48' title='bbox 680 1105 802 1155; x_wconf 89' lang='lat' dir='ltr'><strong>lucis</strong></span> <span class='ocrx_word' id='word_1_49' title='bbox 820 1103 1012 1154; x_wconf 81' lang='lat' dir='ltr'><strong>miseris</strong></span> <span class='ocrx_word' id='word_1_50' title='bbox 1032 1113 1128 1155; x_wconf 84' lang='lat' dir='ltr'><strong>tam</strong></span> <span class='ocrx_word' id='word_1_51' title='bbox 1149 1106 1252 1154; x_wconf 88' lang='lat' dir='ltr'><strong>dira</strong></span> <span class='ocrx_word' id='word_1_52' title='bbox 1271 1105 1477 1168; x_wconf 84' lang='lat' dir='ltr'><strong>cupido?</strong></span> 
     </span>
    </p>
   </div>
   <div class='ocr_carea' id='block_1_9' title="bbox 724 1186 1569 1251">
    <p class='ocr_par' dir='ltr' id='par_1_9' title="bbox 724 1186 1569 1251">
     <span class='ocr_line' id='line_1_9' title="bbox 724 1186 1569 1251; baseline -0.002 -11"><span class='ocrx_word' id='word_1_53' title='bbox 724 1186 948 1250; x_wconf 52' lang='lat' dir='ltr'><strong>(amid.</strong></span> <span class='ocrx_word' id='word_1_54' title='bbox 969 1187 1054 1239; x_wconf 84' lang='lat' dir='ltr'><strong>lib.</strong></span> <span class='ocrx_word' id='word_1_55' title='bbox 1073 1188 1124 1251; x_wconf 81' lang='lat'><strong>6,</strong></span> <span class='ocrx_word' id='word_1_56' title='bbox 1148 1202 1272 1240; x_wconf 84' lang='lat' dir='ltr'><strong>vers.</strong></span> <span class='ocrx_word' id='word_1_57' title='bbox 1291 1187 1523 1239; x_wconf 79' lang='grc'><strong>719-721.</strong></span> <span class='ocrx_word' id='word_1_58' title='bbox 1549 1190 1569 1250; x_wconf 86' lang='grc'><strong>)</strong></span> 
     </span>
    </p>
   </div>
   <div class='ocr_carea' id='block_1_10' title="bbox 233 1314 1816 1387">
    <p class='ocr_par' dir='ltr' id='par_1_10' title="bbox 233 1314 1816 1387">
     <span class='ocr_line' id='line_1_10' title="bbox 233 1314 1816 1387; baseline 0 -18"><span class='ocrx_word' id='word_1_59' title='bbox 233 1314 618 1385; x_wconf 83' lang='lat' dir='ltr'><strong>Numquidnam</strong></span> <span class='ocrx_word' id='word_1_60' title='bbox 653 1317 768 1373; x_wconf 74' lang='lat' dir='ltr'><strong>haec</strong></span> <span class='ocrx_word' id='word_1_61' title='bbox 804 1326 909 1372; x_wconf 87' lang='lat' dir='ltr'><strong>tam</strong></span> <span class='ocrx_word' id='word_1_62' title='bbox 937 1317 1053 1372; x_wconf 90' lang='lat' dir='ltr'><strong>dira</strong></span> <span class='ocrx_word' id='word_1_63' title='bbox 1079 1317 1273 1387; x_wconf 88' lang='lat' dir='ltr'><strong>cupido</strong></span> <span class='ocrx_word' id='word_1_64' title='bbox 1318 1332 1383 1372; x_wconf 80' lang='lat' dir='ltr'><strong>ex</strong></span> <span class='ocrx_word' id='word_1_65' title='bbox 1410 1316 1637 1372; x_wconf 85' lang='lat' dir='ltr'><strong>terrenis</strong></span> <span class='ocrx_word' id='word_1_66' title='bbox 1663 1324 1816 1370; x_wconf 83' lang='lat' dir='ltr'><strong>artu-</strong></span> 
     </span>
    </p>
   </div>
   <div class='ocr_carea' id='block_1_11' title="bbox 236 1409 1816 1480">
    <p class='ocr_par' dir='ltr' id='par_1_11' title="bbox 236 1409 1816 1480">
     <span class='ocr_line' id='line_1_11' title="bbox 236 1409 1816 1480; baseline -0.001 -17"><span class='ocrx_word' id='word_1_67' title='bbox 236 1410 318 1463; x_wconf 90' lang='lat' dir='ltr'><strong>bus</strong></span> <span class='ocrx_word' id='word_1_68' title='bbox 359 1409 807 1480; x_wconf 88' lang='lat' dir='ltr'><strong>moribundisque</strong></span> <span class='ocrx_word' id='word_1_69' title='bbox 836 1409 1092 1466; x_wconf 88' lang='lat' dir='ltr'><strong>membris</strong></span> <span class='ocrx_word' id='word_1_70' title='bbox 1121 1409 1296 1465; x_wconf 88' lang='lat' dir='ltr'><strong>adhuc</strong></span> <span class='ocrx_word' id='word_1_71' title='bbox 1343 1410 1485 1464; x_wconf 90' lang='lat' dir='ltr'><strong>inest</strong></span> <span class='ocrx_word' id='word_1_72' title='bbox 1515 1409 1816 1461; x_wconf 88' lang='lat' dir='ltr'><strong>animarum</strong></span> 
     </span>
    </p>
   </div>
   <div class='ocr_carea' id='block_1_12' title="bbox 236 1497 1818 1570">
    <p class='ocr_par' dir='ltr' id='par_1_12' title="bbox 236 1497 1818 1570">
     <span class='ocr_line' id='line_1_12' title="bbox 236 1497 1818 1570; baseline -0.001 -16"><span class='ocrx_word' id='word_1_73' title='bbox 236 1500 298 1554; x_wconf 83' lang='lat' dir='ltr'><strong>illi</strong></span> <span class='ocrx_word' id='word_1_74' title='bbox 353 1501 821 1568; x_wconf 66' lang='lat' dir='ltr'><strong>prmdicatissima:</strong></span> <span class='ocrx_word' id='word_1_75' title='bbox 865 1501 1122 1570; x_wconf 78' lang='lat' dir='ltr'><strong>puritati?</strong></span> <span class='ocrx_word' id='word_1_76' title='bbox 1169 1500 1358 1556; x_wconf 82' lang='lat' dir='ltr'><strong>Nonne</strong></span> <span class='ocrx_word' id='word_1_77' title='bbox 1404 1501 1472 1556; x_wconf 93' lang='lat' dir='ltr'><strong>ab</strong></span> <span class='ocrx_word' id='word_1_78' title='bbox 1515 1497 1818 1568; x_wconf 85' lang='lat' dir='ltr'><strong>hujusmodi</strong></span> 
     </span>
    </p>
   </div>
   <div class='ocr_carea' id='block_1_13' title="bbox 234 1593 1822 1665">
    <p class='ocr_par' dir='ltr' id='par_1_13' title="bbox 234 1593 1822 1665">
     <span class='ocr_line' id='line_1_13' title="bbox 234 1593 1822 1665; baseline -0.001 -18"><span class='ocrx_word' id='word_1_79' title='bbox 234 1595 520 1664; x_wconf 88' lang='lat' dir='ltr'><strong>corporeis,</strong></span> <span class='ocrx_word' id='word_1_80' title='bbox 553 1605 615 1648; x_wconf 91' lang='lat' dir='ltr'><strong>ut</strong></span> <span class='ocrx_word' id='word_1_81' title='bbox 638 1594 788 1658; x_wconf 82' lang='lat' dir='ltr'><strong>dicit,</strong></span> <span class='ocrx_word' id='word_1_82' title='bbox 818 1595 1056 1665; x_wconf 87' lang='lat' dir='ltr'><strong>pestibus</strong></span> <span class='ocrx_word' id='word_1_83' title='bbox 1084 1595 1334 1650; x_wconf 89' lang='lat' dir='ltr'><strong>omnibus</strong></span> <span class='ocrx_word' id='word_1_84' title='bbox 1357 1607 1450 1649; x_wconf 88' lang='lat' dir='ltr'><strong>eas</strong></span> <span class='ocrx_word' id='word_1_85' title='bbox 1473 1593 1665 1648; x_wconf 85' lang='lat' dir='ltr'><strong>asserit</strong></span> <span class='ocrx_word' id='word_1_86' title='bbox 1702 1606 1822 1647; x_wconf 85' lang='lat' dir='ltr'><strong>esse</strong></span> 
     </span>
    </p>
   </div>
   <div class='ocr_carea' id='block_1_14' title="bbox 208 1685 1824 1757">
    <p class='ocr_par' dir='ltr' id='par_1_14' title="bbox 208 1685 1824 1757">
     <span class='ocr_line' id='line_1_14' title="bbox 208 1685 1824 1757; baseline -0.001 -15"><span class='ocrx_word' id='word_1_87' title='bbox 208 1696 496 1755; x_wconf 64' lang='lat' dir='ltr'><strong>zpurgatas,</strong></span> <span class='ocrx_word' id='word_1_88' title='bbox 521 1701 644 1741; x_wconf 92' lang='lat' dir='ltr'><strong>cum</strong></span> <span class='ocrx_word' id='word_1_89' title='bbox 686 1703 870 1742; x_wconf 92' lang='lat' dir='ltr'><strong>rursus</strong></span> <span class='ocrx_word' id='word_1_90' title='bbox 917 1687 1179 1757; x_wconf 89' lang='lat' dir='ltr'><strong>incipiunt</strong></span> <span class='ocrx_word' id='word_1_91' title='bbox 1210 1688 1260 1741; x_wconf 90' lang='lat' dir='ltr'><strong>in</strong></span> <span class='ocrx_word' id='word_1_92' title='bbox 1302 1701 1531 1756; x_wconf 91' lang='lat' dir='ltr'><strong>corpora</strong></span> <span class='ocrx_word' id='word_1_93' title='bbox 1571 1685 1712 1740; x_wconf 86' lang='lat' dir='ltr'><strong>velle</strong></span> <span class='ocrx_word' id='word_1_94' title='bbox 1739 1699 1824 1740; x_wconf 83' lang='lat' dir='ltr'><strong>re-</strong></span> 
     </span>
    </p>
   </div>
   <div class='ocr_carea' id='block_1_15' title="bbox 202 1777 1822 1848">
    <p class='ocr_par' dir='ltr' id='par_1_15' title="bbox 202 1777 1822 1848">
     <span class='ocr_line' id='line_1_15' title="bbox 202 1777 1822 1848; baseline 0.002 -19"><span class='ocrx_word' id='word_1_95' title='bbox 202 1779 212 1847; x_wconf 67' lang='lat'><strong><em>;</em></strong></span> <span class='ocrx_word' id='word_1_96' title='bbox 237 1777 402 1832; x_wconf 86' lang='lat' dir='ltr'><strong>verti?</strong></span> <span class='ocrx_word' id='word_1_97' title='bbox 430 1777 590 1833; x_wconf 89' lang='lat' dir='ltr'><strong>Unde</strong></span> <span class='ocrx_word' id='word_1_98' title='bbox 616 1779 888 1848; x_wconf 84' lang='lat' dir='ltr'><strong>colligitur</strong></span> <span class='ocrx_word' id='word_1_99' title='bbox 911 1821 926 1846; x_wconf 96' lang='lat'><strong>,</strong></span> <span class='ocrx_word' id='word_1_100' title='bbox 965 1780 1174 1835; x_wconf 87' lang='lat' dir='ltr'><strong>etiamsi</strong></span> <span class='ocrx_word' id='word_1_101' title='bbox 1208 1780 1278 1834; x_wconf 90' lang='lat' dir='ltr'><strong>ita</strong></span> <span class='ocrx_word' id='word_1_102' title='bbox 1306 1794 1366 1835; x_wconf 90' lang='lat' dir='ltr'><strong>se</strong></span> <span class='ocrx_word' id='word_1_103' title='bbox 1392 1778 1641 1844; x_wconf 86' lang='lat' dir='ltr'><strong>haberet,</strong></span> <span class='ocrx_word' id='word_1_104' title='bbox 1682 1777 1822 1847; x_wconf 89' lang='lat' dir='ltr'><strong>quod</strong></span> 
     </span>
    </p>
   </div>
   <div class='ocr_carea' id='block_1_16' title="bbox 195 1853 1816 1937">
    <p class='ocr_par' dir='ltr' id='par_1_16' title="bbox 195 1853 1816 1937">
     <span class='ocr_line' id='line_1_16' title="bbox 195 1853 1816 1937; baseline 0.001 -15"><span class='ocrx_word' id='word_1_105' title='bbox 195 1853 205 1876; x_wconf 80' lang='grc'><em>¹</em></span> <span class='ocrx_word' id='word_1_106' title='bbox 235 1877 307 1922; x_wconf 85' lang='lat' dir='ltr'><strong>est</strong></span> <span class='ocrx_word' id='word_1_107' title='bbox 331 1869 556 1924; x_wconf 90' lang='lat' dir='ltr'><strong>omnino</strong></span> <span class='ocrx_word' id='word_1_108' title='bbox 580 1869 928 1925; x_wconf 89' lang='lat' dir='ltr'><strong>vanissimum</strong></span> <span class='ocrx_word' id='word_1_109' title='bbox 953 1912 970 1937; x_wconf 94' lang='lat'><strong>,</strong></span> <span class='ocrx_word' id='word_1_110' title='bbox 1012 1871 1248 1926; x_wconf 83' lang='lat' dir='ltr'><strong>vicissim</strong></span> <span class='ocrx_word' id='word_1_111' title='bbox 1280 1871 1554 1926; x_wconf 85' lang='lat' dir='ltr'><strong>alternans</strong></span> <span class='ocrx_word' id='word_1_112' title='bbox 1583 1870 1816 1926; x_wconf 82' lang='lat' dir='ltr'><strong>incessa-</strong></span> 
     </span>
    </p>
   </div>
   <div class='ocr_carea' id='block_1_17' title="bbox 235 1959 1827 2034">
    <p class='ocr_par' dir='ltr' id='par_1_17' title="bbox 235 1959 1827 2034">
     <span class='ocr_line' id='line_1_17' title="bbox 235 1959 1827 2034; baseline 0.004 -21"><span class='ocrx_word' id='word_1_113' title='bbox 235 1959 404 2015; x_wconf 88' lang='lat' dir='ltr'><strong>biliter</strong></span> <span class='ocrx_word' id='word_1_114' title='bbox 423 1963 665 2017; x_wconf 88' lang='lat' dir='ltr'><strong>euntium</strong></span> <span class='ocrx_word' id='word_1_115' title='bbox 689 1974 848 2034; x_wconf 90' lang='lat' dir='ltr'><strong>atque</strong></span> <span class='ocrx_word' id='word_1_116' title='bbox 872 1964 1209 2020; x_wconf 89' lang='lat' dir='ltr'><strong>redeuntium</strong></span> <span class='ocrx_word' id='word_1_117' title='bbox 1231 1966 1529 2019; x_wconf 86' lang='lat' dir='ltr'><strong>animarum</strong></span> <span class='ocrx_word' id='word_1_118' title='bbox 1553 1965 1827 2020; x_wconf 88' lang='lat' dir='ltr'><strong>mundatio</strong></span> 
     </span>
    </p>
   </div>
   <div class='ocr_carea' id='block_1_18' title="bbox 234 2053 1830 2126">
    <p class='ocr_par' dir='ltr' id='par_1_18' title="bbox 234 2053 1830 2126">
     <span class='ocr_line' id='line_1_18' title="bbox 234 2053 1830 2126; baseline 0.003 -20"><span class='ocrx_word' id='word_1_119' title='bbox 234 2062 280 2106; x_wconf 91' lang='lat' dir='ltr'><strong>et</strong></span> <span class='ocrx_word' id='word_1_120' title='bbox 309 2053 635 2122; x_wconf 87' lang='lat' dir='ltr'><strong>inquinatio,</strong></span> <span class='ocrx_word' id='word_1_121' title='bbox 659 2070 765 2109; x_wconf 93' lang='lat' dir='ltr'><strong>non</strong></span> <span class='ocrx_word' id='word_1_122' title='bbox 793 2057 1030 2126; x_wconf 90' lang='lat' dir='ltr'><strong>potuisse</strong></span> <span class='ocrx_word' id='word_1_123' title='bbox 1057 2057 1324 2112; x_wconf 90' lang='lat' dir='ltr'><strong>veraciter</strong></span> <span class='ocrx_word' id='word_1_124' title='bbox 1349 2056 1476 2123; x_wconf 89' lang='lat' dir='ltr'><strong>dici,</strong></span> <span class='ocrx_word' id='word_1_125' title='bbox 1501 2072 1689 2112; x_wconf 88' lang='lat' dir='ltr'><strong>omnes</strong></span> <span class='ocrx_word' id='word_1_126' title='bbox 1716 2056 1830 2111; x_wconf 91' lang='lat' dir='ltr'><strong>cul-</strong></span> 
     </span>
    </p>
   </div>
   <div class='ocr_carea' id='block_1_19' title="bbox 235 2137 1828 2215">
    <p class='ocr_par' dir='ltr' id='par_1_19' title="bbox 235 2137 1828 2215">
     <span class='ocr_line' id='line_1_19' title="bbox 235 2137 1828 2215; baseline 0.003 -17"><span class='ocrx_word' id='word_1_127' title='bbox 235 2144 431 2213; x_wconf 86' lang='lat' dir='ltr'><strong>pabiles</strong></span> <span class='ocrx_word' id='word_1_128' title='bbox 457 2155 621 2215; x_wconf 91' lang='lat' dir='ltr'><strong>atque</strong></span> <span class='ocrx_word' id='word_1_129' title='bbox 643 2148 863 2203; x_wconf 84' lang='lat' dir='ltr'><strong>vitiosos</strong></span> <span class='ocrx_word' id='word_1_130' title='bbox 884 2158 1060 2204; x_wconf 88' lang='lat' dir='ltr'><strong>motus</strong></span> <span class='ocrx_word' id='word_1_131' title='bbox 1085 2137 1492 2204; x_wconf 22' lang='lat' dir='ltr'><strong>animarum-eis</strong></span> <span class='ocrx_word' id='word_1_132' title='bbox 1513 2165 1578 2204; x_wconf 80' lang='lat' dir='ltr'><strong>ex</strong></span> <span class='ocrx_word' id='word_1_133' title='bbox 1600 2149 1828 2202; x_wconf 89' lang='lat' dir='ltr'><strong>terrenis</strong></span> 
     </span>
    </p>
   </div>
   <div class='ocr_carea' id='block_1_20' title="bbox 233 2237 1826 2310">
    <p class='ocr_par' dir='ltr' id='par_1_20' title="bbox 233 2237 1826 2310">
     <span class='ocr_line' id='line_1_20' title="bbox 233 2237 1826 2310; baseline 0.002 -20"><span class='ocrx_word' id='word_1_134' title='bbox 233 2237 542 2305; x_wconf 85' lang='lat' dir='ltr'><strong>corporibus</strong></span> <span class='ocrx_word' id='word_1_135' title='bbox 567 2237 896 2294; x_wconf 86' lang='lat' dir='ltr'><strong>inolescere:</strong></span> <span class='ocrx_word' id='word_1_136' title='bbox 926 2239 1188 2309; x_wconf 87' lang='lat' dir='ltr'><strong>siquidem</strong></span> <span class='ocrx_word' id='word_1_137' title='bbox 1220 2240 1510 2296; x_wconf 87' lang='lat' dir='ltr'><strong>secundmn</strong></span> <span class='ocrx_word' id='word_1_138' title='bbox 1544 2241 1687 2310; x_wconf 89' lang='lat' dir='ltr'><strong>ipsos</strong></span> <span class='ocrx_word' id='word_1_139' title='bbox 1717 2240 1826 2306; x_wconf 90' lang='lat' dir='ltr'><strong>illa,</strong></span> 
     </span>
    </p>
   </div>
   <div class='ocr_carea' id='block_1_21' title="bbox 237 2330 1861 2404">
    <p class='ocr_par' dir='ltr' id='par_1_21' title="bbox 237 2330 1861 2404">
     <span class='ocr_line' id='line_1_21' title="bbox 237 2330 1861 2404; baseline 0.003 -21"><span class='ocrx_word' id='word_1_140' title='bbox 237 2339 287 2383; x_wconf 82' lang='grc' dir='ltr'><strong>ιιι</strong></span> <span class='ocrx_word' id='word_1_141' title='bbox 309 2330 519 2384; x_wconf 90' lang='lat' dir='ltr'><strong>locutor</strong></span> <span class='ocrx_word' id='word_1_142' title='bbox 549 2330 742 2387; x_wconf 90' lang='lat' dir='ltr'><strong>nobilis</strong></span> <span class='ocrx_word' id='word_1_143' title='bbox 789 2333 902 2398; x_wconf 90' lang='lat' dir='ltr'><strong>ait,</strong></span> <span class='ocrx_word' id='word_1_144' title='bbox 943 2332 1062 2388; x_wconf 90' lang='lat' dir='ltr'><strong>dira</strong></span> <span class='ocrx_word' id='word_1_145' title='bbox 1091 2332 1288 2404; x_wconf 89' lang='lat' dir='ltr'><strong>cupido</strong></span> <span class='ocrx_word' id='word_1_146' title='bbox 1333 2349 1498 2402; x_wconf 91' lang='lat' dir='ltr'><strong>usque</strong></span> <span class='ocrx_word' id='word_1_147' title='bbox 1540 2332 1677 2388; x_wconf 88' lang='lat' dir='ltr'><strong>adeo</strong></span> <span class='ocrx_word' id='word_1_148' title='bbox 1722 2349 1861 2388; x_wconf 69' lang='grc' dir='ltr'><strong>ιιοιιι</strong></span> 
     </span>
    </p>
   </div>
   <div class='ocr_carea' id='block_1_22' title="bbox 235 2423 1828 2495">
    <p class='ocr_par' dir='ltr' id='par_1_22' title="bbox 235 2423 1828 2495">
     <span class='ocr_line' id='line_1_22' title="bbox 235 2423 1828 2495; baseline 0.002 -20"><span class='ocrx_word' id='word_1_149' title='bbox 235 2431 308 2475; x_wconf 89' lang='lat' dir='ltr'><strong>est</strong></span> <span class='ocrx_word' id='word_1_150' title='bbox 326 2437 391 2475; x_wconf 77' lang='lat' dir='ltr'><strong>ex</strong></span> <span class='ocrx_word' id='word_1_151' title='bbox 418 2436 670 2492; x_wconf 87' lang='lat' dir='ltr'><strong>corpore,</strong></span> <span class='ocrx_word' id='word_1_152' title='bbox 697 2434 757 2477; x_wconf 90' lang='lat' dir='ltr'><strong>ut</strong></span> <span class='ocrx_word' id='word_1_153' title='bbox 773 2423 841 2478; x_wconf 91' lang='lat' dir='ltr'><strong>ab</strong></span> <span class='ocrx_word' id='word_1_154' title='bbox 861 2425 1004 2478; x_wconf 91' lang='lat' dir='ltr'><strong>omni</strong></span> <span class='ocrx_word' id='word_1_155' title='bbox 1026 2439 1284 2494; x_wconf 90' lang='lat' dir='ltr'><strong>corporea</strong></span> <span class='ocrx_word' id='word_1_156' title='bbox 1319 2436 1466 2494; x_wconf 85' lang='lat' dir='ltr'><strong>peste</strong></span> <span class='ocrx_word' id='word_1_157' title='bbox 1488 2425 1507 2458; x_wconf 75' lang='grc' dir='ltr'>ί</span> <span class='ocrx_word' id='word_1_158' title='bbox 1529 2434 1828 2495; x_wconf 78' lang='lat' dir='ltr'><strong>purgatam,</strong></span> 
     </span>
    </p>
   </div>
   <div class='ocr_carea' id='block_1_23' title="bbox 247 2516 1830 2585">
    <p class='ocr_par' dir='ltr' id='par_1_23' title="bbox 247 2516 1830 2585">
     <span class='ocr_line' id='line_1_23' title="bbox 247 2516 1830 2585; baseline 0.004 -20"><span class='ocrx_word' id='word_1_159' title='bbox 247 2521 296 2566; x_wconf 89' lang='lat' dir='ltr'><strong>et</strong></span> <span class='ocrx_word' id='word_1_160' title='bbox 325 2522 478 2567; x_wconf 82' lang='lat' dir='ltr'><strong>extra</strong></span> <span class='ocrx_word' id='word_1_161' title='bbox 527 2529 690 2570; x_wconf 90' lang='lat' dir='ltr'><strong>omne</strong></span> <span class='ocrx_word' id='word_1_162' title='bbox 728 2529 924 2585; x_wconf 90' lang='lat' dir='ltr'><strong>corpus</strong></span> <span class='ocrx_word' id='word_1_163' title='bbox 950 2516 1183 2570; x_wconf 90' lang='lat' dir='ltr'><strong>animam</strong></span> <span class='ocrx_word' id='word_1_164' title='bbox 1227 2516 1569 2570; x_wconf 89' lang='lat' dir='ltr'><strong>constitutam</strong></span> <span class='ocrx_word' id='word_1_165' title='bbox 1595 2556 1611 2584; x_wconf 92' lang='lat'><strong>,</strong></span> <span class='ocrx_word' id='word_1_166' title='bbox 1660 2516 1830 2585; x_wconf 86' lang='lat' dir='ltr'><strong>ipsam</strong></span> 
     </span>
    </p>
   </div>
   <div class='ocr_carea' id='block_1_24' title="bbox 238 2606 1835 2690">
    <p class='ocr_par' dir='ltr' id='par_1_24' title="bbox 238 2606 1835 2690">
     <span class='ocr_line' id='line_1_24' title="bbox 238 2606 1835 2690; baseline 0.004 -32"><span class='ocrx_word' id='word_1_167' title='bbox 238 2606 517 2690; x_wconf 81' lang='lat' dir='ltr'><strong>compellat</strong></span> <span class='ocrx_word' id='word_1_168' title='bbox 541 2621 662 2662; x_wconf 88' lang='lat' dir='ltr'><strong>esse</strong></span> <span class='ocrx_word' id='word_1_169' title='bbox 707 2609 760 2662; x_wconf 90' lang='lat' dir='ltr'><strong>in</strong></span> <span class='ocrx_word' id='word_1_170' title='bbox 797 2623 1041 2678; x_wconf 90' lang='lat' dir='ltr'><strong>corpore.</strong></span> <span class='ocrx_word' id='word_1_171' title='bbox 1072 2608 1224 2664; x_wconf 85' lang='lat' dir='ltr'><strong>Unde</strong></span> <span class='ocrx_word' id='word_1_172' title='bbox 1250 2609 1411 2664; x_wconf 84' lang='lat' dir='ltr'><strong>etiam</strong></span> <span class='ocrx_word' id='word_1_173' title='bbox 1438 2651 1452 2674; x_wconf 96' lang='lat'><strong>,</strong></span> <span class='ocrx_word' id='word_1_174' title='bbox 1486 2609 1593 2664; x_wconf 87' lang='lat' dir='ltr'><strong>illis</strong></span> <span class='ocrx_word' id='word_1_175' title='bbox 1619 2607 1835 2664; x_wconf 82' lang='lat' dir='ltr'><strong>fatenti-</strong></span> 
     </span>
    </p>
   </div>
   <div class='ocr_carea' id='block_1_25' title="bbox 238 2695 1830 2770">
    <p class='ocr_par' dir='ltr' id='par_1_25' title="bbox 238 2695 1830 2770">
     <span class='ocr_line' id='line_1_25' title="bbox 238 2695 1830 2770; baseline 0.001 -18"><span class='ocrx_word' id='word_1_176' title='bbox 238 2695 351 2764; x_wconf 86' lang='lat' dir='ltr'><strong>bus,</strong></span> <span class='ocrx_word' id='word_1_177' title='bbox 384 2712 496 2752; x_wconf 93' lang='lat' dir='ltr'><strong>non</strong></span> <span class='ocrx_word' id='word_1_178' title='bbox 527 2714 591 2752; x_wconf 81' lang='lat' dir='ltr'><strong>ex</strong></span> <span class='ocrx_word' id='word_1_179' title='bbox 624 2713 787 2754; x_wconf 91' lang='lat' dir='ltr'><strong>carne</strong></span> <span class='ocrx_word' id='word_1_180' title='bbox 818 2708 1024 2754; x_wconf 90' lang='lat' dir='ltr'><strong>tantum</strong></span> <span class='ocrx_word' id='word_1_181' title='bbox 1055 2698 1286 2755; x_wconf 80' lang='lat' dir='ltr'><strong>allicitur</strong></span> <span class='ocrx_word' id='word_1_182' title='bbox 1313 2701 1512 2767; x_wconf 89' lang='lat' dir='ltr'><strong>anima,</strong></span> <span class='ocrx_word' id='word_1_183' title='bbox 1545 2707 1603 2756; x_wconf 88' lang='lat' dir='ltr'><strong>ut</strong></span> <span class='ocrx_word' id='word_1_184' title='bbox 1631 2701 1830 2770; x_wconf 90' lang='lat' dir='ltr'><strong>cupiat,</strong></span> 
     </span>
    </p>
   </div>
   <div class='ocr_carea' id='block_1_26' title="bbox 239 2790 1833 2862">
    <p class='ocr_par' dir='ltr' id='par_1_26' title="bbox 239 2790 1833 2862">
     <span class='ocr_line' id='line_1_26' title="bbox 239 2790 1833 2862; baseline 0.002 -20"><span class='ocrx_word' id='word_1_185' title='bbox 239 2799 454 2853; x_wconf 88' lang='lat' dir='ltr'><strong>metuat,</strong></span> <span class='ocrx_word' id='word_1_186' title='bbox 487 2790 700 2844; x_wconf 66' lang='lat' dir='ltr'><strong>laetetur</strong></span> <span class='ocrx_word' id='word_1_187' title='bbox 721 2831 737 2855; x_wconf 98' lang='lat'><strong>,</strong></span> <span class='ocrx_word' id='word_1_188' title='bbox 764 2800 1021 2861; x_wconf 75' lang='lat' dir='ltr'><strong>:rgrescat</strong></span> <span class='ocrx_word' id='word_1_189' title='bbox 1049 2792 1095 2857; x_wconf 81' lang='grc'><strong>²;</strong></span> <span class='ocrx_word' id='word_1_190' title='bbox 1121 2806 1307 2846; x_wconf 88' lang='lat' dir='ltr'><strong>verum</strong></span> <span class='ocrx_word' id='word_1_191' title='bbox 1347 2792 1509 2848; x_wconf 89' lang='lat' dir='ltr'><strong>etiam</strong></span> <span class='ocrx_word' id='word_1_192' title='bbox 1538 2807 1604 2847; x_wconf 82' lang='lat' dir='ltr'><strong>ex</strong></span> <span class='ocrx_word' id='word_1_193' title='bbox 1630 2805 1692 2847; x_wconf 87' lang='lat' dir='ltr'><strong>se</strong></span> <span class='ocrx_word' id='word_1_194' title='bbox 1720 2792 1833 2862; x_wconf 90' lang='lat' dir='ltr'><strong>ipsa</strong></span> 
     </span>
    </p>
   </div>
   <div class='ocr_carea' id='block_1_27' title="bbox 241 2878 1035 2952">
    <p class='ocr_par' dir='ltr' id='par_1_27' title="bbox 241 2878 1035 2952">
     <span class='ocr_line' id='line_1_27' title="bbox 241 2878 1035 2952; baseline 0.004 -19"><span class='ocrx_word' id='word_1_195' title='bbox 241 2878 318 2934; x_wconf 88' lang='lat' dir='ltr'><strong>his</strong></span> <span class='ocrx_word' id='word_1_196' title='bbox 345 2889 527 2950; x_wconf 89' lang='lat' dir='ltr'><strong>potest</strong></span> <span class='ocrx_word' id='word_1_197' title='bbox 556 2881 790 2935; x_wconf 89' lang='lat' dir='ltr'><strong>motibus</strong></span> <span class='ocrx_word' id='word_1_198' title='bbox 823 2882 1035 2952; x_wconf 89' lang='lat' dir='ltr'><strong>agitari.</strong></span> 
     </span>
    </p>
   </div>
   <div class='ocr_carea' id='block_1_28' title="bbox 241 3013 1836 3088">
    <p class='ocr_par' dir='ltr' id='par_1_28' title="bbox 241 3013 1836 3088">
     <span class='ocr_line' id='line_1_28' title="bbox 241 3013 1836 3088; baseline 0.003 -18"><span class='ocrx_word' id='word_1_199' title='bbox 241 3013 460 3072; x_wconf 78' lang='lat' dir='ltr'><strong>CAPUT</strong></span> <span class='ocrx_word' id='word_1_200' title='bbox 506 3015 589 3070; x_wconf 86' lang='lat' dir='ltr'><strong>Vl.</strong></span> <span class='ocrx_word' id='word_1_201' title='bbox 613 3015 781 3070; x_wconf 90' lang='lat' dir='ltr'><strong>——De</strong></span> <span class='ocrx_word' id='word_1_202' title='bbox 839 3018 1081 3088; x_wconf 79' lang='lat' dir='ltr'><strong>qualitate</strong></span> <span class='ocrx_word' id='word_1_203' title='bbox 1119 3019 1389 3074; x_wconf 85' lang='lat' dir='ltr'><strong>voluntatis</strong></span> <span class='ocrx_word' id='word_1_204' title='bbox 1428 3019 1696 3083; x_wconf 69' lang='lat' dir='ltr'><strong>humana,</strong></span> <span class='ocrx_word' id='word_1_205' title='bbox 1744 3020 1836 3074; x_wconf 81' lang='lat' dir='ltr'><strong>sub</strong></span> 
     </span>
    </p>
   </div>
   <div class='ocr_carea' id='block_1_29' title="bbox 304 3105 1833 3179">
    <p class='ocr_par' dir='ltr' id='par_1_29' title="bbox 304 3105 1833 3179">
     <span class='ocr_line' id='line_1_29' title="bbox 304 3105 1833 3179; baseline 0.003 -20"><span class='ocrx_word' id='word_1_206' title='bbox 304 3108 450 3177; x_wconf 82' lang='lat' dir='ltr'><strong>cujus</strong></span> <span class='ocrx_word' id='word_1_207' title='bbox 478 3107 684 3178; x_wconf 87' lang='lat' dir='ltr'><strong>judicio</strong></span> <span class='ocrx_word' id='word_1_208' title='bbox 710 3105 1007 3176; x_wconf 71' lang='lat' dir='ltr'><strong>alfectiones</strong></span> <span class='ocrx_word' id='word_1_209' title='bbox 1032 3110 1191 3164; x_wconf 90' lang='lat' dir='ltr'><strong>animi</strong></span> <span class='ocrx_word' id='word_1_210' title='bbox 1236 3120 1328 3164; x_wconf 91' lang='lat' dir='ltr'><strong>aut</strong></span> <span class='ocrx_word' id='word_1_211' title='bbox 1356 3120 1528 3178; x_wconf 76' lang='lat' dir='ltr'><strong>prava:</strong></span> <span class='ocrx_word' id='word_1_212' title='bbox 1552 3109 1833 3179; x_wconf 67' lang='lat' dir='ltr'><strong>habeatur,</strong></span> 
     </span>
    </p>
   </div>
   <div class='ocr_carea' id='block_1_30' title="bbox 304 3207 588 3252">
    <p class='ocr_par' dir='ltr' id='par_1_30' title="bbox 304 3207 588 3252">
     <span class='ocr_line' id='line_1_30' title="bbox 304 3207 588 3252; baseline 0 -2"><span class='ocrx_word' id='word_1_213' title='bbox 304 3207 390 3250; x_wconf 89' lang='lat' dir='ltr'><strong>aut</strong></span> <span class='ocrx_word' id='word_1_214' title='bbox 415 3208 588 3252; x_wconf 80' lang='lat' dir='ltr'><strong>rectte.</strong></span> 
     </span>
    </p>
   </div>
   <div class='ocr_carea' id='block_1_31' title="bbox 305 3333 1834 3406">
    <p class='ocr_par' dir='ltr' id='par_1_31' title="bbox 305 3333 1834 3406">
     <span class='ocr_line' id='line_1_31' title="bbox 305 3333 1834 3406; baseline 0.002 -19"><span class='ocrx_word' id='word_1_215' title='bbox 305 3333 539 3390; x_wconf 90' lang='lat' dir='ltr'><strong>Interest</strong></span> <span class='ocrx_word' id='word_1_216' title='bbox 562 3344 740 3390; x_wconf 90' lang='lat' dir='ltr'><strong>autem</strong></span> <span class='ocrx_word' id='word_1_217' title='bbox 769 3335 943 3406; x_wconf 90' lang='lat' dir='ltr'><strong>qualis</strong></span> <span class='ocrx_word' id='word_1_218' title='bbox 971 3337 1042 3390; x_wconf 91' lang='lat' dir='ltr'><strong>sit</strong></span> <span class='ocrx_word' id='word_1_219' title='bbox 1066 3335 1313 3390; x_wconf 89' lang='lat' dir='ltr'><strong>voluntas</strong></span> <span class='ocrx_word' id='word_1_220' title='bbox 1342 3334 1605 3390; x_wconf 90' lang='lat' dir='ltr'><strong>hominis:</strong></span> <span class='ocrx_word' id='word_1_221' title='bbox 1635 3335 1757 3405; x_wconf 91' lang='lat' dir='ltr'><strong>quia</strong></span> <span class='ocrx_word' id='word_1_222' title='bbox 1789 3336 1834 3390; x_wconf 90' lang='lat' dir='ltr'><strong>si</strong></span> 
     </span>
    </p>
   </div>
   <div class='ocr_carea' id='block_1_32' title="bbox 243 3428 1835 3498">
    <p class='ocr_par' dir='ltr' id='par_1_32' title="bbox 243 3428 1835 3498">
     <span class='ocr_line' id='line_1_32' title="bbox 243 3428 1835 3498; baseline 0 -15"><span class='ocrx_word' id='word_1_223' title='bbox 243 3443 490 3497; x_wconf 84' lang='lat' dir='ltr'><strong>perversa</strong></span> <span class='ocrx_word' id='word_1_224' title='bbox 521 3437 630 3496; x_wconf 90' lang='lat' dir='ltr'><strong>est,</strong></span> <span class='ocrx_word' id='word_1_225' title='bbox 661 3443 945 3498; x_wconf 87' lang='lat' dir='ltr'><strong>perversos</strong></span> <span class='ocrx_word' id='word_1_226' title='bbox 973 3428 1194 3484; x_wconf 89' lang='lat' dir='ltr'><strong>habebit</strong></span> <span class='ocrx_word' id='word_1_227' title='bbox 1217 3429 1316 3483; x_wconf 90' lang='lat' dir='ltr'><strong>hos</strong></span> <span class='ocrx_word' id='word_1_228' title='bbox 1347 3438 1558 3494; x_wconf 89' lang='lat' dir='ltr'><strong>motus;</strong></span> <span class='ocrx_word' id='word_1_229' title='bbox 1585 3431 1631 3484; x_wconf 87' lang='lat' dir='ltr'><strong>si</strong></span> <span class='ocrx_word' id='word_1_230' title='bbox 1657 3437 1835 3483; x_wconf 90' lang='lat' dir='ltr'><strong>autem</strong></span> 
     </span>
    </p>
   </div>
   <div class='ocr_carea' id='block_1_33' title="bbox 242 3519 1837 3588">
    <p class='ocr_par' dir='ltr' id='par_1_33' title="bbox 242 3519 1837 3588">
     <span class='ocr_line' id='line_1_33' title="bbox 242 3519 1837 3588; baseline 0.001 -16"><span class='ocrx_word' id='word_1_231' title='bbox 242 3528 380 3572; x_wconf 87' lang='lat' dir='ltr'><strong>recta</strong></span> <span class='ocrx_word' id='word_1_232' title='bbox 408 3529 496 3572; x_wconf 90' lang='lat' dir='ltr'><strong>est</strong></span> <span class='ocrx_word' id='word_1_233' title='bbox 522 3559 536 3583; x_wconf 93' lang='lat'><strong>,</strong></span> <span class='ocrx_word' id='word_1_234' title='bbox 571 3533 678 3572; x_wconf 92' lang='lat' dir='ltr'><strong>non</strong></span> <span class='ocrx_word' id='word_1_235' title='bbox 709 3519 880 3573; x_wconf 90' lang='lat' dir='ltr'><strong>solum</strong></span> <span class='ocrx_word' id='word_1_236' title='bbox 914 3519 1286 3588; x_wconf 89' lang='lat' dir='ltr'><strong>inculpabiles,</strong></span> <span class='ocrx_word' id='word_1_237' title='bbox 1313 3535 1500 3574; x_wconf 89' lang='lat' dir='ltr'><strong>verum</strong></span> <span class='ocrx_word' id='word_1_238' title='bbox 1529 3520 1691 3574; x_wconf 91' lang='lat' dir='ltr'><strong>etiam</strong></span> <span class='ocrx_word' id='word_1_239' title='bbox 1717 3520 1837 3575; x_wconf 91' lang='lat' dir='ltr'><strong>lau-</strong></span> 
     </span>
    </p>
   </div>
   <div class='ocr_carea' id='block_1_34' title="bbox 242 3608 1838 3679">
    <p class='ocr_par' dir='ltr' id='par_1_34' title="bbox 242 3608 1838 3679">
     <span class='ocr_line' id='line_1_34' title="bbox 242 3608 1838 3679; baseline 0.003 -17"><span class='ocrx_word' id='word_1_240' title='bbox 242 3609 440 3664; x_wconf 89' lang='lat' dir='ltr'><strong>dabiles</strong></span> <span class='ocrx_word' id='word_1_241' title='bbox 465 3619 648 3662; x_wconf 90' lang='lat' dir='ltr'><strong>erunt.</strong></span> <span class='ocrx_word' id='word_1_242' title='bbox 683 3608 944 3663; x_wconf 81' lang='lat' dir='ltr'><strong>Voluntas</strong></span> <span class='ocrx_word' id='word_1_243' title='bbox 997 3617 1081 3664; x_wconf 93' lang='lat' dir='ltr'><strong>est</strong></span> <span class='ocrx_word' id='word_1_244' title='bbox 1109 3609 1307 3679; x_wconf 89' lang='lat' dir='ltr'><strong>quippe</strong></span> <span class='ocrx_word' id='word_1_245' title='bbox 1334 3611 1387 3662; x_wconf 93' lang='lat' dir='ltr'><strong>in</strong></span> <span class='ocrx_word' id='word_1_246' title='bbox 1417 3610 1698 3664; x_wconf 88' lang='lat' dir='ltr'><strong>omnibus:</strong></span> <span class='ocrx_word' id='word_1_247' title='bbox 1729 3611 1838 3666; x_wconf 88' lang='lat' dir='ltr'><strong>imo</strong></span> 
     </span>
    </p>
   </div>
   <div class='ocr_carea' id='block_1_35' title="bbox 245 3700 1838 3774">
    <p class='ocr_par' dir='ltr' id='par_1_35' title="bbox 245 3700 1838 3774">
     <span class='ocr_line' id='line_1_35' title="bbox 245 3700 1838 3774; baseline 0.004 -21"><span class='ocrx_word' id='word_1_248' title='bbox 245 3717 428 3755; x_wconf 90' lang='lat' dir='ltr'><strong>omnes</strong></span> <span class='ocrx_word' id='word_1_249' title='bbox 455 3700 596 3754; x_wconf 88' lang='lat' dir='ltr'><strong>nihil</strong></span> <span class='ocrx_word' id='word_1_250' title='bbox 627 3700 772 3754; x_wconf 89' lang='lat' dir='ltr'><strong>aliud</strong></span> <span class='ocrx_word' id='word_1_251' title='bbox 801 3716 960 3771; x_wconf 89' lang='lat' dir='ltr'><strong>quam</strong></span> <span class='ocrx_word' id='word_1_252' title='bbox 1005 3702 1311 3757; x_wconf 82' lang='lat' dir='ltr'><strong>voluntates</strong></span> <span class='ocrx_word' id='word_1_253' title='bbox 1356 3712 1498 3756; x_wconf 90' lang='lat' dir='ltr'><strong>sunt.</strong></span> <span class='ocrx_word' id='word_1_254' title='bbox 1548 3701 1680 3757; x_wconf 81' lang='lat' dir='ltr'><strong>Nam</strong></span> <span class='ocrx_word' id='word_1_255' title='bbox 1709 3703 1838 3774; x_wconf 88' lang='lat' dir='ltr'><strong>quid</strong></span> 
     </span>
    </p>
   </div>
   <div class='ocr_carea' id='block_1_36' title="bbox 240 3793 1841 3875">
    <p class='ocr_par' dir='ltr' id='par_1_36' title="bbox 240 3793 1841 3875">
     <span class='ocr_line' id='line_1_36' title="bbox 240 3793 1841 3875; baseline 0.001 -25"><span class='ocrx_word' id='word_1_256' title='bbox 240 3805 318 3850; x_wconf 86' lang='lat' dir='ltr'><strong>est</strong></span> <span class='ocrx_word' id='word_1_257' title='bbox 355 3793 628 3875; x_wconf 84' lang='lat' dir='ltr'><strong>cupiditas</strong></span> <span class='ocrx_word' id='word_1_258' title='bbox 665 3802 722 3849; x_wconf 91' lang='lat' dir='ltr'><strong>et</strong></span> <span class='ocrx_word' id='word_1_259' title='bbox 760 3793 966 3862; x_wconf 71' lang='lat' dir='ltr'><strong>laetitia,</strong></span> <span class='ocrx_word' id='word_1_260' title='bbox 997 3795 1099 3850; x_wconf 92' lang='lat' dir='ltr'><strong>nisi</strong></span> <span class='ocrx_word' id='word_1_261' title='bbox 1140 3795 1387 3849; x_wconf 89' lang='lat' dir='ltr'><strong>voluntas</strong></span> <span class='ocrx_word' id='word_1_262' title='bbox 1413 3795 1466 3848; x_wconf 91' lang='lat' dir='ltr'><strong>in</strong></span> <span class='ocrx_word' id='word_1_263' title='bbox 1491 3808 1677 3850; x_wconf 89' lang='lat' dir='ltr'><strong>eorum</strong></span> <span class='ocrx_word' id='word_1_264' title='bbox 1703 3809 1841 3851; x_wconf 86' lang='lat' dir='ltr'><strong>con-</strong></span> 
     </span>
    </p>
   </div>
   <div class='ocr_carea' id='block_1_37' title="bbox 239 3884 1839 3956">
    <p class='ocr_par' dir='ltr' id='par_1_37' title="bbox 239 3884 1839 3956">
     <span class='ocr_line' id='line_1_37' title="bbox 239 3884 1839 3956; baseline 0.001 -15"><span class='ocrx_word' id='word_1_265' title='bbox 239 3884 592 3941; x_wconf 68' lang='lat' dir='ltr'><strong>censionem’</strong></span> <span class='ocrx_word' id='word_1_266' title='bbox 619 3901 738 3955; x_wconf 75' lang='lat' dir='ltr'><strong>qua:</strong></span> <span class='ocrx_word' id='word_1_267' title='bbox 777 3885 1064 3940; x_wconf 87' lang='lat' dir='ltr'><strong>volumus?</strong></span> <span class='ocrx_word' id='word_1_268' title='bbox 1103 3894 1160 3940; x_wconf 93' lang='lat' dir='ltr'><strong>et</strong></span> <span class='ocrx_word' id='word_1_269' title='bbox 1184 3885 1310 3955; x_wconf 90' lang='lat' dir='ltr'><strong>quid</strong></span> <span class='ocrx_word' id='word_1_270' title='bbox 1356 3893 1440 3940; x_wconf 91' lang='lat' dir='ltr'><strong>est</strong></span> <span class='ocrx_word' id='word_1_271' title='bbox 1468 3898 1644 3940; x_wconf 90' lang='lat' dir='ltr'><strong>metus</strong></span> <span class='ocrx_word' id='word_1_272' title='bbox 1675 3894 1839 3956; x_wconf 81' lang='lat' dir='ltr'><strong>atque</strong></span> 
     </span>
    </p>
   </div>
   <div class='ocr_carea' id='block_1_38' title="bbox 244 3979 1838 4050">
    <p class='ocr_par' dir='ltr' id='par_1_38' title="bbox 244 3979 1838 4050">
     <span class='ocr_line' id='line_1_38' title="bbox 244 3979 1838 4050; baseline 0.001 -16"><span class='ocrx_word' id='word_1_273' title='bbox 244 3982 448 4036; x_wconf 85' lang='lat' dir='ltr'><strong>tristitia</strong></span> <span class='ocrx_word' id='word_1_274' title='bbox 474 4023 491 4047; x_wconf 90' lang='lat'><strong>,</strong></span> <span class='ocrx_word' id='word_1_275' title='bbox 541 3980 643 4035; x_wconf 91' lang='lat' dir='ltr'><strong>nisi</strong></span> <span class='ocrx_word' id='word_1_276' title='bbox 683 3980 928 4035; x_wconf 84' lang='lat' dir='ltr'><strong>voluntas</strong></span> <span class='ocrx_word' id='word_1_277' title='bbox 959 3981 1012 4034; x_wconf 92' lang='lat' dir='ltr'><strong>in</strong></span> <span class='ocrx_word' id='word_1_278' title='bbox 1043 3979 1435 4035; x_wconf 89' lang='lat' dir='ltr'><strong>dissensionem</strong></span> <span class='ocrx_word' id='word_1_279' title='bbox 1479 3980 1548 4034; x_wconf 86' lang='lat' dir='ltr'><strong>ab</strong></span> <span class='ocrx_word' id='word_1_280' title='bbox 1594 3981 1675 4035; x_wconf 89' lang='lat' dir='ltr'><strong>his</strong></span> <span class='ocrx_word' id='word_1_281' title='bbox 1717 3996 1838 4050; x_wconf 75' lang='lat' dir='ltr'><strong>quae</strong></span> 
     </span>
    </p>
   </div>
   <div class='ocr_carea' id='block_1_39' title="bbox 244 4069 1838 4141">
    <p class='ocr_par' dir='ltr' id='par_1_39' title="bbox 244 4069 1838 4141">
     <span class='ocr_line' id='line_1_39' title="bbox 244 4069 1838 4141; baseline -0.001 -14"><span class='ocrx_word' id='word_1_282' title='bbox 244 4073 523 4127; x_wconf 86' lang='lat' dir='ltr'><strong>nolumus?</strong></span> <span class='ocrx_word' id='word_1_283' title='bbox 565 4071 672 4126; x_wconf 87' lang='lat' dir='ltr'><strong>Sed</strong></span> <span class='ocrx_word' id='word_1_284' title='bbox 701 4086 822 4125; x_wconf 89' lang='lat' dir='ltr'><strong>cum</strong></span> <span class='ocrx_word' id='word_1_285' title='bbox 854 4071 1222 4125; x_wconf 89' lang='lat' dir='ltr'><strong>consentimus</strong></span> <span class='ocrx_word' id='word_1_286' title='bbox 1263 4069 1571 4139; x_wconf 86' lang='lat' dir='ltr'><strong>appetendo</strong></span> <span class='ocrx_word' id='word_1_287' title='bbox 1614 4086 1677 4125; x_wconf 89' lang='lat' dir='ltr'><strong>ea</strong></span> <span class='ocrx_word' id='word_1_288' title='bbox 1719 4086 1838 4141; x_wconf 63' lang='lat' dir='ltr'><strong>quin</strong></span> 
     </span>
    </p>
   </div>
   <div class='ocr_carea' id='block_1_40' title="bbox 242 4161 1838 4233">
    <p class='ocr_par' dir='ltr' id='par_1_40' title="bbox 242 4161 1838 4233">
     <span class='ocr_line' id='line_1_40' title="bbox 242 4161 1838 4233; baseline -0.001 -15"><span class='ocrx_word' id='word_1_289' title='bbox 242 4166 506 4232; x_wconf 84' lang='lat' dir='ltr'><strong>volumus,</strong></span> <span class='ocrx_word' id='word_1_290' title='bbox 539 4163 806 4233; x_wconf 88' lang='lat' dir='ltr'><strong>cupiditas</strong></span> <span class='ocrx_word' id='word_1_291' title='bbox 831 4178 990 4226; x_wconf 75' lang='lat' dir='ltr'><strong>;cum</strong></span> <span class='ocrx_word' id='word_1_292' title='bbox 1021 4171 1199 4216; x_wconf 90' lang='lat' dir='ltr'><strong>autem</strong></span> <span class='ocrx_word' id='word_1_293' title='bbox 1227 4163 1590 4217; x_wconf 90' lang='lat' dir='ltr'><strong>consentimus</strong></span> <span class='ocrx_word' id='word_1_294' title='bbox 1611 4161 1838 4217; x_wconf 82' lang='lat' dir='ltr'><strong>fruendo</strong></span> 
     </span>
    </p>
   </div>
   <div class='ocr_carea' id='block_1_41' title="bbox 245 4253 1839 4327">
    <p class='ocr_par' dir='ltr' id='par_1_41' title="bbox 245 4253 1839 4327">
     <span class='ocr_line' id='line_1_41' title="bbox 245 4253 1839 4327; baseline -0.003 -14"><span class='ocrx_word' id='word_1_295' title='bbox 245 4257 322 4313; x_wconf 87' lang='lat' dir='ltr'><strong>his</strong></span> <span class='ocrx_word' id='word_1_296' title='bbox 345 4274 468 4327; x_wconf 65' lang='lat' dir='ltr'><strong>quae</strong></span> <span class='ocrx_word' id='word_1_297' title='bbox 496 4257 766 4323; x_wconf 88' lang='lat' dir='ltr'><strong>volumus,</strong></span> <span class='ocrx_word' id='word_1_298' title='bbox 798 4256 983 4310; x_wconf 63' lang='lat' dir='ltr'><strong>laetitia</strong></span> <span class='ocrx_word' id='word_1_299' title='bbox 1016 4264 1263 4310; x_wconf 86' lang='lat' dir='ltr'><strong>vocatur.</strong></span> <span class='ocrx_word' id='word_1_300' title='bbox 1306 4253 1547 4324; x_wconf 89' lang='lat' dir='ltr'><strong>Itemque</strong></span> <span class='ocrx_word' id='word_1_301' title='bbox 1575 4269 1697 4310; x_wconf 90' lang='lat' dir='ltr'><strong>cum</strong></span> <span class='ocrx_word' id='word_1_302' title='bbox 1729 4254 1839 4310; x_wconf 88' lang='lat' dir='ltr'><strong>dis-</strong></span> 
     </span>
    </p>
   </div>
   <div class='ocr_carea' id='block_1_42' title="bbox 244 4338 1839 4412">
    <p class='ocr_par' dir='ltr' id='par_1_42' title="bbox 244 4338 1839 4412">
     <span class='ocr_line' id='line_1_42' title="bbox 244 4338 1839 4412; baseline -0.003 -15"><span class='ocrx_word' id='word_1_303' title='bbox 244 4343 502 4397; x_wconf 90' lang='lat' dir='ltr'><strong>sentimus</strong></span> <span class='ocrx_word' id='word_1_304' title='bbox 530 4342 599 4396; x_wconf 91' lang='lat' dir='ltr'><strong>ab</strong></span> <span class='ocrx_word' id='word_1_305' title='bbox 625 4357 690 4396; x_wconf 87' lang='lat' dir='ltr'><strong>eo</strong></span> <span class='ocrx_word' id='word_1_306' title='bbox 716 4340 858 4412; x_wconf 66' lang='lat' dir='ltr'><strong>quod</strong></span> <span class='ocrx_word' id='word_1_307' title='bbox 885 4339 1130 4394; x_wconf 86' lang='lat' dir='ltr'><strong>accidere</strong></span> <span class='ocrx_word' id='word_1_308' title='bbox 1157 4339 1428 4406; x_wconf 87' lang='lat' dir='ltr'><strong>nolumus,</strong></span> <span class='ocrx_word' id='word_1_309' title='bbox 1452 4339 1572 4393; x_wconf 91' lang='lat' dir='ltr'><strong>talis</strong></span> <span class='ocrx_word' id='word_1_310' title='bbox 1594 4338 1839 4393; x_wconf 87' lang='lat' dir='ltr'><strong>voluntas</strong></span> 
     </span>
    </p>
   </div>
   <div class='ocr_carea' id='block_1_43' title="bbox 247 4433 1837 4503">
    <p class='ocr_par' dir='ltr' id='par_1_43' title="bbox 247 4433 1837 4503">
     <span class='ocr_line' id='line_1_43' title="bbox 247 4433 1837 4503; baseline -0.001 -15"><span class='ocrx_word' id='word_1_311' title='bbox 247 4447 412 4491; x_wconf 88' lang='lat' dir='ltr'><strong>metus</strong></span> <span class='ocrx_word' id='word_1_312' title='bbox 438 4445 562 4502; x_wconf 86' lang='lat' dir='ltr'><strong>est;</strong></span> <span class='ocrx_word' id='word_1_313' title='bbox 595 4451 716 4489; x_wconf 91' lang='lat' dir='ltr'><strong>cum</strong></span> <span class='ocrx_word' id='word_1_314' title='bbox 743 4443 922 4489; x_wconf 91' lang='lat' dir='ltr'><strong>autem</strong></span> <span class='ocrx_word' id='word_1_315' title='bbox 967 4433 1316 4488; x_wconf 86' lang='lat' dir='ltr'><strong>dissentimus</strong></span> <span class='ocrx_word' id='word_1_316' title='bbox 1343 4434 1410 4488; x_wconf 90' lang='lat' dir='ltr'><strong>ab</strong></span> <span class='ocrx_word' id='word_1_317' title='bbox 1438 4448 1504 4488; x_wconf 93' lang='lat' dir='ltr'><strong>eo</strong></span> <span class='ocrx_word' id='word_1_318' title='bbox 1547 4433 1693 4503; x_wconf 90' lang='lat' dir='ltr'><strong>quod</strong></span> <span class='ocrx_word' id='word_1_319' title='bbox 1737 4449 1837 4488; x_wconf 88' lang='lat' dir='ltr'><strong>no-</strong></span> 
     </span>
    </p>
   </div>
   <div class='ocr_carea' id='block_1_44' title="bbox 246 4523 1839 4590">
    <p class='ocr_par' dir='ltr' id='par_1_44' title="bbox 246 4523 1839 4590">
     <span class='ocr_line' id='line_1_44' title="bbox 246 4523 1839 4590; baseline 0.001 -11"><span class='ocrx_word' id='word_1_320' title='bbox 246 4527 472 4583; x_wconf 88' lang='lat' dir='ltr'><strong>lentibus</strong></span> <span class='ocrx_word' id='word_1_321' title='bbox 495 4526 712 4590; x_wconf 88' lang='lat' dir='ltr'><strong>accidit,</strong></span> <span class='ocrx_word' id='word_1_322' title='bbox 743 4526 863 4581; x_wconf 90' lang='lat' dir='ltr'><strong>talis</strong></span> <span class='ocrx_word' id='word_1_323' title='bbox 881 4525 1128 4580; x_wconf 87' lang='lat' dir='ltr'><strong>voluntas</strong></span> <span class='ocrx_word' id='word_1_324' title='bbox 1152 4525 1364 4580; x_wconf 87' lang='lat' dir='ltr'><strong>tristitia</strong></span> <span class='ocrx_word' id='word_1_325' title='bbox 1393 4533 1495 4580; x_wconf 90' lang='lat' dir='ltr'><strong>est.</strong></span> <span class='ocrx_word' id='word_1_326' title='bbox 1520 4523 1591 4579; x_wconf 91' lang='lat' dir='ltr'><strong>Et</strong></span> <span class='ocrx_word' id='word_1_327' title='bbox 1618 4526 1839 4580; x_wconf 91' lang='lat' dir='ltr'><strong>omnino</strong></span> 
     </span>
    </p>
   </div>
   <div class='ocr_carea' id='block_1_45' title="bbox 249 4615 1834 4688">
    <p class='ocr_par' dir='ltr' id='par_1_45' title="bbox 249 4615 1834 4688">
     <span class='ocr_line' id='line_1_45' title="bbox 249 4615 1834 4688; baseline 0.002 -20"><span class='ocrx_word' id='word_1_328' title='bbox 249 4637 337 4687; x_wconf 81' lang='lat' dir='ltr'><strong>pro</strong></span> <span class='ocrx_word' id='word_1_329' title='bbox 364 4619 630 4675; x_wconf 77' lang='lat' dir='ltr'><strong>varietate</strong></span> <span class='ocrx_word' id='word_1_330' title='bbox 662 4633 840 4673; x_wconf 89' lang='lat' dir='ltr'><strong>rerum</strong></span> <span class='ocrx_word' id='word_1_331' title='bbox 867 4633 984 4688; x_wconf 64' lang='lat' dir='ltr'><strong>qua:</strong></span> <span class='ocrx_word' id='word_1_332' title='bbox 1009 4625 1334 4687; x_wconf 91' lang='lat' dir='ltr'><strong>appetuntur</strong></span> <span class='ocrx_word' id='word_1_333' title='bbox 1363 4624 1523 4686; x_wconf 88' lang='lat' dir='ltr'><strong>atque</strong></span> <span class='ocrx_word' id='word_1_334' title='bbox 1546 4615 1834 4686; x_wconf 82' lang='lat' dir='ltr'><strong>fugiuntur,</strong></span> 
     </span>
    </p>
   </div>
   <div class='ocr_carea' id='block_1_46' title="bbox 247 4709 1836 4774">
    <p class='ocr_par' dir='ltr' id='par_1_46' title="bbox 247 4709 1836 4774">
     <span class='ocr_line' id='line_1_46' title="bbox 247 4709 1836 4774; baseline -0.001 -10"><span class='ocrx_word' id='word_1_335' title='bbox 247 4716 376 4768; x_wconf 81' lang='lat' dir='ltr'><strong>sicut</strong></span> <span class='ocrx_word' id='word_1_336' title='bbox 400 4714 635 4768; x_wconf 90' lang='lat' dir='ltr'><strong>allicitur</strong></span> <span class='ocrx_word' id='word_1_337' title='bbox 671 4711 756 4766; x_wconf 88' lang='lat' dir='ltr'><strong>vel</strong></span> <span class='ocrx_word' id='word_1_338' title='bbox 803 4709 1088 4766; x_wconf 74' lang='lat' dir='ltr'><strong>offenditur</strong></span> <span class='ocrx_word' id='word_1_339' title='bbox 1117 4711 1361 4764; x_wconf 88' lang='lat' dir='ltr'><strong>voluntas</strong></span> <span class='ocrx_word' id='word_1_340' title='bbox 1392 4709 1651 4774; x_wconf 90' lang='lat' dir='ltr'><strong>hominis,</strong></span> <span class='ocrx_word' id='word_1_341' title='bbox 1681 4709 1752 4762; x_wconf 90' lang='lat' dir='ltr'><strong>ita</strong></span> <span class='ocrx_word' id='word_1_342' title='bbox 1783 4709 1836 4764; x_wconf 91' lang='lat' dir='ltr'><strong>in</strong></span> 
     </span>
    </p>
   </div>
   <div class='ocr_carea' id='block_1_47' title="bbox 248 4799 1835 4868">
    <p class='ocr_par' dir='ltr' id='par_1_47' title="bbox 248 4799 1835 4868">
     <span class='ocr_line' id='line_1_47' title="bbox 248 4799 1835 4868; baseline -0.003 -11"><span class='ocrx_word' id='word_1_343' title='bbox 248 4804 341 4860; x_wconf 90' lang='lat' dir='ltr'><strong>hos</strong></span> <span class='ocrx_word' id='word_1_344' title='bbox 381 4806 464 4860; x_wconf 89' lang='lat' dir='ltr'><strong>vel</strong></span> <span class='ocrx_word' id='word_1_345' title='bbox 555 4804 678 4859; x_wconf 90' lang='lat' dir='ltr'><strong>illos</strong></span> <span class='ocrx_word' id='word_1_346' title='bbox 750 4802 972 4859; x_wconf 80' lang='lat' dir='ltr'><strong>affectus</strong></span> <span class='ocrx_word' id='word_1_347' title='bbox 1048 4810 1284 4857; x_wconf 90' lang='lat' dir='ltr'><strong>mutatur</strong></span> <span class='ocrx_word' id='word_1_348' title='bbox 1307 4810 1363 4857; x_wconf 91' lang='lat' dir='ltr'><strong>et</strong></span> <span class='ocrx_word' id='word_1_349' title='bbox 1399 4802 1645 4856; x_wconf 86' lang='lat' dir='ltr'><strong>vertitur.</strong></span> <span class='ocrx_word' id='word_1_350' title='bbox 1691 4799 1835 4868; x_wconf 86' lang='lat' dir='ltr'><strong>Qua-</strong></span> 
     </span>
    </p>
   </div>
   <div class='ocr_carea' id='block_1_48' title="bbox 249 4891 1836 4966">
    <p class='ocr_par' dir='ltr' id='par_1_48' title="bbox 249 4891 1836 4966">
     <span class='ocr_line' id='line_1_48' title="bbox 249 4891 1836 4966; baseline -0.005 -15"><span class='ocrx_word' id='word_1_351' title='bbox 249 4908 457 4966; x_wconf 81' lang='lat' dir='ltr'><strong>prOpIer</strong></span> <span class='ocrx_word' id='word_1_352' title='bbox 505 4897 669 4950; x_wconf 87' lang='lat' dir='ltr'><strong>homo</strong></span> <span class='ocrx_word' id='word_1_353' title='bbox 697 4895 785 4964; x_wconf 88' lang='lat' dir='ltr'><strong>qui</strong></span> <span class='ocrx_word' id='word_1_354' title='bbox 836 4893 1130 4949; x_wconf 89' lang='lat' dir='ltr'><strong>secundum</strong></span> <span class='ocrx_word' id='word_1_355' title='bbox 1158 4893 1324 4947; x_wconf 93' lang='lat' dir='ltr'><strong>Deum</strong></span> <span class='ocrx_word' id='word_1_356' title='bbox 1351 4934 1365 4958; x_wconf 91' lang='lat'><strong>,</strong></span> <span class='ocrx_word' id='word_1_357' title='bbox 1397 4906 1503 4945; x_wconf 92' lang='lat' dir='ltr'><strong>non</strong></span> <span class='ocrx_word' id='word_1_358' title='bbox 1533 4891 1836 4946; x_wconf 89' lang='lat' dir='ltr'><strong>secundum</strong></span> 
     </span>
    </p>
   </div>
   <div class='ocr_carea' id='block_1_49' title="bbox 251 4982 1840 5057">
    <p class='ocr_par' dir='ltr' id='par_1_49' title="bbox 251 4982 1840 5057">
     <span class='ocr_line' id='line_1_49' title="bbox 251 4982 1840 5057; baseline -0.003 -16"><span class='ocrx_word' id='word_1_359' title='bbox 251 4989 514 5043; x_wconf 87' lang='lat' dir='ltr'><strong>hominem</strong></span> <span class='ocrx_word' id='word_1_360' title='bbox 541 4988 672 5043; x_wconf 89' lang='lat' dir='ltr'><strong>vivit</strong></span> <span class='ocrx_word' id='word_1_361' title='bbox 691 5028 705 5049; x_wconf 89' lang='lat'><strong>,</strong></span> <span class='ocrx_word' id='word_1_362' title='bbox 739 4995 951 5057; x_wconf 88' lang='lat' dir='ltr'><strong>oportet</strong></span> <span class='ocrx_word' id='word_1_363' title='bbox 977 4995 1036 5041; x_wconf 91' lang='lat' dir='ltr'><strong>ut</strong></span> <span class='ocrx_word' id='word_1_364' title='bbox 1067 4985 1138 5041; x_wconf 92' lang='lat' dir='ltr'><strong>sit</strong></span> <span class='ocrx_word' id='word_1_365' title='bbox 1185 4992 1391 5039; x_wconf 91' lang='lat' dir='ltr'><strong>amator</strong></span> <span class='ocrx_word' id='word_1_366' title='bbox 1420 4984 1581 5038; x_wconf 90' lang='lat' dir='ltr'><strong>boni:</strong></span> <span class='ocrx_word' id='word_1_367' title='bbox 1612 4982 1754 5037; x_wconf 89' lang='lat' dir='ltr'><strong>unde</strong></span> <span class='ocrx_word' id='word_1_368' title='bbox 1781 4982 1840 5037; x_wconf 84' lang='lat' dir='ltr'><strong>lit</strong></span> 
     </span>
    </p>
   </div>
   <div class='ocr_carea' id='block_1_50' title="bbox 248 5075 1836 5149">
    <p class='ocr_par' dir='ltr' id='par_1_50' title="bbox 248 5075 1836 5149">
     <span class='ocr_line' id='line_1_50' title="bbox 248 5075 1836 5149; baseline -0.003 -17"><span class='ocrx_word' id='word_1_369' title='bbox 248 5093 579 5149; x_wconf 90' lang='lat' dir='ltr'><strong>consequens</strong></span> <span class='ocrx_word' id='word_1_370' title='bbox 607 5085 665 5131; x_wconf 89' lang='lat' dir='ltr'><strong>ut</strong></span> <span class='ocrx_word' id='word_1_371' title='bbox 693 5076 891 5130; x_wconf 87' lang='lat' dir='ltr'><strong>malum</strong></span> <span class='ocrx_word' id='word_1_372' title='bbox 922 5076 1114 5131; x_wconf 89' lang='lat' dir='ltr'><strong>oderit.</strong></span> <span class='ocrx_word' id='word_1_373' title='bbox 1151 5076 1217 5130; x_wconf 88' lang='lat' dir='ltr'><strong>Et</strong></span> <span class='ocrx_word' id='word_1_374' title='bbox 1245 5075 1498 5146; x_wconf 88' lang='lat' dir='ltr'><strong>quoniam</strong></span> <span class='ocrx_word' id='word_1_375' title='bbox 1549 5090 1708 5130; x_wconf 91' lang='lat' dir='ltr'><strong>nemo</strong></span> <span class='ocrx_word' id='word_1_376' title='bbox 1737 5089 1836 5128; x_wconf 86' lang='lat' dir='ltr'><strong>na-</strong></span> 
     </span>
    </p>
   </div>
   <div class='ocr_carea' id='block_1_51' title="bbox 249 5166 1838 5241">
    <p class='ocr_par' dir='ltr' id='par_1_51' title="bbox 249 5166 1838 5241">
     <span class='ocr_line' id='line_1_51' title="bbox 249 5166 1838 5241; baseline -0.002 -15"><span class='ocrx_word' id='word_1_377' title='bbox 249 5181 382 5237; x_wconf 89' lang='lat' dir='ltr'><strong>tura,</strong></span> <span class='ocrx_word' id='word_1_378' title='bbox 414 5171 510 5228; x_wconf 89' lang='lat' dir='ltr'><strong>sed</strong></span> <span class='ocrx_word' id='word_1_379' title='bbox 537 5172 779 5241; x_wconf 86' lang='lat' dir='ltr'><strong>quisquis</strong></span> <span class='ocrx_word' id='word_1_380' title='bbox 806 5171 978 5225; x_wconf 90' lang='lat' dir='ltr'><strong>malus</strong></span> <span class='ocrx_word' id='word_1_381' title='bbox 1005 5179 1107 5235; x_wconf 90' lang='lat' dir='ltr'><strong>est,</strong></span> <span class='ocrx_word' id='word_1_382' title='bbox 1132 5170 1262 5222; x_wconf 91' lang='lat' dir='ltr'><strong>vitio</strong></span> <span class='ocrx_word' id='word_1_383' title='bbox 1288 5169 1460 5223; x_wconf 87' lang='lat' dir='ltr'><strong>malus</strong></span> <span class='ocrx_word' id='word_1_384' title='bbox 1502 5178 1584 5222; x_wconf 90' lang='lat' dir='ltr'><strong>est</strong></span> <span class='ocrx_word' id='word_1_385' title='bbox 1614 5185 1627 5222; x_wconf 91' lang='lat'><strong>:</strong></span> <span class='ocrx_word' id='word_1_386' title='bbox 1665 5166 1838 5236; x_wconf 82' lang='lat' dir='ltr'><strong>perfe-</strong></span> 
     </span>
    </p>
   </div>
   <div class='ocr_carea' id='block_1_52' title="bbox 246 5259 1840 5334">
    <p class='ocr_par' dir='ltr' id='par_1_52' title="bbox 246 5259 1840 5334">
     <span class='ocr_line' id='line_1_52' title="bbox 246 5259 1840 5334; baseline -0.003 -16"><span class='ocrx_word' id='word_1_387' title='bbox 246 5272 382 5319; x_wconf 86' lang='lat' dir='ltr'><strong>ctum</strong></span> <span class='ocrx_word' id='word_1_388' title='bbox 405 5265 588 5319; x_wconf 88' lang='lat' dir='ltr'><strong>odium</strong></span> <span class='ocrx_word' id='word_1_389' title='bbox 622 5261 798 5334; x_wconf 84' lang='lat' dir='ltr'><strong>(Psal.</strong></span> <span class='ocrx_word' id='word_1_390' title='bbox 826 5277 1079 5327; x_wconf 79' lang='lat' dir='ltr'><strong>cxxxvut,</strong></span> <span class='ocrx_word' id='word_1_391' title='bbox 1111 5260 1203 5332; x_wconf 88' lang='grc'><strong>22)</strong></span> <span class='ocrx_word' id='word_1_392' title='bbox 1230 5259 1392 5315; x_wconf 90' lang='lat' dir='ltr'><strong>debet</strong></span> <span class='ocrx_word' id='word_1_393' title='bbox 1411 5259 1600 5324; x_wconf 89' lang='lat' dir='ltr'><strong>malis,</strong></span> <span class='ocrx_word' id='word_1_394' title='bbox 1645 5259 1735 5329; x_wconf 92' lang='lat' dir='ltr'><strong>qui</strong></span> <span class='ocrx_word' id='word_1_395' title='bbox 1761 5273 1840 5314; x_wconf 86' lang='lat' dir='ltr'><strong>se-</strong></span> 
     </span>
    </p>
   </div>
   <div class='ocr_carea' id='block_1_53' title="bbox 247 5349 1838 5422">
    <p class='ocr_par' dir='ltr' id='par_1_53' title="bbox 247 5349 1838 5422">
     <span class='ocr_line' id='line_1_53' title="bbox 247 5349 1838 5422; baseline -0.004 -12"><span class='ocrx_word' id='word_1_396' title='bbox 247 5356 665 5412; x_wconf 88' lang='lat' dir='ltr'><strong>cunduchum</strong></span> <span class='ocrx_word' id='word_1_397' title='bbox 698 5353 862 5416; x_wconf 89' lang='lat' dir='ltr'><strong>vivit;</strong></span> <span class='ocrx_word' id='word_1_398' title='bbox 894 5363 950 5407; x_wconf 91' lang='lat' dir='ltr'><strong>ut</strong></span> <span class='ocrx_word' id='word_1_399' title='bbox 975 5367 1075 5408; x_wconf 91' lang='lat' dir='ltr'><strong>nec</strong></span> <span class='ocrx_word' id='word_1_400' title='bbox 1099 5362 1318 5422; x_wconf 88' lang='lat' dir='ltr'><strong>propter</strong></span> <span class='ocrx_word' id='word_1_401' title='bbox 1344 5351 1529 5404; x_wconf 89' lang='lat' dir='ltr'><strong>vitium</strong></span> <span class='ocrx_word' id='word_1_402' title='bbox 1555 5350 1728 5405; x_wconf 91' lang='lat' dir='ltr'><strong>oderit</strong></span> <span class='ocrx_word' id='word_1_403' title='bbox 1747 5349 1838 5404; x_wconf 83' lang='lat' dir='ltr'><strong>ho-</strong></span> 
     </span>
    </p>
   </div>
   <div class='ocr_carea' id='block_1_54' title="bbox 250 5443 1839 5517">
    <p class='ocr_par' dir='ltr' id='par_1_54' title="bbox 250 5443 1839 5517">
     <span class='ocr_line' id='line_1_54' title="bbox 250 5443 1839 5517; baseline -0.002 -16"><span class='ocrx_word' id='word_1_404' title='bbox 250 5450 467 5514; x_wconf 87' lang='lat' dir='ltr'><strong>tninem,</strong></span> <span class='ocrx_word' id='word_1_405' title='bbox 487 5464 589 5504; x_wconf 92' lang='lat' dir='ltr'><strong>nec</strong></span> <span class='ocrx_word' id='word_1_406' title='bbox 611 5457 756 5502; x_wconf 90' lang='lat' dir='ltr'><strong>amet</strong></span> <span class='ocrx_word' id='word_1_407' title='bbox 778 5447 962 5500; x_wconf 88' lang='lat' dir='ltr'><strong>vitium</strong></span> <span class='ocrx_word' id='word_1_408' title='bbox 986 5452 1201 5517; x_wconf 91' lang='lat' dir='ltr'><strong>propter</strong></span> <span class='ocrx_word' id='word_1_409' title='bbox 1224 5443 1518 5508; x_wconf 85' lang='lat' dir='ltr'><strong>hominem;</strong></span> <span class='ocrx_word' id='word_1_410' title='bbox 1544 5445 1636 5498; x_wconf 90' lang='lat' dir='ltr'><strong>sed</strong></span> <span class='ocrx_word' id='word_1_411' title='bbox 1659 5443 1839 5498; x_wconf 88' lang='lat' dir='ltr'><strong>oderit</strong></span> 
     </span>
    </p>
   </div>
   <div class='ocr_carea' id='block_1_55' title="bbox 245 5534 1840 5607">
    <p class='ocr_par' dir='ltr' id='par_1_55' title="bbox 245 5534 1840 5607">
     <span class='ocr_line' id='line_1_55' title="bbox 245 5534 1840 5607; baseline -0.001 -15"><span class='ocrx_word' id='word_1_412' title='bbox 245 5540 450 5607; x_wconf 89' lang='lat' dir='ltr'><strong>vitium,</strong></span> <span class='ocrx_word' id='word_1_413' title='bbox 473 5549 620 5594; x_wconf 88' lang='lat' dir='ltr'><strong>amet</strong></span> <span class='ocrx_word' id='word_1_414' title='bbox 636 5537 930 5593; x_wconf 88' lang='lat' dir='ltr'><strong>hominem.</strong></span> <span class='ocrx_word' id='word_1_415' title='bbox 950 5536 1151 5592; x_wconf 88' lang='lat' dir='ltr'><strong>Sanato</strong></span> <span class='ocrx_word' id='word_1_416' title='bbox 1171 5537 1313 5590; x_wconf 90' lang='lat' dir='ltr'><strong>enim</strong></span> <span class='ocrx_word' id='word_1_417' title='bbox 1340 5535 1490 5598; x_wconf 89' lang='lat' dir='ltr'><strong>vitio,</strong></span> <span class='ocrx_word' id='word_1_418' title='bbox 1519 5544 1682 5588; x_wconf 86' lang='lat' dir='ltr'><strong>totum</strong></span> <span class='ocrx_word' id='word_1_419' title='bbox 1698 5534 1840 5604; x_wconf 89' lang='lat' dir='ltr'><strong>quod</strong></span> 
     </span>
    </p>
   </div>
   <div class='ocr_carea' id='block_1_56' title="bbox 246 5626 1744 5702">
    <p class='ocr_par' dir='ltr' id='par_1_56' title="bbox 246 5626 1744 5702">
     <span class='ocr_line' id='line_1_56' title="bbox 246 5626 1744 5702; baseline -0.004 -16"><span class='ocrx_word' id='word_1_420' title='bbox 246 5647 446 5701; x_wconf 80' lang='lat' dir='ltr'><strong>amare,</strong></span> <span class='ocrx_word' id='word_1_421' title='bbox 464 5633 598 5689; x_wconf 88' lang='lat' dir='ltr'><strong>nihil</strong></span> <span class='ocrx_word' id='word_1_422' title='bbox 619 5641 796 5688; x_wconf 88' lang='lat' dir='ltr'><strong>autem</strong></span> <span class='ocrx_word' id='word_1_423' title='bbox 817 5630 960 5702; x_wconf 92' lang='lat' dir='ltr'><strong>quod</strong></span> <span class='ocrx_word' id='word_1_424' title='bbox 982 5629 1177 5686; x_wconf 90' lang='lat' dir='ltr'><strong>debeat</strong></span> <span class='ocrx_word' id='word_1_425' title='bbox 1196 5628 1394 5694; x_wconf 80' lang='lat' dir='ltr'><strong>odisse,</strong></span> <span class='ocrx_word' id='word_1_426' title='bbox 1429 5626 1744 5683; x_wconf 87' lang='lat' dir='ltr'><strong>remanebit.</strong></span> 
     </span>
    </p>
   </div>
   <div class='ocr_carea' id='block_1_57' title="bbox 313 5809 984 5874">
    <p class='ocr_par' dir='ltr' id='par_1_57' title="bbox 313 5809 984 5874">
     <span class='ocr_line' id='line_1_57' title="bbox 313 5809 984 5874; baseline -0.001 -14"><span class='ocrx_word' id='word_1_427' title='bbox 313 5813 330 5842; x_wconf 84' lang='grc'>¹</span> <span class='ocrx_word' id='word_1_428' title='bbox 365 5809 580 5862; x_wconf 63' lang='lat' dir='ltr'><strong>nonnulli</strong></span> <span class='ocrx_word' id='word_1_429' title='bbox 600 5809 811 5874; x_wconf 78' lang='lat' dir='ltr'><strong>codices,</strong></span> <span class='ocrx_word' id='word_1_430' title='bbox 831 5815 984 5874; x_wconf 85' lang='lat' dir='ltr'><strong>parte.</strong></span> 
     </span>
    </p>
   </div>
   <div class='ocr_carea' id='block_1_58' title="bbox 314 5872 1133 5933">
    <p class='ocr_par' dir='ltr' id='par_1_58' title="bbox 314 5872 1133 5933">
     <span class='ocr_line' id='line_1_58' title="bbox 314 5872 1133 5933; baseline -0.002 -11"><span class='ocrx_word' id='word_1_431' title='bbox 314 5876 335 5904; x_wconf 77' lang='lat'><strong><em>‘</em></strong></span> <span class='ocrx_word' id='word_1_432' title='bbox 365 5875 435 5923; x_wconf 90' lang='lat' dir='ltr'><strong>Sic</strong></span> <span class='ocrx_word' id='word_1_433' title='bbox 459 5883 565 5923; x_wconf 81' lang='lat' dir='ltr'><strong>Mss.</strong></span> <span class='ocrx_word' id='word_1_434' title='bbox 594 5881 649 5922; x_wconf 81' lang='lat' dir='ltr'><strong>At</strong></span> <span class='ocrx_word' id='word_1_435' title='bbox 676 5872 811 5933; x_wconf 85' lang='lat' dir='ltr'><strong>editi,</strong></span> <span class='ocrx_word' id='word_1_436' title='bbox 831 5872 878 5924; x_wconf 78' lang='lat' dir='ltr'><strong>et</strong></span> <span class='ocrx_word' id='word_1_437' title='bbox 901 5873 1133 5924; x_wconf 73' lang='lat' dir='ltr'><strong>trislctur.</strong></span> 
     </span>
    </p>
   </div>
   <div class='ocr_carea' id='block_1_59' title="bbox 315 5931 1494 6001">
    <p class='ocr_par' dir='ltr' id='par_1_59' title="bbox 315 5931 1494 6001">
     <span class='ocr_line' id='line_1_59' title="bbox 315 5931 1494 6001; baseline -0.002 -16"><span class='ocrx_word' id='word_1_438' title='bbox 315 5935 338 5968; x_wconf 80' lang='grc'><strong><em>⁸</em></strong></span> <span class='ocrx_word' id='word_1_439' title='bbox 367 5944 490 6001; x_wconf 72' lang='lat' dir='ltr'><strong>uss,</strong></span> <span class='ocrx_word' id='word_1_440' title='bbox 510 5931 818 5988; x_wconf 72' lang='lat' dir='ltr'><strong>consensione</strong></span> <span class='ocrx_word' id='word_1_441' title='bbox 845 5949 862 5988; x_wconf 85' lang='lat'><strong>.&#39;</strong></span> <span class='ocrx_word' id='word_1_442' title='bbox 889 5943 942 5988; x_wconf 88' lang='lat' dir='ltr'><strong>et</strong></span> <span class='ocrx_word' id='word_1_443' title='bbox 958 5935 1098 6000; x_wconf 80' lang='lat' dir='ltr'><strong>infra,</strong></span> <span class='ocrx_word' id='word_1_444' title='bbox 1117 5934 1170 5986; x_wconf 85' lang='lat' dir='ltr'><strong>in</strong></span> <span class='ocrx_word' id='word_1_445' title='bbox 1187 5931 1494 5986; x_wconf 79' lang='lat' dir='ltr'><strong>dissensime.</strong></span> 
     </span>
    </p>
   </div>
   <div class='ocr_carea' id='block_1_60' title="bbox 1448 435 2357 506">
    <p class='ocr_par' dir='ltr' id='par_1_60' title="bbox 1448 435 2357 506">
     <span class='ocr_line' id='line_1_60' title="bbox 1448 435 2357 506; baseline -0.001 -12"><span class='ocrx_word' id='word_1_446' title='bbox 1448 435 1656 494; x_wconf 81' lang='lat' dir='ltr'><strong>LIBER</strong></span> <span class='ocrx_word' id='word_1_447' title='bbox 1692 435 2015 506; x_wconf 80' lang='lat' dir='ltr'><strong>QUARTUS</strong></span> <span class='ocrx_word' id='word_1_448' title='bbox 2044 435 2357 496; x_wconf 81' lang='lat' dir='ltr'><strong>DECIMUS.</strong></span> 
     </span>
    </p>
   </div>
   <div class='ocr_carea' id='block_1_61' title="bbox 3403 427 3514 487">
    <p class='ocr_par' dir='ltr' id='par_1_61' title="bbox 3403 427 3514 487">
     <span class='ocr_line' id='line_1_61' title="bbox 3403 427 3514 487; baseline -0.018 0"><span class='ocrx_word' id='word_1_449' title='bbox 3403 427 3514 487; x_wconf 73' lang='lat' dir='ltr'><strong>M0</strong></span> 
     </span>
    </p>
   </div>
   <div class='ocr_carea' id='block_1_62' title="bbox 1924 542 3512 612">
    <p class='ocr_par' dir='ltr' id='par_1_62' title="bbox 1924 542 3512 612">
     <span class='ocr_line' id='line_1_62' title="bbox 1924 542 3512 612; baseline -0.007 -6"><span class='ocrx_word' id='word_1_450' title='bbox 1924 547 2152 606; x_wconf 85' lang='lat' dir='ltr'><strong>CAPUT</strong></span> <span class='ocrx_word' id='word_1_451' title='bbox 2203 550 2660 606; x_wconf 81' lang='lat' dir='ltr'><strong>Vll.——Amorem</strong></span> <span class='ocrx_word' id='word_1_452' title='bbox 2706 559 2756 606; x_wconf 86' lang='lat' dir='ltr'><strong>et</strong></span> <span class='ocrx_word' id='word_1_453' title='bbox 2797 548 3122 605; x_wconf 78' lang='lat' dir='ltr'><strong>dilectionem</strong></span> <span class='ocrx_word' id='word_1_454' title='bbox 3162 542 3512 612; x_wconf 68' lang='lat' dir='ltr'><strong>indi/ferentar-</strong></span> 
     </span>
    </p>
   </div>
   <div class='ocr_carea' id='block_1_63' title="bbox 1988 635 3440 714">
    <p class='ocr_par' dir='ltr' id='par_1_63' title="bbox 1988 635 3440 714">
     <span class='ocr_line' id='line_1_63' title="bbox 1988 635 3440 714; baseline -0.006 -18"><span class='ocrx_word' id='word_1_455' title='bbox 1988 651 2037 696; x_wconf 83' lang='lat' dir='ltr'><strong>et</strong></span> <span class='ocrx_word' id='word_1_456' title='bbox 2058 642 2112 696; x_wconf 88' lang='lat' dir='ltr'><strong>in</strong></span> <span class='ocrx_word' id='word_1_457' title='bbox 2135 641 2340 696; x_wconf 81' lang='lat' dir='ltr'><strong>bono-et</strong></span> <span class='ocrx_word' id='word_1_458' title='bbox 2366 643 2418 696; x_wconf 88' lang='lat' dir='ltr'><strong>in</strong></span> <span class='ocrx_word' id='word_1_459' title='bbox 2440 643 2572 698; x_wconf 91' lang='lat' dir='ltr'><strong>malo</strong></span> <span class='ocrx_word' id='word_1_460' title='bbox 2597 644 2736 714; x_wconf 84' lang='lat' dir='ltr'><strong>apud</strong></span> <span class='ocrx_word' id='word_1_461' title='bbox 2753 658 2926 697; x_wconf 88' lang='lat' dir='ltr'><strong>sacras</strong></span> <span class='ocrx_word' id='word_1_462' title='bbox 2956 641 3173 694; x_wconf 81' lang='lat' dir='ltr'><strong>Litteras</strong></span> <span class='ocrx_word' id='word_1_463' title='bbox 3208 635 3440 691; x_wconf 85' lang='lat' dir='ltr'><strong>inveniri.</strong></span> 
     </span>
    </p>
   </div>
   <div class='ocr_carea' id='block_1_64' title="bbox 1989 734 3516 809">
    <p class='ocr_par' dir='ltr' id='par_1_64' title="bbox 1989 734 3516 809">
     <span class='ocr_line' id='line_1_64' title="bbox 1989 734 3516 809; baseline -0.003 -18"><span class='ocrx_word' id='word_1_464' title='bbox 1989 737 2043 791; x_wconf 81' lang='grc'><strong>1.</strong></span> <span class='ocrx_word' id='word_1_465' title='bbox 2082 735 2214 790; x_wconf 85' lang='lat' dir='ltr'><strong>Nam</strong></span> <span class='ocrx_word' id='word_1_466' title='bbox 2243 738 2395 806; x_wconf 89' lang='lat' dir='ltr'><strong>cujus</strong></span> <span class='ocrx_word' id='word_1_467' title='bbox 2425 738 2750 809; x_wconf 91' lang='lat' dir='ltr'><strong>propositum</strong></span> <span class='ocrx_word' id='word_1_468' title='bbox 2778 745 2862 792; x_wconf 90' lang='lat' dir='ltr'><strong>est</strong></span> <span class='ocrx_word' id='word_1_469' title='bbox 2885 750 3067 791; x_wconf 89' lang='lat' dir='ltr'><strong>amare</strong></span> <span class='ocrx_word' id='word_1_470' title='bbox 3093 734 3256 787; x_wconf 89' lang='lat' dir='ltr'><strong>Deum</strong></span> <span class='ocrx_word' id='word_1_471' title='bbox 3281 771 3297 798; x_wconf 92' lang='lat'><strong>,</strong></span> <span class='ocrx_word' id='word_1_472' title='bbox 3325 739 3379 783; x_wconf 83' lang='lat' dir='ltr'><strong>ct</strong></span> <span class='ocrx_word' id='word_1_473' title='bbox 3406 742 3516 782; x_wconf 87' lang='lat' dir='ltr'><strong>non</strong></span> 
     </span>
    </p>
   </div>
   <div class='ocr_carea' id='block_1_65' title="bbox 1919 827 3513 893">
    <p class='ocr_par' dir='ltr' id='par_1_65' title="bbox 1919 827 3513 893">
     <span class='ocr_line' id='line_1_65' title="bbox 1919 827 3513 893; baseline -0.006 -9"><span class='ocrx_word' id='word_1_474' title='bbox 1919 829 2209 884; x_wconf 84' lang='lat' dir='ltr'><strong>secundum</strong></span> <span class='ocrx_word' id='word_1_475' title='bbox 2256 830 2558 893; x_wconf 88' lang='lat' dir='ltr'><strong>hominem,</strong></span> <span class='ocrx_word' id='word_1_476' title='bbox 2612 829 2706 885; x_wconf 90' lang='lat' dir='ltr'><strong>sed</strong></span> <span class='ocrx_word' id='word_1_477' title='bbox 2757 829 3049 884; x_wconf 90' lang='lat' dir='ltr'><strong>secundum</strong></span> <span class='ocrx_word' id='word_1_478' title='bbox 3095 827 3263 882; x_wconf 90' lang='lat' dir='ltr'><strong>Deum</strong></span> <span class='ocrx_word' id='word_1_479' title='bbox 3330 835 3513 877; x_wconf 88' lang='lat' dir='ltr'><strong>amare</strong></span> 
     </span>
    </p>
   </div>
   <div class='ocr_carea' id='block_1_66' title="bbox 1920 918 3516 992">
    <p class='ocr_par' dir='ltr' id='par_1_66' title="bbox 1920 918 3516 992">
     <span class='ocr_line' id='line_1_66' title="bbox 1920 918 3516 992; baseline -0.008 -15"><span class='ocrx_word' id='word_1_480' title='bbox 1920 922 2240 992; x_wconf 81' lang='lat' dir='ltr'><strong>proximum,</strong></span> <span class='ocrx_word' id='word_1_481' title='bbox 2263 924 2404 978; x_wconf 90' lang='lat' dir='ltr'><strong>sicut</strong></span> <span class='ocrx_word' id='word_1_482' title='bbox 2426 925 2586 986; x_wconf 86' lang='lat' dir='ltr'><strong>etiam</strong></span> <span class='ocrx_word' id='word_1_483' title='bbox 2609 937 2667 977; x_wconf 91' lang='lat' dir='ltr'><strong>se</strong></span> <span class='ocrx_word' id='word_1_484' title='bbox 2689 923 2881 991; x_wconf 84' lang='lat' dir='ltr'><strong>ipsum;</strong></span> <span class='ocrx_word' id='word_1_485' title='bbox 2908 920 3090 991; x_wconf 87' lang='lat' dir='ltr'><strong>procul</strong></span> <span class='ocrx_word' id='word_1_486' title='bbox 3110 918 3273 973; x_wconf 91' lang='lat' dir='ltr'><strong>dubio</strong></span> <span class='ocrx_word' id='word_1_487' title='bbox 3300 923 3516 986; x_wconf 87' lang='lat' dir='ltr'><strong>propter</strong></span> 
     </span>
    </p>
   </div>
   <div class='ocr_carea' id='block_1_67' title="bbox 1921 1008 3516 1082">
    <p class='ocr_par' dir='ltr' id='par_1_67' title="bbox 1921 1008 3516 1082">
     <span class='ocr_line' id='line_1_67' title="bbox 1921 1008 3516 1082; baseline -0.006 -11"><span class='ocrx_word' id='word_1_488' title='bbox 1921 1016 2064 1071; x_wconf 90' lang='lat' dir='ltr'><strong>hunc</strong></span> <span class='ocrx_word' id='word_1_489' title='bbox 2088 1033 2329 1073; x_wconf 91' lang='lat' dir='ltr'><strong>amorem</strong></span> <span class='ocrx_word' id='word_1_490' title='bbox 2356 1017 2553 1072; x_wconf 91' lang='lat' dir='ltr'><strong>dicitur</strong></span> <span class='ocrx_word' id='word_1_491' title='bbox 2577 1016 2865 1070; x_wconf 88' lang='lat' dir='ltr'><strong>voluntatis</strong></span> <span class='ocrx_word' id='word_1_492' title='bbox 2893 1015 3046 1070; x_wconf 87' lang='lat' dir='ltr'><strong>bonae</strong></span> <span class='ocrx_word' id='word_1_493' title='bbox 3071 1055 3088 1078; x_wconf 91' lang='lat'><strong>,</strong></span> <span class='ocrx_word' id='word_1_494' title='bbox 3112 1027 3231 1082; x_wconf 65' lang='lat' dir='ltr'><strong>qua:</strong></span> <span class='ocrx_word' id='word_1_495' title='bbox 3270 1008 3516 1064; x_wconf 88' lang='lat' dir='ltr'><strong>usitatius</strong></span> 
     </span>
    </p>
   </div>
   <div class='ocr_carea' id='block_1_68' title="bbox 1923 1105 3518 1180">
    <p class='ocr_par' dir='ltr' id='par_1_68' title="bbox 1923 1105 3518 1180">
     <span class='ocr_line' id='line_1_68' title="bbox 1923 1105 3518 1180; baseline -0.008 -14"><span class='ocrx_word' id='word_1_496' title='bbox 1923 1112 1974 1166; x_wconf 93' lang='lat' dir='ltr'><strong>in</strong></span> <span class='ocrx_word' id='word_1_497' title='bbox 1999 1109 2286 1180; x_wconf 88' lang='lat' dir='ltr'><strong>Scripturis</strong></span> <span class='ocrx_word' id='word_1_498' title='bbox 2312 1111 2480 1165; x_wconf 90' lang='lat' dir='ltr'><strong>sacris</strong></span> <span class='ocrx_word' id='word_1_499' title='bbox 2495 1110 2726 1164; x_wconf 87' lang='lat' dir='ltr'><strong>charitas</strong></span> <span class='ocrx_word' id='word_1_500' title='bbox 2746 1109 3040 1178; x_wconf 80' lang='lat' dir='ltr'><strong>appellatur</strong></span> <span class='ocrx_word' id='word_1_501' title='bbox 3061 1124 3073 1160; x_wconf 92' lang='lat'>:</span> <span class='ocrx_word' id='word_1_502' title='bbox 3102 1105 3196 1160; x_wconf 86' lang='lat' dir='ltr'><strong>sed</strong></span> <span class='ocrx_word' id='word_1_503' title='bbox 3216 1119 3366 1162; x_wconf 89' lang='lat' dir='ltr'><strong>amor</strong></span> <span class='ocrx_word' id='word_1_504' title='bbox 3386 1115 3518 1170; x_wconf 88' lang='lat' dir='ltr'><strong>quo-</strong></span> 
     </span>
    </p>
   </div>
   <div class='ocr_carea' id='block_1_69' title="bbox 1922 1194 3515 1273">
    <p class='ocr_par' dir='ltr' id='par_1_69' title="bbox 1922 1194 3515 1273">
     <span class='ocr_line' id='line_1_69' title="bbox 1922 1194 3515 1273; baseline -0.006 -16"><span class='ocrx_word' id='word_1_505' title='bbox 1922 1218 2026 1273; x_wconf 87' lang='lat' dir='ltr'><strong>que</strong></span> <span class='ocrx_word' id='word_1_506' title='bbox 2073 1203 2364 1260; x_wconf 89' lang='lat' dir='ltr'><strong>secundum</strong></span> <span class='ocrx_word' id='word_1_507' title='bbox 2394 1203 2609 1259; x_wconf 85' lang='lat' dir='ltr'><strong>easdem</strong></span> <span class='ocrx_word' id='word_1_508' title='bbox 2650 1216 2833 1257; x_wconf 90' lang='lat' dir='ltr'><strong>sacras</strong></span> <span class='ocrx_word' id='word_1_509' title='bbox 2862 1201 3091 1256; x_wconf 86' lang='lat' dir='ltr'><strong>Litteras</strong></span> <span class='ocrx_word' id='word_1_510' title='bbox 3140 1199 3350 1253; x_wconf 90' lang='lat' dir='ltr'><strong>dicitur.</strong></span> <span class='ocrx_word' id='word_1_511' title='bbox 3381 1194 3515 1250; x_wconf 88' lang='lat' dir='ltr'><strong>Nam</strong></span> 
     </span>
    </p>
   </div>
   <div class='ocr_carea' id='block_1_70' title="bbox 1923 1290 3518 1365">
    <p class='ocr_par' dir='ltr' id='par_1_70' title="bbox 1923 1290 3518 1365">
     <span class='ocr_line' id='line_1_70' title="bbox 1923 1290 3518 1365; baseline -0.008 -11"><span class='ocrx_word' id='word_1_512' title='bbox 1923 1306 1978 1354; x_wconf 88' lang='lat' dir='ltr'><strong>et</strong></span> <span class='ocrx_word' id='word_1_513' title='bbox 2001 1306 2295 1353; x_wconf 84' lang='lat' dir='ltr'><strong>amatorem</strong></span> <span class='ocrx_word' id='word_1_514' title='bbox 2323 1297 2448 1352; x_wconf 91' lang='lat' dir='ltr'><strong>boni</strong></span> <span class='ocrx_word' id='word_1_515' title='bbox 2475 1296 2605 1351; x_wconf 90' lang='lat' dir='ltr'><strong>dicit</strong></span> <span class='ocrx_word' id='word_1_516' title='bbox 2632 1294 2922 1365; x_wconf 84' lang='lat' dir='ltr'><strong>Apostolus</strong></span> <span class='ocrx_word' id='word_1_517' title='bbox 2949 1306 3068 1347; x_wconf 89' lang='lat' dir='ltr'><strong>esse</strong></span> <span class='ocrx_word' id='word_1_518' title='bbox 3095 1290 3292 1345; x_wconf 90' lang='lat' dir='ltr'><strong>debere</strong></span> <span class='ocrx_word' id='word_1_519' title='bbox 3309 1330 3323 1354; x_wconf 91' lang='lat'><strong>,</strong></span> <span class='ocrx_word' id='word_1_520' title='bbox 3356 1302 3518 1357; x_wconf 85' lang='lat' dir='ltr'><strong>quem</strong></span> 
     </span>
    </p>
   </div>
   <div class='ocr_carea' id='block_1_71' title="bbox 1926 1378 3513 1462">
    <p class='ocr_par' dir='ltr' id='par_1_71' title="bbox 1926 1378 3513 1462">
     <span class='ocr_line' id='line_1_71' title="bbox 1926 1378 3513 1462; baseline -0.008 -18"><span class='ocrx_word' id='word_1_521' title='bbox 1926 1391 2159 1460; x_wconf 90' lang='lat' dir='ltr'><strong>regendo</strong></span> <span class='ocrx_word' id='word_1_522' title='bbox 2189 1392 2384 1462; x_wconf 90' lang='lat' dir='ltr'><strong>p0pulo</strong></span> <span class='ocrx_word' id='word_1_523' title='bbox 2403 1390 2654 1460; x_wconf 71' lang='lat' dir='ltr'><strong>praecepit</strong></span> <span class='ocrx_word' id='word_1_524' title='bbox 2688 1387 2990 1458; x_wconf 86' lang='lat' dir='ltr'><strong>eligendum</strong></span> <span class='ocrx_word' id='word_1_525' title='bbox 3019 1382 3224 1453; x_wconf 87' lang='lat' dir='ltr'><strong>(lTim.</strong></span> <span class='ocrx_word' id='word_1_526' title='bbox 3245 1397 3321 1444; x_wconf 85' lang='grc' dir='ltr'><strong>ιιι,</strong></span> <span class='ocrx_word' id='word_1_527' title='bbox 3343 1378 3513 1448; x_wconf 84' lang='lat' dir='ltr'><strong>l-lO).</strong></span> 
     </span>
    </p>
   </div>
   <div class='ocr_carea' id='block_1_72' title="bbox 1928 1479 3516 1553">
    <p class='ocr_par' dir='ltr' id='par_1_72' title="bbox 1928 1479 3516 1553">
     <span class='ocr_line' id='line_1_72' title="bbox 1928 1479 3516 1553; baseline -0.009 -16"><span class='ocrx_word' id='word_1_528' title='bbox 1928 1483 1996 1538; x_wconf 88' lang='lat' dir='ltr'><strong>Et</strong></span> <span class='ocrx_word' id='word_1_529' title='bbox 2024 1486 2137 1553; x_wconf 88' lang='lat' dir='ltr'><strong>ipse</strong></span> <span class='ocrx_word' id='word_1_530' title='bbox 2155 1485 2410 1539; x_wconf 91' lang='lat' dir='ltr'><strong>Dominus</strong></span> <span class='ocrx_word' id='word_1_531' title='bbox 2437 1483 2652 1538; x_wconf 91' lang='lat' dir='ltr'><strong>Petrum</strong></span> <span class='ocrx_word' id='word_1_532' title='bbox 2674 1480 2976 1550; x_wconf 88' lang='lat' dir='ltr'><strong>apostolum</strong></span> <span class='ocrx_word' id='word_1_533' title='bbox 3002 1479 3334 1545; x_wconf 89' lang='lat' dir='ltr'><strong>interrogans</strong></span> <span class='ocrx_word' id='word_1_534' title='bbox 3350 1515 3362 1535; x_wconf 90' lang='lat'><strong>,</strong></span> <span class='ocrx_word' id='word_1_535' title='bbox 3394 1485 3516 1524; x_wconf 90' lang='lat' dir='ltr'><strong>cum</strong></span> 
     </span>
    </p>
   </div>
   <div class='ocr_carea' id='block_1_73' title="bbox 1926 1564 3519 1647">
    <p class='ocr_par' dir='ltr' id='par_1_73' title="bbox 1926 1564 3519 1647">
     <span class='ocr_line' id='line_1_73' title="bbox 1926 1564 3519 1647; baseline -0.009 -18"><span class='ocrx_word' id='word_1_536' title='bbox 1926 1573 2149 1629; x_wconf 82' lang='lat' dir='ltr'><strong>dixisset</strong></span> <span class='ocrx_word' id='word_1_537' title='bbox 2173 1617 2188 1640; x_wconf 90' lang='lat'><strong>,</strong></span> <span class='ocrx_word' id='word_1_538' title='bbox 2216 1574 2404 1647; x_wconf 77' lang='lat' dir='ltr'><strong>Diligis</strong></span> <span class='ocrx_word' id='word_1_539' title='bbox 2427 1593 2506 1629; x_wconf 88' lang='lat' dir='ltr'><strong>me</strong></span> <span class='ocrx_word' id='word_1_540' title='bbox 2526 1576 2642 1646; x_wconf 86' lang='lat' dir='ltr'><strong>plus</strong></span> <span class='ocrx_word' id='word_1_541' title='bbox 2667 1575 2744 1628; x_wconf 87' lang='lat' dir='ltr'><strong>his</strong></span> <span class='ocrx_word' id='word_1_542' title='bbox 2767 1573 2793 1627; x_wconf 84' lang='lat'><strong><em>?</em></strong></span> <span class='ocrx_word' id='word_1_543' title='bbox 2836 1573 2927 1627; x_wconf 91' lang='lat' dir='ltr'><strong>ille</strong></span> <span class='ocrx_word' id='word_1_544' title='bbox 2957 1567 3257 1638; x_wconf 87' lang='lat' dir='ltr'><strong>respondit,</strong></span> <span class='ocrx_word' id='word_1_545' title='bbox 3281 1564 3519 1626; x_wconf 82' lang='lat' dir='ltr'><strong>Domine,</strong></span> 
     </span>
    </p>
   </div>
   <div class='ocr_carea' id='block_1_74' title="bbox 1931 1659 3524 1734">
    <p class='ocr_par' dir='ltr' id='par_1_74' title="bbox 1931 1659 3524 1734">
     <span class='ocr_line' id='line_1_74' title="bbox 1931 1659 3524 1734; baseline -0.007 -13"><span class='ocrx_word' id='word_1_546' title='bbox 1931 1676 1982 1721; x_wconf 85' lang='lat' dir='ltr'><strong>tu</strong></span> <span class='ocrx_word' id='word_1_547' title='bbox 2009 1664 2105 1722; x_wconf 82' lang='lat' dir='ltr'><strong>scis</strong></span> <span class='ocrx_word' id='word_1_548' title='bbox 2125 1669 2241 1734; x_wconf 75' lang='lat' dir='ltr'><strong>Quia</strong></span> <span class='ocrx_word' id='word_1_549' title='bbox 2283 1685 2398 1722; x_wconf 90' lang='lat' dir='ltr'><strong>amo</strong></span> <span class='ocrx_word' id='word_1_550' title='bbox 2427 1679 2492 1722; x_wconf 86' lang='lat' dir='ltr'><strong>te.</strong></span> <span class='ocrx_word' id='word_1_551' title='bbox 2519 1667 2587 1722; x_wconf 84' lang='lat' dir='ltr'><strong>Et</strong></span> <span class='ocrx_word' id='word_1_552' title='bbox 2610 1668 2804 1721; x_wconf 90' lang='lat' dir='ltr'><strong>iterum</strong></span> <span class='ocrx_word' id='word_1_553' title='bbox 2828 1663 3088 1720; x_wconf 90' lang='lat' dir='ltr'><strong>Dominus</strong></span> <span class='ocrx_word' id='word_1_554' title='bbox 3115 1659 3379 1730; x_wconf 73' lang='lat' dir='ltr'><strong>quaesivit,</strong></span> <span class='ocrx_word' id='word_1_555' title='bbox 3415 1669 3524 1710; x_wconf 83' lang='lat' dir='ltr'><strong>non</strong></span> 
     </span>
    </p>
   </div>
   <div class='ocr_carea' id='block_1_75' title="bbox 1931 1746 3526 1827">
    <p class='ocr_par' dir='ltr' id='par_1_75' title="bbox 1931 1746 3526 1827">
     <span class='ocr_line' id='line_1_75' title="bbox 1931 1746 3526 1827; baseline -0.007 -14"><span class='ocrx_word' id='word_1_556' title='bbox 1931 1768 2106 1813; x_wconf 92' lang='lat' dir='ltr'><strong>utrum</strong></span> <span class='ocrx_word' id='word_1_557' title='bbox 2129 1769 2350 1823; x_wconf 90' lang='lat' dir='ltr'><strong>amaret,</strong></span> <span class='ocrx_word' id='word_1_558' title='bbox 2371 1759 2465 1814; x_wconf 90' lang='lat' dir='ltr'><strong>sed</strong></span> <span class='ocrx_word' id='word_1_559' title='bbox 2489 1768 2665 1813; x_wconf 90' lang='lat' dir='ltr'><strong>utrum</strong></span> <span class='ocrx_word' id='word_1_560' title='bbox 2690 1757 2939 1827; x_wconf 82' lang='lat' dir='ltr'><strong>diligeret</strong></span> <span class='ocrx_word' id='word_1_561' title='bbox 2959 1770 3079 1810; x_wconf 92' lang='lat' dir='ltr'><strong>eum</strong></span> <span class='ocrx_word' id='word_1_562' title='bbox 3103 1753 3325 1807; x_wconf 84' lang='lat' dir='ltr'><strong>Petrus:</strong></span> <span class='ocrx_word' id='word_1_563' title='bbox 3357 1757 3410 1801; x_wconf 89' lang='lat' dir='ltr'><strong>at</strong></span> <span class='ocrx_word' id='word_1_564' title='bbox 3437 1746 3526 1802; x_wconf 85' lang='lat' dir='ltr'><strong>ille</strong></span> 
     </span>
    </p>
   </div>
   <div class='ocr_carea' id='block_1_76' title="bbox 1931 1839 3525 1921">
    <p class='ocr_par' dir='ltr' id='par_1_76' title="bbox 1931 1839 3525 1921">
     <span class='ocr_line' id='line_1_76' title="bbox 1931 1839 3525 1921; baseline -0.008 -15"><span class='ocrx_word' id='word_1_565' title='bbox 1931 1851 2208 1921; x_wconf 80' lang='lat' dir='ltr'><strong>respondit</strong></span> <span class='ocrx_word' id='word_1_566' title='bbox 2235 1851 2450 1917; x_wconf 87' lang='lat' dir='ltr'><strong>iterum,</strong></span> <span class='ocrx_word' id='word_1_567' title='bbox 2481 1849 2699 1905; x_wconf 84' lang='lat' dir='ltr'><strong>Domine</strong></span> <span class='ocrx_word' id='word_1_568' title='bbox 2722 1891 2737 1915; x_wconf 93' lang='lat'><strong>,</strong></span> <span class='ocrx_word' id='word_1_569' title='bbox 2766 1859 2819 1902; x_wconf 88' lang='lat' dir='ltr'><strong>tu</strong></span> <span class='ocrx_word' id='word_1_570' title='bbox 2848 1847 2945 1902; x_wconf 85' lang='lat' dir='ltr'><strong>scis</strong></span> <span class='ocrx_word' id='word_1_571' title='bbox 2971 1846 3090 1916; x_wconf 85' lang='lat' dir='ltr'><strong>quia</strong></span> <span class='ocrx_word' id='word_1_572' title='bbox 3113 1860 3228 1897; x_wconf 85' lang='lat' dir='ltr'><strong>unto</strong></span> <span class='ocrx_word' id='word_1_573' title='bbox 3249 1851 3315 1896; x_wconf 89' lang='lat' dir='ltr'><strong>te.</strong></span> <span class='ocrx_word' id='word_1_574' title='bbox 3343 1839 3525 1894; x_wconf 87' lang='lat' dir='ltr'><strong>Tertia</strong></span> 
     </span>
    </p>
   </div>
   <div class='ocr_carea' id='block_1_77' title="bbox 1931 1927 3526 2012">
    <p class='ocr_par' dir='ltr' id='par_1_77' title="bbox 1931 1927 3526 2012">
     <span class='ocr_line' id='line_1_77' title="bbox 1931 1927 3526 2012; baseline -0.007 -17"><span class='ocrx_word' id='word_1_575' title='bbox 1931 1927 2061 1998; x_wconf 91' lang='lat' dir='ltr'><strong>vero</strong></span> <span class='ocrx_word' id='word_1_576' title='bbox 2091 1943 2508 2012; x_wconf 77' lang='lat' dir='ltr'><strong>interrogatione</strong></span> <span class='ocrx_word' id='word_1_577' title='bbox 2538 1951 2592 1996; x_wconf 92' lang='lat' dir='ltr'><strong>et</strong></span> <span class='ocrx_word' id='word_1_578' title='bbox 2619 1943 2733 2012; x_wconf 92' lang='lat' dir='ltr'><strong>ipse</strong></span> <span class='ocrx_word' id='word_1_579' title='bbox 2763 1940 3019 1994; x_wconf 89' lang='lat' dir='ltr'><strong>Dominus</strong></span> <span class='ocrx_word' id='word_1_580' title='bbox 3056 1952 3163 1991; x_wconf 81' lang='lat' dir='ltr'><strong>non</strong></span> <span class='ocrx_word' id='word_1_581' title='bbox 3189 1935 3263 1988; x_wconf 84' lang='lat' dir='ltr'><strong>ait</strong></span> <span class='ocrx_word' id='word_1_582' title='bbox 3291 1976 3305 1998; x_wconf 89' lang='lat'><strong>,</strong></span> <span class='ocrx_word' id='word_1_583' title='bbox 3340 1931 3526 2001; x_wconf 77' lang='lat' dir='ltr'><strong>Diligis</strong></span> 
     </span>
    </p>
   </div>
   <div class='ocr_carea' id='block_1_78' title="bbox 1932 2021 3527 2100">
    <p class='ocr_par' dir='ltr' id='par_1_78' title="bbox 1932 2021 3527 2100">
     <span class='ocr_line' id='line_1_78' title="bbox 1932 2021 3527 2100; baseline -0.008 -12"><span class='ocrx_word' id='word_1_584' title='bbox 1932 2050 2040 2098; x_wconf 91' lang='lat' dir='ltr'><strong>me,</strong></span> <span class='ocrx_word' id='word_1_585' title='bbox 2072 2035 2188 2100; x_wconf 90' lang='lat' dir='ltr'><strong>sed,</strong></span> <span class='ocrx_word' id='word_1_586' title='bbox 2213 2034 2370 2088; x_wconf 85' lang='lat' dir='ltr'><strong>Amas</strong></span> <span class='ocrx_word' id='word_1_587' title='bbox 2398 2034 2513 2089; x_wconf 86' lang='lat' dir='ltr'><strong>me?</strong></span> <span class='ocrx_word' id='word_1_588' title='bbox 2542 2033 2630 2089; x_wconf 88' lang='lat' dir='ltr'><strong>ubi</strong></span> <span class='ocrx_word' id='word_1_589' title='bbox 2659 2041 2876 2088; x_wconf 90' lang='lat' dir='ltr'><strong>secutus</strong></span> <span class='ocrx_word' id='word_1_590' title='bbox 2897 2031 2972 2084; x_wconf 89' lang='lat' dir='ltr'><strong>ait</strong></span> <span class='ocrx_word' id='word_1_591' title='bbox 3001 2026 3359 2097; x_wconf 86' lang='lat' dir='ltr'><strong>Evangelista,</strong></span> <span class='ocrx_word' id='word_1_592' title='bbox 3391 2021 3527 2077; x_wconf 82' lang='lat' dir='ltr'><strong>Con-</strong></span> 
     </span>
    </p>
   </div>
   <div class='ocr_carea' id='block_1_79' title="bbox 1935 2111 3525 2195">
    <p class='ocr_par' dir='ltr' id='par_1_79' title="bbox 1935 2111 3525 2195">
     <span class='ocr_line' id='line_1_79' title="bbox 1935 2111 3525 2195; baseline -0.009 -16"><span class='ocrx_word' id='word_1_593' title='bbox 1935 2127 2158 2181; x_wconf 85' lang='lat' dir='ltr'><strong>tristatus</strong></span> <span class='ocrx_word' id='word_1_594' title='bbox 2197 2135 2269 2180; x_wconf 85' lang='lat' dir='ltr'><strong>est</strong></span> <span class='ocrx_word' id='word_1_595' title='bbox 2314 2125 2499 2179; x_wconf 75' lang='lat' dir='ltr'><strong>Petrus</strong></span> <span class='ocrx_word' id='word_1_596' title='bbox 2523 2166 2538 2190; x_wconf 90' lang='lat'><strong>,</strong></span> <span class='ocrx_word' id='word_1_597' title='bbox 2581 2125 2700 2195; x_wconf 87' lang='lat' dir='ltr'><strong>quia</strong></span> <span class='ocrx_word' id='word_1_598' title='bbox 2745 2123 2871 2177; x_wconf 70' lang='lat' dir='ltr'><strong>dixit</strong></span> <span class='ocrx_word' id='word_1_599' title='bbox 2901 2122 2946 2175; x_wconf 88' lang='lat' dir='ltr'><strong>ei</strong></span> <span class='ocrx_word' id='word_1_600' title='bbox 2989 2119 3133 2173; x_wconf 87' lang='lat' dir='ltr'><strong>tertio</strong></span> <span class='ocrx_word' id='word_1_601' title='bbox 3158 2159 3173 2184; x_wconf 94' lang='lat'><strong>,</strong></span> <span class='ocrx_word' id='word_1_602' title='bbox 3201 2116 3356 2170; x_wconf 84' lang='lat' dir='ltr'><strong>Amas</strong></span> <span class='ocrx_word' id='word_1_603' title='bbox 3393 2129 3473 2166; x_wconf 86' lang='lat' dir='ltr'><strong>me</strong></span> <span class='ocrx_word' id='word_1_604' title='bbox 3498 2111 3525 2165; x_wconf 69' lang='grc'><strong>2</strong></span> 
     </span>
    </p>
   </div>
   <div class='ocr_carea' id='block_1_80' title="bbox 1934 2203 3528 2283">
    <p class='ocr_par' dir='ltr' id='par_1_80' title="bbox 1934 2203 3528 2283">
     <span class='ocr_line' id='line_1_80' title="bbox 1934 2203 3528 2283; baseline -0.009 -11"><span class='ocrx_word' id='word_1_605' title='bbox 1934 2233 2054 2272; x_wconf 88' lang='lat' dir='ltr'><strong>cum</strong></span> <span class='ocrx_word' id='word_1_606' title='bbox 2071 2217 2324 2272; x_wconf 91' lang='lat' dir='ltr'><strong>Dominus</strong></span> <span class='ocrx_word' id='word_1_607' title='bbox 2346 2232 2449 2272; x_wconf 90' lang='lat' dir='ltr'><strong>non</strong></span> <span class='ocrx_word' id='word_1_608' title='bbox 2478 2217 2657 2283; x_wconf 90' lang='lat' dir='ltr'><strong>tertio,</strong></span> <span class='ocrx_word' id='word_1_609' title='bbox 2685 2215 2776 2270; x_wconf 90' lang='lat' dir='ltr'><strong>sed</strong></span> <span class='ocrx_word' id='word_1_610' title='bbox 2799 2213 2963 2268; x_wconf 87' lang='lat' dir='ltr'><strong>semel</strong></span> <span class='ocrx_word' id='word_1_611' title='bbox 2988 2210 3202 2273; x_wconf 80' lang='lat' dir='ltr'><strong>dixerit,</strong></span> <span class='ocrx_word' id='word_1_612' title='bbox 3233 2207 3390 2261; x_wconf 85' lang='lat' dir='ltr'><strong>Amas</strong></span> <span class='ocrx_word' id='word_1_613' title='bbox 3409 2203 3528 2258; x_wconf 73' lang='lat' dir='ltr'><strong>me!</strong></span> 
     </span>
    </p>
   </div>
   <div class='ocr_carea' id='block_1_81' title="bbox 1935 2294 3531 2381">
    <p class='ocr_par' dir='ltr' id='par_1_81' title="bbox 1935 2294 3531 2381">
     <span class='ocr_line' id='line_1_81' title="bbox 1935 2294 3531 2381; baseline -0.007 -14"><span class='ocrx_word' id='word_1_614' title='bbox 1935 2312 2017 2367; x_wconf 91' lang='lat' dir='ltr'><strong>bis</strong></span> <span class='ocrx_word' id='word_1_615' title='bbox 2045 2321 2221 2366; x_wconf 90' lang='lat' dir='ltr'><strong>autem</strong></span> <span class='ocrx_word' id='word_1_616' title='bbox 2239 2311 2450 2374; x_wconf 81' lang='lat' dir='ltr'><strong>dixerit,</strong></span> <span class='ocrx_word' id='word_1_617' title='bbox 2470 2309 2656 2381; x_wconf 86' lang='lat' dir='ltr'><strong>Diligis</strong></span> <span class='ocrx_word' id='word_1_618' title='bbox 2681 2325 2760 2362; x_wconf 89' lang='lat' dir='ltr'><strong>me</strong></span> <span class='ocrx_word' id='word_1_619' title='bbox 2775 2308 2800 2362; x_wconf 87' lang='lat'><strong><em>?</em></strong></span> <span class='ocrx_word' id='word_1_620' title='bbox 2817 2306 2967 2361; x_wconf 92' lang='lat' dir='ltr'><strong>Unde</strong></span> <span class='ocrx_word' id='word_1_621' title='bbox 2992 2301 3362 2372; x_wconf 82' lang='lat' dir='ltr'><strong>intelligimus,</strong></span> <span class='ocrx_word' id='word_1_622' title='bbox 3383 2294 3531 2370; x_wconf 73' lang='lat' dir='ltr'><strong>quad</strong></span> 
     </span>
    </p>
   </div>
   <div class='ocr_carea' id='block_1_82' title="bbox 1936 2392 3531 2466">
    <p class='ocr_par' dir='ltr' id='par_1_82' title="bbox 1936 2392 3531 2466">
     <span class='ocr_line' id='line_1_82' title="bbox 1936 2392 3531 2466; baseline -0.007 -9"><span class='ocrx_word' id='word_1_623' title='bbox 1936 2405 2094 2458; x_wconf 91' lang='lat' dir='ltr'><strong>etiam</strong></span> <span class='ocrx_word' id='word_1_624' title='bbox 2110 2418 2232 2459; x_wconf 90' lang='lat' dir='ltr'><strong>cum</strong></span> <span class='ocrx_word' id='word_1_625' title='bbox 2253 2403 2737 2466; x_wconf 85' lang='lat' dir='ltr'><strong>dicebatDominus,</strong></span> <span class='ocrx_word' id='word_1_626' title='bbox 2753 2397 2938 2466; x_wconf 83' lang='lat' dir='ltr'><strong>Diligis</strong></span> <span class='ocrx_word' id='word_1_627' title='bbox 2953 2395 3067 2452; x_wconf 74' lang='lat' dir='ltr'><strong>me?</strong></span> <span class='ocrx_word' id='word_1_628' title='bbox 3083 2393 3213 2450; x_wconf 82' lang='lat' dir='ltr'><strong>nihil</strong></span> <span class='ocrx_word' id='word_1_629' title='bbox 3237 2392 3377 2448; x_wconf 89' lang='lat' dir='ltr'><strong>aliud</strong></span> <span class='ocrx_word' id='word_1_630' title='bbox 3394 2392 3531 2446; x_wconf 89' lang='lat' dir='ltr'><strong>dice-</strong></span> 
     </span>
    </p>
   </div>
   <div class='ocr_carea' id='block_1_83' title="bbox 1936 2482 3530 2566">
    <p class='ocr_par' dir='ltr' id='par_1_83' title="bbox 1936 2482 3530 2566">
     <span class='ocr_line' id='line_1_83' title="bbox 1936 2482 3530 2566; baseline -0.009 -15"><span class='ocrx_word' id='word_1_631' title='bbox 1936 2497 2046 2559; x_wconf 87' lang='lat' dir='ltr'><strong>bat,</strong></span> <span class='ocrx_word' id='word_1_632' title='bbox 2075 2511 2254 2566; x_wconf 88' lang='lat' dir='ltr'><strong>quam,</strong></span> <span class='ocrx_word' id='word_1_633' title='bbox 2277 2497 2427 2547; x_wconf 76' lang='lat' dir='ltr'><strong>Amas</strong></span> <span class='ocrx_word' id='word_1_634' title='bbox 2443 2493 2558 2547; x_wconf 86' lang='lat' dir='ltr'><strong>me?</strong></span> <span class='ocrx_word' id='word_1_635' title='bbox 2586 2493 2774 2547; x_wconf 79' lang='lat' dir='ltr'><strong>Petrus</strong></span> <span class='ocrx_word' id='word_1_636' title='bbox 2789 2497 2966 2546; x_wconf 88' lang='lat' dir='ltr'><strong>autem</strong></span> <span class='ocrx_word' id='word_1_637' title='bbox 2998 2503 3101 2542; x_wconf 90' lang='lat' dir='ltr'><strong>non</strong></span> <span class='ocrx_word' id='word_1_638' title='bbox 3129 2485 3351 2539; x_wconf 90' lang='lat' dir='ltr'><strong>mutavit</strong></span> <span class='ocrx_word' id='word_1_639' title='bbox 3372 2482 3530 2552; x_wconf 85' lang='lat' dir='ltr'><strong>hujus</strong></span> 
     </span>
    </p>
   </div>
   <div class='ocr_carea' id='block_1_84' title="bbox 1939 2576 3529 2655">
    <p class='ocr_par' dir='ltr' id='par_1_84' title="bbox 1939 2576 3529 2655">
     <span class='ocr_line' id='line_1_84' title="bbox 1939 2576 3529 2655; baseline -0.009 -10"><span class='ocrx_word' id='word_1_640' title='bbox 1939 2593 2097 2645; x_wconf 91' lang='lat' dir='ltr'><strong>unius</strong></span> <span class='ocrx_word' id='word_1_641' title='bbox 2125 2591 2203 2646; x_wconf 90' lang='lat' dir='ltr'><strong>rei</strong></span> <span class='ocrx_word' id='word_1_642' title='bbox 2233 2589 2451 2645; x_wconf 90' lang='lat' dir='ltr'><strong>verbum</strong></span> <span class='ocrx_word' id='word_1_643' title='bbox 2477 2631 2492 2655; x_wconf 90' lang='lat'><strong>,</strong></span> <span class='ocrx_word' id='word_1_644' title='bbox 2522 2587 2614 2642; x_wconf 89' lang='lat' dir='ltr'><strong>sed</strong></span> <span class='ocrx_word' id='word_1_645' title='bbox 2647 2588 2808 2641; x_wconf 90' lang='lat' dir='ltr'><strong>etiam</strong></span> <span class='ocrx_word' id='word_1_646' title='bbox 2839 2585 2996 2640; x_wconf 90' lang='lat' dir='ltr'><strong>tertio</strong></span> <span class='ocrx_word' id='word_1_647' title='bbox 3019 2624 3034 2648; x_wconf 91' lang='lat'><strong>,</strong></span> <span class='ocrx_word' id='word_1_648' title='bbox 3070 2580 3303 2644; x_wconf 87' lang='lat' dir='ltr'><strong>Domine,</strong></span> <span class='ocrx_word' id='word_1_649' title='bbox 3334 2576 3529 2644; x_wconf 90' lang='lat' dir='ltr'><strong>inquit,</strong></span> 
     </span>
    </p>
   </div>
   <div class='ocr_carea' id='block_1_85' title="bbox 1938 2671 3505 2755">
    <p class='ocr_par' dir='ltr' id='par_1_85' title="bbox 1938 2671 3505 2755">
     <span class='ocr_line' id='line_1_85' title="bbox 1938 2671 3505 2755; baseline -0.01 -14"><span class='ocrx_word' id='word_1_650' title='bbox 1938 2696 1992 2741; x_wconf 88' lang='lat' dir='ltr'><strong>tu</strong></span> <span class='ocrx_word' id='word_1_651' title='bbox 2015 2688 2185 2740; x_wconf 81' lang='lat' dir='ltr'><strong>omnia</strong></span> <span class='ocrx_word' id='word_1_652' title='bbox 2212 2686 2329 2750; x_wconf 86' lang='lat' dir='ltr'><strong>scis,</strong></span> <span class='ocrx_word' id='word_1_653' title='bbox 2359 2694 2414 2739; x_wconf 88' lang='lat' dir='ltr'><strong>tu</strong></span> <span class='ocrx_word' id='word_1_654' title='bbox 2438 2686 2537 2740; x_wconf 86' lang='lat' dir='ltr'><strong>scis</strong></span> <span class='ocrx_word' id='word_1_655' title='bbox 2561 2684 2682 2755; x_wconf 90' lang='lat' dir='ltr'><strong>quia</strong></span> <span class='ocrx_word' id='word_1_656' title='bbox 2711 2699 2824 2736; x_wconf 88' lang='lat' dir='ltr'><strong>anto</strong></span> <span class='ocrx_word' id='word_1_657' title='bbox 2853 2692 2898 2736; x_wconf 91' lang='lat' dir='ltr'><strong>te</strong></span> <span class='ocrx_word' id='word_1_658' title='bbox 2928 2679 3108 2753; x_wconf 82' lang='lat' dir='ltr'><strong>(Joan.</strong></span> <span class='ocrx_word' id='word_1_659' title='bbox 3138 2692 3254 2743; x_wconf 76' lang='lat' dir='ltr'><strong>XXI,</strong></span> <span class='ocrx_word' id='word_1_660' title='bbox 3289 2671 3505 2744; x_wconf 71' lang='lat'><strong>15-17).</strong></span> 
     </span>
    </p>
   </div>
   <div class='ocr_carea' id='block_1_86' title="bbox 2007 2766 3531 2850">
    <p class='ocr_par' dir='ltr' id='par_1_86' title="bbox 2007 2766 3531 2850">
     <span class='ocr_line' id='line_1_86' title="bbox 2007 2766 3531 2850; baseline -0.009 -17"><span class='ocrx_word' id='word_1_661' title='bbox 2007 2778 2064 2834; x_wconf 82' lang='grc'><strong>2.</strong></span> <span class='ocrx_word' id='word_1_662' title='bbox 2107 2779 2220 2834; x_wconf 90' lang='lat' dir='ltr'><strong>Hoc</strong></span> <span class='ocrx_word' id='word_1_663' title='bbox 2259 2789 2542 2850; x_wconf 88' lang='lat' dir='ltr'><strong>propterea</strong></span> <span class='ocrx_word' id='word_1_664' title='bbox 2575 2773 3105 2832; x_wconf 90' lang='lat' dir='ltr'><strong>commemorandum</strong></span> <span class='ocrx_word' id='word_1_665' title='bbox 3139 2769 3316 2841; x_wconf 90' lang='lat' dir='ltr'><strong>putavi</strong></span> <span class='ocrx_word' id='word_1_666' title='bbox 3343 2809 3356 2832; x_wconf 89' lang='lat'><strong>,</strong></span> <span class='ocrx_word' id='word_1_667' title='bbox 3407 2766 3531 2836; x_wconf 88' lang='lat' dir='ltr'><strong>quia</strong></span> 
     </span>
    </p>
   </div>
   <div class='ocr_carea' id='block_1_87' title="bbox 1940 2857 3532 2926">
    <p class='ocr_par' dir='ltr' id='par_1_87' title="bbox 1940 2857 3532 2926">
     <span class='ocr_line' id='line_1_87' title="bbox 1940 2857 3532 2926; baseline -0.008 -2"><span class='ocrx_word' id='word_1_668' title='bbox 1940 2870 2182 2926; x_wconf 89' lang='lat' dir='ltr'><strong>nonnulli</strong></span> <span class='ocrx_word' id='word_1_669' title='bbox 2207 2870 2533 2924; x_wconf 88' lang='lat' dir='ltr'><strong>arbitrantur</strong></span> <span class='ocrx_word' id='word_1_670' title='bbox 2555 2868 2697 2921; x_wconf 91' lang='lat' dir='ltr'><strong>aliud</strong></span> <span class='ocrx_word' id='word_1_671' title='bbox 2728 2880 2847 2921; x_wconf 88' lang='lat' dir='ltr'><strong>esse</strong></span> <span class='ocrx_word' id='word_1_672' title='bbox 2882 2865 3223 2919; x_wconf 86' lang='lat' dir='ltr'><strong>dilectionem</strong></span> <span class='ocrx_word' id='word_1_673' title='bbox 3265 2860 3378 2914; x_wconf 90' lang='lat' dir='ltr'><strong>sive</strong></span> <span class='ocrx_word' id='word_1_674' title='bbox 3402 2857 3532 2911; x_wconf 87' lang='lat' dir='ltr'><strong>cha-</strong></span> 
     </span>
    </p>
   </div>
   <div class='ocr_carea' id='block_1_88' title="bbox 1939 2955 3534 3025">
    <p class='ocr_par' dir='ltr' id='par_1_88' title="bbox 1939 2955 3534 3025">
     <span class='ocr_line' id='line_1_88' title="bbox 1939 2955 3534 3025; baseline -0.01 -7"><span class='ocrx_word' id='word_1_675' title='bbox 1939 2961 2152 3018; x_wconf 89' lang='lat' dir='ltr'><strong>ritatem</strong></span> <span class='ocrx_word' id='word_1_676' title='bbox 2180 3003 2193 3025; x_wconf 96' lang='lat'><strong>,</strong></span> <span class='ocrx_word' id='word_1_677' title='bbox 2224 2961 2366 3015; x_wconf 88' lang='lat' dir='ltr'><strong>aliud</strong></span> <span class='ocrx_word' id='word_1_678' title='bbox 2394 2975 2655 3014; x_wconf 90' lang='lat' dir='ltr'><strong>amorem.</strong></span> <span class='ocrx_word' id='word_1_679' title='bbox 2686 2958 2878 3012; x_wconf 90' lang='lat' dir='ltr'><strong>Dicunt</strong></span> <span class='ocrx_word' id='word_1_680' title='bbox 2902 2957 3044 3011; x_wconf 88' lang='lat' dir='ltr'><strong>enim</strong></span> <span class='ocrx_word' id='word_1_681' title='bbox 3071 2955 3411 3009; x_wconf 90' lang='lat' dir='ltr'><strong>dilectionem</strong></span> <span class='ocrx_word' id='word_1_682' title='bbox 3442 2963 3534 3003; x_wconf 89' lang='lat' dir='ltr'><strong>ac-</strong></span> 
     </span>
    </p>
   </div>
   <div class='ocr_carea' id='block_1_89' title="bbox 1939 3040 3534 3125">
    <p class='ocr_par' dir='ltr' id='par_1_89' title="bbox 1939 3040 3534 3125">
     <span class='ocr_line' id='line_1_89' title="bbox 1939 3040 3534 3125; baseline -0.006 -16"><span class='ocrx_word' id='word_1_683' title='bbox 1939 3053 2238 3125; x_wconf 88' lang='lat' dir='ltr'><strong>cipiendam</strong></span> <span class='ocrx_word' id='word_1_684' title='bbox 2287 3067 2408 3106; x_wconf 89' lang='lat' dir='ltr'><strong>esse</strong></span> <span class='ocrx_word' id='word_1_685' title='bbox 2453 3052 2507 3105; x_wconf 89' lang='lat' dir='ltr'><strong>in</strong></span> <span class='ocrx_word' id='word_1_686' title='bbox 2532 3051 2711 3115; x_wconf 91' lang='lat' dir='ltr'><strong>bono,</strong></span> <span class='ocrx_word' id='word_1_687' title='bbox 2740 3064 2977 3104; x_wconf 89' lang='lat' dir='ltr'><strong>amorem</strong></span> <span class='ocrx_word' id='word_1_688' title='bbox 3011 3048 3062 3102; x_wconf 91' lang='lat' dir='ltr'><strong>in</strong></span> <span class='ocrx_word' id='word_1_689' title='bbox 3112 3047 3254 3100; x_wconf 91' lang='lat' dir='ltr'><strong>malo</strong></span> <span class='ocrx_word' id='word_1_690' title='bbox 3298 3043 3398 3115; x_wconf 74' lang='grc' dir='ltr'><strong>(τι).</strong></span> <span class='ocrx_word' id='word_1_691' title='bbox 3444 3040 3534 3099; x_wconf 88' lang='lat' dir='ltr'><strong>Sic</strong></span> 
     </span>
    </p>
   </div>
   <div class='ocr_carea' id='block_1_90' title="bbox 1939 3136 3534 3214">
    <p class='ocr_par' dir='ltr' id='par_1_90' title="bbox 1939 3136 3534 3214">
     <span class='ocr_line' id='line_1_90' title="bbox 1939 3136 3534 3214; baseline -0.008 -14"><span class='ocrx_word' id='word_1_692' title='bbox 1939 3156 2118 3202; x_wconf 89' lang='lat' dir='ltr'><strong>autem</strong></span> <span class='ocrx_word' id='word_1_693' title='bbox 2142 3160 2240 3200; x_wconf 90' lang='lat' dir='ltr'><strong>nec</strong></span> <span class='ocrx_word' id='word_1_694' title='bbox 2266 3145 2409 3214; x_wconf 91' lang='lat' dir='ltr'><strong>ipsos</strong></span> <span class='ocrx_word' id='word_1_695' title='bbox 2439 3154 2685 3197; x_wconf 89' lang='lat' dir='ltr'><strong>auctores</strong></span> <span class='ocrx_word' id='word_1_696' title='bbox 2711 3140 3043 3195; x_wconf 66' lang='lat' dir='ltr'><strong>smcularium</strong></span> <span class='ocrx_word' id='word_1_697' title='bbox 3070 3138 3367 3192; x_wconf 84' lang='lat' dir='ltr'><strong>litterarum</strong></span> <span class='ocrx_word' id='word_1_698' title='bbox 3394 3136 3534 3189; x_wconf 85' lang='lat' dir='ltr'><strong>locu-</strong></span> 
     </span>
    </p>
   </div>
   <div class='ocr_carea' id='block_1_91' title="bbox 1940 3221 3534 3303">
    <p class='ocr_par' dir='ltr' id='par_1_91' title="bbox 1940 3221 3534 3303">
     <span class='ocr_line' id='line_1_91' title="bbox 1940 3221 3534 3303; baseline -0.008 -9"><span class='ocrx_word' id='word_1_699' title='bbox 1940 3248 2028 3295; x_wconf 89' lang='lat' dir='ltr'><strong>tos</strong></span> <span class='ocrx_word' id='word_1_700' title='bbox 2070 3253 2222 3303; x_wconf 89' lang='lat' dir='ltr'><strong>esse,</strong></span> <span class='ocrx_word' id='word_1_701' title='bbox 2273 3236 2631 3291; x_wconf 84' lang='lat' dir='ltr'><strong>certissimum</strong></span> <span class='ocrx_word' id='word_1_702' title='bbox 2660 3242 2760 3288; x_wconf 90' lang='lat' dir='ltr'><strong>est.</strong></span> <span class='ocrx_word' id='word_1_703' title='bbox 2802 3232 2908 3286; x_wconf 90' lang='lat' dir='ltr'><strong>Sed</strong></span> <span class='ocrx_word' id='word_1_704' title='bbox 2954 3230 3186 3285; x_wconf 89' lang='lat' dir='ltr'><strong>viderint</strong></span> <span class='ocrx_word' id='word_1_705' title='bbox 3230 3221 3534 3298; x_wconf 86' lang='lat' dir='ltr'><strong>philosophi</strong></span> 
     </span>
    </p>
   </div>
   <div class='ocr_carea' id='block_1_92' title="bbox 1940 3323 3532 3401">
    <p class='ocr_par' dir='ltr' id='par_1_92' title="bbox 1940 3323 3532 3401">
     <span class='ocr_line' id='line_1_92' title="bbox 1940 3323 3532 3401; baseline -0.011 -13"><span class='ocrx_word' id='word_1_706' title='bbox 1940 3344 2116 3389; x_wconf 88' lang='lat' dir='ltr'><strong>utrum</strong></span> <span class='ocrx_word' id='word_1_707' title='bbox 2146 3331 2225 3388; x_wconf 87' lang='lat' dir='ltr'><strong>vel</strong></span> <span class='ocrx_word' id='word_1_708' title='bbox 2275 3346 2376 3401; x_wconf 83' lang='lat' dir='ltr'><strong>qua</strong></span> <span class='ocrx_word' id='word_1_709' title='bbox 2430 3328 2634 3382; x_wconf 91' lang='lat' dir='ltr'><strong>ratione</strong></span> <span class='ocrx_word' id='word_1_710' title='bbox 2661 3326 2761 3380; x_wconf 83' lang='lat' dir='ltr'><strong>ista</strong></span> <span class='ocrx_word' id='word_1_711' title='bbox 2788 3325 3114 3380; x_wconf 90' lang='lat' dir='ltr'><strong>discernant.</strong></span> <span class='ocrx_word' id='word_1_712' title='bbox 3166 3323 3418 3376; x_wconf 84' lang='lat' dir='ltr'><strong>Amorem</strong></span> <span class='ocrx_word' id='word_1_713' title='bbox 3451 3327 3532 3371; x_wconf 87' lang='lat' dir='ltr'><strong>ta-</strong></span> 
     </span>
    </p>
   </div>
   <div class='ocr_carea' id='block_1_93' title="bbox 1941 3409 3533 3488">
    <p class='ocr_par' dir='ltr' id='par_1_93' title="bbox 1941 3409 3533 3488">
     <span class='ocr_line' id='line_1_93' title="bbox 1941 3409 3533 3488; baseline -0.011 -6"><span class='ocrx_word' id='word_1_714' title='bbox 1941 3443 2064 3482; x_wconf 91' lang='lat' dir='ltr'><strong>men</strong></span> <span class='ocrx_word' id='word_1_715' title='bbox 2097 3440 2190 3480; x_wconf 90' lang='lat' dir='ltr'><strong>cos</strong></span> <span class='ocrx_word' id='word_1_716' title='bbox 2216 3424 2271 3478; x_wconf 91' lang='lat' dir='ltr'><strong>in</strong></span> <span class='ocrx_word' id='word_1_717' title='bbox 2302 3421 2462 3477; x_wconf 91' lang='lat' dir='ltr'><strong>bonis</strong></span> <span class='ocrx_word' id='word_1_718' title='bbox 2505 3419 2668 3475; x_wconf 87' lang='lat' dir='ltr'><strong>rebus</strong></span> <span class='ocrx_word' id='word_1_719' title='bbox 2709 3431 2763 3473; x_wconf 88' lang='lat' dir='ltr'><strong>et</strong></span> <span class='ocrx_word' id='word_1_720' title='bbox 2787 3431 2912 3488; x_wconf 89' lang='lat' dir='ltr'><strong>erga</strong></span> <span class='ocrx_word' id='word_1_721' title='bbox 2952 3416 3127 3485; x_wconf 90' lang='lat' dir='ltr'><strong>ipsum</strong></span> <span class='ocrx_word' id='word_1_722' title='bbox 3159 3414 3323 3468; x_wconf 89' lang='lat' dir='ltr'><strong>Deum</strong></span> <span class='ocrx_word' id='word_1_723' title='bbox 3355 3409 3533 3479; x_wconf 90' lang='lat' dir='ltr'><strong>magni</strong></span> 
     </span>
    </p>
   </div>
   <div class='ocr_carea' id='block_1_94' title="bbox 1941 3504 3532 3589">
    <p class='ocr_par' dir='ltr' id='par_1_94' title="bbox 1941 3504 3532 3589">
     <span class='ocr_line' id='line_1_94' title="bbox 1941 3504 3532 3589; baseline -0.012 -16"><span class='ocrx_word' id='word_1_724' title='bbox 1941 3518 2194 3589; x_wconf 89' lang='lat' dir='ltr'><strong>pendere,</strong></span> <span class='ocrx_word' id='word_1_725' title='bbox 2231 3514 2353 3570; x_wconf 90' lang='lat' dir='ltr'><strong>libri</strong></span> <span class='ocrx_word' id='word_1_726' title='bbox 2379 3528 2564 3568; x_wconf 92' lang='lat' dir='ltr'><strong>eorum</strong></span> <span class='ocrx_word' id='word_1_727' title='bbox 2591 3511 2722 3566; x_wconf 87' lang='lat' dir='ltr'><strong>satis</strong></span> <span class='ocrx_word' id='word_1_728' title='bbox 2746 3509 3058 3579; x_wconf 88' lang='lat' dir='ltr'><strong>loquuntur.</strong></span> <span class='ocrx_word' id='word_1_729' title='bbox 3087 3505 3192 3562; x_wconf 88' lang='lat' dir='ltr'><strong>Sed</strong></span> <span class='ocrx_word' id='word_1_730' title='bbox 3223 3504 3532 3572; x_wconf 83' lang='lat' dir='ltr'><strong>Scripturas</strong></span> 
     </span>
    </p>
   </div>
   <div class='ocr_carea' id='block_1_95' title="bbox 1941 3593 3536 3682">
    <p class='ocr_par' dir='ltr' id='par_1_95' title="bbox 1941 3593 3536 3682">
     <span class='ocr_line' id='line_1_95' title="bbox 1941 3593 3536 3682; baseline -0.013 -15"><span class='ocrx_word' id='word_1_731' title='bbox 1941 3610 2215 3682; x_wconf 85' lang='lat' dir='ltr'><strong>religionis</strong></span> <span class='ocrx_word' id='word_1_732' title='bbox 2243 3617 2440 3662; x_wconf 72' lang='lat' dir='ltr'><strong>nostra:</strong></span> <span class='ocrx_word' id='word_1_733' title='bbox 2467 3647 2479 3670; x_wconf 92' lang='lat'><strong>,</strong></span> <span class='ocrx_word' id='word_1_734' title='bbox 2526 3619 2750 3674; x_wconf 91' lang='lat' dir='ltr'><strong>quarum</strong></span> <span class='ocrx_word' id='word_1_735' title='bbox 2779 3601 3150 3657; x_wconf 90' lang='lat' dir='ltr'><strong>auctoritatem</strong></span> <span class='ocrx_word' id='word_1_736' title='bbox 3181 3595 3388 3652; x_wconf 61' lang='lat' dir='ltr'><strong>caeteris</strong></span> <span class='ocrx_word' id='word_1_737' title='bbox 3415 3593 3536 3664; x_wconf 87' lang='lat' dir='ltr'><strong>qui-</strong></span> 
     </span>
    </p>
   </div>
   <div class='ocr_carea' id='block_1_96' title="bbox 1940 3690 3536 3775">
    <p class='ocr_par' dir='ltr' id='par_1_96' title="bbox 1940 3690 3536 3775">
     <span class='ocr_line' id='line_1_96' title="bbox 1940 3690 3536 3775; baseline -0.012 -15"><span class='ocrx_word' id='word_1_738' title='bbox 1940 3705 2146 3775; x_wconf 89' lang='lat' dir='ltr'><strong>busque</strong></span> <span class='ocrx_word' id='word_1_739' title='bbox 2175 3702 2363 3756; x_wconf 88' lang='lat' dir='ltr'><strong>litteris</strong></span> <span class='ocrx_word' id='word_1_740' title='bbox 2412 3699 2784 3769; x_wconf 88' lang='lat' dir='ltr'><strong>anteponimus</strong></span> <span class='ocrx_word' id='word_1_741' title='bbox 2805 3739 2819 3760; x_wconf 95' lang='lat'><strong>,</strong></span> <span class='ocrx_word' id='word_1_742' title='bbox 2850 3711 2956 3750; x_wconf 93' lang='lat' dir='ltr'><strong>non</strong></span> <span class='ocrx_word' id='word_1_743' title='bbox 3003 3691 3145 3746; x_wconf 85' lang='lat' dir='ltr'><strong>aliud</strong></span> <span class='ocrx_word' id='word_1_744' title='bbox 3182 3690 3362 3744; x_wconf 91' lang='lat' dir='ltr'><strong>dicere</strong></span> <span class='ocrx_word' id='word_1_745' title='bbox 3385 3701 3536 3742; x_wconf 89' lang='lat' dir='ltr'><strong>amo-</strong></span> 
     </span>
    </p>
   </div>
   <div class='ocr_carea' id='block_1_97' title="bbox 1942 3779 3533 3863">
    <p class='ocr_par' dir='ltr' id='par_1_97' title="bbox 1942 3779 3533 3863">
     <span class='ocr_line' id='line_1_97' title="bbox 1942 3779 3533 3863; baseline -0.013 -10"><span class='ocrx_word' id='word_1_746' title='bbox 1942 3814 2056 3854; x_wconf 92' lang='lat' dir='ltr'><strong>rem</strong></span> <span class='ocrx_word' id='word_1_747' title='bbox 2082 3839 2095 3863; x_wconf 96' lang='lat'><strong>,</strong></span> <span class='ocrx_word' id='word_1_748' title='bbox 2125 3795 2268 3850; x_wconf 90' lang='lat' dir='ltr'><strong>aliud</strong></span> <span class='ocrx_word' id='word_1_749' title='bbox 2297 3793 2636 3848; x_wconf 86' lang='lat' dir='ltr'><strong>dilectionem</strong></span> <span class='ocrx_word' id='word_1_750' title='bbox 2667 3790 2747 3844; x_wconf 90' lang='lat' dir='ltr'><strong>vel</strong></span> <span class='ocrx_word' id='word_1_751' title='bbox 2773 3787 3087 3843; x_wconf 88' lang='lat' dir='ltr'><strong>charitatem</strong></span> <span class='ocrx_word' id='word_1_752' title='bbox 3109 3825 3122 3850; x_wconf 94' lang='lat'><strong>,</strong></span> <span class='ocrx_word' id='word_1_753' title='bbox 3155 3779 3533 3837; x_wconf 87' lang='lat' dir='ltr'><strong>insinuandum</strong></span> 
     </span>
    </p>
   </div>
   <div class='ocr_carea' id='block_1_98' title="bbox 1941 3873 3532 3947">
    <p class='ocr_par' dir='ltr' id='par_1_98' title="bbox 1941 3873 3532 3947">
     <span class='ocr_line' id='line_1_98' title="bbox 1941 3873 3532 3947; baseline -0.013 -1"><span class='ocrx_word' id='word_1_754' title='bbox 1941 3892 2059 3946; x_wconf 84' lang='lat' dir='ltr'><strong>luit.</strong></span> <span class='ocrx_word' id='word_1_755' title='bbox 2090 3889 2222 3944; x_wconf 89' lang='lat' dir='ltr'><strong>Nam</strong></span> <span class='ocrx_word' id='word_1_756' title='bbox 2252 3897 2305 3943; x_wconf 90' lang='lat' dir='ltr'><strong>et</strong></span> <span class='ocrx_word' id='word_1_757' title='bbox 2329 3901 2567 3941; x_wconf 89' lang='lat' dir='ltr'><strong>amorem</strong></span> <span class='ocrx_word' id='word_1_758' title='bbox 2597 3884 2648 3936; x_wconf 90' lang='lat' dir='ltr'><strong>in</strong></span> <span class='ocrx_word' id='word_1_759' title='bbox 2679 3882 2819 3936; x_wconf 89' lang='lat' dir='ltr'><strong>bono</strong></span> <span class='ocrx_word' id='word_1_760' title='bbox 2867 3879 2971 3934; x_wconf 92' lang='lat' dir='ltr'><strong>dici</strong></span> <span class='ocrx_word' id='word_1_761' title='bbox 2999 3919 3012 3942; x_wconf 94' lang='lat'><strong>,</strong></span> <span class='ocrx_word' id='word_1_762' title='bbox 3041 3877 3150 3947; x_wconf 88' lang='lat' dir='ltr'><strong>jam</strong></span> <span class='ocrx_word' id='word_1_763' title='bbox 3178 3873 3532 3931; x_wconf 90' lang='lat' dir='ltr'><strong>ostendimus.</strong></span> 
     </span>
    </p>
   </div>
   <div class='ocr_carea' id='block_1_99' title="bbox 1941 3963 3534 4052">
    <p class='ocr_par' dir='ltr' id='par_1_99' title="bbox 1941 3963 3534 4052">
     <span class='ocr_line' id='line_1_99' title="bbox 1941 3963 3534 4052; baseline -0.014 -12"><span class='ocrx_word' id='word_1_764' title='bbox 1941 3984 2045 4040; x_wconf 91' lang='lat' dir='ltr'><strong>Sed</strong></span> <span class='ocrx_word' id='word_1_765' title='bbox 2073 3999 2140 4038; x_wconf 89' lang='lat' dir='ltr'><strong>ne</strong></span> <span class='ocrx_word' id='word_1_766' title='bbox 2165 3982 2284 4052; x_wconf 88' lang='lat' dir='ltr'><strong>quis</strong></span> <span class='ocrx_word' id='word_1_767' title='bbox 2303 3978 2573 4035; x_wconf 86' lang='lat' dir='ltr'><strong>existimet</strong></span> <span class='ocrx_word' id='word_1_768' title='bbox 2587 3989 2824 4040; x_wconf 83' lang='lat' dir='ltr'><strong>amorem</strong></span> <span class='ocrx_word' id='word_1_769' title='bbox 2851 3970 3064 4041; x_wconf 91' lang='lat' dir='ltr'><strong>quidem</strong></span> <span class='ocrx_word' id='word_1_770' title='bbox 3086 3977 3138 4022; x_wconf 88' lang='lat' dir='ltr'><strong>et</strong></span> <span class='ocrx_word' id='word_1_771' title='bbox 3165 3966 3218 4020; x_wconf 90' lang='lat' dir='ltr'><strong>in</strong></span> <span class='ocrx_word' id='word_1_772' title='bbox 3247 3967 3386 4019; x_wconf 89' lang='lat' dir='ltr'><strong>bono</strong></span> <span class='ocrx_word' id='word_1_773' title='bbox 3407 3971 3456 4017; x_wconf 93' lang='lat' dir='ltr'><strong>et</strong></span> <span class='ocrx_word' id='word_1_774' title='bbox 3482 3963 3534 4017; x_wconf 91' lang='lat' dir='ltr'><strong>in</strong></span> 
     </span>
    </p>
   </div>
   <div class='ocr_carea' id='block_1_100' title="bbox 1942 4056 3534 4144">
    <p class='ocr_par' dir='ltr' id='par_1_100' title="bbox 1942 4056 3534 4144">
     <span class='ocr_line' id='line_1_100' title="bbox 1942 4056 3534 4144; baseline -0.014 -13"><span class='ocrx_word' id='word_1_775' title='bbox 1942 4077 2107 4144; x_wconf 90' lang='lat' dir='ltr'><strong>malo,</strong></span> <span class='ocrx_word' id='word_1_776' title='bbox 2138 4073 2480 4129; x_wconf 90' lang='lat' dir='ltr'><strong>dilectionem</strong></span> <span class='ocrx_word' id='word_1_777' title='bbox 2510 4077 2689 4123; x_wconf 90' lang='lat' dir='ltr'><strong>autem</strong></span> <span class='ocrx_word' id='word_1_778' title='bbox 2716 4063 2931 4120; x_wconf 90' lang='lat' dir='ltr'><strong>nonnisi</strong></span> <span class='ocrx_word' id='word_1_779' title='bbox 2959 4063 3012 4116; x_wconf 92' lang='lat' dir='ltr'><strong>in</strong></span> <span class='ocrx_word' id='word_1_780' title='bbox 3044 4061 3185 4116; x_wconf 93' lang='lat' dir='ltr'><strong>bono</strong></span> <span class='ocrx_word' id='word_1_781' title='bbox 3206 4073 3326 4113; x_wconf 90' lang='lat' dir='ltr'><strong>esse</strong></span> <span class='ocrx_word' id='word_1_782' title='bbox 3350 4056 3534 4112; x_wconf 78' lang='lat' dir='ltr'><strong>dicen—</strong></span> 
     </span>
    </p>
   </div>
   <div class='ocr_carea' id='block_1_101' title="bbox 1943 4147 3536 4231">
    <p class='ocr_par' dir='ltr' id='par_1_101' title="bbox 1943 4147 3536 4231">
     <span class='ocr_line' id='line_1_101' title="bbox 1943 4147 3536 4231; baseline -0.011 -9"><span class='ocrx_word' id='word_1_783' title='bbox 1943 4168 2087 4231; x_wconf 91' lang='lat' dir='ltr'><strong>dam,</strong></span> <span class='ocrx_word' id='word_1_784' title='bbox 2113 4165 2240 4220; x_wconf 91' lang='lat' dir='ltr'><strong>illud</strong></span> <span class='ocrx_word' id='word_1_785' title='bbox 2262 4161 2502 4218; x_wconf 90' lang='lat' dir='ltr'><strong>attendat</strong></span> <span class='ocrx_word' id='word_1_786' title='bbox 2527 4159 2668 4231; x_wconf 92' lang='lat' dir='ltr'><strong>quod</strong></span> <span class='ocrx_word' id='word_1_787' title='bbox 2691 4159 2742 4212; x_wconf 94' lang='lat' dir='ltr'><strong>in</strong></span> <span class='ocrx_word' id='word_1_788' title='bbox 2769 4156 2980 4211; x_wconf 88' lang='lat' dir='ltr'><strong>Psalmo</strong></span> <span class='ocrx_word' id='word_1_789' title='bbox 3005 4153 3260 4222; x_wconf 88' lang='lat' dir='ltr'><strong>scriptum</strong></span> <span class='ocrx_word' id='word_1_790' title='bbox 3282 4161 3366 4206; x_wconf 91' lang='lat' dir='ltr'><strong>est</strong></span> <span class='ocrx_word' id='word_1_791' title='bbox 3394 4170 3406 4204; x_wconf 90' lang='lat'><strong>:</strong></span> <span class='ocrx_word' id='word_1_792' title='bbox 3434 4147 3536 4214; x_wconf 82' lang='lat' dir='ltr'><strong>Qui</strong></span> 
     </span>
    </p>
   </div>
   <div class='ocr_carea' id='block_1_102' title="bbox 1942 4241 3532 4329">
    <p class='ocr_par' dir='ltr' id='par_1_102' title="bbox 1942 4241 3532 4329">
     <span class='ocr_line' id='line_1_102' title="bbox 1942 4241 3532 4329; baseline -0.011 -15"><span class='ocrx_word' id='word_1_793' title='bbox 1942 4270 2112 4314; x_wconf 89' lang='lat' dir='ltr'><strong>autem</strong></span> <span class='ocrx_word' id='word_1_794' title='bbox 2136 4257 2301 4329; x_wconf 84' lang='lat' dir='ltr'><strong>diligit</strong></span> <span class='ocrx_word' id='word_1_795' title='bbox 2323 4255 2654 4324; x_wconf 84' lang='lat' dir='ltr'><strong>iniquitatem,</strong></span> <span class='ocrx_word' id='word_1_796' title='bbox 2682 4248 3021 4304; x_wconf 87' lang='lat' dir='ltr'><strong>oditanimam</strong></span> <span class='ocrx_word' id='word_1_797' title='bbox 3041 4243 3361 4314; x_wconf 82' lang='lat' dir='ltr'><strong>suam(Psal.</strong></span> <span class='ocrx_word' id='word_1_798' title='bbox 3381 4259 3434 4304; x_wconf 88' lang='lat' dir='ltr'><strong>x.</strong></span> <span class='ocrx_word' id='word_1_799' title='bbox 3455 4241 3532 4312; x_wconf 91' lang='lat'><strong>6).</strong></span> 
     </span>
    </p>
   </div>
   <div class='ocr_carea' id='block_1_103' title="bbox 1945 4336 3532 4417">
    <p class='ocr_par' dir='ltr' id='par_1_103' title="bbox 1945 4336 3532 4417">
     <span class='ocr_line' id='line_1_103' title="bbox 1945 4336 3532 4417; baseline -0.011 -14"><span class='ocrx_word' id='word_1_800' title='bbox 1945 4351 2011 4404; x_wconf 85' lang='lat' dir='ltr'><strong>Et</strong></span> <span class='ocrx_word' id='word_1_801' title='bbox 2040 4349 2168 4402; x_wconf 87' lang='lat' dir='ltr'><strong>illud</strong></span> <span class='ocrx_word' id='word_1_802' title='bbox 2213 4346 2441 4417; x_wconf 89' lang='lat' dir='ltr'><strong>apostoli</strong></span> <span class='ocrx_word' id='word_1_803' title='bbox 2471 4343 2727 4400; x_wconf 82' lang='lat' dir='ltr'><strong>Joannis:</strong></span> <span class='ocrx_word' id='word_1_804' title='bbox 2766 4341 2826 4396; x_wconf 87' lang='lat' dir='ltr'><strong>Si</strong></span> <span class='ocrx_word' id='word_1_805' title='bbox 2855 4341 2965 4410; x_wconf 82' lang='lat' dir='ltr'><strong>quis</strong></span> <span class='ocrx_word' id='word_1_806' title='bbox 2993 4337 3225 4392; x_wconf 70' lang='lat' dir='ltr'><strong>dilexerit</strong></span> <span class='ocrx_word' id='word_1_807' title='bbox 3265 4336 3532 4403; x_wconf 85' lang='lat' dir='ltr'><strong>mundum,</strong></span> 
     </span>
    </p>
   </div>
   <div class='ocr_carea' id='block_1_104' title="bbox 1945 4427 3536 4502">
    <p class='ocr_par' dir='ltr' id='par_1_104' title="bbox 1945 4427 3536 4502">
     <span class='ocr_line' id='line_1_104' title="bbox 1945 4427 3536 4502; baseline -0.01 -5"><span class='ocrx_word' id='word_1_808' title='bbox 1945 4459 2046 4497; x_wconf 86' lang='lat' dir='ltr'><strong>non</strong></span> <span class='ocrx_word' id='word_1_809' title='bbox 2072 4450 2145 4496; x_wconf 88' lang='lat' dir='ltr'><strong>est</strong></span> <span class='ocrx_word' id='word_1_810' title='bbox 2167 4440 2366 4495; x_wconf 85' lang='lat' dir='ltr'><strong>dilectio</strong></span> <span class='ocrx_word' id='word_1_811' title='bbox 2395 4437 2568 4493; x_wconf 86' lang='lat' dir='ltr'><strong>Patris</strong></span> <span class='ocrx_word' id='word_1_812' title='bbox 2588 4437 2641 4490; x_wconf 87' lang='lat' dir='ltr'><strong>in</strong></span> <span class='ocrx_word' id='word_1_813' title='bbox 2671 4451 2728 4489; x_wconf 86' lang='lat' dir='ltr'><strong>eo</strong></span> <span class='ocrx_word' id='word_1_814' title='bbox 2750 4433 2802 4502; x_wconf 84' lang='grc'><strong>(1</strong></span> <span class='ocrx_word' id='word_1_815' title='bbox 2828 4432 2984 4487; x_wconf 84' lang='lat' dir='ltr'><strong>Joan.</strong></span> <span class='ocrx_word' id='word_1_816' title='bbox 3022 4447 3081 4498; x_wconf 88' lang='grc' dir='ltr'><strong>ιι,</strong></span> <span class='ocrx_word' id='word_1_817' title='bbox 3123 4432 3236 4500; x_wconf 78' lang='grc'><strong>15).</strong></span> <span class='ocrx_word' id='word_1_818' title='bbox 3264 4427 3407 4483; x_wconf 84' lang='lat' dir='ltr'><strong>Ecce</strong></span> <span class='ocrx_word' id='word_1_819' title='bbox 3427 4442 3536 4482; x_wconf 90' lang='lat' dir='ltr'><strong>uno</strong></span> 
     </span>
    </p>
   </div>
   <div class='ocr_carea' id='block_1_105' title="bbox 1944 4511 3537 4588">
    <p class='ocr_par' dir='ltr' id='par_1_105' title="bbox 1944 4511 3537 4588">
     <span class='ocr_line' id='line_1_105' title="bbox 1944 4511 3537 4588; baseline -0.009 0"><span class='ocrx_word' id='word_1_820' title='bbox 1944 4535 2062 4588; x_wconf 92' lang='lat' dir='ltr'><strong>loco</strong></span> <span class='ocrx_word' id='word_1_821' title='bbox 2091 4533 2306 4587; x_wconf 88' lang='lat' dir='ltr'><strong>dilectio</strong></span> <span class='ocrx_word' id='word_1_822' title='bbox 2329 4540 2380 4584; x_wconf 88' lang='lat' dir='ltr'><strong>et</strong></span> <span class='ocrx_word' id='word_1_823' title='bbox 2410 4511 2464 4584; x_wconf 78' lang='lat' dir='ltr'><strong>in</strong></span> <span class='ocrx_word' id='word_1_824' title='bbox 2491 4528 2632 4582; x_wconf 92' lang='lat' dir='ltr'><strong>bono</strong></span> <span class='ocrx_word' id='word_1_825' title='bbox 2661 4536 2715 4580; x_wconf 93' lang='lat' dir='ltr'><strong>et</strong></span> <span class='ocrx_word' id='word_1_826' title='bbox 2740 4525 2791 4578; x_wconf 91' lang='lat' dir='ltr'><strong>in</strong></span> <span class='ocrx_word' id='word_1_827' title='bbox 2820 4524 2980 4578; x_wconf 88' lang='lat' dir='ltr'><strong>malo.</strong></span> <span class='ocrx_word' id='word_1_828' title='bbox 3005 4524 3258 4576; x_wconf 83' lang='lat' dir='ltr'><strong>Amorem</strong></span> <span class='ocrx_word' id='word_1_829' title='bbox 3280 4531 3456 4573; x_wconf 89' lang='lat' dir='ltr'><strong>autem</strong></span> <span class='ocrx_word' id='word_1_830' title='bbox 3484 4519 3537 4574; x_wconf 92' lang='lat' dir='ltr'><strong>in</strong></span> 
     </span>
    </p>
   </div>
   <div class='ocr_carea' id='block_1_106' title="bbox 1944 4614 3534 4698">
    <p class='ocr_par' dir='ltr' id='par_1_106' title="bbox 1944 4614 3534 4698">
     <span class='ocr_line' id='line_1_106' title="bbox 1944 4614 3534 4698; baseline -0.011 -15"><span class='ocrx_word' id='word_1_831' title='bbox 1944 4628 2087 4684; x_wconf 91' lang='lat' dir='ltr'><strong>malo</strong></span> <span class='ocrx_word' id='word_1_832' title='bbox 2118 4630 2134 4698; x_wconf 94' lang='lat'>(</span> <span class='ocrx_word' id='word_1_833' title='bbox 2165 4627 2285 4697; x_wconf 85' lang='lat' dir='ltr'><strong>quia</strong></span> <span class='ocrx_word' id='word_1_834' title='bbox 2328 4627 2381 4679; x_wconf 93' lang='lat' dir='ltr'><strong>in</strong></span> <span class='ocrx_word' id='word_1_835' title='bbox 2427 4624 2569 4678; x_wconf 90' lang='lat' dir='ltr'><strong>bono</strong></span> <span class='ocrx_word' id='word_1_836' title='bbox 2593 4622 2702 4689; x_wconf 91' lang='lat' dir='ltr'><strong>jam</strong></span> <span class='ocrx_word' id='word_1_837' title='bbox 2730 4615 3104 4686; x_wconf 88' lang='lat' dir='ltr'><strong>ostendimus)</strong></span> <span class='ocrx_word' id='word_1_838' title='bbox 3139 4630 3207 4669; x_wconf 91' lang='lat' dir='ltr'><strong>ne</strong></span> <span class='ocrx_word' id='word_1_839' title='bbox 3256 4614 3534 4684; x_wconf 82' lang='lat' dir='ltr'><strong>quisquam</strong></span> 
     </span>
    </p>
   </div>
   <div class='ocr_carea' id='block_1_107' title="bbox 1943 4703 3538 4795">
    <p class='ocr_par' dir='ltr' id='par_1_107' title="bbox 1943 4703 3538 4795">
     <span class='ocr_line' id='line_1_107' title="bbox 1943 4703 3538 4795; baseline -0.014 -16"><span class='ocrx_word' id='word_1_840' title='bbox 1943 4723 2164 4795; x_wconf 85' lang='lat' dir='ltr'><strong>ﬂagitet,</strong></span> <span class='ocrx_word' id='word_1_841' title='bbox 2194 4722 2333 4790; x_wconf 85' lang='lat' dir='ltr'><strong>legat</strong></span> <span class='ocrx_word' id='word_1_842' title='bbox 2360 4715 2504 4787; x_wconf 90' lang='lat' dir='ltr'><strong>quod</strong></span> <span class='ocrx_word' id='word_1_843' title='bbox 2528 4713 2783 4782; x_wconf 88' lang='lat' dir='ltr'><strong>scriptum</strong></span> <span class='ocrx_word' id='word_1_844' title='bbox 2810 4718 2926 4765; x_wconf 88' lang='lat' dir='ltr'><strong>est:</strong></span> <span class='ocrx_word' id='word_1_845' title='bbox 2958 4706 3126 4762; x_wconf 85' lang='lat' dir='ltr'><strong>Erunt</strong></span> <span class='ocrx_word' id='word_1_846' title='bbox 3155 4709 3286 4761; x_wconf 87' lang='lat' dir='ltr'><strong>enim</strong></span> <span class='ocrx_word' id='word_1_847' title='bbox 3311 4703 3538 4758; x_wconf 82' lang='lat' dir='ltr'><strong>homines</strong></span> 
     </span>
    </p>
   </div>
   <div class='ocr_carea' id='block_1_108' title="bbox 1943 4794 3533 4890">
    <p class='ocr_par' dir='ltr' id='par_1_108' title="bbox 1943 4794 3533 4890">
     <span class='ocr_line' id='line_1_108' title="bbox 1943 4794 3533 4890; baseline -0.017 -16"><span class='ocrx_word' id='word_1_848' title='bbox 1943 4837 1996 4875; x_wconf 89' lang='lat' dir='ltr'><strong>se</strong></span> <span class='ocrx_word' id='word_1_849' title='bbox 2030 4820 2166 4890; x_wconf 86' lang='lat' dir='ltr'><strong>ipsas</strong></span> <span class='ocrx_word' id='word_1_850' title='bbox 2209 4822 2436 4868; x_wconf 79' lang='lat' dir='ltr'><strong>nutantes</strong></span> <span class='ocrx_word' id='word_1_851' title='bbox 2455 4852 2469 4874; x_wconf 95' lang='lat'><strong>,</strong></span> <span class='ocrx_word' id='word_1_852' title='bbox 2503 4817 2753 4863; x_wconf 87' lang='lat' dir='ltr'><strong>amatores</strong></span> <span class='ocrx_word' id='word_1_853' title='bbox 2805 4803 3031 4876; x_wconf 72' lang='lat' dir='ltr'><strong>pecunia:</strong></span> <span class='ocrx_word' id='word_1_854' title='bbox 3061 4803 3078 4870; x_wconf 94' lang='lat'>(</span> <span class='ocrx_word' id='word_1_855' title='bbox 3103 4799 3147 4856; x_wconf 91' lang='lat' dir='ltr'><strong>ll</strong></span> <span class='ocrx_word' id='word_1_856' title='bbox 3173 4799 3301 4853; x_wconf 87' lang='lat' dir='ltr'><strong>Tim.</strong></span> <span class='ocrx_word' id='word_1_857' title='bbox 3336 4813 3408 4859; x_wconf 87' lang='lat' dir='ltr'><strong>tn,</strong></span> <span class='ocrx_word' id='word_1_858' title='bbox 3436 4795 3471 4847; x_wconf 87' lang='grc'><strong>2</strong></span> <span class='ocrx_word' id='word_1_859' title='bbox 3492 4794 3533 4864; x_wconf 92' lang='grc'><strong>).</strong></span> 
     </span>
    </p>
   </div>
   <div class='ocr_carea' id='block_1_109' title="bbox 1945 4889 3536 4977">
    <p class='ocr_par' dir='ltr' id='par_1_109' title="bbox 1945 4889 3536 4977">
     <span class='ocr_line' id='line_1_109' title="bbox 1945 4889 3536 4977; baseline -0.016 -10"><span class='ocrx_word' id='word_1_860' title='bbox 1945 4913 2112 4967; x_wconf 78' lang='lat' dir='ltr'><strong>Recta</strong></span> <span class='ocrx_word' id='word_1_861' title='bbox 2161 4909 2340 4977; x_wconf 88' lang='lat' dir='ltr'><strong>itaque</strong></span> <span class='ocrx_word' id='word_1_862' title='bbox 2383 4903 2630 4959; x_wconf 88' lang='lat' dir='ltr'><strong>voluntas</strong></span> <span class='ocrx_word' id='word_1_863' title='bbox 2681 4909 2760 4954; x_wconf 90' lang='lat' dir='ltr'><strong>est</strong></span> <span class='ocrx_word' id='word_1_864' title='bbox 2794 4899 2964 4952; x_wconf 85' lang='lat' dir='ltr'><strong>bonus</strong></span> <span class='ocrx_word' id='word_1_865' title='bbox 2987 4909 3156 4956; x_wconf 89' lang='lat' dir='ltr'><strong>amor,</strong></span> <span class='ocrx_word' id='word_1_866' title='bbox 3202 4901 3255 4944; x_wconf 90' lang='lat' dir='ltr'><strong>et</strong></span> <span class='ocrx_word' id='word_1_867' title='bbox 3291 4889 3536 4942; x_wconf 88' lang='lat' dir='ltr'><strong>voluntas</strong></span> 
     </span>
    </p>
   </div>
   <div class='ocr_carea' id='block_1_110' title="bbox 1945 4981 3536 5077">
    <p class='ocr_par' dir='ltr' id='par_1_110' title="bbox 1945 4981 3536 5077">
     <span class='ocr_line' id='line_1_110' title="bbox 1945 4981 3536 5077; baseline -0.018 -15"><span class='ocrx_word' id='word_1_868' title='bbox 1945 5017 2195 5077; x_wconf 90' lang='lat' dir='ltr'><strong>perversa</strong></span> <span class='ocrx_word' id='word_1_869' title='bbox 2216 4999 2388 5056; x_wconf 90' lang='lat' dir='ltr'><strong>malus</strong></span> <span class='ocrx_word' id='word_1_870' title='bbox 2408 5011 2578 5053; x_wconf 92' lang='lat' dir='ltr'><strong>amor.</strong></span> <span class='ocrx_word' id='word_1_871' title='bbox 2598 4997 2765 5051; x_wconf 82' lang='lat' dir='ltr'><strong>Amor</strong></span> <span class='ocrx_word' id='word_1_872' title='bbox 2790 5007 2917 5062; x_wconf 88' lang='lat' dir='ltr'><strong>ergo</strong></span> <span class='ocrx_word' id='word_1_873' title='bbox 2940 4988 3150 5044; x_wconf 92' lang='lat' dir='ltr'><strong>inhians</strong></span> <span class='ocrx_word' id='word_1_874' title='bbox 3171 4983 3372 5077; x_wconf 74' lang='lat' dir='ltr'><strong>habere</strong></span> <span class='ocrx_word' id='word_1_875' title='bbox 3392 4981 3536 5051; x_wconf 91' lang='lat' dir='ltr'><strong>quod</strong></span> 
     </span>
    </p>
   </div>
   <div class='ocr_carea' id='block_1_111' title="bbox 1943 5071 3534 5165">
    <p class='ocr_par' dir='ltr' id='par_1_111' title="bbox 1943 5071 3534 5165">
     <span class='ocr_line' id='line_1_111' title="bbox 1943 5071 3534 5165; baseline -0.018 -11"><span class='ocrx_word' id='word_1_876' title='bbox 1943 5071 2172 5160; x_wconf 81' lang='lat' dir='ltr'><strong>amatur,</strong></span> <span class='ocrx_word' id='word_1_877' title='bbox 2202 5093 2462 5165; x_wconf 87' lang='lat' dir='ltr'><strong>cupiditas</strong></span> <span class='ocrx_word' id='word_1_878' title='bbox 2489 5099 2591 5154; x_wconf 88' lang='lat' dir='ltr'><strong>est;</strong></span> <span class='ocrx_word' id='word_1_879' title='bbox 2621 5087 2674 5143; x_wconf 91' lang='lat' dir='ltr'><strong>id</strong></span> <span class='ocrx_word' id='word_1_880' title='bbox 2699 5095 2874 5140; x_wconf 90' lang='lat' dir='ltr'><strong>autem</strong></span> <span class='ocrx_word' id='word_1_881' title='bbox 2908 5081 3110 5135; x_wconf 91' lang='lat' dir='ltr'><strong>habens</strong></span> <span class='ocrx_word' id='word_1_882' title='bbox 3135 5090 3304 5144; x_wconf 91' lang='lat' dir='ltr'><strong>eoque</strong></span> <span class='ocrx_word' id='word_1_883' title='bbox 3329 5071 3534 5139; x_wconf 82' lang='lat' dir='ltr'><strong>fruens,</strong></span> 
     </span>
    </p>
   </div>
   <div class='ocr_carea' id='block_1_112' title="bbox 1945 5167 3535 5258">
    <p class='ocr_par' dir='ltr' id='par_1_112' title="bbox 1945 5167 3535 5258">
     <span class='ocr_line' id='line_1_112' title="bbox 1945 5167 3535 5258; baseline -0.019 -9"><span class='ocrx_word' id='word_1_884' title='bbox 1945 5192 2127 5249; x_wconf 73' lang='lat' dir='ltr'><strong>lmtitia</strong></span> <span class='ocrx_word' id='word_1_885' title='bbox 2147 5200 2261 5246; x_wconf 89' lang='lat' dir='ltr'><strong>est:</strong></span> <span class='ocrx_word' id='word_1_886' title='bbox 2288 5186 2495 5258; x_wconf 83' lang='lat' dir='ltr'><strong>fugiens</strong></span> <span class='ocrx_word' id='word_1_887' title='bbox 2523 5181 2664 5253; x_wconf 90' lang='lat' dir='ltr'><strong>quod</strong></span> <span class='ocrx_word' id='word_1_888' title='bbox 2683 5180 2730 5233; x_wconf 88' lang='lat' dir='ltr'><strong>ci</strong></span> <span class='ocrx_word' id='word_1_889' title='bbox 2747 5177 3079 5239; x_wconf 88' lang='lat' dir='ltr'><strong>adversatur,</strong></span> <span class='ocrx_word' id='word_1_890' title='bbox 3109 5169 3268 5223; x_wconf 92' lang='lat' dir='ltr'><strong>timor</strong></span> <span class='ocrx_word' id='word_1_891' title='bbox 3296 5175 3375 5222; x_wconf 88' lang='lat' dir='ltr'><strong>est</strong></span> <span class='ocrx_word' id='word_1_892' title='bbox 3404 5185 3416 5220; x_wconf 93' lang='lat'><strong>:</strong></span> <span class='ocrx_word' id='word_1_893' title='bbox 3453 5167 3535 5220; x_wconf 88' lang='lat' dir='ltr'><strong>id-</strong></span> 
     </span>
    </p>
   </div>
   <div class='ocr_carea' id='block_1_113' title="bbox 1945 5260 3536 5356">
    <p class='ocr_par' dir='ltr' id='par_1_113' title="bbox 1945 5260 3536 5356">
     <span class='ocr_line' id='line_1_113' title="bbox 1945 5260 3536 5356; baseline -0.018 -16"><span class='ocrx_word' id='word_1_894' title='bbox 1945 5300 2048 5356; x_wconf 92' lang='lat' dir='ltr'><strong>que</strong></span> <span class='ocrx_word' id='word_1_895' title='bbox 2072 5284 2116 5338; x_wconf 91' lang='lat' dir='ltr'><strong>si</strong></span> <span class='ocrx_word' id='word_1_896' title='bbox 2141 5279 2397 5336; x_wconf 89' lang='lat' dir='ltr'><strong>acciderit</strong></span> <span class='ocrx_word' id='word_1_897' title='bbox 2423 5277 2680 5337; x_wconf 89' lang='lat' dir='ltr'><strong>sentiens,</strong></span> <span class='ocrx_word' id='word_1_898' title='bbox 2715 5268 2926 5324; x_wconf 88' lang='lat' dir='ltr'><strong>tristitia</strong></span> <span class='ocrx_word' id='word_1_899' title='bbox 2980 5272 3082 5320; x_wconf 90' lang='lat' dir='ltr'><strong>est.</strong></span> <span class='ocrx_word' id='word_1_900' title='bbox 3111 5261 3347 5318; x_wconf 88' lang='lat' dir='ltr'><strong>Proinde</strong></span> <span class='ocrx_word' id='word_1_901' title='bbox 3397 5260 3536 5314; x_wconf 89' lang='lat' dir='ltr'><strong>mala</strong></span> 
     </span>
    </p>
   </div>
   <div class='ocr_carea' id='block_1_114' title="bbox 1945 5351 3536 5442">
    <p class='ocr_par' dir='ltr' id='par_1_114' title="bbox 1945 5351 3536 5442">
     <span class='ocr_line' id='line_1_114' title="bbox 1945 5351 3536 5442; baseline -0.016 -8"><span class='ocrx_word' id='word_1_902' title='bbox 1945 5351 2071 5434; x_wconf 79' lang='lat' dir='ltr'><strong>sunt</strong></span> <span class='ocrx_word' id='word_1_903' title='bbox 2112 5377 2242 5442; x_wconf 90' lang='lat' dir='ltr'><strong>ista,</strong></span> <span class='ocrx_word' id='word_1_904' title='bbox 2271 5373 2316 5428; x_wconf 88' lang='lat' dir='ltr'><strong>si</strong></span> <span class='ocrx_word' id='word_1_905' title='bbox 2344 5372 2516 5427; x_wconf 87' lang='lat' dir='ltr'><strong>malus</strong></span> <span class='ocrx_word' id='word_1_906' title='bbox 2559 5375 2640 5422; x_wconf 90' lang='lat' dir='ltr'><strong>est</strong></span> <span class='ocrx_word' id='word_1_907' title='bbox 2666 5379 2852 5426; x_wconf 84' lang='lat' dir='ltr'><strong>amor;</strong></span> <span class='ocrx_word' id='word_1_908' title='bbox 2885 5361 3022 5416; x_wconf 87' lang='lat' dir='ltr'><strong>bona</strong></span> <span class='ocrx_word' id='word_1_909' title='bbox 3045 5402 3060 5426; x_wconf 93' lang='lat'><strong>,</strong></span> <span class='ocrx_word' id='word_1_910' title='bbox 3089 5358 3131 5412; x_wconf 91' lang='lat' dir='ltr'><strong>si</strong></span> <span class='ocrx_word' id='word_1_911' title='bbox 3158 5357 3350 5412; x_wconf 84' lang='lat' dir='ltr'><strong>bonus.</strong></span> <span class='ocrx_word' id='word_1_912' title='bbox 3383 5351 3536 5420; x_wconf 88' lang='lat' dir='ltr'><strong>Quod</strong></span> 
     </span>
    </p>
   </div>
   <div class='ocr_carea' id='block_1_115' title="bbox 1946 5447 3537 5532">
    <p class='ocr_par' dir='ltr' id='par_1_115' title="bbox 1946 5447 3537 5532">
     <span class='ocr_line' id='line_1_115' title="bbox 1946 5447 3537 5532; baseline -0.018 -6"><span class='ocrx_word' id='word_1_913' title='bbox 1946 5472 2172 5527; x_wconf 89' lang='lat' dir='ltr'><strong>dicimus</strong></span> <span class='ocrx_word' id='word_1_914' title='bbox 2197 5509 2212 5532; x_wconf 90' lang='lat'><strong>,</strong></span> <span class='ocrx_word' id='word_1_915' title='bbox 2243 5465 2310 5520; x_wconf 92' lang='lat' dir='ltr'><strong>de</strong></span> <span class='ocrx_word' id='word_1_916' title='bbox 2338 5460 2628 5531; x_wconf 89' lang='lat' dir='ltr'><strong>Scripturis</strong></span> <span class='ocrx_word' id='word_1_917' title='bbox 2658 5457 2966 5527; x_wconf 90' lang='lat' dir='ltr'><strong>probemus.</strong></span> <span class='ocrx_word' id='word_1_918' title='bbox 3020 5447 3360 5517; x_wconf 79' lang='lat' dir='ltr'><strong>Concupiscit</strong></span> <span class='ocrx_word' id='word_1_919' title='bbox 3389 5447 3537 5514; x_wconf 82' lang='lat' dir='ltr'><strong>Apo-</strong></span> 
     </span>
    </p>
   </div>
   <div class='ocr_carea' id='block_1_116' title="bbox 1945 5538 3532 5620">
    <p class='ocr_par' dir='ltr' id='par_1_116' title="bbox 1945 5538 3532 5620">
     <span class='ocr_line' id='line_1_116' title="bbox 1945 5538 3532 5620; baseline -0.02 1"><span class='ocrx_word' id='word_1_920' title='bbox 1945 5565 2113 5620; x_wconf 83' lang='lat' dir='ltr'><strong>stolus</strong></span> <span class='ocrx_word' id='word_1_921' title='bbox 2138 5557 2356 5615; x_wconf 89' lang='lat' dir='ltr'><strong>dissolvi</strong></span> <span class='ocrx_word' id='word_1_922' title='bbox 2381 5596 2396 5620; x_wconf 90' lang='lat'><strong>,</strong></span> <span class='ocrx_word' id='word_1_923' title='bbox 2423 5563 2476 5609; x_wconf 91' lang='lat' dir='ltr'><strong>et</strong></span> <span class='ocrx_word' id='word_1_924' title='bbox 2502 5568 2622 5608; x_wconf 89' lang='lat' dir='ltr'><strong>esse</strong></span> <span class='ocrx_word' id='word_1_925' title='bbox 2650 5566 2769 5606; x_wconf 90' lang='lat' dir='ltr'><strong>cum</strong></span> <span class='ocrx_word' id='word_1_926' title='bbox 2800 5547 3014 5603; x_wconf 81' lang='lat' dir='ltr'><strong>Christo</strong></span> <span class='ocrx_word' id='word_1_927' title='bbox 3041 5544 3299 5615; x_wconf 79' lang='lat' dir='ltr'><strong>(Philipp.</strong></span> <span class='ocrx_word' id='word_1_928' title='bbox 3344 5545 3392 5599; x_wconf 85' lang='lat' dir='ltr'><strong>l.</strong></span> <span class='ocrx_word' id='word_1_929' title='bbox 3418 5538 3532 5612; x_wconf 74' lang='lat'><strong>25):</strong></span> 
     </span>
    </p>
   </div>
   <div class='ocr_carea' id='block_1_117' title="bbox 1946 5634 3538 5722">
    <p class='ocr_par' dir='ltr' id='par_1_117' title="bbox 1946 5634 3538 5722">
     <span class='ocr_line' id='line_1_117' title="bbox 1946 5634 3538 5722; baseline -0.016 -11"><span class='ocrx_word' id='word_1_930' title='bbox 1946 5665 2020 5722; x_wconf 86' lang='lat' dir='ltr'><strong>et,</strong></span> <span class='ocrx_word' id='word_1_931' title='bbox 2060 5650 2356 5718; x_wconf 85' lang='lat' dir='ltr'><strong>Concupivit</strong></span> <span class='ocrx_word' id='word_1_932' title='bbox 2377 5648 2547 5700; x_wconf 89' lang='lat' dir='ltr'><strong>anima</strong></span> <span class='ocrx_word' id='word_1_933' title='bbox 2571 5661 2682 5699; x_wconf 88' lang='lat' dir='ltr'><strong>mea</strong></span> <span class='ocrx_word' id='word_1_934' title='bbox 2725 5641 3009 5696; x_wconf 86' lang='lat' dir='ltr'><strong>desiderare</strong></span> <span class='ocrx_word' id='word_1_935' title='bbox 3028 5639 3228 5711; x_wconf 87' lang='lat' dir='ltr'><strong>judicia</strong></span> <span class='ocrx_word' id='word_1_936' title='bbox 3255 5645 3372 5700; x_wconf 89' lang='lat' dir='ltr'><strong>tua;</strong></span> <span class='ocrx_word' id='word_1_937' title='bbox 3399 5634 3482 5689; x_wconf 88' lang='lat' dir='ltr'><strong>vel</strong></span> <span class='ocrx_word' id='word_1_938' title='bbox 3507 5647 3538 5687; x_wconf 79' lang='grc' dir='ltr'><strong>ε</strong></span> 
     </span>
    </p>
   </div>
   <div class='ocr_carea' id='block_1_118' title="bbox 1946 5727 3539 5804">
    <p class='ocr_par' dir='ltr' id='par_1_118' title="bbox 1946 5727 3539 5804">
     <span class='ocr_line' id='line_1_118' title="bbox 1946 5727 3539 5804; baseline -0.014 0"><span class='ocrx_word' id='word_1_939' title='bbox 1946 5742 2396 5804; x_wconf 86' lang='lat' dir='ltr'><strong>accommodatius</strong></span> <span class='ocrx_word' id='word_1_940' title='bbox 2415 5739 2630 5804; x_wconf 89' lang='lat' dir='ltr'><strong>dicitur,</strong></span> <span class='ocrx_word' id='word_1_941' title='bbox 2655 5735 2968 5792; x_wconf 84' lang='lat' dir='ltr'><strong>Desideravit</strong></span> <span class='ocrx_word' id='word_1_942' title='bbox 2990 5734 3160 5788; x_wconf 86' lang='lat' dir='ltr'><strong>anima</strong></span> <span class='ocrx_word' id='word_1_943' title='bbox 3180 5747 3289 5785; x_wconf 87' lang='lat' dir='ltr'><strong>mea</strong></span> <span class='ocrx_word' id='word_1_944' title='bbox 3304 5727 3539 5798; x_wconf 82' lang='lat' dir='ltr'><strong>concupi-</strong></span> 
     </span>
    </p>
   </div>
   <div class='ocr_carea' id='block_1_119' title="bbox 2007 5841 3538 5934">
    <p class='ocr_par' dir='ltr' id='par_1_119' title="bbox 2007 5841 3538 5934">
     <span class='ocr_line' id='line_1_119' title="bbox 2007 5841 3538 5934; baseline -0.01 -24"><span class='ocrx_word' id='word_1_945' title='bbox 2007 5862 2081 5934; x_wconf 70' lang='grc' dir='ltr'><strong>(ιι)</strong></span> <span class='ocrx_word' id='word_1_946' title='bbox 2103 5862 2176 5909; x_wconf 78' lang='lat' dir='ltr'><strong>Sic</strong></span> <span class='ocrx_word' id='word_1_947' title='bbox 2193 5859 2599 5934; x_wconf 62' lang='lat' dir='ltr'><strong>Origenes</strong></span> <span class='ocrx_word' id='word_1_948' title='bbox 2905 5853 3107 5913; x_wconf 80' lang='lat' dir='ltr'><strong>exponit</strong></span> <span class='ocrx_word' id='word_1_949' title='bbox 3126 5848 3176 5897; x_wconf 93' lang='lat' dir='ltr'><strong>in</strong></span> <span class='ocrx_word' id='word_1_950' title='bbox 3205 5842 3402 5896; x_wconf 81' lang='lat' dir='ltr'><strong>Humilia</strong></span> <span class='ocrx_word' id='word_1_951' title='bbox 3433 5842 3456 5890; x_wconf 83' lang='grc'><strong>1</strong></span> <span class='ocrx_word' id='word_1_952' title='bbox 3483 5841 3538 5895; x_wconf 86' lang='lat' dir='ltr'><strong>in</strong></span> 
     </span>
    </p>
   </div>
   <div class='ocr_carea' id='block_1_120' title="bbox 1943 5924 2794 5977">
    <p class='ocr_par' dir='ltr' id='par_1_120' title="bbox 1943 5924 2794 5977">
     <span class='ocr_line' id='line_1_120' title="bbox 1943 5924 2794 5977; baseline -0.012 1"><span class='ocrx_word' id='word_1_953' title='bbox 1943 5924 2135 5977; x_wconf 82' lang='lat' dir='ltr'><strong>cantica</strong></span> <span class='ocrx_word' id='word_1_954' title='bbox 2155 5924 2472 5974; x_wconf 81' lang='lat' dir='ltr'><strong>canticorum.</strong></span> <span class='ocrx_word' id='word_1_955' title='bbox 2501 5924 2615 5970; x_wconf 78' lang='lat' dir='ltr'><strong>wn.</strong></span> <span class='ocrx_word' id='word_1_956' title='bbox 2639 5924 2794 5968; x_wconf 70' lang='lat' dir='ltr'><strong>vives.</strong></span> 
     </span>
    </p>
   </div>
  </div>
