4054 6512
491 344 591 402 411

480 472 621 512 scere
634 456 836 528 judicia
859 467 944 514 tua
968 459 1137 531 (Psal.
1167 475 1351 530 cxvm,
1380 461 1496 536 20);
1526 473 1636 531 ;et,
1661 456 2072 538 Concupiscentia

480 542 745 620 sapientia!
762 549 989 620 perducit
1005 552 1076 604 ad
1092 567 1301 622 regnum
1332 554 1486 625 (Sep.
1518 568 1591 621 vr,
1614 556 1730 627 2i).
1756 557 1868 612 Hoc
1897 567 2071 613 tamen

481 640 732 723 loquendi
760 643 986 698 obtinuit
1008 646 1361 714 consuetudo,
1390 656 1450 703 ut
1474 649 1519 704 si
1538 651 1800 721 cupiditas
1819 653 1905 708 vel
1939 666 2071 708 con-

479 736 804 805 cupiscentia
829 735 1052 802 dicatur,
1080 740 1580 814 neeadtlaturcujus
1609 746 1685 800 rei
1714 746 1801 814 sit,
1829 732 1934 801 non
1966 748 2070 803 nisi

479 827 535 882 in
565 828 705 882 malo
735 829 902 899 possit
931 830 1169 902 intelligi.
1199 832 1401 889 Lmtitia
1431 836 1482 890 in
1511 836 1653 892 bono
1676 847 1779 905 est,
1807 837 2075 894 laetemini

476 920 529 975 in
582 920 821 990 Domino,
861 932 912 978 et
946 926 1196 981 exsultare
1234 928 1364 997 justi
1410 928 1581 999 (Psal.
1639 931 1944 1004 xxxt,'ll):
1977 938 2065 998 et,

472 1006 676 1067 Dedisti
701 1013 929 1069 lcetitiaus
967 1016 1022 1070 in
1048 1032 1137 1071 cor
1176 1034 1341 1072 meum
1368 1019 1537 1090 (Pani.
1569 1036 1641 1090 tv,
1673 1024 1763 1091 7):
1792 1032 1862 1087 et,
1885 1014 2068 1077 Adim-J

472 1103 634 1177 plebis
660 1121 740 1160 me
766 1106 943 1160 latitia
968 1123 1085 1161 cum
1122 1110 1264 1163 vultu
1290 1120 1375 1164 tuo
1405 1110 1581 1179 (Psal.
1614 1128 1707 1180 xv,
1741 1114 1852 1184 11).
1884 1114 2068 1169 Timor

473 1193 526 1249 in
551 1194 695 1249 bono
722 1206 808 1253 est
833 1198 974 1267 apud
1000 1200 1313 1270 Apostolnrn
1331 1243 1345 1267 ,
1379 1202 1468 1256 ubi
1507 1204 1611 1270 ait,
1640 1202 1769 1260 Cum
1796 1206 1975 1260 time
2017 1214 2069 1261 et

471 1295 684 1343 tremore
710 1300 925 1345 uestram
950 1309 1179 1363 ipsorum
1217 1295 1430 1349 salutem
1478 1298 1762 1364 operamini
1804 1297 2063 1369 (Philipp.

469 1395 528 1445 tl,
557 1380 667 1455 12):
698 1393 771 1449 et,
803 1382 933 1438 Noli
954 1387 1115 1441 altum
1135 1404 1335 1458 sapere,
1366 1388 1455 1442 sed
1475 1390 1593 1444 time
1618 1388 1798 1461 (Rom.
1830 1406 1906 1458 xi,
1935 1391 2061 1462 20):

469 1395 528 1445 tl,
557 1394 667 1455 1‘2):
698 1394 771 1449 et,
803 1394 933 1438 Noti
954 1394 1115 1441 altum
1135 1404 1335 1458 sapere,
1366 1394 1455 1442 sed
1475 1394 1593 1444 time
1618 1394 1798 1461 (Rom.
1830 1406 1906 1458 xi,
1935 1394 2061 1462 90):

424 1394 444 1545 Ρ
468 1484 543 1541 et,
567 1474 742 1530 Timeo
768 1487 958 1544 autem,
989 1496 1053 1533 ne
1073 1481 1199 1535 sicut
1224 1497 1428 1550 serpens
1456 1480 1619 1537 Evam
1642 1483 1842 1538 seducit
1880 1483 2064 1541 astutia

467 1582 560 1621 sua
575 1610 588 1631 ,
618 1569 691 1622 sic
715 1578 762 1623 et
801 1580 978 1627 vestra!
1002 1582 1189 1627 mentes
1217 1584 1610 1645 corrumpantur
1635 1592 1667 1628 a
1691 1575 1921 1628 castitate
1952 1590 2069 1646 qua

466 1668 542 1715 est
559 1660 612 1714 in
640 1659 841 1716 Christo
868 1661 947 1734 (ll
971 1662 1088 1718 Cor.
1120 1679 1197 1732 xi,
1227 1663 1320 1736 3).
1352 1665 1424 1719 De
1462 1665 1675 1720 tristitia
1693 1681 1857 1734 vero,
1903 1680 2064 1736 quam

465 1752 655 1809 Cicero
692 1756 860 1826 magis
879 1756 1243 1827 agritudinem
1262 1758 1497 1828 appellat
1514 1757 1745 1831 (Tuscul.
1769 1767 1951 1829 quiest.
1967 1758 2059 1813 lib-

469 1845 525 1911 3,
553 1861 667 1917 cap.
700 1846 768 1902 i0
791 1863 899 1919 sqq.
927 1858 975 1902 et
993 1847 1148 1923 alibi)
1179 1849 1423 1906 dolorem
1448 1861 1625 1907 alitem
1659 1851 1907 1922 Virgilius
1927 1893 1942 1918 ,
1971 1851 2061 1906 ubi

460 1940 557 2006 ait,
593 1956 613 1991 ι
647 1939 837 1995 Dolent
869 1942 1224 2013 gaudentque,
1254 1961 1272 1995 ι
1305 1942 1425 2013 (sed
1452 1944 1572 1999 ideo
1604 1940 1764 1999 malui
1791 1944 2058 2000 tristitiam

466 2030 648 2088 dicere
672 2074 685 2097 ,
710 2033 833 2104 quia
862 2035 1124 2106 aegritudo
1136 2036 1224 2092 vel
1243 2035 1397 2090 dolor
1414 2036 1659 2092 usitatius
1675 2038 1729 2091 in
1746 2036 2061 2108 corporibus

465 2126 721 2201 dicitur,)
760 2131 1122 2200 scrupulosior
1167 2132 1392 2203 qumstio
1445 2140 1557 2200 est,
1607 2139 1785 2187 utrum
1834 2129 2059 2187 inveniri

469 2220 641 2295 possit
691 2222 744 2277 in
770 2221 932 2278 bono.

456 2346 684 2406 CAPUT
721 2349 858 2407 Vlll.
891 2381 961 2393 —
993 2352 1069 2407 De
1114 2352 1275 2415 tribus
1318 2352 1797 2423 perturbationibus,
1842 2370 1967 2427 quas
2003 2354 2057 2411 in

524 2442 695 2497 animo
725 2443 967 2515 sapientis
997 2443 1160 2498 Stoici
1180 2459 1289 2499 esse
1314 2445 1579 2502 voluerunt
1604 2488 1618 2514 ,
1656 2447 1859 2502 excluso
1885 2447 2057 2509 dolore

525 2531 628 2586 sive
654 2533 880 2598 tristitia,
921 2550 1073 2605 quam
1113 2534 1269 2588 virtus
1296 2536 1455 2589 animi
1484 2537 1670 2593 sentire
1720 2554 1820 2591 non
1857 2537 2051 2594 debeat.

531 2642 587 2697 ι.
638 2642 785 2708 Quas
831 2643 975 2698 enim
1021 2643 1198 2701 Graeci
1242 2647 1517 2717 appellant
1560 2652 1843 2714 εὐπαθείας,
1894 2648 2055 2709 latine

452 2739 635 2791 autem
673 2733 863 2793 Cicero
888 2736 1218 2793 constantiae
1244 2737 1538 2795 nominavit
1564 2780 1579 2804 ,
1609 2738 1771 2795 Stoici
1801 2750 1908 2796 tres
1935 2755 2055 2799 esse

452 2822 767 2894 voluerunt,
797 2840 895 2897 pro
926 2827 1097 2884 tribus
1128 2830 1611 2899 perturbationibus
1657 2833 1710 2887 in
1748 2833 1928 2888 animo
1966 2848 2053 2889 sa-

458 2912 689 2986 pientis,
738 2932 835 2988 pro
880 2918 1173 2989 cupiditate
1198 2921 1523 2981 voluntatem
1544 2964 1561 2988 ,
1589 2938 1686 2993 pro
1715 2923 1896 2981 lzetitia
1921 2938 2050 2996 gau-

449 3004 596 3063 dium
617 3048 633 3074 ,
661 3022 761 3078 pro
784 3017 932 3065 metu
959 3011 1293 3069 cautionem:
1324 3028 1422 3084 pro
1450 3015 1765 3089 aegritudine
1812 3031 1937 3073 vero
1964 3016 2051 3077 vel

448 3096 670 3169 dolore,
716 3114 877 3172 quam
907 3117 1007 3159 nos
1054 3103 1281 3161 vitandae
1324 3104 1682 3176 ambiguitatis
1723 3108 1924 3176 gratia,
1959 3107 2049 3165 tri-

445 3190 647 3247 atitiam
678 3193 964 3249 maluimus
1010 3194 1224 3262 dicere,
1258 3206 1585 3267 negaverunt
1609 3212 1730 3254 esse
1758 3212 1914 3268 pOsse
1953 3199 2047 3255 ali-

446 3284 572 3355 quid
601 3285 656 3340 in
681 3286 862 3345 animo
887 3286 1167 3357 sapientis.
1217 3290 1475 3346 Voluntas
1502 3291 1697 3362 quippe
1715 3334 1729 3357 ,
1764 3292 2042 3361 inquiunt,

446 3376 649 3445 appetit
678 3376 875 3432 bonum
899 3418 914 3444 ,
948 3379 1090 3449 quod
1116 3379 1243 3436 facit
1268 3381 1499 3451 sapiens;
1534 3381 1781 3452 gaudium
1812 3381 1879 3437 de
1905 3382 2046 3437 bono

445 3466 748 3537 adeptoest
772 3509 788 3534 ,
820 3469 962 3538 quod
992 3470 1186 3542 ubique
1230 3472 1543 3543 adipiscitur
1581 3472 1823 3546 sapiens;
1869 3475 2045 3529 cautio

444 3556 649 3615 devitat
670 3560 865 3617 malum
887 3602 902 3626 ,
935 3559 1076 3633 quod
1101 3562 1262 3623 debet
1287 3563 1501 3634 sapiens
1528 3563 1798 3620 devitarc:
1832 3566 2043 3623 tristitia

444 3666 608 3722 porro
652 3656 772 3724 quia
820 3653 887 3711 de
917 3656 1058 3710 malo
1084 3664 1203 3723 est,
1247 3656 1388 3727 quod
1426 3655 1536 3728 jam
1566 3657 1757 3713 accidit
1781 3700 1795 3721 ,
1830 3657 2045 3725 nullum

443 3753 621 3800 autem
668 3747 865 3799 malum
924 3746 1230 3803 existimant
1284 3762 1443 3818 posse
1483 3747 1727 3805 accidere
1785 3744 2038 3819 sapienti;

445 3833 577 3889 nihil
615 3835 667 3889 in
699 3838 816 3904 ejus
844 3836 1023 3891 animo
1050 3841 1147 3908 p‘ro
1194 3838 1280 3894 illa
1325 3854 1443 3895 esse
1477 3854 1631 3909 posse
1656 3838 1921 3895 dixerunt.
1952 3837 2041 3896 Sic

445 3937 570 3995 ergo
597 3925 673 3981 illi
701 3926 1008 3998 loquuntur,
1041 3939 1097 3983 ut
1121 3928 1278 3996 velle,
1325 3930 1577 4000 gaudere,
1607 3946 1798 3986 cavere
1843 3941 2043 4005 negent

454 4019 539 4073 risi
564 4022 879 4091 sapientem;
902 4020 1124 4078 stultum
1146 4018 1327 4079 autem
1359 4022 1571 4079 nonnisi
1597 4038 1817 4094 cupere,
1843 4025 2033 4096 laetari,

443 4118 683 4166 metuere
707 4152 722 4177 ,
751 4112 1072 4168 contristari.
1124 4113 1192 4171 Et.
1219 4114 1340 4170 illas
1384 4124 1490 4179 tres
1534 4129 1654 4170 esse
1684 4117 2034 4186 constantias,

441 4201 538 4258 has
574 4211 752 4261 autem
795 4215 1023 4275 quatuor
1061 4208 1493 4279 perturbationes
1545 4209 1838 4266 secundum
1885 4209 2036 4267 Cice-

440 4310 625 4352 ronem
652 4339 668 4364 ,
699 4298 993 4355 secundum
1021 4300 1281 4370 plurimos
1303 4309 1481 4357 autem
1523 4304 1818 4372 passiones.
1849 4304 2038 4362 Graece

438 4398 616 4451 autem
649 4391 750 4450 illa:
772 4400 902 4461 tres,
930 4394 1069 4455 sicut
1094 4394 1224 4462 dixi,
1248 4395 1586 4469 appellantur
1609 4401 1887 4466 ιῦπάθιιαις
1918 4399 2034 4455 istae

439 4494 617 4543 autem
663 4494 893 4557 quatuor
940 4494 1086 4552 πάθη.
1129 4489 1257 4545 Haec
1295 4489 1497 4548 locutio
1523 4499 1700 4548 utrum
1745 4493 2034 4564 Scripturis

437 4577 637 4632 sanctis
670 4588 951 4648 congruat,
978 4594 1098 4636 cum
1126 4597 1423 4652 qumrcrem
1455 4593 1709 4653 quantum
1739 4583 1884 4657 potui
1915 4585 2034 4642 dili-

438 4677 660 4739 genter,
694 4668 823 4726 illud
852 4671 1026 4727 inveni
1053 4672 1195 4744 quod
1220 4672 1295 4728 ait
1319 4673 1616 4747 PrOphcta,
1651 4674 1773 4731 Non
1799 4686 1871 4732 est
1898 4695 2031 4751 gau-

445 4761 554 4816 lere
569 4762 738 4830 impiis
753 4763 895 4832 dicit,
913 4762 1158 4820 Dominus
1174 4764 1327 4837 (Isai.
1349 4782 1478 4835 Lvn,
1495 4768 1557 4823 21
1573 4810 1586 4836 ,
1602 4786 1699 4824 sec.
1716 4766 1904 4842 LXX):
1926 4781 2033 4825 tan-

444 4869 602 4924 quam
636 4856 784 4927 impii
828 4856 1001 4912 lmtari
1048 4857 1257 4927 possint
1302 4859 1478 4929 potius
1505 4876 1662 4931 quam
1690 4863 1921 4933 gaudere
1963 4862 2032 4921 de

436 4946 620 5011 malis;
654 4948 774 5019 quia
801 4948 1051 5021 gaudium
1083 4950 1296 5021 proprie
1321 4950 1578 5009 bonorum
1610 4962 1664 5009 et
1694 4954 1899 5024 piorum
1924 4967 2027 5013 cst.

436 5037 565 5096 item
594 5040 719 5097 illud
765 5041 819 5096 in
844 5041 1153 5112 Evangelia,
1190 5045 1527 5115 Quaecumque
1550 5047 1699 5102 vultis
1743 5058 1797 5104 ut
1838 5051 2030 5120 faciant

435 5133 571 5187 vobis
593 5134 760 5188 homi.-
792 5151 838 5202 s,
870 5136 976 5189 hinc
994 5144 1038 5190 et
1066 5152 1151 5192 vos
1174 5138 1325 5208 facile
1353 5136 1679 5211 illis(Matt/r.
1705 5156 1800 5209 vn,
1818 5139 1931 5213 l2),
1956 5142 2028 5199 ita

326 5226 333 5233 “
436 5224 633 5281 dictum
658 5227 887 5296 videtur,
916 5240 1163 5301 tanquam
1191 5245 1348 5286 nemo
1368 5232 1538 5302 possit
1563 5232 1760 5305 aliquid
1786 5234 1921 5291 male
1943 5236 2028 5293 vel

436 5318 662 5388 turpiter
707 5319 847 5376 velle
869 5361 884 5385 .
928 5320 1022 5375 sed
1049 5337 1264 5392 cupere.
1294 5323 1536 5395 Denique
1563 5338 1777 5396 prepler
1801 5344 2028 5385 consue-

433 5408 678 5467 tudinem
721 5410 1006 5468 locutionis
1052 5416 1289 5471 nonnulli
1324 5415 1642 5488 interpretes
1685 5418 2023 5491 addiderunt,

434 5498 588 5567 bona,
620 5510 677 5558 et
703 5504 771 5558 ita
803 5504 1134 5576 interpretati
1159 5517 1298 5563 sunt:
1327 5509 1664 5582 Quwcumque
1684 5512 1831 5567 vultis
1858 5523 1915 5568 ut
1947 5519 2027 5588 fa-

434 5591 571 5647 ciant
590 5593 728 5657 vobis
757 5593 976 5650 homines
1005 5596 1158 5655 bona.
1189 5599 1499 5657 Cavendum
1520 5602 1664 5658 enim
1684 5613 2025 5683 putaverunt,

434 5699 505 5742 ne
530 5685 809 5757 quisquam
839 5686 1120 5745 inbOnesta
1150 5691 1275 5749 velit
1314 5693 1416 5749 sibi
1448 5692 1562 5751 ﬁeri
1584 5696 1651 5751 ab
1674 5694 1982 5765 hominibus
2004 5743 2019 5770 ,

434 5786 492 5835 ut
520 5779 586 5845 de
607 5778 929 5851 turpiot'ibus
974 5788 1178 5840 taceam
1203 5826 1217 5849 ,
1265 5790 1415 5844 certe
1440 5786 1711 5845 luxuriosa
1743 5789 1982 5847 convivia
2003 5834 2018 5860 ,

433 5869 492 5932 lli
515 5870 706 5944 quibus
729 5885 823 5944 se,
851 5874 897 5932 ει
945 5878 1002 5934 et
1028 5870 1144 5948 ipse
1167 5874 1270 5947 illis
1295 5876 1459 5939 iaciat
1497 5876 1727 5963 similia,
1752 5880 1854 5945 huc
1878 5896 2018 5967 pra:—

1515 348 1602 405 ns
1637 349 1958 407 ClVlTATE
1997 350 2133 447 nsi,
2169 350 2227 437 s.
2268 328 2637 449 incusum

2179 473 2391 537 ceptum
2411 462 2687 558 existimet
2702 471 3062 541 impleturum.
3201 475 3252 530 in
3269 491 3443 547 grreco
3456 480 3769 558 Evangelio,

2180 559 2322 614 unde
2366 560 2415 614 in
2450 550 2667 615 latinum
2699 562 3009 619 translattmi
3052 550 3166 631 est,
3210 562 3317 623 no'n
3341 570 3566 643 legitur,
3593 550 3767 646 bona}

2178 650 2272 705 sed
2296 692 2311 718 ,
2346 651 2682 724 Quacumque
2706 654 2858 709 vultis
2877 664 2935 709 nt
2957 655 3153 725 faciant
3186 658 3324 716 vobis
3363 661 3605 734 homines,
3645 670 3760 725 hac

2175 754 2218 795 et
2235 756 2325 798 vos
2342 745 2492 814 facite
2509 745 2634 800 illis:
2649 746 2811 801 credo
2832 756 3133 817 propterea,
3152 751 3277 821 quia
3293 752 3345 807 in
3364 767 3429 809 eo
3448 758 3589 827 quod
3604 758 3762 825 dixit,

2176 834 2347 903 vultis,
2372 838 2480 904 jam
2509 838 2679 894 voluit
2701 840 2923 912 intelligi
2946 840 3092 895 bona.
3115 841 3231 899 Non
3253 844 3393 901 enim
3415 826 3510 917 ait,
3535 826 3765 922 Cupitis.

2244 926 2301 981 2.
2349 927 2463 984 Νοιι
2496 938 2671 985 tamen
2721 945 2933 1003 semper
2978 933 3059 993 bis
3108 936 3525 1006 praprietatibus
3566 943 3768 1009 locutio

2173 1029 2354 1074 nostra
2384 1018 2643 1076 l'renanda
2667 1031 2750 1081 est
2769 1063 2785 1087 ,
2817 1022 2913 1083 sed
2942 1024 3206 1085 interdum
3232 1025 3317 1089 bis
3347 1031 3597 1086 utendum
3638 1044 3764 1090 est:

2171 1120 2225 1166 et
2266 1127 2385 1166 cum
2416 1111 2641 1183 legimus
2665 1128 2759 1169 eos
2802 1130 3028 1187 quorum
3058 1119 3358 1189 auctoritati
3385 1123 3644 1180 resultare
3685 1125 3769 1183 fas

2172 1217 2278 1257 non
2321 1212 2405 1259 est
2428 1246 2443 1270 ,
2495 1204 2566 1259 ibi
2616 1214 2739 1261 sunt
2778 1206 3132 1277 intelligendas
3164 1208 3215 1277 ¹,
3247 1211 3337 1265 ubi
3366 1223 3542 1269 rectus
3570 1230 3769 1274 sensus

2168 1293 2330 1355 alium
2372 1297 2577 1352 exitum
2624 1314 2731 1355 non
2779 1309 2957 1370 potest
2994 1301 3263 1370 invenire;
3309 1314 3447 1361 sicut
3487 1306 3587 1363 ista
3636 1320 3771 1366 sunt

2168 1403 2286 1457 quae
2323 1391 2557 1462 exempli
2599 1392 2767 1463 gratia
2813 1393 3007 1463 partim
3044 1408 3113 1451 ex
3143 1394 3430 1468 Propheta,
3478 1399 3669 1468 partim
3694 1417 3768 1457 ex

2169 1478 2455 1552 Evangelia
2498 1484 3052 1542 commemoravimus.
3096 1485 3228 1553 Quis
3271 1487 3416 1545 enim
3460 1491 3631 1547 nescit
3663 1493 3761 1547 im-

2168 1569 2283 1639 pios
2308 1572 2577 1630 exsultare
2596 1574 2775 1633 latitia
2791 1574 2815 1627 ‘l
2832 1584 2888 1635 et
2912 1584 3090 1633 tamen
3107 1595 3209 1634 non
3235 1588 3311 1637 est
3327 1582 3549 1651 gaudere
3566 1583 3764 1653 impia.

2168 1662 2293 1717 dicit
2320 1663 2588 1721 Dominus.
2620 1666 2774 1725 Unde
2796 1709 2812 1735 ,
2862 1669 2965 1725 nisi
3009 1671 3131 1740 quia
3168 1672 3401 1741 gaudere
3443 1674 3587 1731 aliud
3632 1686 3718 1732 est
3742 1718 3764 1746 ,

2166 1757 2379 1826 quando
2424 1760 2637 1829 proprie
2701 1764 3017 1833 signateque
3061 1764 3166 1820 hoc
3220 1765 3444 1821 verbum
3502 1767 3767 1836 ponitur?

2167 1847 2294 1905 Item
2320 1850 2442 1920 quis
2490 1853 2764 1922 negaverit
2811 1868 2921 1917 non
2961 1863 3104 1919 recte
3146 1855 3362 1926 ρεπιιρὶρὶ
3408 1856 3761 1927 hominibus,

2165 1951 2222 2001 ut
2246 1958 2596 2015 quaecumque
2640 1946 2741 2002 sibi
2768 1947 2836 2003 ab
2862 1947 2981 2011 aliis
3011 1947 3126 2005 ﬁeri
3156 1949 3414 2018 cupiunt,
3448 1949 3564 2006 tunc
3590 1951 3671 2006 eis
3697 1963 3762 2007 et

2163 2032 2263 2103 ipsi
2303 2034 2534 2103 iaciant;
2572 2052 2642 2093 ne
2681 2037 2994 2097 seinvicem
3018 2039 3345 2107 turpitudine
3372 2041 3566 2097 illicitae
3606 2043 3761 2098 Volua

2163 2125 2325 2195 ptatis
2362 2126 2676 2185 oblectent?
2722 2129 2792 2186 Et
2853 2139 3033 2189 tamen
3079 2130 3486 2191 saluberrimum
3533 2134 3757 2191 verissi-

2164 2234 2417 2291 mumque
2441 2232 2769 2293 praeceptum
2795 2232 2911 2289 est,
2950 2223 3286 2294 Quacumque
3313 2226 3464 2283 vultis
3486 2235 3542 2281 ut
3563 2228 3765 2299 faciant

2160 2310 2297 2379 vobis
2323 2311 2549 2369 homines
2569 2354 2586 2383 ,
2618 2314 2793 2370 eadem
2821 2324 2868 2371 et
2905 2330 2991 2369 vos
3029 2316 3179 2387 facile
3203 2315 3327 2372 illis.
3360 2316 3427 2373 Et
3453 2317 3555 2373 hoc
3584 2318 3761 2387 unde,

2162 2402 2264 2459 nisi
2306 2404 2430 2475 quia
2472 2404 2576 2460 hoc
2620 2406 2738 2461 loco
2780 2407 2938 2463 modo
2976 2407 3207 2477 quodam
3250 2408 3467 2479 proprio
3508 2410 3765 2467 voluntas

2161 2498 2332 2567 posita
2361 2507 2464 2564 est,
2494 2514 2612 2568 quae
2656 2499 2710 2555 in
2740 2500 2880 2555 malo
2907 2500 3077 2570 accipi
3102 2514 3208 2556 non
3235 2500 3763 2569 potestiLocutiooe

2159 2602 2288 2643 vero
2312 2589 2606 2656 usitatiore,
2652 2606 2812 2661 quam
2842 2590 3143 2661 frequentat
3170 2592 3400 2649 maxime
3421 2592 3763 2649 consuetudo

2160 2680 2456 2747 sermonis,
2505 2696 2611 2737 non
2656 2682 2841 2752 utique
2887 2681 3183 2749 diceretur.
3231 2680 3502 2743 Nolivctle
3541 2684 3762 2743 mentiri

2159 2789 2311 2829 omne
2330 2774 2641 2830 matdaciunt
2667 2773 2856 2849 (Ereti.
2884 2789 2977 2838 vn,
3007 2772 3119 2846 ll);
3149 2774 3248 2830 nisi
3292 2781 3435 2831 esset
3477 2784 3533 2831 et
3554 2775 3755 2832 volun.

2162 2873 2242 2919 tas
2287 2866 2426 2920 mala
2450 2908 2465 2933 ,
2511 2881 2539 2919 a
2583 2866 2734 2936 cujus
2762 2867 3021 2936 pravitate
3046 2867 3136 2923 illa
3177 2866 3537 2937 distinguitur,
3586 2885 3757 2939 quam
3784 2884 3815 2910 ο

2158 2957 2582 3033 praedicaverunt
2607 2958 2791 3030 Angeli
2817 2958 3075 3025 dicentes,
3099 2956 3215 3012 Pax
3233 2959 3286 3025 in
3310 2968 3441 3015 terra
3465 2962 3759 3025 hominibus

2157 3046 2302 3124 bona:
2341 3049 2610 3104 voluntatis
2633 3046 2780 3121 (Luc.
2811 3065 2869 3116 ιι,
2902 3049 3012 3121 li).
3042 3048 3173 3105 Nam
3199 3065 3265 3111 ex
3290 3048 3579 3109 abundanti
3599 3051 3758 3123 addi-

2156 3148 2266 3195 tum
2298 3151 2410 3208 est,
2459 3142 2640 3210 bonas,
2691 3143 2735 3196 si
2760 3155 2882 3197 esse
2911 3156 3019 3196 non
3061 3149 3238 3212 potest
3282 3142 3383 3196 nisi
3426 3141 3585 3196 bona.
3611 3140 3756 3210 Quid

2153 3240 2334 3288 autem
2354 3248 2599 3302 magnum
2628 3235 2680 3286 in
2706 3230 2984 3286 cbaritatis
3006 3230 3248 3286 laudibus
3265 3231 3484 3286 dixisset
3514 3228 3754 3303 Aposto-

2152 3323 2258 3389 lus,
2284 3322 2429 3393 quod
2452 3336 2558 3379 non
2582 3321 2984 3393 gaudeatsuper
3006 3322 3280 3391 iniquitate
3300 3321 3484 3394 (lCor.
3512 3338 3626 3384 xtu,
3649 3322 3685 3378 ϐ
3705 3325 3749 3393 ),

2151 3414 2256 3471 nisi
2275 3414 2401 3484 quia
2430 3414 2499 3469 ita
2523 3413 2827 3485 malignitas
2852 3412 3083 3485 gaudet?
3103 3413 3235 3471 Nam
3262 3424 3317 3473 et
3337 3412 3476 3484 apud
3497 3422 3755 3471 auctores

2150 3505 2489 3563 saecularium
2519 3507 2840 3581 litterarum,
2871 3507 2988 3563 talis
3014 3505 3238 3563 istorum
3264 3506 3548 3562 verborum
3578 3505 3749 3562 indil-

2150 3595 2376 3653 ferentia
2392 3599 2676 3668 reperitur.
2691 3598 2775 3653 Ait
2797 3598 2943 3655 enim
2953 3598 3139 3655 Cicero
3159 3605 3340 3653 orator
3358 3597 3745 3668 amplissimus:

2155 3686 2372 3758 tCupio.
2392 3689 2575 3745 Patres
2589 3690 2897 3759 conscripti,
2920 3705 3007 3746 me
3022 3704 3143 3747 esse
3162 3687 3690 3764 clementemi(0rot.
3710 3692 3738 3747 Ι

2144 3781 2200 3837 in
2218 3777 2404 3847 Catili.
2426 3796 2543 3849 cap.
2561 3779 2642 3851 2).
2669 3780 2802 3849 Quia
2828 3780 2881 3836 id
2905 3780 3129 3839 verbum
3156 3780 3211 3837 in
3237 3781 3377 3838 bono
3392 3782 3592 3851 posuit,
3620 3782 3749 3853 quis

2148 3881 2260 3929 tam
2280 3886 2540 3944 perverse
2557 3871 2747 3929 doctus
2769 3873 2983 3937 existat,
3013 3874 3103 3943 qui
3132 3887 3240 3929 non
3268 3888 3391 3930 eum
3416 3872 3607 3944 Cupio,
3642 3874 3747 3933 sed

2150 3961 2286 4023 Volo
2315 3962 2491 4033 potius
2538 3962 2719 4021 dicere
2760 3964 3012 4022 debuisse
3045 3954 3367 4023 contendat?
3392 3965 3558 4023 Porro
3595 3968 3748 4038 apud

2142 4056 2451 4114 Terentium
2470 4055 2762 4129 ﬂagitiosus
2781 4058 3096 4116 adolescens
3118 4059 3303 4115 insana
3324 4058 3553 4130 ﬂagrans
3575 4062 3740 4131 cupi-

2141 4150 2285 4206 dine:
2313 4168 2333 4203 t
2355 4149 2499 4205 Nibil
2519 4151 2643 4208 volo
2666 4151 2828 4220 aliud,
2855 4170 2876 4206 ι
2901 4152 3090 4223 inquit,
3115 4171 3134 4205 ι
3157 4153 3259 4208 nisi
3277 4152 3666 4208 Philumenam.
3710 4171 3737 4208 ι

2140 4242 2311 4311 Quam
2333 4242 2665 4299 voluntatem
2688 4243 2852 4300 fuisse
2879 4243 3152 4300 libidinem
3169 4285 3185 4309 ,
3216 4243 3496 4314 responsio
3514 4258 3637 4314 que
3663 4244 3741 4302 ibi

2139 4334 2283 4390 servi
2303 4334 2420 4406 eius
2448 4335 2679 4391 senioris
2702 4337 2724 4379 ⁸
2751 4335 3039 4401 inducitur,
3061 4335 3430 4397 satisjndicat.
3460 4333 3555 4390 Ait
3578 4349 3740 4391 nam-

2137 4441 2247 4497 que
2270 4425 2487 4483 domino
2510 4441 2643 4481 sum

2197 4525 2380 4579 eunte
2400 4518 2555 4571 satius
2573 4525 2670 4579 est,
2692 4525 2749 4570 ta
2768 4518 2817 4569 tl
2836 4518 2957 4582 dare
2977 4530 3194 4582 operam,
3217 4531 3317 4582 quo
3336 4519 3486 4570 istum

2686 4593 2750 4633 ex
2771 4581 2930 4631 animo
2952 4581 3167 4633 amorem
3186 4581 3411 4632 amoveas
3435 4587 3535 4638 tuo.

2196 4647 2344 4703 Quam
2366 4640 2414 4693 id
2433 4639 2563 4706 loqui
2584 4653 2680 4706 quo
2692 4642 2850 4706 magis
2865 4640 3015 4706 libido
3032 4642 3208 4695 frustra
3226 4641 3517 4706 accendatur
3532 4640 3619 4692 tua
3631 4640 3661 4692 τ

2423 4704 2443 4768 (
2469 4703 2526 4755 Iit
2550 4703 2752 4764 Andria,
2774 4703 2868 4754 act.
2889 4704 2936 4765 3,
2962 4717 3092 4756 και.
3116 4706 3163 4767 l,
3185 4717 3310 4755 vers.
3334 4704 3434 4755 6-8.
3460 4706 3479 4767 )

2134 4786 2396 4844 Gaudium
2424 4804 2556 4845 vero
2598 4804 2692 4845 eos
2738 4797 2794 4845 et
2838 4789 2891 4845 in
2940 4790 3081 4845 malo
3146 4788 3424 4859 posuisse,
3474 4787 3563 4845 ille
3613 4785 3738 4856 ipse

2135 4882 2460 4955 Virgilianos
2485 4884 2638 4939 testis
2663 4891 2748 4939 est
2793 4897 3014 4945 versus.
3049 4881 3139 4937 ubi
3183 4881 3279 4937 has
3329 4889 3558 4951 quatuor
3603 4894 3737 4948 per-

2136 4977 2465 5052 turbationes
2509 4991 2717 5031 summa
2744 4975 3004 5030 brevitate
3032 4974 3342 5043 complexus
3378 4981 3492 5027 est:

2194 5069 2313 5120 Hinc
2333 5072 2560 5118 metuunt
2579 5063 3089 5174 ωρὶιιηβιὲἒὶιᾶοιῗίιὲι
3104 5062 3442 5174 ἔθιέἓιξέιᾚιὲὲ.

2754 5121 2974 5195 (eam.
3003 5124 3085 5176 lib.
3104 5121 3151 5174 6.
3177 5137 3303 5175 vers.
3329 5121 3438 5173 733.
3460 5121 3480 5185 )

2135 5211 2273 5269 Dixit
2292 5212 2452 5268 etiam
2475 5210 2613 5265 idem
2639 5218 2842 5279 auctor,
2871 5228 2890 5263 ι
2920 5209 3052 5264 Mala
3074 5208 3266 5263 mentis
3290 5205 3475 5281 gaudia
3507 5223 3524 5255 ι
3562 5202 3729 5275 (Ibid.

2132 5321 2262 5360 vers.
2293 5302 2421 5371 278,
2453 5300 2602 5373 Q79).

2201 5394 2255 5453 3.
2302 5390 2529 5451 Proinde
2576 5393 2793 5461 volunt,
2824 5398 3015 5448 cavent
3041 5391 3083 5462 ³,
3119 5388 3350 5465 gaudent
3393 5394 3448 5443 et
3490 5386 3614 5442 boui
3667 5395 3725 5443 et

2133 5490 2292 5555 mali;
2324 5497 2482 5560 atque
2507 5498 2565 5543 ut
2594 5486 2777 5543 eadem
2823 5486 2941 5543 aliis
2988 5482 3166 5543 verbis
3193 5481 3532 5547 enuntiemus
3554 5522 3571 5548 ,
3618 5493 3725 5535 cu-

2193 5583 2211 5615 ⁸
2246 5586 2321 5644 Er.
2346 5588 2399 5644 et
2420 5577 2645 5644 plerique
2669 5572 3131 5644 Mss.,gintelligendi.

2191 5640 2438 5703 Iouidani
2460 5640 2598 5703 libri,
2631 5640 2853 5693 sanioris.
2971 5640 2991 5644 ⁷
3342 5704 3347 5705 γ
3414 5694 3444 5705 Α.

2191 5706 2215 5768 ξ
2247 5695 2329 5756 ilic
2349 5706 2399 5755 in
2423 5705 2566 5768 editis
2584 5695 2596 5703 ’
2606 5711 2730 5768 post,
2767 5709 2965 5768 cavent;
3001 5701 3213 5768 additum
3250 5695 3589 5768 erag‘timcttt:
3613 5695 3729 5768 ‘Sed

2127 5767 2275 5827 male,
2297 5781 2407 5831 cum
2430 5759 2653 5831 loquatur
2676 5759 2969 5831 Augustinus
2998 5764 3261 5831 stoicorum
3296 5759 3476 5831 verbis,
3500 5759 3584 5822 qui
3611 5763 3732 5831 t_r_es

2128 5824 2315 5881 tantum
2336 5824 2538 5879 adactus
2557 5830 2665 5879 sive
2686 5824 2979 5891 eiupatheias,
3005 5828 3059 5891 et
3069 5824 3130 5891 in
3156 5826 3360 5891 eis,_pro
3379 5826 3508 5872 metu
3529 5824 3735 5871 cautio-

2122 5864 2541 5957 ιῗὲἶνῖῖῖἱοὶἒὶἳηῖ
2557 5864 2625 5945 ἶΞί
2635 5864 3358 5959 ἴιι”ιῖι’ὓίἰὲ”ῶίιιὲἰὶἰίιῑό”ἔιίὶἰιῖ
