4054 6488
205 392 297 450 H3

199 507 368 580 piunt,
416 511 646 572 timent,
687 503 933 560 laetantur
975 513 1029 558 et
1077 502 1202 557 boni
1247 511 1302 558 et
1341 504 1466 560 mali
1517 521 1532 560 :
1579 503 1674 560 sed
1715 502 1792 558 illi

201 601 360 660 bene,
423 593 514 650 isti
565 595 746 660 male,
812 595 950 648 sicut
995 591 1302 650 hominibus
1349 611 1444 650 seu
1499 603 1644 652 recta
1697 609 1797 652 seu

199 705 436 765 perversa
467 689 720 744 voluntas
748 697 848 744 est.
875 689 991 762 lpsa
1021 703 1229 760 quoque
1277 689 1496 744 tristitia
1520 731 1535 754 ,
1567 702 1666 760 pro
1689 703 1796 758 qua

199 789 350 843 Stoici
395 783 532 838 nihil
580 785 640 838 in.
681 783 860 838 animo
899 782 1156 853 sapientis
1201 782 1428 838 inveniri
1458 797 1614 852 posse
1647 791 1799 852 puta-

203 888 382 934 verunt
407 921 421 944 ,
453 877 726 946 reperitur
753 876 803 928 in
833 875 993 942 bono,
1027 885 1080 930 et
1135 877 1368 932 maxime
1393 875 1532 946 apud
1561 883 1794 932 nostros.

200 973 328 1030 Nam
369 971 556 1026 laudat
587 971 875 1040 Apostolus
920 967 1258 1034 Corinthios,
1305 967 1448 1038 quod
1496 967 1796 1024 contristati

201 1066 392 1122 fuerint
437 1063 728 1120 secundum
763 1065 947 1118 Deum.
1007 1061 1114 1118 Sed
1155 1062 1377 1118 fortasse
1421 1063 1538 1132 quis
1569 1061 1796 1128 dixerit,

201 1161 298 1214 illis
351 1155 667 1226 Apostolum
721 1155 884 1210 fuisse
947 1156 1414 1226 congratulatum,
1461 1153 1602 1224 quod
1665 1168 1796 1208 cou-

203 1249 386 1302 tristati
439 1247 637 1300 fuerint
682 1245 1026 1316 paenitendo:
1056 1245 1228 1316 qualis
1263 1247 1510 1310 tristitia,
1557 1245 1656 1300 nisi
1703 1261 1798 1300 eo-

203 1357 310 1394 rum
339 1339 434 1410 qui
465 1339 838 1408 peccaverint,
868 1355 986 1394 esse
1017 1355 1122 1394 non
1151 1347 1345 1407 potest.
1374 1338 1448 1392 Ita
1477 1339 1618 1425 enim
1647 1337 1798 1394 dicit:

211 1427 360 1484 Video
415 1431 548 1500 quod
594 1429 808 1500 epistola
833 1431 924 1485 illa
952 1474 966 1498 ,
995 1431 1088 1486 etsi
1132 1432 1200 1484 ad
1241 1431 1418 1486 horam
1473 1433 1792 1486 contristauit

206 1541 312 1588 ros,
345 1540 484 1578 nunc
513 1525 740 1594 gaudeo,
775 1540 874 1578 non
903 1524 1020 1594 quia
1065 1525 1352 1578 contristati
1373 1523 1505 1588 estis,
1560 1523 1648 1579 sed
1685 1525 1802 1592 quia

207 1617 480 1670 contristati
509 1618 626 1670 estis
667 1618 734 1670 ad
753 1617 1426 1686 pamiteutianmCoutristati
1441 1617 1572 1672 enim
1593 1618 1708 1672 estis
1725 1633 1804 1672 se-

209 1705 668 1774 rundumDeum,ut
691 1707 740 1762 in
759 1707 898 1762 nullo
916 1709 1262 1762 detrimentum
1285 1709 1544 1776 patiamini
1558 1725 1619 1760 ex
1640 1708 1800 1764 nobis.

215 1801 332 1866 Qua?
361 1801 494 1852 enim
517 1799 794 1854 secundum
825 1799 990 1854 Deum
1025 1810 1098 1854 est
1135 1800 1356 1864 tristitia,
1389 1801 1730 1872 pmnitentiam
1750 1801 1804 1856 in

213 1893 416 1946 salutem
435 1893 844 1962 impcenitendam
870 1894 884 1924 ¹
907 1902 1145 1964 operatur
1163 1911 1182 1948 :
1213 1894 1388 1946 mundi
1405 1903 1572 1948 autem
1598 1893 1804 1946 tristitia

221 1998 424 2040 mortem
469 1997 728 2056 operatur.
761 1986 894 2040 Ecce
931 1987 1064 2042 enim
1091 1987 1310 2056 idipsuut
1334 1987 1607 2042 secundum
1637 1985 1804 2040 Deum

212 2080 510 2146 contristari,
543 2088 789 2147 quantum
813 2079 1006 2146 perﬁcit
1028 2079 1080 2132 in
1105 2078 1242 2134 vobis
1265 2079 1568 2132 industriam
1592 2077 1654 2149 (ll
1677 2075 1798 2132 Cor.

211 2187 294 2236 vu,
321 2169 510 2241 8-H).
543 2175 618 2224 Ac
663 2187 758 2240 per
789 2169 888 2226 hoc
938 2179 1160 2240 possunt
1193 2165 1357 2228 Stoici
1415 2187 1508 2242 pro
1548 2172 1660 2224 suis
1685 2185 1806 2240 par-

217 2261 352 2316 tibus
399 2261 754 2331 respondere,
797 2261 864 2315 ad
907 2261 1007 2318 hoc
1039 2263 1202 2316 videri
1253 2263 1436 2318 utilem
1465 2277 1584 2318 esse
1639 2263 1803 2316 tristi-

214 2351 355 2430 tiam,
399 2361 458 2406 ut
481 2367 733 2424 peccasse
763 2355 1050 2423 pceniteat;
1079 2355 1130 2412 in
1165 2356 1343 2410 animo
1373 2363 1550 2410 autem
1584 2357 1766 2424 sapien
1789 2383 1804 2392 η

217 2445 276 2500 tis
302 2443 424 2501 ideo
466 2461 586 2500 esse
619 2461 722 2500 non
757 2461 948 2516 posse,
977 2449 1100 2519 quia
1129 2464 1228 2504 nec
1271 2457 1546 2518 peccatum
1581 2449 1632 2502 in
1677 2465 1802 2504 eum

216 2537 369 2606 cadit,
402 2538 560 2610 cujus
589 2541 902 2608 pmniteutia
931 2542 1295 2606 contristetur,
1349 2557 1446 2598 nec
1471 2543 1634 2596 ullum
1661 2541 1806 2598 aliud

219 2633 402 2687 malum
434 2673 448 2696 ,
497 2633 640 2704 quod
695 2623 1040 2704 perpetiendo
1083 2645 1134 2692 et
1177 2635 1458 2692 sentiendo
1503 2635 1572 2690 sit
1619 2636 1804 2690 tristis.

217 2723 335 2779 Nam
363 2734 422 2781 et
458 2725 788 2782 Alcibiadem
819 2726 995 2782 ferunt
1027 2729 1050 2798 ς’
1068 2728 1112 2782 si
1157 2743 1242 2782 me
1281 2728 1348 2784 de
1389 2727 1600 2782 nomine
1630 2725 1806 2780 homi-

217 2819 292 2872 nis
315 2817 576 2872 memoria
607 2833 714 2872 non
747 2817 918 2890 fallit)
945 2857 964 2886 ,
1006 2834 1130 2876 cum
1160 2818 1260 2874 sibi
1293 2819 1476 2872 beatus
1505 2818 1804 2884 videretur,

211 2901 434 2966 Socrate
465 2909 814 2980 disputante,
861 2921 914 2966 et
955 2911 1004 2966 ei
1052 2927 1210 2984 quam
1243 2913 1405 2968 miser
1449 2921 1628 2976 esset,
1675 2927 1810 2982 quo-

219 3001 350 3055 niam
399 3002 597 3056 stultus
626 3012 806 3070 esset,
837 2993 1259 3066 demonstranti}.
1291 3001 1501 3058 ﬂev’isse
1532 3003 1628 3074 ζα).
1674 3003 1810 3058 Huic

220 3109 338 3166 ergo
363 3093 594 3150 stultitia
633 3095 729 3150 fuit
756 3110 916 3150 causa
951 3097 1110 3152 etiam
1143 3095 1300 3166 hujus
1347 3095 1490 3148 utilis
1536 3093 1809 3164 optanda:-

226 3205 314 3258 que
343 3188 602 3254 tristitim,
634 3204 734 3260 qua
767 3189 927 3244 homo
952 3204 1070 3244 esse
1099 3205 1158 3245 se
1186 3189 1330 3244 dolet
1353 3189 1494 3260 quod
1534 3203 1655 3246 esse
1701 3204 1808 3244 non

223 3281 389 3340 debet.
403 3279 576 3338 Stoici
601 3293 780 3338 autem
808 3297 914 3338 non
943 3285 1186 3350 stultum,
1217 3283 1310 3338 sed
1339 3283 1636 3354 sapientem
1662 3283 1810 3338 aiunt

225 3375 416 3430 tristem
457 3390 582 3430 esse
625 3390 732 3428 non
762 3389 939 3446 posse.

255 3466 472 3524 CAPUT
513 3466 700 3522 lX.—
731 3467 808 3521 De
843 3467 1301 3540 perturbationibus
1345 3469 1534 3534 animi,
1557 3485 1774 3540 quorum

495 3557 710 3626 affectus
737 3567 896 3612 rectos
926 3561 1070 3614 habet
1110 3561 1209 3614 vita
1237 3559 1522 3630 justorum.

288 3649 335 3704 i.
369 3647 572 3706 Verum
603 3649 689 3706 his
717 3650 1048 3722 philosophis
1068 3694 1082 3718 ,
1110 3651 1250 3722 quod
1275 3652 1344 3706 ad
1369 3653 1526 3708 istam
1551 3651 1807 3722 quaestio-

227 3755 336 3796 nem
362 3741 432 3796 de
481 3742 644 3796 animi
673 3743 1164 3814 perturbationibus
1190 3743 1400 3810 attinet,
1435 3744 1544 3814 jam
1587 3759 1810 3814 respon-

225 3833 386 3888 dimus
414 3835 467 3888 in
495 3849 638 3890 nouo
663 3834 822 3905 hujus
842 3837 1020 3904 operis
1042 3835 1558 3902 libro,ostendentes
1587 3850 1682 3890 eos
1703 3849 1808 3890 non

227 3937 324 3980 tam
343 3926 410 3982 de
437 3927 624 3990 rebus,
649 3941 808 3998 quam
832 3927 898 3982 de
921 3927 1100 3982 verbis
1124 3927 1428 3998 cupidiores
1451 3943 1569 3984 esse
1590 3935 1810 3982 conten-

227 4019 394 4086 tionis,
424 4035 588 4090 quam
618 4020 858 4076 veritatis
890 4019 1074 4092 (Capp.
1098 4021 1131 4076 4
1151 4063 1166 4088 ,
1192 4021 1284 4092 5).
1328 4021 1480 4091 Apud
1511 4037 1610 4076 nos
1634 4031 1810 4078 autem

223 4110 360 4182 juxta
388 4111 702 4184 Scripturas
741 4127 926 4168 sacras
964 4129 1256 4182 sanamque
1297 4113 1625 4180 doctrinam,
1666 4115 1812 4170 cives

227 4213 412 4259 Sanctae
451 4205 683 4260 civitatis
721 4205 814 4260 Dei
857 4205 908 4259 iu
943 4206 1098 4276 hujus
1125 4207 1246 4260 vitm
1273 4208 1700 4276 peregrinatione
1729 4223 1812 4262 sc-

227 4295 448 4352 cundum
479 4298 645 4352 Deum
675 4297 934 4360 viventes,
966 4308 1208 4354 metmmt
1238 4299 1563 4370 cupiuntque
1585 4339 1598 4362 ,
1630 4297 1814 4356 dolent

225 4389 572 4460 gaudentque.
603 4389 670 4443 Et
689 4391 812 4460 quia
836 4401 1012 4444 rectus
1037 4399 1118 4444 est
1141 4405 1292 4444 amor
1313 4405 1518 4454 eorum,
1547 4389 1674 4446 istas
1697 4407 1812 4446 om-

225 4496 314 4536 nes
341 4479 650 4536 all‘ectiones
679 4491 850 4536 rectas
877 4482 1094 4538 habent.
1135 4481 1376 4538 Metuant
1405 4497 1618 4554 pmuam
1649 4492 1809 4538 aiter-

223 4585 362 4634 nam,
393 4573 618 4642 cupiunt
646 4573 808 4628 vitam
847 4583 1104 4628 aeternam
1139 4592 1154 4628 :
1189 4573 1374 4629 dolent
1419 4575 1470 4628 in
1514 4591 1574 4632 re
1603 4577 1648 4644 ‘,
1689 4576 1813 4646 quia

223 4660 322 4730 ipsi
350 4663 402 4718 in
433 4665 736 4734 semetipsis
764 4665 938 4720 adhuc
968 4667 1340 4737 ingemiscant,
1365 4667 1704 4738 adeptionem
1727 4686 1813 4728 cx-

224 4763 519 4820 Spectantes
540 4755 962 4826 redemptionem
985 4757 1226 4828 corporis
1247 4759 1328 4812 sui
1349 4757 1526 4828 (Rom.
1547 4775 1657 4826 vut,
1675 4743 1774 4835 ’25)
1795 4779 1808 4828 ;

223 4846 448 4914 gaudent
487 4851 538 4904 in
593 4863 725 4918 spe,
764 4851 884 4920 quia
935 4851 1026 4904 lict
1065 4865 1265 4916 sermo,
1297 4851 1384 4922 qui
1431 4852 1651 4924 scriptus
1703 4863 1806 4916 est,

221 4938 467 5012 Absorpta
505 4949 576 4995 est
617 4957 752 4996 mors
781 4943 832 4996 in
863 4943 1124 5008 victoriam
1152 4942 1208 5014 (Ι
1239 4941 1356 4998 Cor.
1399 4960 1492 5012 xv,
1522 4944 1648 5016 54).
1683 4945 1810 5001 ltetn

220 5041 462 5088 metuunt
489 5050 733 5106 peccare,
757 5036 977 5106 cupiunt
1003 5051 1346 5106 perseverare
1373 5053 1386 5088 :
1411 5037 1590 5094 dolent
1613 5039 1664 5094 in
1689 5054 1810 5110 pec.-

217 5125 374 5186 catis,
401 5115 636 5195 gaudent
681 5127 734 5180 in
779 5127 1035 5204 operibus
1083 5126 1276 5202 bonis._
1301 5125 1369 5182 Ut
1402 5128 1544 5182 enim
1574 5137 1814 5186 metuant

219 5228 466 5284 peccare,
493 5219 738 5284 audiunt,
774 5219 1026 5284 Quoniam
1055 5219 1330 5272 abundabit
1356 5221 1594 5290 iniquitas
1613 5261 1628 5290 ,
1659 5223 1809 5292 refri-

215 5318 382 5376 gescet
409 5311 629 5365 charitas
657 5311 930 5366 multorum
953 5309 1165 5382 (Matth.
1193 5327 1344 5374 xxtv,
1371 5311 1482 5384 1‘2).
1507 5311 1573 5368 Ut
1601 5315 1811 5384 cupiant

213 5412 582 5469 perseverare,
607 5403 832 5458 audiunt
857 5404 998 5474 quod
1025 5403 1282 5474 scriptum
1314 5415 1412 5470 est,
1451 5407 1552 5470 Qui
1582 5423 1808 5476 perseve-

211 5489 403 5544 raverit
427 5507 583 5561 usque
607 5495 662 5547 in
687 5494 840 5563 ﬁnem
859 5534 876 5562 ,
905 5495 986 5550 hic
1015 5495 1184 5550 salvus
1212 5495 1302 5548 erit
1351 5494 1461 5566 (Id.
1491 5513 1522 5552 χ
1541 5538 1554 5560 ,
1583 5497 1708 5569 22).
1747 5499 1812 5555 Ut

279 5608 298 5639 ι
313 5670 324 5674 Δ
343 5608 476 5659 Vind.
499 5619 602 5658 Am.
626 5609 874 5670 omittunt,
898 5608 1304 5674 impmnitendam.
1333 5612 1422 5659 Sed
1441 5611 1623 5661 habent
1644 5615 1811 5674 (reteri

206 5667 352 5742 libri,
379 5681 580 5742 caroque
604 5685 792 5742 vocem,
818 5667 928 5736 quae
953 5667 1116 5742 meo
1147 5675 1412 5742 respondet
1430 5673 1808 5742 utttctttttwiélm,

204 5733 473 5844 English-2e
497 5733 594 5784 non
625 5733 756 5786 solet
779 5733 1090 5799 Augustinus,
1117 5743 1170 5786 ut
1193 5733 1362 5786 videre
1389 5744 1464 5786 est
1503 5737 1550 5784 in
1581 5733 1810 5786 sermone

305 5825 328 5844 .
395 5831 404 5842 .

179 5825 486 5918 'gf’;dsfrt
511 5859 722 5918 codices,
737 5859 790 5910 its
811 5873 879 5912 se.
945 5868 1000 5908 Μ.

267 5911 354 5972 (αἱ
377 5915 545 5984 Cicer,
569 5911 760 5974 't‘usctil.
793 5931 966 5984 quast.
987 5923 1072 5976 lib.
1097 5923 1148 5986 ὅ,
1165 5933 1271 5984 cap.
1291 5917 1373 5976 59.

1365 383 1572 450 LIBER
1605 381 1797 453 QUAR
1810 380 1932 448 [US
1963 381 2280 446 DECIMUS.

3370 383 3476 444 ιη

1903 505 2120 564 doleant
2145 508 2200 564 in
2231 510 2488 580 peccatis,
2517 511 2758 580 audiuit,
2779 510 2848 568 Si
3161 509 3282 582 quia
3305 527 3488 582 pecca-

1903 607 2008 654 tum
2049 617 2152 656 non
2191 602 2462 670 habemus,
2495 620 2586 670 nos
2627 605 2764 676 ipsos
2802 605 3106 670 Motuum,
3140 615 3188 660 et
3229 606 3412 662 soritas
3431 605 3488 660 in

1903 692 2043 748 nobis
2075 709 2174 748 non
2205 702 2278 748 est
2306 692 2360 767 (l
2386 691 2544 750 Joan.
2566 712 2581 750 ι
2601 735 2620 762 ,
2647 696 2728 766 8).
2758 695 2830 754 Ut
2851 697 3122 767 gaudeant
3147 699 3204 752 in
3231 695 3488 768 operibus

1903 783 2079 852 bouis,
2110 785 2351 852 audiunt,
2381 785 2614 852 Hilarem
2637 786 2868 843 datorem
2891 789 3058 860 diligit
3085 787 3226 846 Deus
3255 789 3274 858 (
3290 787 3336 843 ll
3365 787 3488 842 Cor.

1903 893 1980 946 tx,
2005 878 2080 948 7).
2105 877 2235 934 Item
2260 878 2416 934 sicuti
2441 894 2503 936 se
2533 879 2814 935 infirmitas
2832 895 3018 936 eorum
3039 881 3370 951 ﬁrmitasque
3393 877 3492 933 ha-

1905 971 2098 1037 buerit,
2133 981 2378 1028 metuunt
2425 973 2640 1038 tentari,
2667 974 2886 1042 cupiunt
2931 973 3123 1028 tentari
3157 990 3171 1027 :
3201 973 3388 1028 dolent
3432 971 3486 1024 in

1905 1065 2304 1132 tentationihus,
2333 1065 2570 1136 gaudent
2597 1067 2652 1121 in
2685 1067 3082 1122 tentationibus.
3115 1065 3184 1123 Ut
3203 1066 3346 1121 ollim
3375 1079 3482 1118 me-

1905 1164 2054 1212 tuant
2093 1158 2282 1212 tentari
2307 1199 2324 1225 ,
2349 1159 2590 1226 audiunt,
2625 1157 2686 1214 Si
2711 1161 2824 1229 quis
2847 1169 3226 1230 pratoccupatus
3253 1159 3406 1230 fuerit
3435 1159 3490 1211 iu

1904 1250 2074 1320 aliqua
2097 1248 2300 1319 delicto,
2324 1267 2412 1306 vos
2435 1252 2522 1324 qui
2550 1251 2841 1322 spirituales
2868 1252 2986 1306 estis
3003 1291 3018 1318 ,
3045 1252 3276 1304 instruit:
3301 1249 3484 1320 hujus-

1905 1341 2042 1396 modi
2069 1341 2120 1396 iu
2147 1343 2328 1412 spiritu
2357 1345 2786 1410 mansuetudinis;
2813 1343 3074 1398 intendens
3104 1351 3150 1396 te
3185 1342 3382 1412 ipsum,
3425 1357 3490 1394 ne

1907 1442 1952 1486 et
1979 1443 2034 1486 tu
2063 1435 2266 1490 teuteris
2296 1433 2490 1506 (Galat.
2523 1451 2596 1500 Vt,
2633 1436 2707 1507 1).
2738 1435 2808 1490 Ut
2830 1445 3010 1490 autem
3034 1433 3249 1502 cupiant
3275 1431 3488 1498 tentari,

1906 1526 2126 1582 audiunt
2166 1529 2448 1598 quemdam
2477 1528 2648 1582 virum
2677 1527 2868 1582 fortem
2899 1525 3128 1582 civitatis
3169 1523 3262 1578 Dei
3303 1522 3490 1576 dicen-

1907 1627 2038 1686 tem,
2071 1619 2240 1674 Proba
2267 1637 2362 1684 me,
2385 1619 2623 1686 Domine,
2647 1629 2692 1676 et
2721 1629 2856 1674 tenta
2877 1635 2992 1685 me;
3019 1634 3110 1672 ure
3129 1633 3273 1670 renes
3293 1629 3428 1668 uiuos
3447 1623 3494 1668 et

1909 1728 1995 1766 cor
2015 1729 2176 1766 nicum
2204 1711 2372 1784 (Psal.
2401 1728 2530 1778 xxv,
2551 1713 2640 1782 ἓ).
2668 1711 2736 1768 Ut
2759 1712 2976 1767 doleant
3005 1711 3058 1764 in
3089 1707 3490 1774 teutatiouibus,

1909 1805 2090 1860 vident
2109 1805 2326 1862 Petrum
2349 1805 2564 1862 ﬂentem
2589 1805 2804 1876 (Hatth.
2827 1819 2974 1872 xxvi,
2997 1801 3086 1875 75)
3113 1821 3126 1856 :
3151 1811 3208 1856 ut
3225 1801 3497 1873 gaudeant

1909 1897 1964 1952 in
1995 1898 2372 1953 teutationibus
2392 1937 2408 1964 ,
2439 1897 2660 1952 audiunt
2699 1895 2958 1952 Iacobum
2995 1895 3260 1950 dicentem
3281 1933 3298 1960 ,
3333 1890 3498 1944 Omne

1909 1989 2151 2059 gaudium
2180 1991 2482 2055 existimate,
2511 1993 2695 2061 fratres
2719 1990 2836 2055 uici,
2863 2004 2978 2042 cum
3002 1987 3056 2040 in
3081 1985 3376 2040 tentationes
3401 1999 3495 2038 va-

1909 2085 2012 2138 rias
2038 2083 2312 2140 iucidcritis
2343 2083 2544 2154 (Jacobi
2571 2099 2619 2148 ι,
2647 2083 2684 2138 2
2701 2081 2745 2155 ).

1980 2176 2034 2230 2.
2067 2174 2182 2230 Non
2213 2175 2388 2230 solum
2415 2185 2592 2230 autem
2621 2183 2840 2244 preptcr
2857 2188 2916 2228 se
2939 2171 3082 2244 ipsos
3109 2171 3192 2226 his
3213 2175 3498 2226 moventur

1909 2268 2206 2336 aﬂectibus,
2228 2283 2412 2324 verum
2443 2269 2606 2324 etiam
2634 2277 2852 2338 propter
2873 2281 2968 2322 eos
2997 2279 3130 2336 quos
3157 2263 3372 2320 liberari
3401 2275 3496 2318 cu-

1911 2359 2084 2430 piunt,
2106 2367 2161 2414 et
2187 2375 2252 2414 ne
2279 2371 2502 2430 pereant
2528 2368 2792 2424 metuunt,
2815 2367 2870 2414 et
2897 2358 3080 2412 dolent
3103 2358 3147 2412 si
3171 2365 3418 2426 pereunt,
3441 2363 3497 2410 et

1909 2451 2144 2521 gaudent
2171 2449 2218 2504 si
2247 2451 2560 2506 liberantur.
2607 2449 2756 2506 Illum
2797 2448 2994 2520 quippe
3021 2449 3278 2518 optimum
3303 2454 3358 2508 et
3383 2446 3496 2502 for-

1913 2543 2176 2598 tissimum
2210 2543 2422 2608 virum,
2459 2543 2550 2612 qui
2591 2542 2645 2598 in
2677 2543 2792 2596 suis
2819 2539 3218 2596 inﬁrmitatibus
3241 2539 3498 2609 gloriatur

1913 2635 1986 2706 (ll
2015 2636 2133 2692 Cor.
2162 2652 2256 2702 xu,
2283 2637 2364 2704 5),
2389 2643 2448 2692 ut
2473 2651 2594 2692 eum
2627 2635 2960 2704 potissimum
2991 2644 3498 2696 commemoremus,

1912 2731 2002 2800 qui
2027 2731 2080 2786 in
2103 2729 2400 2792 Ecclesium
2421 2729 2618 2786 Christi
2641 2741 2708 2784 ex
2733 2727 2994 2784 Gentibus
3017 2725 3282 2788 venimus,
3306 2724 3504 2779 Docto-

1911 2839 2026 2878 rem
2056 2822 2304 2880 Gentium
2335 2821 2388 2878 in
2419 2821 2524 2878 lide
2547 2831 2600 2877 et
2628 2823 2874 2887 veritate,
2905 2820 2994 2890 qui
3025 2829 3078 2874 et
3107 2819 3227 2889 plus
3253 2815 3506 2872 omnibus

1913 2915 2024 2970 suis
2053 2915 2380 2983 coapostolis
2407 2913 2666 2968 laboravit
2697 2913 2748 2984 (l
2775 2911 2896 2970 Cor.
2921 2927 3012 2975 xv,
3039 2907 3152 2984 10),
3181 2917 3235 2966 et
3261 2907 3504 2979 pluribus

1913 3007 2166 3076 Epistolis
2193 3006 2416 3076 populos
2441 3006 2566 3072 Dei,
2595 3021 2701 3060 non
2733 3019 2830 3062 eos
2857 3013 3062 3060 tantum
3087 3002 3178 3074 qui
3213 3007 3504 3071 praesentes

1914 3100 1980 3154 ab
2011 3099 2102 3152 illo
2129 3097 2468 3164 videbantur,
2493 3113 2680 3152 verum
2708 3097 2868 3152 etiam
2900 3095 3018 3150 illos
3045 3095 3138 3164 qui
3167 3092 3330 3148 futuri
3359 3107 3500 3162 prte-

1913 3190 2249 3252 videbantnr,
2273 3189 2550 3254 instruxit;
2581 3187 2750 3254 illum,
2771 3187 3010 3256 inquam,
3027 3187 3222 3252 virum,
3244 3183 3500 3240 athletam

1913 3285 2109 3342 Christi
2135 3285 2174 3350 ³,
2202 3283 2414 3340 doctum
2440 3281 2642 3347 abillo,
2669 3287 2884 3336 unctum
2915 3279 2982 3334 de
3011 3279 3100 3332 illo
3129 3275 3502 3350 (Catonum),

1913 3377 2224 3434 cruciﬁxum
2255 3391 2377 3430 cum
2407 3375 2496 3429 illo
2527 3372 2637 3446 (Id.
2663 3389 2730 3438 tt,
2759 3371 2872 3443 l9),
2901 3369 3190 3442 gloriosum
3219 3369 3272 3424 in
3303 3367 3416 3434 illo,
3447 3367 3504 3422 in

1914 3471 2125 3524 theatro
2168 3467 2324 3538 hujus
2363 3465 2586 3532 mundi,
2628 3465 2712 3518 cui
2752 3461 3112 3534 spectaculum
3145 3461 3312 3514 lactus
3339 3467 3424 3514 est
3451 3465 3506 3514 et

1915 3561 2132 3632 Angelis
2161 3568 2214 3616 et
2241 3560 2546 3616 hominibus
2571 3557 2590 3632 (
2605 3557 2622 3612 I
2645 3557 2764 3614 Cor.
2795 3573 2865 3621 tv,
2889 3555 2970 3626 9),
2995 3555 3230 3625 legitime
3251 3567 3502 3622 magnum

1914 3670 2138 3726 agonem
2168 3661 2488 3716 certantem,
2523 3659 2576 3708 et
2603 3651 2832 3720 palmam
2861 3663 3108 3718 supernas
3129 3644 3422 3700 vocationis
3449 3644 3502 3698 in

1913 3748 2178 3806 anteriora
2210 3755 2504 3802 sectantem
2537 3743 2796 3818 (Philipp.
2819 3759 2878 3798 ut
2897 3783 2914 3808 ,
2939 3743 3062 3812 14),
3085 3739 3256 3794 oculis
3284 3737 3406 3792 ﬁdei
3437 3736 3504 3790 li-

1914 3841 2226 3898 beatissime
2249 3847 2494 3908 spectant
2513 3839 2557 3903 ³,
2585 3835 2820 3907 gaudere
2839 3849 2960 3890 cum
2983 3831 3356 3902 gaudentibus,
3373 3827 3507 3884 ﬂere

1915 3948 2036 3988 cum
2060 3931 2309 3988 ﬂentibus
2337 3927 2513 3999 (Rom.
2545 3943 2640 3992 xu,
2665 3927 2778 3996 15),
2813 3925 2942 3980 loris
2969 3923 3252 3978 habentem
3277 3933 3504 3990 pugnas,

1916 4028 2060 4082 intus
2089 4025 2307 4080 timores
2335 4021 2412 4092 (ll
2437 4022 2554 4075 Cor.
2591 4033 2685 4084 vn,
2727 4019 2780 4091 5)
2805 4034 2820 4084 ;
2847 4016 3152 4087 cupientem
3185 4011 3426 4076 dissolvi,
3451 4017 3508 4066 et

1915 4135 2034 4174 esse
2060 4131 2180 4172 cum
2208 4113 2420 4168 Christo
2451 4111 2709 4183 (Philipp.
2743 4127 2782 4176 ι,
2813 4109 2944 4180 25);
2976 4105 3376 4163 desiderantem
3419 4102 3508 4158 vi-

1915 4209 2042 4264 dere
2072 4209 2358 4270 Romanos,
2385 4215 2442 4262 ut
2469 4204 2700 4275 aliquem
2727 4201 2956 4258 fructum
2989 4199 3182 4255 habent
3207 4205 3263 4252 et
3291 4197 3344 4252 in
3377 4195 3506 4262 illis,

1916 4303 2052 4356 sicut
2077 4311 2130 4354 et
2155 4300 2207 4354 in
2235 4299 2446 4353 caeteris
2471 4297 2720 4368 gentibus
2753 4295 2929 4368 (Rom.
2961 4310 3008 4358 ι,
3045 4293 3104 4348 ll
3133 4331 3144 4354 .
3171 4289 3309 4362 i5);
3340 4303 3506 4344 amm-

1917 4395 2114 4449 lantem
2145 4389 2490 4456 Corinthios,
2523 4397 2578 4444 et
2623 4388 2740 4458 ipsa,
2778 4386 3116 4442 mntulatione
3143 4389 3508 4448 metuentem,

1917 4502 1984 4540 ne
2013 4485 2339 4542 seducantur
2361 4497 2552 4540 eorum
2577 4491 2784 4538 mentes
2809 4494 2836 4534 a
2863 4479 3108 4536 castitate
3133 4491 3252 4546 qua:
3275 4475 3330 4528 in
3353 4472 3506 4528 Citrio

1918 4589 2001 4638 sto
2028 4589 2110 4636 est
2134 4577 2210 4652 (ll
2236 4577 2352 4634 Cor.
2381 4591 2458 4639 χι.
2480 4575 2536 4640 Ξ,
2563 4575 2650 4646 '5);
2685 4587 2934 4644 magnam
2961 4572 3227 4636 tristitiam
3257 4577 3313 4624 et
3337 4565 3510 4622 conti-

1919 4687 2080 4728 nuum
2110 4669 2354 4726 dolorem
2381 4665 2560 4724 cordis
2589 4665 2658 4722 de
2699 4664 2952 4720 lsraelitis
2997 4661 3282 4720 habentem
3313 4657 3506 4729 (Rom.

1917 4784 1992 4832 ιι,
2018 4765 2098 4834 2),
2127 4763 2270 4834 quod
2301 4763 2608 4834 ignorantes
2637 4758 2730 4814 Dei
2755 4757 3040 4830 justitiam,
3063 4765 3116 4810 et
3145 4767 3294 4810 suam
3319 4752 3506 4806 volen-

1917 4869 2001 4918 tes
2025 4858 2366 4920 constituere,
2396 4855 2616 4927 justitiae
2641 4853 2736 4909 Dei
2765 4867 2870 4908 non
2901 4859 3084 4908 essent
3139 4846 3361 4916 subjecti
3393 4843 3504 4915 (td.

1917 4969 1972 5020 ι.
1995 4949 2084 5022 5);
2117 4965 2216 5006 nec
2241 4949 2412 5006 solum
2443 4945 2710 5013 dolorem,
2735 4959 2922 5002 verum
2945 4944 3104 4998 etiam
3135 4941 3330 4996 luctum
3352 4951 3506 4992 suum

1918 5041 2318 5100 denuntiantem
2339 5037 2659 5111 quibusdam
2679 5037 2908 5108 quiante
2933 5037 3304 5104 peccaverunt,
3323 5037 3378 5082 et
3396 5041 3506 5082 non

1919 5143 2142 5206 egerunt
2173 5133 2544 5204 paenitentiam
2575 5147 2736 5201 super
2765 5126 3096 5185 immunditia
3125 5133 3179 5180 et
3207 5123 3510 5178 fornicatio-

1918 5231 2074 5284 uibus
2101 5229 2211 5286 suis
2245 5226 2320 5296 (ll
2346 5223 2464 5282 Cor.
2489 5241 2584 5290 xu,
2609 5223 2726 5294 21).

1990 5322 2041 5378 5.
2085 5319 2150 5374 1ιί
2181 5327 2378 5385 motus,
2409 5317 2462 5374 hi
2492 5315 2710 5374 allectus
2738 5313 2806 5370 do
2840 5325 3024 5370 amore
3049 5309 3176 5368 boni
3204 5317 3260 5366 et
3289 5307 3356 5364 de
3381 5323 3508 5366 san-

1916 5423 1998 5472 cta
2022 5413 2280 5472 charitate
2302 5412 2600 5475 venientes.
2625 5409 2668 5463 si
2698 5408 2822 5464 vitia
2848 5405 3087 5462 vocanda
3109 5413 3250 5469 snt,
3271 5404 3510 5460 sinemus

1916 5515 2058 5564 utea
2077 5519 2198 5577 qua:
2219 5517 2344 5560 vero
2366 5501 2388 5534 ³
2411 5501 2536 5558 vitia
2559 5509 2702 5566 sunt,
2722 5500 2945 5556 virtutes
2967 5507 3243 5554 rocetttur.
3260 5497 3368 5554 Sed
3389 5511 3510 5552 cum

1917 5611 2116 5658 rectam
2151 5600 2410 5656 rationem
2439 5603 2736 5666 sequantur
2767 5594 2882 5648 ista:
2917 5593 3264 5660 adiectiones,
3298 5590 3510 5660 quando

1981 5737 1996 5770 ί
2037 5734 2170 5796 Vind,
2197 5741 2295 5782 Am.
2317 5739 2390 5780 Er.
2418 5738 2470 5798 et
2493 5729 2716 5798 plerique
2733 5735 2867 5798 Mn,
2883 5737 3050 5798 certon
3071 5727 3296 5798 auitam
3314 5723 3505 5798 t'lrrists.

1980 5800 2001 5830 ί
2042 5789 2208 5846 Plures
2234 5789 2561 5857 tnanuscripti,
2591 5789 2964 5856 eispectantem.
2989 5797 3042 5842 Et
3069 5791 3279 5854 qundam,
3320 5793 3507 5850 specta-

1915 5873 2108 5972 Ὓδειο
2129 5919 2264 5970 Vind.
2288 5926 2390 5968 Am.
2417 5926 2472 5972 et
2495 5926 2600 5970 Mss.
2627 5925 2684 5968 At
2702 5925 2775 5968 Er.
2798 5924 2850 5970 et
2868 5923 2998 5980 ιον..
3021 5928 3153 5967 vera.

3523 1683 3532 1714 ι
