4054 6484
978 371 1011 396 ρ

484 399 590 458 415

483 514 576 570 ubi
605 523 820 586 oportet
840 513 1180 578 adhibentur,
1205 511 1330 584 quis
1355 526 1448 568 eas
1477 519 1605 567 tunc
1631 512 1848 568 morbos
1873 527 1969 567 seu
1990 512 2071 566 vi-

485 606 650 661 tiosas
698 607 972 675 passiones
1011 604 1204 659 audeat
1243 603 1459 658 dicere?
1505 602 1866 671 Quamobrem
1911 601 2072 658 etiam

485 694 601 766 ipse
648 695 907 750 Dominus
953 696 1005 750 in
1052 694 1221 749 forma
1266 694 1407 748 servi
1450 708 1611 764 agere
1638 694 1799 748 vitam
1825 694 2072 763 dignatus

485 784 795 852 humanam,
819 785 911 840 sed
941 785 1142 839 nullum
1175 784 1381 839 habens
1403 785 1622 838 omnino
1652 794 1951 853 peccatum,
1979 783 2078 838 ad-

487 875 659 930 hibuit
685 891 777 930 eas
804 877 892 931 ubi
921 876 1250 931 adhibendas
1275 891 1395 932 esse
1419 875 1694 946 judicavit.
1719 874 1900 944 Neque
1928 874 2074 930 enim

488 966 670 1036 inquo
688 983 874 1022 verum
897 977 1013 1023 erat
1052 968 1284 1023 hominis
1329 983 1526 1041 corpus
1569 978 1623 1020 et
1660 981 1820 1021 verus
1844 966 2077 1021 hominis

489 1061 721 1124 animus,
747 1059 911 1116 falsus
940 1071 1054 1116 erat
1084 1060 1349 1114 humanus
1375 1059 1614 1114 atiectus.
1641 1057 1772 1113 Cum
1805 1074 1933 1128 ergo
1962 1058 2078 1127 ejus

491 1151 547 1206 in
592 1151 883 1222 Evangelia
927 1153 1026 1206 ista
1075 1152 1415 1215 referuntur,
1459 1150 1598 1220 quod
1642 1165 1802 1220 super
1827 1149 2076 1204 duritiam

491 1245 670 1300 cordis
700 1245 1006 1300 Judzeorum
1039 1261 1162 1299 cum
1195 1246 1272 1299 ira
1302 1245 1652 1299 contristatus
1678 1245 1746 1298 sit
1774 1243 1964 1316 (Marc.
1998 1259 2077 1310 ιιι,

492 1337 580 1405 5);
603 1336 744 1406 quod
765 1336 980 1402 dixerit,
1007 1336 1215 1391 Gaudeo
1235 1347 1439 1407 propter
1456 1352 1562 1402 vos,
1580 1346 1634 1389 ut
1657 1337 1870 1390 credatis
1898 1335 2077 1406 (Joan.

493 1444 546 1482 χι
567 1469 582 1493 ,
613 1427 733 1498 15);
771 1428 914 1498 quod
952 1427 1210 1483 Lazarum
1243 1428 1594 1483 suscitaturus
1624 1429 1782 1482 etiam
1815 1427 2082 1498 lacrymas

494 1519 690 1574 fuderit
717 1519 900 1589 (lbid.,
925 1519 1061 1593 55);
1095 1520 1235 1590 quod
1267 1521 1631 1589 concupiverit
1657 1536 1777 1573 cum
1807 1520 2083 1589 discipulis

495 1612 608 1666 suis
637 1612 960 1666 manducare
988 1611 1178 1681 pascha
1209 1610 1360 1684 (Luc.
1387 1627 1517 1677 χχιι,
1544 1611 1665 1680 15);
1697 1611 1837 1682 quod
1868 1612 2085 1680 propin-

496 1702 694 1769 quante
717 1703 964 1771 passione
993 1703 1156 1756 tristis
1178 1703 1335 1756 fuerit
1361 1703 1536 1756 anima
1559 1703 1675 1772 ejus
1699 1701 1910 1774 (Matth.
1936 1715 2080 1768 xxvr,

498 1794 613 1866 38),
643 1809 750 1850 non
783 1795 913 1849 falso
940 1796 1123 1865 utique
1154 1794 1476 1850 referuntur.
1504 1794 1702 1850 Verum
1726 1796 1815 1850 ille
1844 1796 1941 1850 hos
1972 1810 2088 1852 mo-

499 1894 586 1940 tus
611 1896 770 1941 certae
795 1888 1209 1957 dispensationis
1235 1889 1427 1959 gratia,
1455 1890 1526 1943 ita
1557 1904 1680 1943 cum
1709 1889 1876 1944 voluit
1905 1904 2090 1946 susce-

503 1977 582 2046 pit
610 1979 789 2033 animo
820 1979 1072 2046 humano,
1103 1989 1161 2035 ut
1191 1996 1312 2036 cum
1342 1982 1510 2036 voluit
1536 1982 1704 2037 factus
1724 1991 1806 2036 est
1833 1981 2013 2037 homo.

569 2071 624 2125 4.
667 2071 916 2138 Proinde,
950 2073 1090 2141 quod
1122 2074 1396 2128 fatendum
1429 2085 1532 2138 est,
1563 2075 1727 2130 etiam
1759 2091 1879 2130 cum
1910 2086 2087 2133 rectas

499 2170 556 2218 et
595 2163 885 2218 secundum
924 2165 1089 2220 Deum
1134 2166 1394 2221 habemus
1423 2167 1519 2220 has
1545 2168 1889 2234 aﬂ‘ectiones,
1933 2169 2090 2238 hujus

500 2255 626 2310 vitae
652 2265 794 2321 sunt,
819 2273 925 2312 non
951 2258 1092 2314 illius
1113 2274 1271 2329 quam
1294 2259 1523 2314 futuram
1548 2273 1847 2330 Speramus,
1873 2270 1926 2316 et
1948 2275 2093 2332 saepe

502 2347 608 2404 illis
631 2349 791 2403 etiam
818 2350 967 2404 inviti
994 2350 1257 2406 cedimus.
1287 2351 1472 2422 Itaque
1501 2352 1822 2421 aliquando,
1849 2353 2094 2422 quamvis

503 2458 610 2498 non
639 2444 893 2515 culpabili
923 2445 1212 2515 cupiditate
1233 2487 1248 2510 ,
1280 2445 1376 2500 sed
1405 2445 1657 2499 laudabili
1689 2445 1948 2500 charitate
1973 2461 2093 2500 mo-

505 2550 742 2602 veamur,
771 2537 928 2592 etiam
960 2537 1087 2592 dum
1116 2536 1362 2591 nolumus
1383 2577 1396 2600 ,
1425 2536 1636 2591 ﬂemus.
1669 2535 1940 2591 Habemus
1967 2551 2097 2607 ergo

506 2644 598 2685 eas
637 2646 703 2685 ex
746 2629 996 2685 humana:
1038 2630 1361 2686 conditionis
1402 2629 1712 2684 inﬁrmitate
1739 2648 1752 2681 :
1778 2644 1885 2683 non
1918 2639 2097 2684 autem

507 2721 580 2776 ita
607 2721 862 2778 Dominus
887 2721 1077 2786 Jesus,
1107 2722 1258 2792 cujus
1288 2733 1343 2776 et
1365 2723 1382 2754 ¹
1409 2722 1691 2776 inﬁrmitas
1722 2721 1819 2775 fuit
1849 2736 1916 2776 ex
1941 2730 2098 2791 pote-
2169 2727 2174 2732 '

508 2823 667 2872 state,
711 2814 814 2869 Sed
845 2815 971 2869 dum
998 2814 1121 2870 vita:
1161 2814 1319 2884 hujus
1360 2814 1725 2869 inﬁrmitatem
1754 2815 2022 2884 gerimus,
2054 2814 2099 2868 si

509 2922 603 2963 eas
629 2908 849 2962 omnino
877 2909 1046 2963 nullas
1077 2907 1370 2963 habeamus
1391 2949 1406 2975 ,
1443 2915 1569 2961 tunc
1607 2908 1786 2976 potius
1820 2924 1926 2962 non
1956 2915 2102 2963 recte

510 3001 758 3055 vivimus.
791 2999 1137 3070 Vituperabat
1163 3001 1307 3056 enim
1338 3010 1392 3054 et
1417 3000 1782 3056 detestabatur
1815 3001 2102 3072 Apostolus

510 3092 790 3162 quosdam,
814 3107 950 3163 quos
975 3094 1135 3147 etiam
1164 3107 1282 3148 csse
1312 3093 1444 3147 dixit
1474 3093 1590 3148 sine
1611 3093 1895 3149 affectione
1922 3093 2100 3164 (Rom.

513 3201 551 3250 ι,
582 3185 693 3254 51).
721 3183 966 3255 Culpavit
994 3186 1152 3239 etiam
1187 3186 1309 3240 illos
1335 3200 1490 3241 sacer
1521 3185 1784 3251 Psalmus,
1815 3186 1882 3239 de
1912 3186 2104 3256 quibus

511 3278 851 3341 ait,Sustinui
876 3279 962 3346 qui
981 3279 1135 3332 simul
1158 3279 1566 3342 contristaretur,
1598 3287 1646 3330 et
1675 3294 1775 3332 non
1801 3278 1897 3347 fuit
1929 3277 2102 3348 (Psal.

514 3386 674 3425 vaut
699 3412 714 3436 ,
753 3369 867 3442 21).
906 3371 1041 3426 Nam
1067 3371 1290 3425 omnino
1317 3387 1420 3426 non
1451 3371 1657 3437 dolere,
1687 3370 1812 3424 dum
1841 3385 2025 3424 sumus
2053 3372 2104 3424 in

515 3459 615 3517 hoc
646 3462 765 3516 loco
793 3463 1042 3528 miseriae,
1076 3463 1334 3532 profecto,
1364 3463 1504 3516 sicut
1529 3462 1747 3532 quidam
1775 3463 1935 3516 etiam
1964 3462 2107 3532 apud

513 3553 697 3607 saeculi
742 3552 902 3622 hujus
952 3555 1215 3608 litteratos
1267 3554 1435 3608 sensit
1471 3562 1525 3608 et
1551 3552 1684 3608 dixit
1714 3552 1812 3625 (a),
1846 3569 1952 3607 non
1993 3555 2111 3610 sine

515 3662 705 3717 magna
734 3647 978 3702 mercede
1004 3648 1283 3718 contingit,
1309 3648 1660 3702 immanitatis
1688 3648 1739 3700 in
1768 3646 1968 3711 animo,
1992 3655 2109 3701 stu-

517 3743 662 3810 poris
691 3741 742 3794 in
773 3755 1017 3808 corpore.
1043 3739 1302 3807 Quocirca
1332 3740 1419 3794 illa
1448 3754 1568 3808 qua:
1596 3742 1811 3793 ἀπάθεια
1830 3751 2004 3809 graece
2025 3737 2112 3792 di-

516 3834 655 3890 citur
675 3875 690 3900 ,
723 3849 841 3903 quae
866 3833 910 3886 si
941 3833 1103 3887 latine
1132 3841 1349 3902 posset,
1388 3830 1790 3900 impassibilitas
1817 3830 2108 3897 diceretur,

515 3924 562 3980 si
593 3926 662 3979 ita
689 3923 1032 3994 intelligenda
1063 3933 1146 3978 est
1172 3925 1261 3993 (in
1292 3923 1472 3978 animo
1502 3923 1698 3992 quippe
1719 3962 1733 3986 ,
1764 3937 1870 3976 non
1905 3923 1957 3976 in
1985 3937 2113 3976 cor-

517 4033 651 4088 pore
675 4017 981 4089 accipitur),
1004 4025 1063 4072 ut
1087 4017 1205 4072 sine
1235 4016 1318 4070 his
1345 4015 1719 4071 affectionibus
1739 4015 1968 4080 vivatur,
1994 4032 2114 4086 qua:

517 4119 705 4166 contra
750 4111 1012 4165 rationem
1064 4108 1312 4164 accidunt
1358 4115 1704 4178 mentemque
1759 4109 2109 4177 perturbant,

520 4202 656 4257 bena
689 4201 846 4272 plane
874 4211 929 4256 et
959 4203 1190 4256 maxime
1211 4199 1442 4270 optanda
1469 4208 1584 4264 est;
1618 4200 1712 4255 sed
1741 4215 1841 4256 nec
1865 4201 1976 4269 ipsa
2007 4199 2113 4256 hu-

515 4293 604 4366 jus
629 4302 715 4349 est
739 4294 881 4348 vitae.
906 4293 1020 4348 Non
1051 4295 1195 4347 enim
1219 4293 1689 4364 qualiumcumque
1712 4293 1986 4348 hominum
2009 4310 2117 4350 vox

521 4394 640 4452 est,
668 4384 763 4441 sed
790 4385 1022 4440 maxime
1051 4384 1261 4454 piorum
1288 4384 1626 4455 multumque
1662 4387 1930 4453 justorum
1958 4395 2119 4456 atque

523 4486 850 4542 sanctorum,
883 4475 944 4530 Si
971 4475 1246 4530 dixerimus
1274 4475 1515 4546 quoniam
1542 4484 1807 4546 peccatum
1833 4492 1935 4530 non
1965 4476 2120 4532 habe-

522 4585 634 4622 mus
655 4609 670 4633 ,
713 4585 804 4622 nos
842 4569 980 4637 ipsos
999 4567 1297 4621 xseducimus
1316 4609 1332 4634 ,
1373 4576 1424 4622 et
1461 4569 1643 4622 veritas
1667 4568 1722 4622 in
1749 4567 1892 4624 nobis
1919 4585 2022 4624 non
2047 4577 2120 4626 est

530 4660 574 4732 (ι
592 4660 750 4715 Joan.
779 4678 817 4728 ι,
844 4659 923 4732 8).
951 4659 1101 4716 Tunc
1131 4662 1307 4731 itaque
1337 4664 1547 4716 ἀπάθεια
1585 4661 1686 4715 ista
1731 4662 1831 4716 erit
1852 4704 1866 4726 ,
1905 4661 2120 4733 quando

525 4761 800 4824 peccatum
824 4753 876 4807 in
902 4752 1117 4806 homine
1139 4752 1342 4806 nullum
1361 4753 1482 4806 erit.
1505 4749 1657 4806 Nunc
1679 4766 1806 4806 vero
1828 4752 1956 4806 satis
1981 4752 2121 4808 bene

523 4847 736 4912 vivitur,
765 4847 808 4900 si
839 4847 954 4901 sine
978 4845 1201 4901 crimine
1235 4860 1249 4900 :
1288 4846 1404 4900 sine
1447 4852 1670 4915 peccato
1707 4855 1888 4900 autem
1930 4846 2021 4916 qui
2061 4861 2123 4902 se

525 4942 705 4996 vivere
726 4941 1013 5005 existimat,
1037 4955 1140 4994 non
1164 4941 1214 4996 id
1236 4943 1362 5010 agit.
1388 4949 1445 4994 nt
1468 4950 1744 5010 peccatum
1769 4956 1876 4996 non
1906 4942 2120 5009 habeat,

529 5033 621 5088 sed
656 5042 712 5086 ut
738 5033 947 5087 veniam
977 5048 1082 5087 non
1112 5033 1356 5101 accipiat.
1403 5031 1571 5086 Porro
1600 5033 1645 5087 si
1681 5035 1896 5087 ἀπάθιια
1926 5032 2015 5086 illa
2041 5031 2125 5088 di-

532 5126 698 5179 cenda
723 5135 824 5192 est,
849 5141 970 5180 cum
993 5126 1227 5180 animum
1252 5127 1272 5157 ³
1303 5124 1615 5194 contingere
1643 5125 1865 5180 omnino
1896 5138 2002 5178 non
2027 5139 2120 5193 po—

532 5225 632 5271 test
665 5219 806 5272 ullus
831 5218 1082 5283 all‘ectus,
1112 5217 1232 5287 quis
1261 5217 1401 5272 hunc
1431 5227 1706 5288 stuporem
1738 5233 1842 5271 non
1874 5216 2125 5272 omnibus

531 5309 674 5363 vitiis
700 5311 902 5380 judicet
927 5328 1046 5366 esse
1077 5311 1350 5381 pejorem?
1394 5311 1578 5368 Potest
1603 5325 1732 5382 ergo
1761 5326 1868 5366 non
1894 5310 2127 5366 absurde

537 5401 639 5457 dici
684 5405 972 5470 perfectam
1013 5403 1396 5459 beatitudinem
1440 5404 1557 5459 sine
1585 5403 1803 5458 stimulo
1829 5401 2036 5457 timoris
2074 5409 2130 5457 et

537 5496 653 5550 sine
683 5495 786 5548 ulla
819 5495 1030 5548 tristitia
1059 5495 1291 5551 futuram
1334 5515 1348 5552 :
1387 5512 1495 5552 non
1550 5497 1621 5552 ibi
1665 5505 1842 5551 autem
1891 5493 2128 5549 futurum

538 5603 775 5641 amorem
807 5588 1166 5657 gaudiumque
1191 5589 1308 5659 quis
1340 5588 1568 5657 dixerit,
1601 5588 1704 5644 nisi
1730 5587 1878 5643 omni
1910 5584 2070 5642 modo
2097 5600 2130 5642 ι

603 5727 619 5758 ¹
658 5721 910 5788 νὲπὶίσυιδν
929 5727 991 5781 ειν
1017 5723 1159 5788 abest
1178 5735 1207 5773 a
1228 5731 1334 5774 Mss.
1358 5722 1624 5788 plerisque.

603 5790 623 5819 ²
657 5784 824 5834 Plures
843 5795 966 5844 \tss.,
985 5783 1160 5834 animo.

541 5850 894 5965 ὥωξυὲἓιιέ
911 5847 1224 5900 Academicus
1235 5849 1363 5914 apud
1375 5851 1658 5902 Ciceronem
1674 5849 1726 5899 in
1744 5845 1936 5900 Tuscul.
1954 5851 2133 5906 Quaest.

1581 401 1671 458 DE
1705 399 2032 457 CWITATE
2069 398 2208 468 DEI,
2247 398 2306 455 S.
2346 395 2716 456 AUGUSTINI

3667 396 3778 456 416

2181 511 2410 567 veritate
2449 509 2731 566 seclusus?
2759 508 2814 564 Si
2841 516 3018 566 autem
3043 512 3254 566 studiosus
3291 509 3382 566 illa
3411 519 3526 581 est,
3554 511 3645 566 ubi
3675 527 3778 568 nec

2179 609 2355 658 metus
2382 602 2520 656 ullus
2544 610 2800 668 exterret,
2831 612 2933 656 nec
2959 601 3106 672 angit
3130 601 3282 656 dolor
3305 603 3347 668 ⁸,
3371 601 3667 658 aversanda
3692 611 3782 659 est

2182 694 2235 748 in
2266 693 2366 748 hac
2390 695 2519 759 vita,
2547 694 2592 748 si
2619 702 2787 756 recte,
2819 692 2922 747 hoc
2941 702 3024 748 est
3049 693 3342 748 secundum
3375 693 3562 760 Deum,
3589 695 3781 750 vivere

2181 789 2462 843 volumus:
2489 789 2543 842 in
2571 788 2660 842 illa
2687 803 2818 843 vero
2849 787 3026 855 beata,
3049 803 3169 858 quae
3197 787 3522 859 sempiterna
3552 789 3777 858 promib

2120 922 2124 928 .
2184 881 2330 947 titur,
2359 881 2517 951 plane
2545 880 2807 950 speranda
2836 889 2918 934 est
2940 882 2986 938 ὀ

2256 973 2310 1027 5.
2351 971 2536 1026 Timor
2560 987 2790 1041 namque
2816 972 2909 1027 ille
2932 971 2999 1026 de
3023 987 3129 1041 quo
3152 971 3283 1026 dicit
3310 973 3584 1041 apostolus
3603 970 3780 1026 Joan-

2185 1080 2279 1120 nes
2301 1107 2316 1129 ,
2343 1063 2518 1118 Timor
2543 1081 2646 1118 non
2665 1074 2737 1118 est
2765 1065 2819 1117 in
2847 1064 3093 1117 charitate
3112 1105 3126 1128 ,
3163 1063 3253 1118 sed
3293 1068 3512 1134 perfecta
3553 1065 3783 1117 charitas

2187 1157 2327 1225 [oras
2353 1157 2502 1208 mittit
2531 1155 2779 1218 timorem,
2806 1157 2924 1224 quia
2952 1157 3102 1208 timor
3127 1170 3329 1222 poenam
3353 1154 3536 1219 habet;
3578 1154 3666 1222 qui
3685 1169 3786 1206 au-

2187 1257 2283 1300 tem
2299 1247 2458 1312 timet,
2479 1263 2579 1298 non
2596 1255 2670 1300 cst
2694 1250 2948 1317 perfectus
2975 1247 3025 1299 in
3047 1246 3291 1300 charitate
3311 1245 3353 1318 (l
3373 1244 3530 1299 Joan.
3562 1263 3636 1312 tv,
3666 1244 3783 1316 18),

2187 1354 2292 1392 non
2339 1338 2581 1406 est.ejus
2627 1339 2840 1407 generis
2871 1339 3051 1404 timor,
3080 1339 3232 1407 cujus
3280 1338 3368 1392 ille
3409 1353 3517 1408 quo
3561 1339 3789 1393 timebat

2187 1430 2461 1498 apostolus
2489 1429 2703 1494 Paulus,
2734 1446 2800 1484 ne
2827 1429 3089 1483 Corinthii
3121 1430 3426 1498 serpentina
3455 1431 3788 1485 seduceren-

2191 1529 2276 1574 tur
2300 1520 2492 1574 astutia
2527 1519 2602 1591 (ll
2623 1519 2744 1578 Cor.
2778 1537 2851 1584 χι,
2881 1521 2971 1592 5);
3006 1520 3148 1575 hunc
3173 1521 3316 1576 enim
3349 1522 3592 1577 timorem
3623 1521 3791 1578 habet

2191 1612 2424 1666 charitas
2447 1603 2465 1675 ξ
2491 1613 2598 1666 imo
2627 1612 2730 1666 nbn
2767 1612 2928 1666 habet
2959 1613 3059 1667 nisi
3090 1613 3322 1667 charitas
3358 1633 3370 1668 :
3405 1614 3500 1668 sed
3535 1615 3676 1669 illius
3703 1625 3790 1669 est

2191 1705 2403 1774 generis
2432 1706 2611 1770 timor,
2641 1706 2730 1774 qui
2764 1720 2867 1758 non
2898 1715 2981 1760 est
3011 1706 3063 1760 in
3095 1707 3386 1768 charitate;
3417 1707 3484 1762 de
3523 1723 3632 1776 quo
3671 1709 3794 1777 ipse

2192 1798 2468 1866 apostolus
2496 1797 2692 1852 Paulus
2713 1799 2807 1864 ait,
2834 1796 2955 1851 Non
2978 1798 3110 1851 enim
3133 1799 3397 1866 accepistis
3425 1800 3658 1868 spiritum
3679 1817 3792 1854 ser-
3825 1829 3831 1835 -

2193 1891 2362 1943 vitatis
2391 1891 2570 1944 iterum
2598 1890 2650 1943 in
2682 1891 2910 1944 timorem
2932 1889 2954 1921 ³
2981 1890 3158 1960 (Rom.
3187 1906 3298 1954 vm,
3326 1889 3440 1961 15).
3468 1890 3640 1945 Timor
3662 1907 3797 1948 vero

2196 1981 2286 2034 ille
2316 1990 2514 2046 castus,
2543 1997 2840 2049 permanens
2865 1982 2916 2034 in
2942 1982 3187 2036 saeculum
3211 1982 3384 2035 διεθηιί
3419 1980 3587 2053 (Psal.
3620 1999 3752 2038 xvul
3772 2025 3790 2050 ,

2198 2073 2332 2145 10),
2359 2075 2403 2128 si
2431 2075 2531 2130 erit
2563 2084 2617 2129 et
2643 2075 2694 2128 in
2728 2073 2906 2129 futuro
2933 2076 3152 2140 sarculo,
3188 2076 3334 2145 (nam
3361 2092 3466 2143 quo
3492 2075 3596 2130 alio
3628 2076 3794 2134 modo

2196 2176 2372 2236 potest
2417 2166 2638 2236 intelligi
2685 2181 3002 2234 permanere
3040 2169 3094 2221 in
3123 2168 3379 2221 saeculum
3408 2168 3656 2238 saeculi?)
3685 2185 3797 2223 non

2197 2271 2279 2314 est
2299 2262 2460 2315 timor
2479 2269 2759 2316 exterrens
2779 2275 2807 2312 a
2833 2259 2994 2323 malo,
3019 2260 3159 2328 quod
3191 2259 3435 2314 accidere
3463 2270 3670 2329 potest;
3698 2261 3800 2316 sed

2198 2363 2388 2408 tenens
2435 2354 2486 2406 in
2533 2353 2710 2418 bono,
2739 2353 2883 2422 quod
2925 2353 3095 2406 amitti
3140 2367 3244 2406 non
3293 2362 3487 2422 potest.
3518 2351 3617 2408 Ubi
3648 2354 3800 2408 enim

2200 2446 2325 2500 boni
2368 2444 2547 2513 adepti
2578 2461 2729 2498 amor
2759 2443 3106 2498 immutabilis
3137 2454 3250 2507 est,
3285 2443 3526 2512 profecto
3547 2486 3561 2508 ,
3597 2445 3642 2497 si
3685 2443 3799 2498 dici

2201 2547 2395 2608 potest,
2416 2536 2542 2590 mali
2563 2536 2785 2590 cavendi
2812 2537 2970 2589 timor
2992 2549 3214 2596 securus
3231 2543 3331 2588 est.
3350 2533 3580 2588 Timoris
3601 2535 3804 2604 quippe

2202 2629 2334 2683 casti
2362 2628 2578 2682 nomine
2608 2641 2671 2680 ea
2701 2626 2950 2680 voluntas
2975 2623 3271 2695 significata
3303 2633 3405 2688 est,
3439 2641 3541 2693 qua
3570 2639 3667 2679 nos
3701 2640 3804 2679 ne-

2203 2736 2355 2776 cesse
2383 2721 2486 2774 erit
2516 2720 2658 2774 nolle
2690 2734 2934 2786 peccare,
2966 2729 3020 2772 et
3048 2733 3154 2771 non
3180 2718 3538 2776 sollicitudine
3570 2717 3804 2772 infirmi-

2209 2813 2350 2876 tatis,
2382 2827 2450 2866 ne
2480 2810 2618 2865 forte
2648 2825 2952 2880 peccemus,
2985 2808 3078 2864 sed
3112 2809 3498 2879 tranquillitate
3524 2809 3834 2890 charitatig

2206 2919 2398 2960 cavere
2427 2915 2723 2972 peccatum.
2755 2906 2862 2957 Aut
2883 2904 2927 2957 si
2956 2903 3152 2958 nullius
3175 2903 3393 2957 omnino
3413 2905 3619 2972 generis
3643 2905 3810 2958 timor

2208 3013 2327 3053 esse
2357 2997 2553 3066 poterit
2579 2997 2631 3050 in
2660 2997 2748 3050 illa
2780 2997 3081 3051 certissima
3106 2996 3394 3050 securitate
3420 3007 3806 3064 perpetuorum

2208 3090 2548 3160 feliciumque
2573 3089 2921 3160 gaudiorum;
2945 3089 3022 3142 sic
3047 3088 3247 3140 dictum
3273 3097 3377 3152 est,
3405 3086 3577 3140 Timor
3597 3085 3815 3141 Domini

2209 3193 2399 3248 castus,
2430 3197 2728 3253 permanens
2759 3181 2811 3233 in
2836 3177 3083 3233 swculum
3113 3177 3289 3231 saeculi
3314 3219 3327 3242 ,
3355 3176 3815 3246 quemadmodum

2210 3275 2408 3329 dictum
2433 3283 2534 3340 est,
2571 3271 2828 3326 Patientia
2858 3287 3136 3342 pauperum
3159 3285 3260 3322 non
3291 3268 3469 3339 peribit
3490 3269 3542 3322 in
3563 3279 3817 3323 aeternum

2213 3365 2382 3436 (Psal.
2408 3383 2483 3433 Ix,
2514 3367 2622 3435 l9).
2649 3365 2829 3434 Neque
2856 3363 2997 3418 enim
3027 3371 3226 3416 aeterna
3256 3360 3357 3415 erit
3387 3361 3499 3431 ipsa
3529 3360 3813 3429 patientia,

2211 3474 2332 3529 quae
2359 3457 2663 3513 necessaria
2687 3474 2791 3510 non
2823 3467 2924 3521 est,
2950 3455 3053 3509 nisi
3075 3454 3164 3509 ubi
3190 3454 3464 3508 toleranda
3489 3463 3614 3507 sunt
3636 3455 3777 3508 mala
3801 3471 3814 3508 :

2215 3554 2311 3610 sed
2340 3563 2602 3609 aeternum
2627 3553 2746 3618 erit,
2776 3567 2881 3624 quo
2912 3568 3006 3622 per
3034 3549 3343 3621 patientiam
3377 3548 3705 3618 pervenitur.
3738 3547 3819 3601 lta

2215 3648 2441 3704 fortasse
2485 3647 2648 3702 timor
2687 3656 2866 3700 castus
2911 3645 2964 3698 in
3008 3643 3262 3698 smculum
3305 3639 3488 3695 saeculi
3519 3639 3693 3694 dictus
3731 3647 3823 3692 est

2217 3758 2562 3814 permanere,
2595 3741 2717 3812 quia
2747 3740 2797 3794 id
2830 3737 3196 3810 permanebit,
3221 3749 3329 3807 quo
3356 3736 3515 3790 timor
3546 3733 3660 3802 ipse
3689 3745 3819 3801 per-

2217 3835 2384 3891 ducit.

2290 3928 2343 3982 6.
2371 3926 2499 3994 Quac
2526 3939 2646 3980 cum
2680 3923 2750 3977 ita
2781 3921 2920 3987 sint,
2972 3919 3221 3989 quoniam
3262 3925 3408 3972 recta
3434 3914 3539 3967 vita
3569 3912 3823 3966 ducenda

2218 4027 2322 4084 est,
2345 4033 2446 4087 qua
2480 4013 2903 4084 perveniendum
2930 4012 2993 4065 sit
3022 4011 3088 4064 ad
3114 4011 3343 4073 beatam,
3375 4019 3564 4060 omnes
3594 4002 3824 4058 affectus

2220 4111 2354 4166 istos
2400 4109 2508 4162 vita
2558 4116 2704 4162 recta
2749 4114 2925 4159 rectos
2973 4103 3170 4168 habet,
3212 4113 3464 4170 perversa
3509 4109 3826 4165 perversos.

2219 4202 2381 4258 Beata
2403 4216 2530 4255 vero
2560 4199 2852 4268 eademque
2875 4206 3074 4250 aeterna
3099 4207 3337 4248 amorem
3369 4188 3582 4244 habebit
3609 4196 3666 4242 et
3691 4202 3832 4258 gau-

2222 4294 2368 4350 dium
2400 4308 2505 4346 non
2531 4292 2707 4345 solum
2736 4298 2962 4353 rectum,
2994 4301 3178 4340 verum
3195 4284 3353 4339 etiam
3382 4291 3622 4344 certum;
3657 4280 3828 4333 timo-

2222 4403 2337 4444 rem
2379 4396 2555 4440 autem
2587 4399 2650 4438 ac
2697 4383 2938 4437 dolorem
2984 4377 3209 4434 nullum.
3251 4375 3405 4432 Unde
3445 4376 3552 4443 jam
3600 4379 3835 4442 apparet

2223 4490 2509 4548 utcumque
2528 4519 2543 4544 ,
2577 4475 2759 4546 quales
2785 4489 2903 4530 esse
2931 4471 3160 4527 debeant
3185 4469 3238 4523 in
3265 4467 3364 4522 hac
3393 4464 3834 4537 peregrinatione

2224 4574 2369 4630 cives
2389 4570 2618 4626 civitatis
2651 4569 2741 4622 Dei
2765 4609 2778 4635 ,
2823 4567 3063 4622 viventes
3090 4559 3382 4617 secundum
3413 4556 3680 4628 spiritum,
3714 4569 3834 4609 non

2225 4664 2516 4723 secundum
2549 4675 2763 4716 carnem
2785 4700 2800 4725 ,
2852 4659 2952 4712 hoc
2994 4664 3110 4721 est,
3159 4651 3449 4708 secundum
3477 4649 3642 4704 Deum
3671 4689 3685 4710 ,
3715 4661 3838 4704 non

2226 4757 2519 4815 secundum
2570 4754 2840 4808 hominem
2877 4769 2888 4804 :
2921 4761 2972 4804 et
3003 4748 3187 4816 quales
3215 4747 3268 4800 in
3312 4745 3398 4798 illa
3438 4757 3543 4811 quo
3573 4739 3836 4807 tendunt,

2227 4849 2625 4906 immortalitate
2646 4844 2806 4900 futuri
2841 4843 2966 4896 sint.
3017 4839 3216 4895 Civitas
3242 4850 3421 4906 porro,
3454 4834 3503 4888 id
3535 4840 3618 4888 est
3645 4833 3840 4887 socie-

2229 4954 2309 4999 tas
2331 4983 2347 5010 ,
2379 4941 2665 5012 impiorum
2704 4951 2809 4990 non
2835 4931 3126 4989 secundum
3156 4931 3321 4984 Deum
3342 4968 3357 4992 ,
3390 4925 3484 4981 sed
3527 4923 3842 4978 secundum

2230 5037 2502 5092 hominem
2527 5033 2840 5097 viventium,
2855 5037 2910 5084 et
2935 5028 2987 5082 in
3005 5027 3124 5096 ipso
3141 5025 3285 5079 cultu
3306 5021 3476 5087 falsze,
3497 5026 3710 5074 contem
3721 5028 3774 5086 pt
3785 5034 3847 5072 u-

2230 5144 2333 5200 que
2350 5143 2489 5182 verze
2505 5122 2814 5185 divinitatis.
2844 5119 3114 5175 doctrinas
3141 5113 3417 5170 hominum
3448 5112 3851 5166 dacmonumve

2232 5219 2548 5276 sectantium
2569 5257 2585 5283 ,
2633 5215 2715 5268 his
2742 5211 3020 5267 aﬂ'ectibus
3049 5208 3228 5279 pravis
3271 5216 3520 5274 tanquam
3548 5201 3754 5255 morbis
3789 5212 3853 5256 et

2234 5307 2723 5383 perturbationibus
2751 5305 3007 5375 quatitur.
3039 5302 3104 5356 Et
3133 5301 3176 5356 si
3206 5313 3338 5370 quos
3375 5297 3522 5352 cives
3550 5294 3714 5349 habet
3745 5296 3854 5363 qui

2234 5401 2504 5460 moderari
2541 5399 2736 5454 talibus
2771 5396 3005 5451 motibus
3031 5402 3086 5448 et
3110 5406 3203 5447 eos
3231 5389 3380 5461 quasi
3419 5397 3725 5456 temperare
3751 5386 3853 5439 vi-

2237 5495 2463 5551 deantur
2488 5533 2501 5559 ,
2543 5492 2619 5546 sic
2648 5491 2921 5562 impietate
2955 5484 3170 5556 superbi
3204 5493 3257 5538 et
3283 5481 3407 5537 elati
3434 5488 3593 5547 sunt,
3643 5488 3701 5532 ut
3734 5479 3854 5534 hoc

2301 5655 2318 5686 ι
2357 5661 2460 5701 Mss.
2487 5645 2722 5706 nonnulli,
2746 5658 2833 5695 nec
2857 5641 3008 5706 tangit
3025 5639 3180 5707 dolor.
3400 5698 3411 5707 _
3550 5703 3560 5707 _
3611 5702 3629 5707 _
3789 5697 3829 5707 _,

2285 5717 2323 5754 ³
2356 5698 2615 5763 viridem.
2643 5719 2694 5758 et
2710 5698 2813 5768 Ἰζικ,
2839 5698 2980 5758 timor
3003 5701 3144 5766 plane
3167 5698 3470 5772 superanda?
3491 5703 3587 5772 εει,
3611 5702 3757 5772 ιλοΧοε
3780 5698 3858 5746 ’ί-

2237 5791 2342 5829 mor
2357 5760 2497 5840 plane
2507 5772 2776 5840 sperandus
2791 5760 2878 5840 est.
2895 5776 2949 5818 At
2967 5760 3469 5840 tinearent
3485 5760 3661 5820 verbo,
3673 5760 3861 5824 timor;

2241 5825 2516 5896 tit—habent,
2533 5825 2782 5902 speranda
2803 5837 2892 5893 est,
2906 5828 3098 5902 scilicet
3120 5825 3360 5902 aput-heia.

2535 5887 2664 5960 ιιιλς..
2687 5887 2974 5949 iauochstc
2994 5893 3142 5945 etiam
3152 5887 3374 5950 'Vulsau-
3440 5891 3499 5934 κο

2795 6005 2828 6021 ρ
