4054 6488
240 441 356 504 ipso
385 432 442 488 in
469 433 555 489 eis
578 433 691 489 sint
726 432 958 504 majores
986 440 1224 488 tumores
1246 471 1261 497 ,
1293 443 1399 501 quo
1424 431 1658 486 minores
1685 428 1838 484 dolo-

245 541 345 582 res.
381 525 450 580 Et
478 525 527 580 si
558 525 804 581 nonnulli
831 533 977 580 tanto
1003 523 1353 590 immaniore,
1404 531 1602 590 quanto
1639 521 1842 575 rariore

245 618 476 672 vanitate
510 617 689 672 hocin
719 631 780 672 se
810 617 942 687 ipsis
966 614 1349 678 adamaverint,
1368 621 1428 668 ut
1449 613 1595 668 nullo
1623 625 1842 682 prorsus

245 707 515 778 erigantur
538 717 596 762 et
626 709 925 763 excitentur
948 749 964 773 ,
1012 706 1160 761 nullo
1199 703 1480 760 ﬂectantur
1508 713 1667 773 atque
1694 702 1845 756 incli-

247 807 437 852 nentur
465 797 704 864 affectu;
753 798 1137 853 humanitatem
1168 804 1331 851 totam
1363 795 1537 866 potius
1570 794 1838 858 amittunt,

253 905 406 961 quam
439 906 625 947 veram
651 899 1002 962 assequuntur
1026 890 1480 960 tranquillitatem.
1537 887 1652 942 Non
1701 887 1842 941 enim

248 983 364 1053 quia
395 983 594 1039 durum
622 984 844 1055 aliquid,
877 984 998 1040 ideo
1028 995 1272 1049 rectum;
1300 990 1392 1037 aut
1417 981 1542 1052 quia
1569 978 1839 1048 stupidum

248 1083 355 1140 est,
385 1075 511 1132 ideo
535 1089 725 1132 sanum
761 1076 860 1149 (a).
1159 1093 1230 1131 α

250 1184 476 1244 CAPUT
507 1189 577 1244 Χ.
602 1219 678 1232 -
719 1189 799 1244 An
841 1190 1030 1261 primo:
1064 1190 1288 1244 homines
1313 1189 1367 1242 in
1396 1187 1636 1256 paradiso
1659 1186 1845 1241 consti-

323 1290 456 1336 tutos
502 1283 658 1338 nullis
687 1283 1164 1353 perturbationibus,
1193 1283 1488 1353 priusquam
1517 1279 1842 1350 deliquerint,

318 1376 533 1445 affectos
554 1377 714 1446 fuisse
739 1375 1047 1431 credendum
1073 1377 1162 1430 sit.

316 1492 423 1548 Sed
453 1501 633 1547 utrum
678 1492 882 1560 primus
923 1491 1084 1546 homo
1113 1492 1198 1547 vel
1225 1491 1382 1560 primi
1419 1485 1664 1546 homines
1692 1489 1846 1562 (duo-

250 1602 364 1641 rum
405 1593 527 1641 erat
559 1587 756 1656 quippe
783 1582 1125 1655 conjugium)
1158 1584 1424 1640 habebant
1465 1585 1597 1639 istos
1623 1583 1845 1637 allectus

252 1677 303 1730 in
336 1691 565 1745 corpore
591 1677 805 1730 animali
832 1684 955 1730 ante
982 1686 1257 1745 peceatum
1282 1717 1299 1744 ,
1329 1677 1514 1746 quales
1540 1676 1594 1730 in
1621 1690 1847 1745 corpore

251 1769 511 1838 spirituali
536 1783 642 1823 non
663 1768 996 1834 habebimus,
1029 1769 1174 1822 omni
1197 1780 1419 1838 purgato
1440 1767 1692 1837 finitoque
1723 1781 1847 1835 pec-

251 1871 386 1926 cato,
421 1876 529 1915 non
556 1861 825 1915 immerito
853 1861 1131 1930 qumritur.
1156 1860 1210 1915 Si
1233 1861 1374 1915 enim
1400 1860 1686 1924 habebant,
1712 1875 1847 1929 quo-

254 1952 410 2007 modo
432 1963 589 2008 erant
612 1954 749 2008 beati
773 1953 823 2006 in
857 1953 946 2007 illo
973 1953 1307 2008 memorabili
1335 1953 1676 2007 beatitudinis
1706 1952 1843 2017 loco,

252 2045 302 2098 id
343 2053 430 2100 est
473 2045 760 2115 paradiso?
806 2045 955 2118 Quis
985 2046 1201 2100 tandem
1240 2045 1482 2099 absolute
1521 2045 1625 2100 dici
1663 2045 1849 2098 beatus

253 2147 447 2206 potest,
477 2137 571 2207 qui
599 2139 790 2193 timore
825 2136 1054 2193 afficitur
1078 2179 1092 2204 ,
1121 2137 1207 2192 vel
1238 2136 1460 2192 dolore?
1503 2136 1639 2204 Quid
1671 2146 1848 2190 autem

253 2231 444 2286 timere
483 2239 579 2286 aut
621 2231 808 2286 dolere
839 2241 1084 2304 poterant
1124 2231 1196 2284 illi
1224 2229 1470 2284 homines
1498 2231 1548 2283 in
1579 2239 1846 2284 tantorum

249 2331 395 2377 tanta
422 2321 697 2376 afﬂuentia
731 2322 990 2376 bonorum
1013 2365 1029 2390 ,
1064 2322 1150 2375 ubi
1185 2337 1286 2376 nec
1315 2337 1462 2376 mors
1491 2321 1846 2384 metuebatur,

251 2429 346 2468 nec
391 2414 501 2468 ulla
550 2415 792 2483 corporis
832 2415 970 2468 mala
1019 2413 1294 2484 valetudo;
1342 2420 1459 2473 nec;
1478 2413 1662 2467 aberat
1690 2411 1848 2482 quid-

249 2521 438 2574 quam,
470 2506 614 2575 quod
660 2506 798 2562 bona
828 2506 1078 2560 voluntas
1102 2505 1517 2574 adipisceretur,
1552 2518 1649 2558 nec
1679 2504 1852 2557 inerat

251 2599 391 2669 quod
441 2614 661 2656 carnem
714 2599 1018 2652 animumve
1066 2597 1300 2652 hominis
1346 2597 1573 2651 feliciter
1624 2595 1850 2650 viventis

250 2691 585 2747 offenderet?
615 2694 781 2746 Amor
809 2700 925 2746 erat
947 2691 1362 2759 imperturbatus
1389 2689 1440 2743 in
1469 2689 1656 2754 Deum,
1689 2696 1850 2758 atque

250 2785 390 2841 inter
430 2801 490 2841 se
520 2786 806 2855 conjugum
835 2784 938 2839 fida
959 2792 1013 2839 et
1028 2785 1235 2838 sincera
1257 2784 1512 2837 societate
1533 2781 1848 2844 viventium,

251 2887 305 2931 et
344 2893 414 2933 ex
464 2877 572 2932 hoc
614 2891 798 2931 amore
848 2876 1051 2946 grande
1092 2875 1378 2945 gaudium,
1423 2890 1528 2928 non
1557 2873 1852 2928 desistente

253 2970 402 3040 quod
441 2971 728 3025 amabatur
767 2971 835 3025 ad
882 2969 1182 3024 fruendum.
1236 2969 1364 3023 Erat
1408 2968 1661 3024 devitatio
1705 2977 1854 3022 tran-

253 3062 415 3130 quilla
444 3063 686 3130 peccati,
735 3077 836 3131 qua
867 3069 1116 3116 manente
1155 3061 1356 3114 nullum
1392 3060 1612 3114 omnino
1641 3059 1856 3113 aliunde

254 3153 454 3208 malum
477 3196 493 3220 ,
529 3154 674 3224 quod
699 3154 1041 3243 contristat-et
1063 3196 1076 3219 ,
1109 3155 1366 3209 irruebat.
1392 3155 1474 3207 An
1504 3153 1641 3207 forte
1669 3152 1854 3221 cupie—

254 3244 383 3299 bant
428 3245 762 3314 prohibitum
792 3246 991 3315 lignum
1038 3245 1104 3299 ad
1145 3244 1471 3300 vescendum
1520 3246 1854 3314 contingere,

255 3339 346 3394 sed
370 3339 512 3394 mori
545 3339 880 3405 metuebant;
913 3353 976 3393 ac
1003 3353 1098 3408 per
1126 3339 1290 3393 hocet
1309 3338 1592 3409 cupiditas,
1612 3347 1664 3391 et
1684 3347 1858 3393 metus

257 3430 359 3501 jam
387 3440 519 3487 tunc
549 3431 671 3485 illos
701 3432 943 3485 homines
963 3431 1122 3486 etiam
1147 3432 1197 3484 in
1221 3431 1312 3484 illo
1337 3431 1682 3500 perturbabat
1702 3429 1860 3484 loco?

259 3523 411 3578 Absit
454 3532 518 3578 ut
561 3523 665 3578 hoc
696 3524 1062 3578 existimemus
1105 3523 1311 3587 fuisse,
1361 3521 1448 3576 ubi
1497 3522 1701 3576 nullum
1745 3529 1863 3576 erat

260 3615 478 3669 omnino
513 3623 814 3684 peccatum.
843 3613 1030 3685 Neque
1052 3614 1194 3667 enim
1215 3607 1425 3667 nullum
1450 3621 1724 3681 peccatum
1751 3621 1854 3676 est,

263 3720 322 3764 ea
348 3722 472 3776 quae
510 3705 599 3760 lex
628 3705 722 3761 Dei
751 3693 1408 3775 prohibet’concupiscere
1431 3745 1447 3771 ,
1477 3713 1637 3773 atque
1669 3703 1737 3758 ab
1777 3702 1860 3757 his

262 3800 537 3856 abstinere
563 3801 757 3854 timore
786 3814 960 3869 paenae
987 3841 1002 3866 ,
1045 3813 1150 3854 non
1191 3812 1375 3852 amore
1395 3796 1640 3866 justitiaa.
1683 3795 1858 3862 Absit,

264 3891 485 3963 inquam
514 3934 532 3961 ,
579 3901 640 3947 ut
679 3900 806 3946 ante
834 3889 993 3972 omni}
1020 3900 1297 3961 peccatum
1322 3889 1433 3959 jam
1464 3889 1536 3943 ibi
1566 3887 1728 3944 fuerit
1755 3888 1862 3942 tale

262 3995 564 4055 peccatum,
596 3991 658 4038 ut
683 3984 785 4039 hoc
809 3983 876 4038 de
903 3975 1047 4052 ligno
1073 3982 1441 4047 admitterent,
1471 3979 1612 4051 quod
1640 3980 1709 4035 de
1737 3995 1860 4034 mu-

265 4075 391 4132 liere
418 4076 681 4131 Dominus
707 4076 820 4142 ait,
855 4074 917 4130 Si
945 4076 1056 4143 quis
1094 4074 1277 4128 viderit
1297 4074 1555 4128 mulierem
1575 4073 1642 4127 ad
1671 4089 1862 4126 concu-

266 4167 564 4237 piscendum
595 4183 742 4234 eam,
769 4168 887 4238 jam
925 4166 1202 4220 mchatus
1249 4172 1320 4218 est
1358 4181 1470 4219 eam
1507 4165 1560 4218 in
1596 4165 1750 4218 corde
1770 4181 1864 4219 suo

266 4259 478 4330 (Matth.
501 4275 554 4323 v,
581 4259 696 4330 28).
727 4258 896 4328 Quam
927 4259 1086 4327 igitur
1116 4257 1298 4312 felices
1325 4266 1479 4312 erant
1503 4257 1660 4325 primi
1693 4256 1865 4312 homi-

269 4365 396 4417 nes,
446 4360 504 4406 et
552 4350 715 4404 nullis
759 4349 1096 4425 agitabantur
1142 4348 1629 4417 perturbationibus
1657 4348 1865 4404 animo-

269 4461 418 4510 rum,
451 4445 614 4499 nullis
637 4458 923 4512 corporum
954 4437 1282 4497 liedebantur
1310 4439 1667 4495 incommodis
1705 4457 1719 4492 :
1754 4449 1864 4494 tam

269 4537 391 4594 felix
425 4539 678 4593 universa
705 4537 934 4591 societas
973 4545 1114 4590 esset
1143 4535 1369 4590 humana
1397 4576 1410 4601 ,
1444 4536 1488 4589 si
1519 4550 1618 4589 nec
1649 4535 1722 4588 illi
1751 4549 1866 4589 ma-

269 4624 373 4678 lum
397 4666 415 4690 ,
463 4623 610 4694 quod
639 4623 798 4676 etiam
827 4623 879 4676 in
909 4629 1152 4691 posteros
1185 4619 1508 4690 trajecerunt
1527 4660 1542 4683 ,
1597 4633 1696 4673 nec
1719 4619 1866 4689 quis-

270 4732 424 4786 quam
459 4731 530 4771 ex
551 4729 738 4770 eorum
767 4714 935 4783 stirpe
962 4714 1291 4782 iniquitatem
1320 4711 1679 4766 committeret
1703 4751 1717 4776 ,
1745 4726 1864 4780 qua!

270 4809 671 4863 damnationem
699 4807 966 4876 reciperet
998 4825 1012 4860 :
1041 4816 1202 4876 atque
1240 4805 1338 4859 ista
1363 4805 1379 4836 ¹
1413 4812 1762 4874 permanente
1787 4803 1845 4860 fe

271 4902 468 4957 licitate
494 4944 510 4968 ,
543 4902 716 4957 donec
745 4917 838 4969 per
866 4900 1006 4954 illam
1043 4898 1473 4954 benedictionem
1496 4939 1511 4962 ,
1539 4913 1641 4967 qua
1665 4897 1865 4952 dictum

269 5002 386 5061 est,
418 4993 639 5048 Crescite
657 5033 670 5055 ,
698 5002 742 5046 et
765 4990 1175 5059 multiplicamini
1196 4987 1352 5059 (Gen.
1377 5004 1428 5054 ι,
1450 4988 1568 5060 28),
1594 4988 1870 5058 prazdesti-

269 5096 519 5141 natorum
548 5093 853 5139 sanctorum
883 5095 1139 5136 numerus
1160 5081 1538 5150 compleretur,
1567 5079 1670 5135 alia
1697 5079 1870 5151 major

269 5177 530 5243 daretur,
573 5191 694 5246 qum
737 5173 1060 5230 beatissimis
1086 5173 1303 5243 Angelis
1343 5172 1464 5227 data
1495 5181 1613 5228 est:
1647 5173 1734 5227 ubi
1757 5173 1868 5242 jam

268 5279 415 5326 esset
431 5281 582 5324 certa
604 5269 863 5324 securitas
888 5276 1230 5337 peccaturum
1258 5267 1551 5333 neminem,
1575 5265 1871 5321 neminem-

269 5379 374 5432 que
401 5362 726 5418 moriturum
758 5378 772 5414 :
800 5369 855 5414 et
885 5359 1004 5414 talis
1036 5367 1181 5413 esset
1223 5358 1326 5412 vita
1363 5367 1671 5412 sanctorum
1695 5398 1711 5425 ,
1749 5364 1873 5428 post

268 5457 477 5512 nullum
504 5455 710 5511 laboris
731 5495 745 5519 ,
774 5453 976 5509 doloris
992 5492 1009 5519 ,
1042 5450 1234 5507 mortis
1259 5450 1710 5520 experimentum,
1739 5463 1873 5520 qua-

333 5571 355 5604 ι
388 5570 582 5635 Aliquot
601 5575 733 5628 uss,
754 5567 842 5620 ita.

334 5631 410 5677 (aI
434 5633 606 5677 Medici
629 5630 916 5677 auibusdam
949 5628 1184 5677 membris
1216 5626 1424 5677 affectis.
1469 5639 1582 5677 cum
1614 5627 1714 5676 sani

334 5631 410 5696 (a)
434 5630 606 5684 medici
629 5630 916 5696 quibusdam
949 5630 1184 5680 membris
1216 5630 1424 5686 affectis,
1469 5639 1582 5699 eum
1614 5630 1873 5700 sanitatem

265 5694 452 5746 afferre
475 5701 751 5759 nequeunt,
774 5702 1022 5755 stuporem
1044 5690 1291 5759 inducunt,
1324 5696 1380 5759 ut
1400 5701 1529 5739 omni
1552 5687 1872 5759 dolorissen-

263 5750 709 5872 arserefaciant,
731 5750 830 5807 non
849 5750 948 5818 quo
979 5765 1097 5805 sana
1132 5754 1250 5814 sint,
1288 5751 1379 5802 sed
1400 5762 1467 5802 ne
1499 5750 1619 5813 quid
1637 5752 1872 5802 sentiant.

448 5835 568 5872 ius.

448 5835 568 5872 ινιε.

1422 334 1631 394 LIBER
1656 328 1982 403 QUARTUS
2019 331 2336 394 DECIMUS.

3434 343 3540 400 ιω

1952 427 2018 481 lis
2059 431 2166 483 erit
2208 440 2326 498 post
2365 429 2478 486 haec
2524 433 2700 487 omnia
2742 431 2793 488 in
2832 432 3233 504 incorruptione
3257 449 3539 507 corporum

1953 521 2160 577 reddita
2192 525 2590 582 resurrectione
2621 537 2976 582 mortuorum.

1951 633 2180 690 CAPUT
2205 636 2299 692 XI.
2328 668 2399 678 —
2436 638 2515 693 De
2541 639 2689 711 lapsu
2722 643 2873 711 primi
2909 643 3128 698 hominis
3151 685 3165 707 ,
3208 645 3262 698 in
3300 662 3397 715 quo
3424 645 3548 702 bene

2025 729 2229 782 condita
2278 739 2463 784 natura
2502 742 2609 800 est,
2659 751 2748 788 nec
2787 745 2949 804 potest
2985 735 3085 790 nisi
3123 753 3154 789 a
3191 753 3284 797 suo
3329 737 3549 793 Auctore

2021 821 2270 890 reparari.

1952 1012 1958 1017 η
2027 935 2078 988 1.
2106 932 2211 989 Sed
2246 935 2372 1005 quia
2399 936 2540 992 Deus
2565 947 2755 994 cuncta
2794 941 3060 1009 praescivit
3081 983 3096 1008 ,
3130 951 3184 997 et
3223 943 3344 998 ideo
3371 943 3546 999 humi-

1950 1040 2073 1080 nem
2104 1042 2317 1097 quoque
2343 1039 2683 1096 peccaturum
2716 1032 2960 1102 ignorare
2989 1050 3093 1089 non
3127 1037 3326 1104 potuit;
3350 1053 3545 1093 secun-

1953 1117 2077 1172 dum
2132 1119 2184 1173 id
2228 1120 2371 1190 quod
2421 1123 2690 1190 przescivit
2744 1134 2904 1193 atque
2953 1125 3217 1197 disposuit
3269 1130 3540 1184 civitatem

1953 1220 2231 1274 sanctam,
2277 1229 2395 1267 eam
2429 1215 2727 1270 ‘debemus
2772 1232 3052 1283 asserere,
3097 1236 3203 1275 non
3248 1224 3542 1278 secundum

1953 1302 2079 1356 illud
2102 1304 2243 1372 quod
2276 1304 2326 1358 in
2361 1315 2596 1360 nostram
2627 1307 2983 1378 cognitionem
3008 1311 3283 1379 pervenire
3311 1329 3414 1367 non
3443 1329 3542 1382 po-

1954 1396 2071 1459 tuit,
2107 1397 2226 1464 quia
2250 1397 2301 1451 in
2324 1397 2413 1452 Dei
2433 1399 2782 1468 dispositione
2811 1418 2914 1456 non
2939 1402 3054 1457 fuit.
3082 1404 3192 1459 Nec
3217 1407 3357 1461 enim
3383 1407 3544 1463 homo

1953 1497 2173 1555 peccato
2227 1504 2324 1542 suo
2369 1489 2606 1546 divinum
2663 1494 2832 1561 potuit
2877 1496 3194 1563 perturbare
3237 1499 3540 1564 consilium,

1953 1579 2104 1647 quasi
2137 1579 2297 1633 Deum
2329 1582 2471 1651 quod
2512 1591 2770 1638 statuerat
2806 1594 3011 1641 mutare
3036 1589 3354 1657 compulerit
3383 1607 3396 1642 :
3423 1605 3543 1644 cum

1955 1669 2100 1725 Deus
2132 1673 2464 1740 praesciendo
2514 1683 2803 1746 utrumque
2846 1680 3202 1746 pnevenerit,
3253 1679 3302 1733 id
3346 1689 3466 1748 est,
3495 1689 3550 1736 et

1955 1763 2137 1827 homo,
2165 1781 2322 1836 quem
2356 1767 2551 1821 bonum
2583 1768 2694 1837 ipse
2731 1770 2933 1824 creavit
2956 1812 2972 1837 ,
3006 1786 3166 1840 quam
3199 1772 3372 1827 malus
3402 1781 3550 1828 esset

1954 1854 2165 1912 futurus
2189 1901 2203 1925 ,
2251 1866 2306 1911 et
2331 1858 2455 1928 quid
2482 1859 2609 1914 boni
2637 1861 2795 1915 etiam
2828 1862 2904 1915 sic
2935 1862 3003 1926 de
3031 1864 3122 1917 illo
3149 1874 3292 1919 esset
3319 1865 3432 1933 ipse
3460 1863 3543 1918 fa-

1955 1959 2159 2005 cturus.
2213 1952 2354 2026 Deus
2392 1953 2533 2007 enim
2562 1955 2663 2009 etsi
2690 1955 2886 2009 dicitur
2911 1964 3106 2010 statuta
3144 1967 3349 2012 mutare
3383 1958 3547 2028 (unde

1957 2042 2159 2111 tropica
2207 2043 2476 2099 locutione
2521 2045 2572 2099 in
2612 2047 2904 2116 Scripturis
2949 2039 3148 2104 sanctis
3190 2049 3349 2103 etiam
3379 2051 3552 2118 poeni-

1956 2135 2123 2189 tuisse
2151 2135 2342 2205 legitur
2369 2137 2536 2192 Deum
2563 2136 2715 2210 [Gem
2742 2156 2788 2192 νι
2808 2181 2822 2206 ,
2844 2140 2876 2194 6
2901 2157 2915 2205 ;
2938 2139 2953 2192 l
2974 2139 3102 2211 Reg.
3122 2157 3210 2206 xv,
3228 2141 3316 2213 II]
3335 2142 3375 2212 ),
3398 2142 3548 2211 juxta

1956 2225 2007 2280 id
2050 2227 2270 2293 dicitur,
2321 2230 2462 2299 quod
2518 2232 2676 2284 homo
2725 2244 3065 2303 speraverat,
3101 2234 3183 2288 vel
3226 2236 3546 2289 naturalium

1955 2333 2237 2374 causarum
2256 2321 2387 2375 ordo
2409 2323 2685 2390 gestabat;
2722 2339 2827 2377 non
2852 2324 3002 2394 juxta
3035 2325 3086 2378 id
3108 2326 3249 2394 quod
3281 2342 3339 2381 se
3366 2325 3552 2380 Omni-

1958 2420 2147 2480 potens
2175 2411 2438 2467 facturum
2462 2429 2581 2469 esse
2611 2416 2970 2484 prtesciverat.
3006 2415 3155 2471 Fecit
3180 2419 3356 2487 itaque
3387 2419 3546 2485 Deus,

1959 2502 2096 2555 sicut
2119 2503 2375 2570 scriptum
2407 2513 2510 2569 est,
2547 2504 2817 2558 hominem
2841 2516 3040 2560 rectum
3068 2505 3268 2576 (Eccle.
3302 2523 3397 2574 vn,
3417 2507 3507 2580 50)
3533 2526 3548 2562 :

1957 2608 2021 2648 ac
2050 2610 2148 2664 per
2192 2595 2294 2651 hoc
2324 2596 2615 2652 voluntatis
2641 2597 2816 2652 boum.
2848 2597 2966 2654 Non
2996 2601 3138 2653 enim
3175 2611 3354 2655 rectus
3383 2611 3548 2668 esset,

1963 2685 2161 2742 bonam
2193 2703 2298 2742 non
2344 2689 2548 2744 habens
2578 2691 2929 2744 voluntatem.
2985 2689 3129 2744 Bona
3174 2692 3333 2761 igitur
3362 2692 3550 2746 volun-

1959 2791 2042 2836 tas
2071 2797 2206 2851 opus
2244 2793 2328 2838 est
2367 2783 2459 2837 Dei
2497 2800 2509 2834 :
2541 2798 2661 2837 cum
2701 2799 2762 2838 ea
2790 2784 2990 2854 quippe
3025 2785 3093 2839 ab
3133 2785 3223 2839 illo
3263 2784 3434 2840 factus
3469 2794 3553 2840 est

1963 2871 2144 2927 homo.
2200 2872 2336 2926 Mala
2369 2889 2497 2928 vero
2544 2875 2789 2929 voluntas
2820 2876 2989 2945 prima
3014 2916 3030 2942 ,
3078 2876 3329 2945 quoniam
3371 2876 3554 2932 omnia

1959 2963 2102 3018 mala
2126 2980 2287 3032 opera
2317 2967 2587 3032 prazcessit
2628 2966 2681 3020 in
2713 2966 2948 3029 homine,
2981 2965 3224 3021 defeetus
3257 2969 3432 3036 potius
3459 2968 3557 3022 fuit

1960 3055 2177 3124 quidam
2203 3056 2271 3110 ab
2295 3072 2458 3125 opere
2484 3057 2577 3112 Dei
2601 3057 2666 3112 ad
2695 3074 2787 3112 sua
2818 3073 3001 3128 opera,
3021 3075 3180 3128 quam
3209 3074 3344 3128 opus
3362 3061 3549 3114 ullum.

1962 3146 2031 3200 Et
2060 3146 2180 3201 ideo
2217 3147 2354 3201 mala
2384 3163 2545 3218 Opera
2567 3189 2581 3211 ,
2615 3149 2738 3219 quia
2767 3149 3058 3205 secundum
3089 3167 3148 3207 se
3167 3193 3183 3219 ,
3225 3168 3331 3206 non
3363 3168 3555 3209 secun-

1963 3238 2088 3292 dum
2135 3239 2302 3294 Deum
2336 3256 2349 3291 :
2380 3249 2435 3293 ut
2484 3255 2670 3294 eorum
2722 3255 2943 3310 operum
2985 3252 3234 3310 tanquam
3288 3245 3552 3299 fructuum

1964 3331 2227 3386 malorum
2255 3332 2502 3386 voluntas
2548 3328 2660 3402 ipsa
2690 3343 2832 3388 esset
2881 3333 3025 3387 velut
3065 3335 3227 3388 arbor
3266 3335 3429 3399 mala,
3462 3345 3554 3390 aut

1964 3426 2077 3496 ipse
2107 3425 2267 3481 homo
2308 3427 2360 3480 in
2400 3435 2654 3496 quantum
2696 3427 2852 3480 mala:
2881 3427 3186 3481 voluntatis.
3222 3428 3390 3482 Porro
3418 3429 3554 3483 mala

1963 3517 2210 3571 voluntas
2235 3559 2250 3584 ,
2292 3518 2535 3587 quamvis
2567 3534 2671 3571 non
2705 3519 2774 3573 sit
2814 3518 3106 3574 secundum
3150 3528 3392 3574 naturam
3414 3562 3429 3588 ,
3462 3521 3555 3576 sed

1965 3619 2150 3665 contra
2179 3620 2446 3678 naturam,
2478 3613 2602 3680 quia
2631 3612 2818 3665 vitium
2845 3621 2965 3676 est;
2999 3621 3175 3666 tamen
3206 3613 3323 3681 ejus
3352 3622 3556 3668 natura:

1968 3712 2071 3771 est,
2103 3705 2255 3774 cujus
2276 3683 2358 3759 est
2383 3705 2569 3759 vitium
2591 3746 2605 3773 ,
2637 3705 2779 3776 quod
2811 3705 2915 3758 nisi
2945 3705 2998 3758 in
3030 3714 3218 3760 natura
3248 3721 3356 3761 non
3381 3714 3560 3776 potest

1966 3811 2130 3851 esse:
2171 3795 2265 3851 sed
2294 3797 2347 3849 in
2392 3811 2454 3851 ea
2489 3811 2648 3866 quam
2679 3797 2880 3852 creavit
2907 3812 2974 3853 ex
3007 3797 3207 3863 nihilo,
3247 3813 3354 3852 non
3396 3813 3557 3868 quam

1967 3890 2152 3960 genuit
2175 3890 2397 3945 Creator
2434 3889 2502 3944 de
2546 3890 2868 3959 semetipso,
2914 3891 3051 3945 sicut
3093 3891 3275 3959 genuit
3301 3889 3556 3956 Verbum,

1968 3997 2065 4052 per
2105 3981 2247 4052 quod
2290 3980 2427 4037 facta
2457 3992 2581 4037 sunt
2609 3982 2809 4036 omnia.
2851 3982 2984 4048 Quia
3020 3982 3119 4038 etsi
3150 3982 3218 4037 de
3259 3990 3414 4036 terra!
3440 3982 3561 4054 pul-

1967 4091 2095 4131 vere
2126 4077 2268 4131 Deus
2314 4076 2468 4130 finxit
2513 4075 2827 4141 hominem;
2870 4076 3055 4131 eadem
3099 4087 3240 4131 terra
3279 4077 3560 4147 omnisque

1970 4180 2180 4225 terrena
2211 4172 2464 4226 materies
2502 4169 2721 4225 omnino
2744 4169 2811 4224 de
2858 4168 3024 4224 nihilo
3053 4179 3170 4236 est,
3215 4169 3560 4239 animamque

1969 4263 2034 4319 de
2062 4264 2227 4319 nihilo
2255 4265 2446 4319 factam
2471 4263 2618 4318 dedit
2643 4263 2888 4333 corpori,
2917 4278 3038 4333 eum
3068 4261 3240 4317 factus
3269 4269 3352 4317 est
3377 4262 3558 4316 homo.

1969 4355 2150 4426 Usque
2171 4355 2307 4411 adeo
2333 4366 2510 4411 autem
2531 4355 2670 4410 mala
2701 4355 2987 4410 vincuntur
3017 4370 3046 4407 a
3075 4355 3261 4421 bonis,
3287 4363 3342 4407 ut
3371 4369 3561 4423 quam-
3584 4341 3587 4344 ’

1969 4451 2050 4504 vis
2080 4439 2323 4504 sinantur
2358 4464 2478 4505 esse
2515 4449 2582 4503 ad
2613 4447 3088 4503 demonstrandum
3122 4463 3277 4518 quam
3311 4447 3477 4515 possit
3505 4455 3560 4499 et

1970 4545 2098 4615 ipsis
2122 4545 2258 4598 bene
2285 4543 2359 4598 uti
2376 4543 2584 4613 justilia
2606 4542 3070 4611 providentissima
3093 4541 3397 4604 Creatoris;
3421 4539 3561 4594 bona

1973 4648 2150 4692 tamen
2181 4639 2298 4692 sine
2329 4637 2483 4691 malis
2506 4652 2624 4690 esse
2654 4636 2890 4705 possint,
2923 4634 3062 4689 sicut
3092 4635 3234 4689 Deus
3264 4635 3378 4703 ipse
3404 4646 3562 4687 verus

1971 4739 2024 4783 et
2063 4743 2342 4796 summus,
2393 4729 2530 4784 sicut
2576 4727 2751 4782 omnis
2805 4741 2966 4796 super
3011 4727 3171 4781 istum
3213 4725 3559 4795 caliginosum

1971 4838 2148 4878 aerem
2173 4822 2408 4877 caelestis
2429 4819 2710 4875 invisibilis
2731 4819 3059 4890 visibilisque
3079 4820 3101 4850 ⁹
3118 4828 3398 4882 creatura;
3424 4815 3564 4869 mala

1972 4930 2102 4970 vero
2120 4915 2240 4969 sine
2271 4914 2426 4968 bonis
2447 4928 2566 4968 esse
2587 4927 2692 4966 non
2725 4912 2960 4982 possint,
2993 4911 3245 4980 quoniam
3273 4916 3478 4961 natura:
3507 4907 3562 4960 in

1973 5009 2167 5080 quibus
2196 5018 2353 5076 sunt,
2391 5008 2445 5062 in
2487 5017 2745 5078 quantum
2777 5015 2982 5061 natura:
3010 5013 3167 5069 sunt,
3200 5002 3381 5071 utique
3408 5003 3564 5057 bona

1975 5111 2119 5158 sunt.
2144 5100 2451 5158 Detrahitur
2469 5113 2632 5172 porro
2650 5097 2872 5167 malum,
2900 5111 3008 5152 non
3037 5095 3214 5166 aliqua
3232 5101 3422 5149 natura
3441 5107 3566 5165 qua:

1975 5203 2275 5251 accesserat
2297 5193 2380 5248 vel
2406 5192 2510 5246 ulla
2541 5191 2658 5260 ejus
2683 5200 2832 5260 parte
2855 5187 3060 5242 sublata
3078 5227 3093 5252 ,
3125 5185 3221 5240 sed
3247 5200 3310 5240 ea
3331 5200 3451 5255 quae
3481 5184 3566 5240 vi-

1977 5286 2104 5340 tiata
2129 5300 2193 5340 ac
2221 5285 2509 5353 depravata
2537 5279 2744 5344 fuerat,
2775 5287 2958 5334 sanata
2989 5285 3146 5348 atque
3171 5283 3432 5332 correcta.
3458 5278 3566 5332 Ar-

1978 5380 2194 5436 bitrium
2223 5379 2386 5448 igitur
2413 5375 2700 5432 voluntatis
2724 5382 2851 5428 tunc
2881 5379 2962 5427 est
2983 5386 3110 5426 vere
3137 5371 3366 5427 liberum
3393 5412 3408 5437 ,
3438 5385 3563 5426 cum

1977 5476 2120 5531 vitiis
2149 5473 2486 5544 peccatisque
2525 5485 2632 5524 non
2670 5465 2855 5523 servit.
2887 5464 3019 5521 Tale
3047 5464 3228 5520 datum
3249 5472 3332 5520 est
3351 5479 3381 5516 a
3407 5463 3520 5519 Deo
3550 5480 3565 5518 :

1977 5568 2122 5637 quod
2154 5567 2410 5623 amissum
2447 5563 2664 5635 proprio
2691 5561 2822 5617 vitio
2845 5601 2860 5628 ,
2907 5558 3011 5615 nisi
3035 5574 3066 5614 a
3094 5574 3199 5628 quo
3232 5556 3350 5612 dari
3376 5555 3568 5628 potuit,

2043 5735 2069 5838 ί
2913 5793 2933 5845 ;
2955 5781 3132 5833 omissa
3153 5791 3294 5837 voce,
