  <div class='ocr_page' id='page_1' title='image "/cluster/home/n/w/nwhite01/storage/ocr_20150623/41/hvd.32044015706344/215.png"; bbox 0 0 4054 6536; ppageno 0'>
   <div class='ocr_carea' id='block_1_1' title="bbox 473 391 583 453">
    <p class='ocr_par' dir='ltr' id='par_1_1' title="bbox 473 391 583 453">
     <span class='ocr_line' id='line_1_1' title="bbox 473 391 583 453; baseline 0 0"><span class='ocrx_word' id='word_1_1' title='bbox 473 391 583 453; x_wconf 70' lang='grc'><strong>419</strong></span> 
     </span>
    </p>
   </div>
   <div class='ocr_carea' id='block_1_2' title="bbox 477 527 2065 601">
    <p class='ocr_par' dir='ltr' id='par_1_2' title="bbox 477 527 2065 601">
     <span class='ocr_line' id='line_1_2' title="bbox 477 527 2065 601; baseline -0.003 -15"><span class='ocrx_word' id='word_1_2' title='bbox 477 530 630 586; x_wconf 82' lang='lat' dir='ltr'><strong>reddi</strong></span> <span class='ocrx_word' id='word_1_3' title='bbox 651 545 758 586; x_wconf 92' lang='lat' dir='ltr'><strong>non</strong></span> <span class='ocrx_word' id='word_1_4' title='bbox 784 536 977 601; x_wconf 90' lang='lat' dir='ltr'><strong>potest.</strong></span> <span class='ocrx_word' id='word_1_5' title='bbox 1006 527 1160 587; x_wconf 74' lang='lat' dir='ltr'><strong>Unde</strong></span> <span class='ocrx_word' id='word_1_6' title='bbox 1185 527 1396 585; x_wconf 80' lang='lat' dir='ltr'><strong>Veritas</strong></span> <span class='ocrx_word' id='word_1_7' title='bbox 1425 527 1574 595; x_wconf 89' lang='lat' dir='ltr'><strong>dicit,</strong></span> <span class='ocrx_word' id='word_1_8' title='bbox 1603 529 1665 585; x_wconf 85' lang='lat' dir='ltr'><strong>Si</strong></span> <span class='ocrx_word' id='word_1_9' title='bbox 1685 545 1770 584; x_wconf 77' lang='lat' dir='ltr'><strong>sos</strong></span> <span class='ocrx_word' id='word_1_10' title='bbox 1804 527 1968 582; x_wconf 72' lang='lat' dir='ltr'><strong>Filius</strong></span> <span class='ocrx_word' id='word_1_11' title='bbox 1995 528 2065 582; x_wconf 86' lang='lat' dir='ltr'><strong>li-</strong></span> 
     </span>
    </p>
   </div>
   <div class='ocr_carea' id='block_1_3' title="bbox 477 622 2067 696">
    <p class='ocr_par' dir='ltr' id='par_1_3' title="bbox 477 622 2067 696">
     <span class='ocr_line' id='line_1_3' title="bbox 477 622 2067 696; baseline -0.001 -19"><span class='ocrx_word' id='word_1_12' title='bbox 477 623 741 691; x_wconf 82' lang='lat' dir='ltr'><strong>beraverit,</strong></span> <span class='ocrx_word' id='word_1_13' title='bbox 761 635 878 678; x_wconf 84' lang='lat' dir='ltr'><strong>tunc</strong></span> <span class='ocrx_word' id='word_1_14' title='bbox 903 639 1013 678; x_wconf 85' lang='lat' dir='ltr'><strong>vere</strong></span> <span class='ocrx_word' id='word_1_15' title='bbox 1037 623 1178 678; x_wconf 82' lang='lat' dir='ltr'><strong>liberi</strong></span> <span class='ocrx_word' id='word_1_16' title='bbox 1204 622 1340 678; x_wconf 84' lang='lat' dir='ltr'><strong>eritis</strong></span> <span class='ocrx_word' id='word_1_17' title='bbox 1355 622 1532 696; x_wconf 84' lang='lat' dir='ltr'><strong>(Joan.</strong></span> <span class='ocrx_word' id='word_1_18' title='bbox 1551 639 1664 688; x_wconf 82' lang='lat' dir='ltr'><strong>vui,</strong></span> <span class='ocrx_word' id='word_1_19' title='bbox 1691 623 1803 693; x_wconf 81' lang='lat'><strong>56).</strong></span> <span class='ocrx_word' id='word_1_20' title='bbox 1832 622 2067 691; x_wconf 87' lang='lat' dir='ltr'><strong>ldipsum</strong></span> 
     </span>
    </p>
   </div>
   <div class='ocr_carea' id='block_1_4' title="bbox 478 713 2064 782">
    <p class='ocr_par' dir='ltr' id='par_1_4' title="bbox 478 713 2064 782">
     <span class='ocr_line' id='line_1_4' title="bbox 478 713 2064 782; baseline -0.001 -12"><span class='ocrx_word' id='word_1_21' title='bbox 478 729 560 770; x_wconf 87' lang='lat' dir='ltr'><strong>est</strong></span> <span class='ocrx_word' id='word_1_22' title='bbox 589 725 787 782; x_wconf 90' lang='lat' dir='ltr'><strong>autem,</strong></span> <span class='ocrx_word' id='word_1_23' title='bbox 816 731 879 770; x_wconf 89' lang='lat' dir='ltr'><strong>ac</strong></span> <span class='ocrx_word' id='word_1_24' title='bbox 904 717 948 769; x_wconf 88' lang='lat' dir='ltr'><strong>si</strong></span> <span class='ocrx_word' id='word_1_25' title='bbox 976 716 1208 780; x_wconf 91' lang='lat' dir='ltr'><strong>diceret,</strong></span> <span class='ocrx_word' id='word_1_26' title='bbox 1240 715 1294 770; x_wconf 93' lang='lat' dir='ltr'><strong>Si</strong></span> <span class='ocrx_word' id='word_1_27' title='bbox 1323 730 1418 768; x_wconf 91' lang='lat' dir='ltr'><strong>vos</strong></span> <span class='ocrx_word' id='word_1_28' title='bbox 1447 714 1613 772; x_wconf 85' lang='lat' dir='ltr'><strong>Filius</strong></span> <span class='ocrx_word' id='word_1_29' title='bbox 1643 714 1819 770; x_wconf 87' lang='lat' dir='ltr'><strong>salvos</strong></span> <span class='ocrx_word' id='word_1_30' title='bbox 1855 713 2064 780; x_wconf 81' lang='lat' dir='ltr'><strong>fecerit,</strong></span> 
     </span>
    </p>
   </div>
   <div class='ocr_carea' id='block_1_5' title="bbox 480 805 2068 880">
    <p class='ocr_par' dir='ltr' id='par_1_5' title="bbox 480 805 2068 880">
     <span class='ocr_line' id='line_1_5' title="bbox 480 805 2068 880; baseline -0.001 -16"><span class='ocrx_word' id='word_1_31' title='bbox 480 805 604 865; x_wconf 77' lang='lat' dir='ltr'><strong>tunc</strong></span> <span class='ocrx_word' id='word_1_32' title='bbox 631 827 752 865; x_wconf 85' lang='lat' dir='ltr'><strong>vere</strong></span> <span class='ocrx_word' id='word_1_33' title='bbox 794 809 926 866; x_wconf 91' lang='lat' dir='ltr'><strong>salvi</strong></span> <span class='ocrx_word' id='word_1_34' title='bbox 955 809 1124 866; x_wconf 90' lang='lat' dir='ltr'><strong>eritis.</strong></span> <span class='ocrx_word' id='word_1_35' title='bbox 1178 809 1306 864; x_wconf 90' lang='lat' dir='ltr'><strong>lude</strong></span> <span class='ocrx_word' id='word_1_36' title='bbox 1345 810 1545 880; x_wconf 87' lang='lat' dir='ltr'><strong>quippe</strong></span> <span class='ocrx_word' id='word_1_37' title='bbox 1586 810 1883 876; x_wconf 89' lang='lat' dir='ltr'><strong>liberator,</strong></span> <span class='ocrx_word' id='word_1_38' title='bbox 1927 809 2068 864; x_wconf 85' lang='lat' dir='ltr'><strong>unde</strong></span> 
     </span>
    </p>
   </div>
   <div class='ocr_carea' id='block_1_6' title="bbox 477 905 733 959">
    <p class='ocr_par' dir='ltr' id='par_1_6' title="bbox 477 905 733 959">
     <span class='ocr_line' id='line_1_6' title="bbox 477 905 733 959; baseline -0.012 0"><span class='ocrx_word' id='word_1_39' title='bbox 477 905 733 959; x_wconf 74' lang='lat' dir='ltr'><strong>salvator.</strong></span> 
     </span>
    </p>
   </div>
   <div class='ocr_carea' id='block_1_7' title="bbox 547 992 2068 1070">
    <p class='ocr_par' dir='ltr' id='par_1_7' title="bbox 547 992 2068 1070">
     <span class='ocr_line' id='line_1_7' title="bbox 547 992 2068 1070; baseline 0.001 -22"><span class='ocrx_word' id='word_1_40' title='bbox 547 997 601 1048; x_wconf 77' lang='lat'><strong>2.</strong></span> <span class='ocrx_word' id='word_1_41' title='bbox 631 995 852 1068; x_wconf 81' lang='lat' dir='ltr'><strong>Vivebat</strong></span> <span class='ocrx_word' id='word_1_42' title='bbox 889 996 1066 1066; x_wconf 90' lang='lat' dir='ltr'><strong>itaque</strong></span> <span class='ocrx_word' id='word_1_43' title='bbox 1099 995 1258 1050; x_wconf 86' lang='lat' dir='ltr'><strong>homo</strong></span> <span class='ocrx_word' id='word_1_44' title='bbox 1300 992 1589 1070; x_wconf 86' lang='lat' dir='ltr'><strong>seCundum</strong></span> <span class='ocrx_word' id='word_1_45' title='bbox 1623 996 1786 1051; x_wconf 89' lang='lat' dir='ltr'><strong>Deum</strong></span> <span class='ocrx_word' id='word_1_46' title='bbox 1829 995 1884 1050; x_wconf 88' lang='lat' dir='ltr'><strong>in</strong></span> <span class='ocrx_word' id='word_1_47' title='bbox 1917 1011 2068 1066; x_wconf 88' lang='lat' dir='ltr'><strong>para-</strong></span> 
     </span>
    </p>
   </div>
   <div class='ocr_carea' id='block_1_8' title="bbox 477 1073 2068 1157">
    <p class='ocr_par' dir='ltr' id='par_1_8' title="bbox 477 1073 2068 1157">
     <span class='ocr_line' id='line_1_8' title="bbox 477 1073 2068 1157; baseline -0.001 -15"><span class='ocrx_word' id='word_1_48' title='bbox 477 1088 624 1152; x_wconf 91' lang='lat' dir='ltr'><strong>diso,</strong></span> <span class='ocrx_word' id='word_1_49' title='bbox 656 1095 709 1143; x_wconf 88' lang='lat' dir='ltr'><strong>et</strong></span> <span class='ocrx_word' id='word_1_50' title='bbox 739 1085 1006 1157; x_wconf 82' lang='lat' dir='ltr'><strong>corporali</strong></span> <span class='ocrx_word' id='word_1_51' title='bbox 1035 1095 1086 1142; x_wconf 90' lang='lat' dir='ltr'><strong>et</strong></span> <span class='ocrx_word' id='word_1_52' title='bbox 1112 1087 1392 1155; x_wconf 83' lang='lat' dir='ltr'><strong>Spirituali.</strong></span> <span class='ocrx_word' id='word_1_53' title='bbox 1439 1085 1626 1157; x_wconf 85' lang='lat' dir='ltr'><strong>Neque</strong></span> <span class='ocrx_word' id='word_1_54' title='bbox 1655 1087 1800 1142; x_wconf 90' lang='lat' dir='ltr'><strong>enim</strong></span> <span class='ocrx_word' id='word_1_55' title='bbox 1829 1073 1947 1142; x_wconf 86' lang='lat' dir='ltr'><strong>erat</strong></span> <span class='ocrx_word' id='word_1_56' title='bbox 1975 1103 2068 1157; x_wconf 87' lang='lat' dir='ltr'><strong>pa-</strong></span> 
     </span>
    </p>
   </div>
   <div class='ocr_carea' id='block_1_9' title="bbox 475 1179 2067 1250">
    <p class='ocr_par' dir='ltr' id='par_1_9' title="bbox 475 1179 2067 1250">
     <span class='ocr_line' id='line_1_9' title="bbox 475 1179 2067 1250; baseline -0.002 -15"><span class='ocrx_word' id='word_1_57' title='bbox 475 1179 686 1235; x_wconf 85' lang='lat' dir='ltr'><strong>radisus</strong></span> <span class='ocrx_word' id='word_1_58' title='bbox 724 1180 1019 1250; x_wconf 84' lang='lat' dir='ltr'><strong>corporalis</strong></span> <span class='ocrx_word' id='word_1_59' title='bbox 1048 1193 1262 1250; x_wconf 83' lang='lat' dir='ltr'><strong>propter</strong></span> <span class='ocrx_word' id='word_1_60' title='bbox 1288 1179 1531 1250; x_wconf 89' lang='lat' dir='ltr'><strong>corporis</strong></span> <span class='ocrx_word' id='word_1_61' title='bbox 1558 1179 1726 1246; x_wconf 90' lang='lat' dir='ltr'><strong>bona,</strong></span> <span class='ocrx_word' id='word_1_62' title='bbox 1769 1190 1823 1234; x_wconf 90' lang='lat' dir='ltr'><strong>et</strong></span> <span class='ocrx_word' id='word_1_63' title='bbox 1851 1187 2067 1250; x_wconf 84' lang='lat' dir='ltr'><strong>propter</strong></span> 
     </span>
    </p>
   </div>
   <div class='ocr_carea' id='block_1_10' title="bbox 475 1269 2066 1342">
    <p class='ocr_par' dir='ltr' id='par_1_10' title="bbox 475 1269 2066 1342">
     <span class='ocr_line' id='line_1_10' title="bbox 475 1269 2066 1342; baseline -0.002 -15"><span class='ocrx_word' id='word_1_64' title='bbox 475 1273 673 1328; x_wconf 89' lang='lat' dir='ltr'><strong>mentis</strong></span> <span class='ocrx_word' id='word_1_65' title='bbox 703 1287 811 1327; x_wconf 90' lang='lat' dir='ltr'><strong>non</strong></span> <span class='ocrx_word' id='word_1_66' title='bbox 838 1282 953 1326; x_wconf 89' lang='lat' dir='ltr'><strong>erat</strong></span> <span class='ocrx_word' id='word_1_67' title='bbox 977 1271 1272 1342; x_wconf 83' lang='lat' dir='ltr'><strong>spiriluatis</strong></span> <span class='ocrx_word' id='word_1_68' title='bbox 1297 1288 1311 1336; x_wconf 92' lang='lat'><strong>;</strong></span> <span class='ocrx_word' id='word_1_69' title='bbox 1358 1281 1447 1325; x_wconf 88' lang='lat' dir='ltr'><strong>aut</strong></span> <span class='ocrx_word' id='word_1_70' title='bbox 1475 1287 1600 1326; x_wconf 88' lang='lat' dir='ltr'><strong>vero</strong></span> <span class='ocrx_word' id='word_1_71' title='bbox 1628 1279 1743 1324; x_wconf 85' lang='lat' dir='ltr'><strong>erat</strong></span> <span class='ocrx_word' id='word_1_72' title='bbox 1771 1269 2066 1340; x_wconf 78' lang='lat' dir='ltr'><strong>Spiritualis</strong></span> 
     </span>
    </p>
   </div>
   <div class='ocr_carea' id='block_1_11' title="bbox 473 1365 2067 1436">
    <p class='ocr_par' dir='ltr' id='par_1_11' title="bbox 473 1365 2067 1436">
     <span class='ocr_line' id='line_1_11' title="bbox 473 1365 2067 1436; baseline -0.001 -16"><span class='ocrx_word' id='word_1_73' title='bbox 473 1380 579 1436; x_wconf 90' lang='lat' dir='ltr'><strong>quo</strong></span> <span class='ocrx_word' id='word_1_74' title='bbox 609 1381 706 1436; x_wconf 91' lang='lat' dir='ltr'><strong>per</strong></span> <span class='ocrx_word' id='word_1_75' title='bbox 749 1365 1032 1420; x_wconf 88' lang='lat' dir='ltr'><strong>interiores</strong></span> <span class='ocrx_word' id='word_1_76' title='bbox 1057 1407 1070 1431; x_wconf 92' lang='lat'><strong>,</strong></span> <span class='ocrx_word' id='word_1_77' title='bbox 1113 1375 1166 1420; x_wconf 89' lang='lat' dir='ltr'><strong>et</strong></span> <span class='ocrx_word' id='word_1_78' title='bbox 1208 1369 1312 1419; x_wconf 87' lang='lat' dir='ltr'><strong>non</strong></span> <span class='ocrx_word' id='word_1_79' title='bbox 1357 1374 1472 1420; x_wconf 91' lang='lat' dir='ltr'><strong>erat</strong></span> <span class='ocrx_word' id='word_1_80' title='bbox 1501 1366 1794 1436; x_wconf 82' lang='lat' dir='ltr'><strong>corporalis</strong></span> <span class='ocrx_word' id='word_1_81' title='bbox 1823 1381 1930 1435; x_wconf 89' lang='lat' dir='ltr'><strong>quo</strong></span> <span class='ocrx_word' id='word_1_82' title='bbox 1972 1380 2067 1435; x_wconf 81' lang='lat' dir='ltr'><strong>per</strong></span> 
     </span>
    </p>
   </div>
   <div class='ocr_carea' id='block_1_12' title="bbox 474 1458 2062 1529">
    <p class='ocr_par' dir='ltr' id='par_1_12' title="bbox 474 1458 2062 1529">
     <span class='ocr_line' id='line_1_12' title="bbox 474 1458 2062 1529; baseline -0.003 -15"><span class='ocrx_word' id='word_1_83' title='bbox 474 1460 768 1514; x_wconf 83' lang='lat' dir='ltr'><strong>exteriores</strong></span> <span class='ocrx_word' id='word_1_84' title='bbox 795 1473 987 1514; x_wconf 84' lang='lat' dir='ltr'><strong>sensus</strong></span> <span class='ocrx_word' id='word_1_85' title='bbox 1019 1459 1179 1514; x_wconf 90' lang='lat' dir='ltr'><strong>homo</strong></span> <span class='ocrx_word' id='word_1_86' title='bbox 1205 1459 1490 1514; x_wconf 86' lang='lat' dir='ltr'><strong>frueretur.</strong></span> <span class='ocrx_word' id='word_1_87' title='bbox 1520 1458 1646 1512; x_wconf 87' lang='lat' dir='ltr'><strong>Erat</strong></span> <span class='ocrx_word' id='word_1_88' title='bbox 1670 1458 1828 1529; x_wconf 81' lang='lat' dir='ltr'><strong>plane</strong></span> <span class='ocrx_word' id='word_1_89' title='bbox 1857 1467 2062 1511; x_wconf 90' lang='lat' dir='ltr'><strong>utrum-</strong></span> 
     </span>
    </p>
   </div>
   <div class='ocr_carea' id='block_1_13' title="bbox 474 1551 2065 1623">
    <p class='ocr_par' dir='ltr' id='par_1_13' title="bbox 474 1551 2065 1623">
     <span class='ocr_line' id='line_1_13' title="bbox 474 1551 2065 1623; baseline 0.001 -19"><span class='ocrx_word' id='word_1_90' title='bbox 474 1567 578 1622; x_wconf 87' lang='lat' dir='ltr'><strong>que</strong></span> <span class='ocrx_word' id='word_1_91' title='bbox 604 1559 824 1621; x_wconf 84' lang='lat' dir='ltr'><strong>prOpter</strong></span> <span class='ocrx_word' id='word_1_92' title='bbox 851 1559 1134 1623; x_wconf 88' lang='lat' dir='ltr'><strong>utrumque</strong></span> <span class='ocrx_word' id='word_1_93' title='bbox 1165 1551 1264 1622; x_wconf 90' lang='lat' dir='ltr'><strong>(a).</strong></span> <span class='ocrx_word' id='word_1_94' title='bbox 1308 1551 1498 1606; x_wconf 81' lang='lat' dir='ltr'><strong>Postea</strong></span> <span class='ocrx_word' id='word_1_95' title='bbox 1528 1567 1659 1606; x_wconf 90' lang='lat' dir='ltr'><strong>vero</strong></span> <span class='ocrx_word' id='word_1_96' title='bbox 1689 1567 1847 1621; x_wconf 89' lang='lat' dir='ltr'><strong>quam</strong></span> <span class='ocrx_word' id='word_1_97' title='bbox 1875 1567 2065 1622; x_wconf 84' lang='lat' dir='ltr'><strong>super-</strong></span> 
     </span>
    </p>
   </div>
   <div class='ocr_carea' id='block_1_14' title="bbox 476 1641 2064 1714">
    <p class='ocr_par' dir='ltr' id='par_1_14' title="bbox 476 1641 2064 1714">
     <span class='ocr_line' id='line_1_14' title="bbox 476 1641 2064 1714; baseline 0.002 -19"><span class='ocrx_word' id='word_1_98' title='bbox 476 1641 576 1696; x_wconf 91' lang='lat' dir='ltr'><strong>bus</strong></span> <span class='ocrx_word' id='word_1_99' title='bbox 607 1643 695 1697; x_wconf 92' lang='lat' dir='ltr'><strong>ille</strong></span> <span class='ocrx_word' id='word_1_100' title='bbox 725 1645 979 1712; x_wconf 79' lang='lat' dir='ltr'><strong>angelus,</strong></span> <span class='ocrx_word' id='word_1_101' title='bbox 1014 1658 1076 1698; x_wconf 93' lang='lat' dir='ltr'><strong>ac</strong></span> <span class='ocrx_word' id='word_1_102' title='bbox 1113 1659 1210 1714; x_wconf 89' lang='lat' dir='ltr'><strong>per</strong></span> <span class='ocrx_word' id='word_1_103' title='bbox 1252 1643 1352 1697; x_wconf 86' lang='lat' dir='ltr'><strong>hoc</strong></span> <span class='ocrx_word' id='word_1_104' title='bbox 1401 1643 1649 1712; x_wconf 87' lang='lat' dir='ltr'><strong>invidus,</strong></span> <span class='ocrx_word' id='word_1_105' title='bbox 1699 1659 1794 1714; x_wconf 91' lang='lat' dir='ltr'><strong>per</strong></span> <span class='ocrx_word' id='word_1_106' title='bbox 1820 1644 2064 1700; x_wconf 83' lang='lat' dir='ltr'><strong>eamdem</strong></span> 
     </span>
    </p>
   </div>
   <div class='ocr_carea' id='block_1_15' title="bbox 478 1733 2066 1806">
    <p class='ocr_par' dir='ltr' id='par_1_15' title="bbox 478 1733 2066 1806">
     <span class='ocr_line' id='line_1_15' title="bbox 478 1733 2066 1806; baseline 0 -17"><span class='ocrx_word' id='word_1_107' title='bbox 478 1733 781 1805; x_wconf 79' lang='lat' dir='ltr'><strong>Superbiam</strong></span> <span class='ocrx_word' id='word_1_108' title='bbox 811 1750 838 1787; x_wconf 88' lang='lat' dir='ltr'><strong>a</strong></span> <span class='ocrx_word' id='word_1_109' title='bbox 864 1734 974 1789; x_wconf 87' lang='lat' dir='ltr'><strong>Deo</strong></span> <span class='ocrx_word' id='word_1_110' title='bbox 997 1734 1062 1788; x_wconf 90' lang='lat' dir='ltr'><strong>ad</strong></span> <span class='ocrx_word' id='word_1_111' title='bbox 1099 1735 1444 1804; x_wconf 90' lang='lat' dir='ltr'><strong>semetipsum</strong></span> <span class='ocrx_word' id='word_1_112' title='bbox 1475 1751 1770 1790; x_wconf 85' lang='lat' dir='ltr'><strong>conversus</strong></span> <span class='ocrx_word' id='word_1_113' title='bbox 1792 1777 1804 1800; x_wconf 97' lang='lat'><strong>,</strong></span> <span class='ocrx_word' id='word_1_114' title='bbox 1837 1735 2066 1806; x_wconf 89' lang='lat' dir='ltr'><strong>quodam</strong></span> 
     </span>
    </p>
   </div>
   <div class='ocr_carea' id='block_1_16' title="bbox 476 1825 2067 1898">
    <p class='ocr_par' dir='ltr' id='par_1_16' title="bbox 476 1825 2067 1898">
     <span class='ocr_line' id='line_1_16' title="bbox 476 1825 2067 1898; baseline 0.001 -18"><span class='ocrx_word' id='word_1_115' title='bbox 476 1828 625 1897; x_wconf 79' lang='lat' dir='ltr'><strong>quasi</strong></span> <span class='ocrx_word' id='word_1_116' title='bbox 658 1826 932 1898; x_wconf 86' lang='lat' dir='ltr'><strong>tyrannieo</strong></span> <span class='ocrx_word' id='word_1_117' title='bbox 978 1825 1114 1880; x_wconf 87' lang='lat' dir='ltr'><strong>fastu</strong></span> <span class='ocrx_word' id='word_1_118' title='bbox 1157 1827 1387 1895; x_wconf 78' lang='lat' dir='ltr'><strong>gaudere</strong></span> <span class='ocrx_word' id='word_1_119' title='bbox 1432 1827 1700 1895; x_wconf 91' lang='lat' dir='ltr'><strong>subditis,</strong></span> <span class='ocrx_word' id='word_1_120' title='bbox 1747 1843 1903 1897; x_wconf 86' lang='lat' dir='ltr'><strong>quam</strong></span> <span class='ocrx_word' id='word_1_121' title='bbox 1947 1842 2067 1882; x_wconf 88' lang='lat' dir='ltr'><strong>esse</strong></span> 
     </span>
    </p>
   </div>
   <div class='ocr_carea' id='block_1_17' title="bbox 475 1917 2066 1992">
    <p class='ocr_par' dir='ltr' id='par_1_17' title="bbox 475 1917 2066 1992">
     <span class='ocr_line' id='line_1_17' title="bbox 475 1917 2066 1992; baseline 0.001 -20"><span class='ocrx_word' id='word_1_122' title='bbox 475 1918 719 1972; x_wconf 90' lang='lat' dir='ltr'><strong>subditus</strong></span> <span class='ocrx_word' id='word_1_123' title='bbox 743 1919 946 1988; x_wconf 81' lang='lat' dir='ltr'><strong>eligens</strong></span> <span class='ocrx_word' id='word_1_124' title='bbox 973 1959 988 1983; x_wconf 95' lang='lat'><strong>,</strong></span> <span class='ocrx_word' id='word_1_125' title='bbox 1037 1917 1103 1973; x_wconf 88' lang='lat' dir='ltr'><strong>de</strong></span> <span class='ocrx_word' id='word_1_126' title='bbox 1131 1919 1390 1988; x_wconf 81' lang='lat' dir='ltr'><strong>Spirituali</strong></span> <span class='ocrx_word' id='word_1_127' title='bbox 1445 1919 1690 1988; x_wconf 84' lang='lat' dir='ltr'><strong>paradiso</strong></span> <span class='ocrx_word' id='word_1_128' title='bbox 1735 1919 1930 1975; x_wconf 85' lang='lat' dir='ltr'><strong>cecidit</strong></span> <span class='ocrx_word' id='word_1_129' title='bbox 1977 1917 2066 1992; x_wconf 88' lang='lat' dir='ltr'><strong>(de</strong></span> 
     </span>
    </p>
   </div>
   <div class='ocr_carea' id='block_1_18' title="bbox 474 2010 2070 2086">
    <p class='ocr_par' dir='ltr' id='par_1_18' title="bbox 474 2010 2070 2086">
     <span class='ocr_line' id='line_1_18' title="bbox 474 2010 2070 2086; baseline 0.004 -22"><span class='ocrx_word' id='word_1_130' title='bbox 474 2010 625 2080; x_wconf 86' lang='lat' dir='ltr'><strong>cujus</strong></span> <span class='ocrx_word' id='word_1_131' title='bbox 655 2010 800 2079; x_wconf 87' lang='lat' dir='ltr'><strong>lapsu</strong></span> <span class='ocrx_word' id='word_1_132' title='bbox 828 2011 1201 2081; x_wconf 90' lang='lat' dir='ltr'><strong>sociorumque</strong></span> <span class='ocrx_word' id='word_1_133' title='bbox 1223 2012 1359 2082; x_wconf 89' lang='lat' dir='ltr'><strong>ejus,</strong></span> <span class='ocrx_word' id='word_1_134' title='bbox 1392 2011 1481 2082; x_wconf 89' lang='lat' dir='ltr'><strong>qui</strong></span> <span class='ocrx_word' id='word_1_135' title='bbox 1510 2028 1574 2066; x_wconf 85' lang='lat' dir='ltr'><strong>ex</strong></span> <span class='ocrx_word' id='word_1_136' title='bbox 1604 2012 1820 2086; x_wconf 73' lang='lat' dir='ltr'><strong>Angelis</strong></span> <span class='ocrx_word' id='word_1_137' title='bbox 1853 2012 1945 2067; x_wconf 88' lang='lat' dir='ltr'><strong>Dei</strong></span> <span class='ocrx_word' id='word_1_138' title='bbox 1973 2028 2070 2070; x_wconf 78' lang='lat' dir='ltr'><strong>an-</strong></span> 
     </span>
    </p>
   </div>
   <div class='ocr_carea' id='block_1_19' title="bbox 474 2089 2069 2173">
    <p class='ocr_par' dir='ltr' id='par_1_19' title="bbox 474 2089 2069 2173">
     <span class='ocr_line' id='line_1_19' title="bbox 474 2089 2069 2173; baseline 0.001 -16"><span class='ocrx_word' id='word_1_139' title='bbox 474 2103 576 2173; x_wconf 80' lang='lat' dir='ltr'><strong>geli</strong></span> <span class='ocrx_word' id='word_1_140' title='bbox 605 2103 718 2173; x_wconf 87' lang='lat' dir='ltr'><strong>ejus</strong></span> <span class='ocrx_word' id='word_1_141' title='bbox 739 2103 912 2158; x_wconf 86' lang='lat' dir='ltr'><strong>ell&#39;ecti</strong></span> <span class='ocrx_word' id='word_1_142' title='bbox 942 2112 1086 2170; x_wconf 92' lang='lat' dir='ltr'><strong>sunt,</strong></span> <span class='ocrx_word' id='word_1_143' title='bbox 1117 2104 1168 2157; x_wconf 94' lang='lat' dir='ltr'><strong>in</strong></span> <span class='ocrx_word' id='word_1_144' title='bbox 1198 2102 1345 2157; x_wconf 86' lang='lat' dir='ltr'><strong>libris</strong></span> <span class='ocrx_word' id='word_1_145' title='bbox 1373 2103 1652 2158; x_wconf 89' lang='lat' dir='ltr'><strong>undecimo</strong></span> <span class='ocrx_word' id='word_1_146' title='bbox 1674 2113 1727 2159; x_wconf 92' lang='lat' dir='ltr'><strong>et</strong></span> <span class='ocrx_word' id='word_1_147' title='bbox 1749 2089 2069 2159; x_wconf 85' lang='lat' dir='ltr'><strong>duodecimo</strong></span> 
     </span>
    </p>
   </div>
   <div class='ocr_carea' id='block_1_20' title="bbox 474 2193 2066 2268">
    <p class='ocr_par' dir='ltr' id='par_1_20' title="bbox 474 2193 2066 2268">
     <span class='ocr_line' id='line_1_20' title="bbox 474 2193 2066 2268; baseline 0.002 -21"><span class='ocrx_word' id='word_1_148' title='bbox 474 2193 633 2265; x_wconf 85' lang='lat' dir='ltr'><strong>hujus</strong></span> <span class='ocrx_word' id='word_1_149' title='bbox 661 2197 840 2264; x_wconf 88' lang='lat' dir='ltr'><strong>operis</strong></span> <span class='ocrx_word' id='word_1_150' title='bbox 864 2197 1026 2264; x_wconf 87' lang='lat' dir='ltr'><strong>satis,</strong></span> <span class='ocrx_word' id='word_1_151' title='bbox 1056 2205 1312 2266; x_wconf 90' lang='lat' dir='ltr'><strong>quantum</strong></span> <span class='ocrx_word' id='word_1_152' title='bbox 1345 2196 1513 2268; x_wconf 84' lang='lat' dir='ltr'><strong>potui,</strong></span> <span class='ocrx_word' id='word_1_153' title='bbox 1542 2193 1861 2268; x_wconf 77' lang='lat' dir='ltr'><strong>disputavi),</strong></span> <span class='ocrx_word' id='word_1_154' title='bbox 1897 2197 2066 2252; x_wconf 85' lang='lat' dir='ltr'><strong>maie-</strong></span> 
     </span>
    </p>
   </div>
   <div class='ocr_carea' id='block_1_21' title="bbox 473 2287 2064 2359">
    <p class='ocr_par' dir='ltr' id='par_1_21' title="bbox 473 2287 2064 2359">
     <span class='ocr_line' id='line_1_21' title="bbox 473 2287 2064 2359; baseline 0.003 -18"><span class='ocrx_word' id='word_1_155' title='bbox 473 2287 640 2342; x_wconf 89' lang='lat' dir='ltr'><strong>suada</strong></span> <span class='ocrx_word' id='word_1_156' title='bbox 670 2289 686 2320; x_wconf 85' lang='grc'>¹</span> <span class='ocrx_word' id='word_1_157' title='bbox 712 2291 942 2344; x_wconf 89' lang='lat' dir='ltr'><strong>versutia</strong></span> <span class='ocrx_word' id='word_1_158' title='bbox 972 2291 1023 2343; x_wconf 91' lang='lat' dir='ltr'><strong>in</strong></span> <span class='ocrx_word' id='word_1_159' title='bbox 1059 2289 1292 2344; x_wconf 88' lang='lat' dir='ltr'><strong>hominis</strong></span> <span class='ocrx_word' id='word_1_160' title='bbox 1325 2305 1512 2346; x_wconf 90' lang='lat' dir='ltr'><strong>sensus</strong></span> <span class='ocrx_word' id='word_1_161' title='bbox 1547 2305 1763 2359; x_wconf 84' lang='lat' dir='ltr'><strong>serpere</strong></span> <span class='ocrx_word' id='word_1_162' title='bbox 1789 2289 2064 2358; x_wconf 72' lang='lat' dir='ltr'><strong>aiieetans,</strong></span> 
     </span>
    </p>
   </div>
   <div class='ocr_carea' id='block_1_22' title="bbox 475 2381 2064 2456">
    <p class='ocr_par' dir='ltr' id='par_1_22' title="bbox 475 2381 2064 2456">
     <span class='ocr_line' id='line_1_22' title="bbox 475 2381 2064 2456; baseline 0.001 -19"><span class='ocrx_word' id='word_1_163' title='bbox 475 2381 560 2437; x_wconf 92' lang='lat' dir='ltr'><strong>cui</strong></span> <span class='ocrx_word' id='word_1_164' title='bbox 589 2383 770 2453; x_wconf 89' lang='lat' dir='ltr'><strong>utique</strong></span> <span class='ocrx_word' id='word_1_165' title='bbox 793 2383 987 2450; x_wconf 85' lang='lat' dir='ltr'><strong>stanti,</strong></span> <span class='ocrx_word' id='word_1_166' title='bbox 1017 2384 1266 2454; x_wconf 90' lang='lat' dir='ltr'><strong>quoniam</strong></span> <span class='ocrx_word' id='word_1_167' title='bbox 1305 2384 1419 2456; x_wconf 81' lang='lat' dir='ltr'><strong>ipse</strong></span> <span class='ocrx_word' id='word_1_168' title='bbox 1450 2382 1741 2450; x_wconf 88' lang='lat' dir='ltr'><strong>ceciderat,</strong></span> <span class='ocrx_word' id='word_1_169' title='bbox 1775 2384 2064 2449; x_wconf 88' lang='lat' dir='ltr'><strong>invidebat,</strong></span> 
     </span>
    </p>
   </div>
   <div class='ocr_carea' id='block_1_23' title="bbox 473 2469 2068 2546">
    <p class='ocr_par' dir='ltr' id='par_1_23' title="bbox 473 2469 2068 2546">
     <span class='ocr_line' id='line_1_23' title="bbox 473 2469 2068 2546; baseline 0 -17"><span class='ocrx_word' id='word_1_170' title='bbox 473 2473 752 2529; x_wconf 90' lang='lat' dir='ltr'><strong>colubrum</strong></span> <span class='ocrx_word' id='word_1_171' title='bbox 779 2474 830 2528; x_wconf 89' lang='lat' dir='ltr'><strong>in</strong></span> <span class='ocrx_word' id='word_1_172' title='bbox 866 2469 1112 2544; x_wconf 89' lang='lat' dir='ltr'><strong>paradiso</strong></span> <span class='ocrx_word' id='word_1_173' title='bbox 1135 2475 1422 2546; x_wconf 86' lang='lat' dir='ltr'><strong>corporali,</strong></span> <span class='ocrx_word' id='word_1_174' title='bbox 1457 2476 1542 2530; x_wconf 93' lang='lat' dir='ltr'><strong>ubi</strong></span> <span class='ocrx_word' id='word_1_175' title='bbox 1570 2492 1691 2530; x_wconf 91' lang='lat' dir='ltr'><strong>cum</strong></span> <span class='ocrx_word' id='word_1_176' title='bbox 1718 2476 1927 2532; x_wconf 88' lang='lat' dir='ltr'><strong>duobus</strong></span> <span class='ocrx_word' id='word_1_177' title='bbox 1963 2477 2068 2538; x_wconf 84' lang='lat' dir='ltr'><strong>illis</strong></span> 
     </span>
    </p>
   </div>
   <div class='ocr_carea' id='block_1_24' title="bbox 476 2566 2066 2644">
    <p class='ocr_par' dir='ltr' id='par_1_24' title="bbox 476 2566 2066 2644">
     <span class='ocr_line' id='line_1_24' title="bbox 476 2566 2066 2644; baseline 0.001 -24"><span class='ocrx_word' id='word_1_178' title='bbox 476 2566 781 2621; x_wconf 87' lang='lat' dir='ltr'><strong>hominibus</strong></span> <span class='ocrx_word' id='word_1_179' title='bbox 821 2567 1057 2622; x_wconf 88' lang='lat' dir='ltr'><strong>masculo</strong></span> <span class='ocrx_word' id='word_1_180' title='bbox 1083 2578 1135 2621; x_wconf 92' lang='lat' dir='ltr'><strong>et</strong></span> <span class='ocrx_word' id='word_1_181' title='bbox 1171 2567 1368 2644; x_wconf 12' lang='lat' dir='ltr'><strong>l‘ei‘nina</strong></span> <span class='ocrx_word' id='word_1_182' title='bbox 1407 2569 1654 2622; x_wconf 87' lang='lat' dir='ltr'><strong>animalia</strong></span> <span class='ocrx_word' id='word_1_183' title='bbox 1694 2569 1854 2623; x_wconf 91' lang='lat' dir='ltr'><strong>etiam</strong></span> <span class='ocrx_word' id='word_1_184' title='bbox 1893 2579 2066 2623; x_wconf 59' lang='lat' dir='ltr'><strong>terre«</strong></span> 
     </span>
    </p>
   </div>
   <div class='ocr_carea' id='block_1_25' title="bbox 476 2659 2067 2727">
    <p class='ocr_par' dir='ltr' id='par_1_25' title="bbox 476 2659 2067 2727">
     <span class='ocr_line' id='line_1_25' title="bbox 476 2659 2067 2727; baseline -0.001 -13"><span class='ocrx_word' id='word_1_185' title='bbox 476 2659 608 2714; x_wconf 86' lang='lat' dir='ltr'><strong>stria</strong></span> <span class='ocrx_word' id='word_1_186' title='bbox 634 2669 829 2715; x_wconf 68' lang='lat' dir='ltr'><strong>cmtera</strong></span> <span class='ocrx_word' id='word_1_187' title='bbox 876 2661 1084 2716; x_wconf 91' lang='lat' dir='ltr'><strong>subdita</strong></span> <span class='ocrx_word' id='word_1_188' title='bbox 1121 2671 1175 2716; x_wconf 89' lang='lat' dir='ltr'><strong>et</strong></span> <span class='ocrx_word' id='word_1_189' title='bbox 1219 2660 1433 2716; x_wconf 85' lang='lat' dir='ltr'><strong>innoxia</strong></span> <span class='ocrx_word' id='word_1_190' title='bbox 1465 2662 1839 2727; x_wconf 82' lang='lat' dir='ltr'><strong>versabantur,</strong></span> <span class='ocrx_word' id='word_1_191' title='bbox 1869 2660 2067 2716; x_wconf 87' lang='lat' dir='ltr'><strong>animal</strong></span> 
     </span>
    </p>
   </div>
   <div class='ocr_carea' id='block_1_26' title="bbox 476 2750 2068 2824">
    <p class='ocr_par' dir='ltr' id='par_1_26' title="bbox 476 2750 2068 2824">
     <span class='ocr_line' id='line_1_26' title="bbox 476 2750 2068 2824; baseline 0.001 -19"><span class='ocrx_word' id='word_1_192' title='bbox 476 2750 680 2806; x_wconf 84' lang='lat' dir='ltr'><strong>scilicet</strong></span> <span class='ocrx_word' id='word_1_193' title='bbox 697 2751 956 2808; x_wconf 89' lang='lat' dir='ltr'><strong>lubricum</strong></span> <span class='ocrx_word' id='word_1_194' title='bbox 976 2762 1028 2807; x_wconf 90' lang='lat' dir='ltr'><strong>et</strong></span> <span class='ocrx_word' id='word_1_195' title='bbox 1055 2755 1305 2808; x_wconf 88' lang='lat' dir='ltr'><strong>tortuosis</strong></span> <span class='ocrx_word' id='word_1_196' title='bbox 1325 2751 1648 2815; x_wconf 77' lang='lat' dir='ltr'><strong>anfractibus</strong></span> <span class='ocrx_word' id='word_1_197' title='bbox 1676 2755 1893 2819; x_wconf 87' lang='lat' dir='ltr'><strong>mobile,</strong></span> <span class='ocrx_word' id='word_1_198' title='bbox 1918 2754 2068 2824; x_wconf 87' lang='lat' dir='ltr'><strong>operi</strong></span> 
     </span>
    </p>
   </div>
   <div class='ocr_carea' id='block_1_27' title="bbox 478 2843 2070 2918">
    <p class='ocr_par' dir='ltr' id='par_1_27' title="bbox 478 2843 2070 2918">
     <span class='ocr_line' id='line_1_27' title="bbox 478 2843 2070 2918; baseline 0.003 -21"><span class='ocrx_word' id='word_1_199' title='bbox 478 2858 576 2897; x_wconf 90' lang='lat' dir='ltr'><strong>suo</strong></span> <span class='ocrx_word' id='word_1_200' title='bbox 596 2858 909 2914; x_wconf 83' lang='lat' dir='ltr'><strong>congruum,</strong></span> <span class='ocrx_word' id='word_1_201' title='bbox 946 2861 1041 2914; x_wconf 91' lang='lat' dir='ltr'><strong>per</strong></span> <span class='ocrx_word' id='word_1_202' title='bbox 1081 2861 1238 2916; x_wconf 87' lang='lat' dir='ltr'><strong>quem</strong></span> <span class='ocrx_word' id='word_1_203' title='bbox 1269 2843 1581 2916; x_wconf 86' lang='lat' dir='ltr'><strong>loqueretur</strong></span> <span class='ocrx_word' id='word_1_204' title='bbox 1605 2887 1619 2912; x_wconf 89' lang='lat'><strong>,</strong></span> <span class='ocrx_word' id='word_1_205' title='bbox 1651 2846 1848 2918; x_wconf 79' lang='lat' dir='ltr'><strong>elegit;</strong></span> <span class='ocrx_word' id='word_1_206' title='bbox 1897 2844 2070 2917; x_wconf 78' lang='lat' dir='ltr'><strong>cuque</strong></span> 
     </span>
    </p>
   </div>
   <div class='ocr_carea' id='block_1_28' title="bbox 478 2935 2069 3008">
    <p class='ocr_par' dir='ltr' id='par_1_28' title="bbox 478 2935 2069 3008">
     <span class='ocr_line' id='line_1_28' title="bbox 478 2935 2069 3008; baseline 0.004 -20"><span class='ocrx_word' id='word_1_207' title='bbox 478 2947 576 3004; x_wconf 90' lang='lat' dir='ltr'><strong>per</strong></span> <span class='ocrx_word' id='word_1_208' title='bbox 613 2935 904 3005; x_wconf 83' lang='lat' dir='ltr'><strong>angelicam</strong></span> <span class='ocrx_word' id='word_1_209' title='bbox 951 2938 1290 3007; x_wconf 76' lang='lat' dir='ltr'><strong>praesentiam</strong></span> <span class='ocrx_word' id='word_1_210' title='bbox 1341 2938 1876 3008; x_wconf 57' lang='lat' dir='ltr'><strong>priestantioremque</strong></span> <span class='ocrx_word' id='word_1_211' title='bbox 1912 2947 2069 2998; x_wconf 86' lang='lat' dir='ltr'><strong>uatu-</strong></span> 
     </span>
    </p>
   </div>
   <div class='ocr_carea' id='block_1_29' title="bbox 478 3029 2067 3109">
    <p class='ocr_par' dir='ltr' id='par_1_29' title="bbox 478 3029 2067 3109">
     <span class='ocr_line' id='line_1_29' title="bbox 478 3029 2067 3109; baseline 0.003 -27"><span class='ocrx_word' id='word_1_212' title='bbox 478 3043 591 3082; x_wconf 90' lang='lat' dir='ltr'><strong>ram</strong></span> <span class='ocrx_word' id='word_1_213' title='bbox 624 3029 889 3098; x_wconf 89' lang='lat' dir='ltr'><strong>spirituali</strong></span> <span class='ocrx_word' id='word_1_214' title='bbox 920 3030 1151 3099; x_wconf 85' lang='lat' dir='ltr'><strong>nequitia</strong></span> <span class='ocrx_word' id='word_1_215' title='bbox 1182 3030 1282 3085; x_wconf 89' lang='lat' dir='ltr'><strong>sibi</strong></span> <span class='ocrx_word' id='word_1_216' title='bbox 1309 3031 1571 3099; x_wconf 82' lang='lat' dir='ltr'><strong>subjecto,</strong></span> <span class='ocrx_word' id='word_1_217' title='bbox 1617 3043 1669 3086; x_wconf 91' lang='lat' dir='ltr'><strong>et</strong></span> <span class='ocrx_word' id='word_1_218' title='bbox 1698 3040 1947 3109; x_wconf 86' lang='lat' dir='ltr'><strong>tauquam</strong></span> <span class='ocrx_word' id='word_1_219' title='bbox 1981 3031 2067 3086; x_wconf 83' lang='lat' dir='ltr'><strong>in-</strong></span> 
     </span>
    </p>
   </div>
   <div class='ocr_carea' id='block_1_30' title="bbox 476 3119 2064 3187">
    <p class='ocr_par' dir='ltr' id='par_1_30' title="bbox 476 3119 2064 3187">
     <span class='ocr_line' id='line_1_30' title="bbox 476 3119 2064 3187; baseline 0.001 -13"><span class='ocrx_word' id='word_1_220' title='bbox 476 3127 773 3174; x_wconf 89' lang='lat' dir='ltr'><strong>strumento</strong></span> <span class='ocrx_word' id='word_1_221' title='bbox 794 3121 1034 3187; x_wconf 90' lang='lat' dir='ltr'><strong>abutens,</strong></span> <span class='ocrx_word' id='word_1_222' title='bbox 1053 3119 1258 3177; x_wconf 84' lang='lat' dir='ltr'><strong>fallacia</strong></span> <span class='ocrx_word' id='word_1_223' title='bbox 1282 3122 1302 3153; x_wconf 80' lang='grc'>³</span> <span class='ocrx_word' id='word_1_224' title='bbox 1323 3123 1710 3178; x_wconf 89' lang='lat' dir='ltr'><strong>sermocinatus</strong></span> <span class='ocrx_word' id='word_1_225' title='bbox 1725 3133 1805 3178; x_wconf 91' lang='lat' dir='ltr'><strong>est</strong></span> <span class='ocrx_word' id='word_1_226' title='bbox 1821 3122 2064 3180; x_wconf 67' lang='lat' dir='ltr'><strong>feminae:</strong></span> 
     </span>
    </p>
   </div>
   <div class='ocr_carea' id='block_1_31' title="bbox 477 3214 2068 3288">
    <p class='ocr_par' dir='ltr' id='par_1_31' title="bbox 477 3214 2068 3288">
     <span class='ocr_line' id='line_1_31' title="bbox 477 3214 2068 3288; baseline 0.004 -21"><span class='ocrx_word' id='word_1_227' title='bbox 477 3227 507 3267; x_wconf 89' lang='lat' dir='ltr'><strong>a</strong></span> <span class='ocrx_word' id='word_1_228' title='bbox 539 3222 694 3283; x_wconf 86' lang='lat' dir='ltr'><strong>parte</strong></span> <span class='ocrx_word' id='word_1_229' title='bbox 719 3214 922 3270; x_wconf 90' lang='lat' dir='ltr'><strong>scilicet</strong></span> <span class='ocrx_word' id='word_1_230' title='bbox 953 3215 1205 3270; x_wconf 83' lang='lat' dir='ltr'><strong>inferiore</strong></span> <span class='ocrx_word' id='word_1_231' title='bbox 1245 3216 1391 3272; x_wconf 91' lang='lat' dir='ltr'><strong>illius</strong></span> <span class='ocrx_word' id='word_1_232' title='bbox 1418 3216 1663 3272; x_wconf 85' lang='lat' dir='ltr'><strong>bumame</strong></span> <span class='ocrx_word' id='word_1_233' title='bbox 1691 3219 1900 3288; x_wconf 64' lang='lat' dir='ltr'><strong>copulae</strong></span> <span class='ocrx_word' id='word_1_234' title='bbox 1929 3217 2068 3274; x_wconf 86' lang='lat' dir='ltr'><strong>inci-</strong></span> 
     </span>
    </p>
   </div>
   <div class='ocr_carea' id='block_1_32' title="bbox 479 3305 2068 3377">
    <p class='ocr_par' dir='ltr' id='par_1_32' title="bbox 479 3305 2068 3377">
     <span class='ocr_line' id='line_1_32' title="bbox 479 3305 2068 3377; baseline 0.005 -20"><span class='ocrx_word' id='word_1_235' title='bbox 479 3305 651 3374; x_wconf 91' lang='lat' dir='ltr'><strong>piens,</strong></span> <span class='ocrx_word' id='word_1_236' title='bbox 687 3313 743 3359; x_wconf 91' lang='lat' dir='ltr'><strong>ut</strong></span> <span class='ocrx_word' id='word_1_237' title='bbox 781 3306 1040 3377; x_wconf 79' lang='lat' dir='ltr'><strong>gradatim</strong></span> <span class='ocrx_word' id='word_1_238' title='bbox 1089 3309 1393 3377; x_wconf 89' lang='lat' dir='ltr'><strong>perveniret</strong></span> <span class='ocrx_word' id='word_1_239' title='bbox 1426 3309 1492 3362; x_wconf 89' lang='lat' dir='ltr'><strong>ad</strong></span> <span class='ocrx_word' id='word_1_240' title='bbox 1526 3318 1729 3375; x_wconf 89' lang='lat' dir='ltr'><strong>totum;</strong></span> <span class='ocrx_word' id='word_1_241' title='bbox 1757 3325 1860 3365; x_wconf 91' lang='lat' dir='ltr'><strong>non</strong></span> <span class='ocrx_word' id='word_1_242' title='bbox 1883 3311 2068 3365; x_wconf 86' lang='lat' dir='ltr'><strong>existi-</strong></span> 
     </span>
    </p>
   </div>
   <div class='ocr_carea' id='block_1_33' title="bbox 475 3397 2072 3471">
    <p class='ocr_par' dir='ltr' id='par_1_33' title="bbox 475 3397 2072 3471">
     <span class='ocr_line' id='line_1_33' title="bbox 475 3397 2072 3471; baseline 0.005 -21"><span class='ocrx_word' id='word_1_243' title='bbox 475 3411 628 3450; x_wconf 91' lang='lat' dir='ltr'><strong>mans</strong></span> <span class='ocrx_word' id='word_1_244' title='bbox 659 3398 829 3451; x_wconf 91' lang='lat' dir='ltr'><strong>virum</strong></span> <span class='ocrx_word' id='word_1_245' title='bbox 862 3397 1011 3453; x_wconf 81' lang='lat' dir='ltr'><strong>facile</strong></span> <span class='ocrx_word' id='word_1_246' title='bbox 1039 3399 1311 3453; x_wconf 90' lang='lat' dir='ltr'><strong>credulum</strong></span> <span class='ocrx_word' id='word_1_247' title='bbox 1332 3441 1346 3465; x_wconf 87' lang='lat'><strong>,</strong></span> <span class='ocrx_word' id='word_1_248' title='bbox 1397 3413 1495 3455; x_wconf 89' lang='lat' dir='ltr'><strong>nec</strong></span> <span class='ocrx_word' id='word_1_249' title='bbox 1521 3399 1750 3454; x_wconf 86' lang='lat' dir='ltr'><strong>errando</strong></span> <span class='ocrx_word' id='word_1_250' title='bbox 1790 3415 1949 3471; x_wconf 89' lang='lat' dir='ltr'><strong>posse</strong></span> <span class='ocrx_word' id='word_1_251' title='bbox 1976 3401 2072 3458; x_wconf 87' lang='lat' dir='ltr'><strong>de-</strong></span> 
     </span>
    </p>
   </div>
   <div class='ocr_carea' id='block_1_34' title="bbox 479 3487 2067 3556">
    <p class='ocr_par' dir='ltr' id='par_1_34' title="bbox 479 3487 2067 3556">
     <span class='ocr_line' id='line_1_34' title="bbox 479 3487 2067 3556; baseline 0.003 -15"><span class='ocrx_word' id='word_1_252' title='bbox 479 3488 604 3556; x_wconf 90' lang='lat' dir='ltr'><strong>cipi,</strong></span> <span class='ocrx_word' id='word_1_253' title='bbox 633 3487 728 3542; x_wconf 91' lang='lat' dir='ltr'><strong>sed</strong></span> <span class='ocrx_word' id='word_1_254' title='bbox 760 3487 884 3542; x_wconf 90' lang='lat' dir='ltr'><strong>dum</strong></span> <span class='ocrx_word' id='word_1_255' title='bbox 911 3487 1084 3542; x_wconf 85' lang='lat' dir='ltr'><strong>alieno</strong></span> <span class='ocrx_word' id='word_1_256' title='bbox 1127 3489 1266 3544; x_wconf 88' lang='lat' dir='ltr'><strong>cedit</strong></span> <span class='ocrx_word' id='word_1_257' title='bbox 1294 3490 1487 3545; x_wconf 90' lang='lat' dir='ltr'><strong>errori.</strong></span> <span class='ocrx_word' id='word_1_258' title='bbox 1531 3487 1678 3544; x_wconf 89' lang='lat' dir='ltr'><strong>Sicut</strong></span> <span class='ocrx_word' id='word_1_259' title='bbox 1715 3491 1856 3545; x_wconf 90' lang='lat' dir='ltr'><strong>enim</strong></span> <span class='ocrx_word' id='word_1_260' title='bbox 1887 3494 2067 3546; x_wconf 81' lang='lat' dir='ltr'><strong>Aaron</strong></span> 
     </span>
    </p>
   </div>
   <div class='ocr_carea' id='block_1_35' title="bbox 479 3579 2070 3650">
    <p class='ocr_par' dir='ltr' id='par_1_35' title="bbox 479 3579 2070 3650">
     <span class='ocr_line' id='line_1_35' title="bbox 479 3579 2070 3650; baseline 0.003 -16"><span class='ocrx_word' id='word_1_261' title='bbox 479 3581 675 3634; x_wconf 90' lang='lat' dir='ltr'><strong>erranti</strong></span> <span class='ocrx_word' id='word_1_262' title='bbox 704 3581 902 3650; x_wconf 91' lang='lat' dir='ltr'><strong>populo</strong></span> <span class='ocrx_word' id='word_1_263' title='bbox 927 3580 992 3634; x_wconf 90' lang='lat' dir='ltr'><strong>ad</strong></span> <span class='ocrx_word' id='word_1_264' title='bbox 1028 3580 1228 3634; x_wconf 83' lang='lat' dir='ltr'><strong>idolum</strong></span> <span class='ocrx_word' id='word_1_265' title='bbox 1261 3579 1625 3635; x_wconf 85' lang='lat' dir='ltr'><strong>fabricandum</strong></span> <span class='ocrx_word' id='word_1_266' title='bbox 1657 3596 1762 3635; x_wconf 90' lang='lat' dir='ltr'><strong>non</strong></span> <span class='ocrx_word' id='word_1_267' title='bbox 1795 3585 2070 3639; x_wconf 89' lang='lat' dir='ltr'><strong>consensit</strong></span> 
     </span>
    </p>
   </div>
   <div class='ocr_carea' id='block_1_36' title="bbox 476 3668 2061 3745">
    <p class='ocr_par' dir='ltr' id='par_1_36' title="bbox 476 3668 2061 3745">
     <span class='ocr_line' id='line_1_36' title="bbox 476 3668 2061 3745; baseline 0.004 -21"><span class='ocrx_word' id='word_1_268' title='bbox 476 3668 753 3734; x_wconf 87' lang='lat' dir='ltr'><strong>inductus,</strong></span> <span class='ocrx_word' id='word_1_269' title='bbox 804 3670 896 3726; x_wconf 91' lang='lat' dir='ltr'><strong>sed</strong></span> <span class='ocrx_word' id='word_1_270' title='bbox 940 3672 1101 3726; x_wconf 86' lang='lat' dir='ltr'><strong>cessit</strong></span> <span class='ocrx_word' id='word_1_271' title='bbox 1149 3672 1438 3727; x_wconf 86' lang='lat' dir='ltr'><strong>obstrictus</strong></span> <span class='ocrx_word' id='word_1_272' title='bbox 1483 3669 1882 3744; x_wconf 73' lang='lat' dir='ltr'><strong>(Exod.-xxxu,</strong></span> <span class='ocrx_word' id='word_1_273' title='bbox 1913 3674 2061 3745; x_wconf 76' lang='lat'><strong>3-5);</strong></span> 
     </span>
    </p>
   </div>
   <div class='ocr_carea' id='block_1_37' title="bbox 477 3761 2070 3834">
    <p class='ocr_par' dir='ltr' id='par_1_37' title="bbox 477 3761 2070 3834">
     <span class='ocr_line' id='line_1_37' title="bbox 477 3761 2070 3834; baseline 0.001 -16"><span class='ocrx_word' id='word_1_274' title='bbox 477 3776 576 3818; x_wconf 87' lang='lat' dir='ltr'><strong>nec</strong></span> <span class='ocrx_word' id='word_1_275' title='bbox 619 3761 944 3817; x_wconf 80' lang='lat' dir='ltr'><strong>Salomonen</strong></span> <span class='ocrx_word' id='word_1_276' title='bbox 988 3761 1245 3818; x_wconf 88' lang='lat' dir='ltr'><strong>credibile</strong></span> <span class='ocrx_word' id='word_1_277' title='bbox 1292 3769 1373 3817; x_wconf 89' lang='lat' dir='ltr'><strong>est</strong></span> <span class='ocrx_word' id='word_1_278' title='bbox 1421 3779 1608 3820; x_wconf 91' lang='lat' dir='ltr'><strong>errore</strong></span> <span class='ocrx_word' id='word_1_279' title='bbox 1655 3773 1870 3834; x_wconf 90' lang='lat' dir='ltr'><strong>putasse</strong></span> <span class='ocrx_word' id='word_1_280' title='bbox 1914 3765 2070 3821; x_wconf 89' lang='lat' dir='ltr'><strong>idolis</strong></span> 
     </span>
    </p>
   </div>
   <div class='ocr_carea' id='block_1_38' title="bbox 480 3855 2072 3921">
    <p class='ocr_par' dir='ltr' id='par_1_38' title="bbox 480 3855 2072 3921">
     <span class='ocr_line' id='line_1_38' title="bbox 480 3855 2072 3921; baseline 0.006 -14"><span class='ocrx_word' id='word_1_281' title='bbox 480 3867 601 3908; x_wconf 85' lang='lat' dir='ltr'><strong>esse</strong></span> <span class='ocrx_word' id='word_1_282' title='bbox 631 3855 967 3910; x_wconf 89' lang='lat' dir='ltr'><strong>serviendum</strong></span> <span class='ocrx_word' id='word_1_283' title='bbox 995 3897 1009 3921; x_wconf 96' lang='lat'><strong>,</strong></span> <span class='ocrx_word' id='word_1_284' title='bbox 1057 3856 1149 3911; x_wconf 91' lang='lat' dir='ltr'><strong>sed</strong></span> <span class='ocrx_word' id='word_1_285' title='bbox 1196 3855 1466 3912; x_wconf 86' lang='lat' dir='ltr'><strong>blanditiis</strong></span> <span class='ocrx_word' id='word_1_286' title='bbox 1496 3855 1743 3914; x_wconf 84' lang='lat' dir='ltr'><strong>femineis</strong></span> <span class='ocrx_word' id='word_1_287' title='bbox 1773 3859 1840 3913; x_wconf 88' lang='lat' dir='ltr'><strong>ad</strong></span> <span class='ocrx_word' id='word_1_288' title='bbox 1871 3860 1958 3914; x_wconf 92' lang='lat' dir='ltr'><strong>illa</strong></span> <span class='ocrx_word' id='word_1_289' title='bbox 1985 3876 2072 3916; x_wconf 90' lang='lat' dir='ltr'><strong>sa-</strong></span> 
     </span>
    </p>
   </div>
   <div class='ocr_carea' id='block_1_39' title="bbox 477 3947 2068 4022">
    <p class='ocr_par' dir='ltr' id='par_1_39' title="bbox 477 3947 2068 4022">
     <span class='ocr_line' id='line_1_39' title="bbox 477 3947 2068 4022; baseline 0.004 -21"><span class='ocrx_word' id='word_1_290' title='bbox 477 3947 693 4017; x_wconf 82' lang='lat' dir='ltr'><strong>crilegia</strong></span> <span class='ocrx_word' id='word_1_291' title='bbox 739 3949 899 4003; x_wconf 83' lang='lat' dir='ltr'><strong>fuisse</strong></span> <span class='ocrx_word' id='word_1_292' title='bbox 945 3951 1278 4017; x_wconf 83' lang='lat' dir='ltr'><strong>compulsum</strong></span> <span class='ocrx_word' id='word_1_293' title='bbox 1310 3949 1402 4019; x_wconf 89' lang='lat' dir='ltr'><strong>(ill</strong></span> <span class='ocrx_word' id='word_1_294' title='bbox 1425 3949 1552 4021; x_wconf 84' lang='lat' dir='ltr'><strong>Reg.</strong></span> <span class='ocrx_word' id='word_1_295' title='bbox 1591 3966 1681 4017; x_wconf 74' lang='grc' dir='ltr'><strong>ιι,</strong></span> <span class='ocrx_word' id='word_1_296' title='bbox 1709 3950 1766 4022; x_wconf 70' lang='lat'><strong>4)</strong></span> <span class='ocrx_word' id='word_1_297' title='bbox 1802 3970 1814 4004; x_wconf 88' lang='lat'>:</span> <span class='ocrx_word' id='word_1_298' title='bbox 1846 3952 1922 4006; x_wconf 92' lang='lat' dir='ltr'><strong>ita</strong></span> <span class='ocrx_word' id='word_1_299' title='bbox 1949 3969 2068 4010; x_wconf 90' lang='lat' dir='ltr'><strong>cre-</strong></span> 
     </span>
    </p>
   </div>
   <div class='ocr_carea' id='block_1_40' title="bbox 479 4037 2070 4108">
    <p class='ocr_par' dir='ltr' id='par_1_40' title="bbox 479 4037 2070 4108">
     <span class='ocr_line' id='line_1_40' title="bbox 479 4037 2070 4108; baseline 0.004 -16"><span class='ocrx_word' id='word_1_300' title='bbox 479 4037 708 4093; x_wconf 86' lang='lat' dir='ltr'><strong>dendum</strong></span> <span class='ocrx_word' id='word_1_301' title='bbox 732 4047 832 4104; x_wconf 91' lang='lat' dir='ltr'><strong>est,</strong></span> <span class='ocrx_word' id='word_1_302' title='bbox 863 4039 1010 4093; x_wconf 90' lang='lat' dir='ltr'><strong>illum</strong></span> <span class='ocrx_word' id='word_1_303' title='bbox 1040 4043 1210 4094; x_wconf 84' lang='lat' dir='ltr'><strong>virum</strong></span> <span class='ocrx_word' id='word_1_304' title='bbox 1230 4055 1338 4094; x_wconf 68' lang='lat' dir='ltr'><strong>suto</strong></span> <span class='ocrx_word' id='word_1_305' title='bbox 1364 4039 1601 4107; x_wconf 56' lang='lat' dir='ltr'><strong>femina»,</strong></span> <span class='ocrx_word' id='word_1_306' title='bbox 1637 4043 1724 4096; x_wconf 89' lang='lat' dir='ltr'><strong>uni</strong></span> <span class='ocrx_word' id='word_1_307' title='bbox 1759 4059 1940 4108; x_wconf 90' lang='lat' dir='ltr'><strong>unum,</strong></span> <span class='ocrx_word' id='word_1_308' title='bbox 1969 4043 2070 4098; x_wconf 88' lang='lat' dir='ltr'><strong>bo-</strong></span> 
     </span>
    </p>
   </div>
   <div class='ocr_carea' id='block_1_41' title="bbox 480 4132 2070 4208">
    <p class='ocr_par' dir='ltr' id='par_1_41' title="bbox 480 4132 2070 4208">
     <span class='ocr_line' id='line_1_41' title="bbox 480 4132 2070 4208; baseline 0.004 -22"><span class='ocrx_word' id='word_1_309' title='bbox 480 4132 678 4186; x_wconf 90' lang='lat' dir='ltr'><strong>minem</strong></span> <span class='ocrx_word' id='word_1_310' title='bbox 725 4132 966 4199; x_wconf 89' lang='lat' dir='ltr'><strong>homini,</strong></span> <span class='ocrx_word' id='word_1_311' title='bbox 1017 4134 1298 4204; x_wconf 82' lang='lat' dir='ltr'><strong>conjugem</strong></span> <span class='ocrx_word' id='word_1_312' title='bbox 1355 4135 1602 4206; x_wconf 80' lang='lat' dir='ltr'><strong>eonjugi,</strong></span> <span class='ocrx_word' id='word_1_313' title='bbox 1660 4136 1723 4189; x_wconf 89' lang='lat' dir='ltr'><strong>ad</strong></span> <span class='ocrx_word' id='word_1_314' title='bbox 1777 4137 1866 4189; x_wconf 86' lang='lat' dir='ltr'><strong>Dei</strong></span> <span class='ocrx_word' id='word_1_315' title='bbox 1898 4137 2070 4208; x_wconf 83' lang='lat' dir='ltr'><strong>legem</strong></span> 
     </span>
    </p>
   </div>
   <div class='ocr_carea' id='block_1_42' title="bbox 482 4219 2071 4299">
    <p class='ocr_par' dir='ltr' id='par_1_42' title="bbox 482 4219 2071 4299">
     <span class='ocr_line' id='line_1_42' title="bbox 482 4219 2071 4299; baseline 0.004 -21"><span class='ocrx_word' id='word_1_316' title='bbox 482 4224 974 4295; x_wconf 80' lang='lat' dir='ltr'><strong>transgrediendam</strong></span> <span class='ocrx_word' id='word_1_317' title='bbox 1003 4269 1017 4293; x_wconf 88' lang='lat'><strong>,</strong></span> <span class='ocrx_word' id='word_1_318' title='bbox 1046 4244 1149 4280; x_wconf 89' lang='lat' dir='ltr'><strong>non</strong></span> <span class='ocrx_word' id='word_1_319' title='bbox 1189 4231 1442 4296; x_wconf 82' lang='lat' dir='ltr'><strong>tanquam</strong></span> <span class='ocrx_word' id='word_1_320' title='bbox 1474 4219 1653 4281; x_wconf 82' lang='lat' dir='ltr'><strong>verum</strong></span> <span class='ocrx_word' id='word_1_321' title='bbox 1687 4227 1926 4299; x_wconf 85' lang='lat' dir='ltr'><strong>loquenti</strong></span> <span class='ocrx_word' id='word_1_322' title='bbox 1949 4245 2071 4285; x_wconf 83' lang='lat' dir='ltr'><strong>cre—</strong></span> 
     </span>
    </p>
   </div>
   <div class='ocr_carea' id='block_1_43' title="bbox 481 4315 2068 4390">
    <p class='ocr_par' dir='ltr' id='par_1_43' title="bbox 481 4315 2068 4390">
     <span class='ocr_line' id='line_1_43' title="bbox 481 4315 2068 4390; baseline 0.003 -19"><span class='ocrx_word' id='word_1_323' title='bbox 481 4315 680 4372; x_wconf 86' lang='lat' dir='ltr'><strong>didisse</strong></span> <span class='ocrx_word' id='word_1_324' title='bbox 705 4318 979 4372; x_wconf 88' lang='lat' dir='ltr'><strong>seductum</strong></span> <span class='ocrx_word' id='word_1_325' title='bbox 1002 4361 1014 4383; x_wconf 92' lang='lat'><strong>,</strong></span> <span class='ocrx_word' id='word_1_326' title='bbox 1045 4319 1137 4373; x_wconf 91' lang='lat' dir='ltr'><strong>sed</strong></span> <span class='ocrx_word' id='word_1_327' title='bbox 1161 4319 1346 4372; x_wconf 88' lang='lat' dir='ltr'><strong>sociali</strong></span> <span class='ocrx_word' id='word_1_328' title='bbox 1379 4320 1774 4375; x_wconf 85' lang='lat' dir='ltr'><strong>necessitudine</strong></span> <span class='ocrx_word' id='word_1_329' title='bbox 1799 4322 2068 4390; x_wconf 84' lang='lat' dir='ltr'><strong>paruisse.</strong></span> 
     </span>
    </p>
   </div>
   <div class='ocr_carea' id='block_1_44' title="bbox 481 4407 2070 4478">
    <p class='ocr_par' dir='ltr' id='par_1_44' title="bbox 481 4407 2070 4478">
     <span class='ocr_line' id='line_1_44' title="bbox 481 4407 2070 4478; baseline 0.004 -16"><span class='ocrx_word' id='word_1_330' title='bbox 481 4407 596 4462; x_wconf 86' lang='lat' dir='ltr'><strong>Non</strong></span> <span class='ocrx_word' id='word_1_331' title='bbox 623 4408 763 4462; x_wconf 89' lang='lat' dir='ltr'><strong>enim</strong></span> <span class='ocrx_word' id='word_1_332' title='bbox 789 4410 980 4463; x_wconf 83' lang='lat' dir='ltr'><strong>frustra</strong></span> <span class='ocrx_word' id='word_1_333' title='bbox 1010 4409 1141 4463; x_wconf 82' lang='lat' dir='ltr'><strong>dixit</strong></span> <span class='ocrx_word' id='word_1_334' title='bbox 1176 4409 1466 4478; x_wconf 85' lang='lat' dir='ltr'><strong>Apostolus</strong></span> <span class='ocrx_word' id='word_1_335' title='bbox 1495 4451 1510 4477; x_wconf 95' lang='lat'><strong>,</strong></span> <span class='ocrx_word' id='word_1_336' title='bbox 1563 4411 1666 4464; x_wconf 89' lang='lat' dir='ltr'><strong>Sed</strong></span> <span class='ocrx_word' id='word_1_337' title='bbox 1697 4420 1742 4464; x_wconf 89' lang='lat' dir='ltr'><strong>et</strong></span> <span class='ocrx_word' id='word_1_338' title='bbox 1780 4409 1941 4465; x_wconf 82' lang='lat' dir='ltr'><strong>Adam</strong></span> <span class='ocrx_word' id='word_1_339' title='bbox 1969 4431 2070 4468; x_wconf 85' lang='lat' dir='ltr'><strong>non</strong></span> 
     </span>
    </p>
   </div>
   <div class='ocr_carea' id='block_1_45' title="bbox 483 4501 2067 4576">
    <p class='ocr_par' dir='ltr' id='par_1_45' title="bbox 483 4501 2067 4576">
     <span class='ocr_line' id='line_1_45' title="bbox 483 4501 2067 4576; baseline 0.004 -22"><span class='ocrx_word' id='word_1_340' title='bbox 483 4509 553 4554; x_wconf 81' lang='lat' dir='ltr'><strong>est</strong></span> <span class='ocrx_word' id='word_1_341' title='bbox 574 4501 827 4563; x_wconf 86' lang='lat' dir='ltr'><strong>seductus,</strong></span> <span class='ocrx_word' id='word_1_342' title='bbox 862 4501 1040 4554; x_wconf 79' lang='lat' dir='ltr'><strong>mulier</strong></span> <span class='ocrx_word' id='word_1_343' title='bbox 1065 4510 1229 4554; x_wconf 85' lang='lat' dir='ltr'><strong>autem</strong></span> <span class='ocrx_word' id='word_1_344' title='bbox 1253 4503 1461 4555; x_wconf 82' lang='lat' dir='ltr'><strong>seducta</strong></span> <span class='ocrx_word' id='word_1_345' title='bbox 1493 4511 1561 4556; x_wconf 85' lang='lat' dir='ltr'><strong>est</strong></span> <span class='ocrx_word' id='word_1_346' title='bbox 1589 4503 1633 4567; x_wconf 93' lang='lat' dir='ltr'><strong>(l</strong></span> <span class='ocrx_word' id='word_1_347' title='bbox 1668 4501 1798 4557; x_wconf 87' lang='lat' dir='ltr'><strong>Tim.</strong></span> <span class='ocrx_word' id='word_1_348' title='bbox 1834 4521 1870 4557; x_wconf 88' lang='lat' dir='ltr'><strong>ll</strong></span> <span class='ocrx_word' id='word_1_349' title='bbox 1892 4547 1906 4570; x_wconf 96' lang='lat'><strong>,</strong></span> <span class='ocrx_word' id='word_1_350' title='bbox 1939 4505 2027 4576; x_wconf 73' lang='grc'><strong>14)</strong></span> <span class='ocrx_word' id='word_1_351' title='bbox 2055 4525 2067 4559; x_wconf 90' lang='lat'><strong>:</strong></span> 
     </span>
    </p>
   </div>
   <div class='ocr_carea' id='block_1_46' title="bbox 482 4590 2071 4666">
    <p class='ocr_par' dir='ltr' id='par_1_46' title="bbox 482 4590 2071 4666">
     <span class='ocr_line' id='line_1_46' title="bbox 482 4590 2071 4666; baseline 0.005 -22"><span class='ocrx_word' id='word_1_352' title='bbox 482 4591 583 4645; x_wconf 89' lang='lat' dir='ltr'><strong>nisi</strong></span> <span class='ocrx_word' id='word_1_353' title='bbox 611 4592 733 4660; x_wconf 90' lang='lat' dir='ltr'><strong>quia</strong></span> <span class='ocrx_word' id='word_1_354' title='bbox 764 4590 849 4644; x_wconf 89' lang='lat' dir='ltr'><strong>illa</strong></span> <span class='ocrx_word' id='word_1_355' title='bbox 880 4590 1023 4661; x_wconf 90' lang='lat' dir='ltr'><strong>quod</strong></span> <span class='ocrx_word' id='word_1_356' title='bbox 1055 4593 1101 4647; x_wconf 90' lang='lat' dir='ltr'><strong>ei</strong></span> <span class='ocrx_word' id='word_1_357' title='bbox 1136 4609 1360 4662; x_wconf 80' lang='lat' dir='ltr'><strong>serpens</strong></span> <span class='ocrx_word' id='word_1_358' title='bbox 1399 4593 1606 4648; x_wconf 90' lang='lat' dir='ltr'><strong>loculus</strong></span> <span class='ocrx_word' id='word_1_359' title='bbox 1647 4604 1732 4651; x_wconf 87' lang='lat' dir='ltr'><strong>est</strong></span> <span class='ocrx_word' id='word_1_360' title='bbox 1753 4637 1767 4661; x_wconf 96' lang='lat'><strong>,</strong></span> <span class='ocrx_word' id='word_1_361' title='bbox 1819 4605 2071 4666; x_wconf 89' lang='lat' dir='ltr'><strong>tanquam</strong></span> 
     </span>
    </p>
   </div>
   <div class='ocr_carea' id='block_1_47' title="bbox 482 4683 2072 4754">
    <p class='ocr_par' dir='ltr' id='par_1_47' title="bbox 482 4683 2072 4754">
     <span class='ocr_line' id='line_1_47' title="bbox 482 4683 2072 4754; baseline 0.006 -20"><span class='ocrx_word' id='word_1_362' title='bbox 482 4697 670 4736; x_wconf 82' lang='lat' dir='ltr'><strong>verum</strong></span> <span class='ocrx_word' id='word_1_363' title='bbox 695 4691 853 4748; x_wconf 88' lang='lat' dir='ltr'><strong>esset,</strong></span> <span class='ocrx_word' id='word_1_364' title='bbox 879 4683 1104 4754; x_wconf 87' lang='lat' dir='ltr'><strong>accepit,</strong></span> <span class='ocrx_word' id='word_1_365' title='bbox 1136 4685 1222 4738; x_wconf 92' lang='lat' dir='ltr'><strong>ille</strong></span> <span class='ocrx_word' id='word_1_366' title='bbox 1253 4695 1431 4739; x_wconf 88' lang='lat' dir='ltr'><strong>autem</strong></span> <span class='ocrx_word' id='word_1_367' title='bbox 1460 4687 1527 4738; x_wconf 89' lang='lat' dir='ltr'><strong>ab</strong></span> <span class='ocrx_word' id='word_1_368' title='bbox 1554 4687 1710 4741; x_wconf 81' lang='lat' dir='ltr'><strong>imico</strong></span> <span class='ocrx_word' id='word_1_369' title='bbox 1741 4687 1910 4742; x_wconf 87' lang='lat' dir='ltr'><strong>noluit</strong></span> <span class='ocrx_word' id='word_1_370' title='bbox 1938 4703 2072 4743; x_wconf 88' lang='lat' dir='ltr'><strong>con-</strong></span> 
     </span>
    </p>
   </div>
   <div class='ocr_carea' id='block_1_48' title="bbox 484 4772 2072 4845">
    <p class='ocr_par' dir='ltr' id='par_1_48' title="bbox 484 4772 2072 4845">
     <span class='ocr_line' id='line_1_48' title="bbox 484 4772 2072 4845; baseline 0.003 -18"><span class='ocrx_word' id='word_1_371' title='bbox 484 4773 653 4827; x_wconf 90' lang='lat' dir='ltr'><strong>sortio</strong></span> <span class='ocrx_word' id='word_1_372' title='bbox 695 4772 894 4838; x_wconf 89' lang='lat' dir='ltr'><strong>dirimi,</strong></span> <span class='ocrx_word' id='word_1_373' title='bbox 935 4788 1032 4829; x_wconf 89' lang='lat' dir='ltr'><strong>nec</strong></span> <span class='ocrx_word' id='word_1_374' title='bbox 1062 4773 1112 4827; x_wconf 92' lang='lat' dir='ltr'><strong>in</strong></span> <span class='ocrx_word' id='word_1_375' title='bbox 1141 4775 1522 4832; x_wconf 90' lang='lat' dir='ltr'><strong>communione</strong></span> <span class='ocrx_word' id='word_1_376' title='bbox 1552 4779 1790 4845; x_wconf 88' lang='lat' dir='ltr'><strong>peccati;</strong></span> <span class='ocrx_word' id='word_1_377' title='bbox 1825 4794 1923 4832; x_wconf 90' lang='lat' dir='ltr'><strong>nec</strong></span> <span class='ocrx_word' id='word_1_378' title='bbox 1951 4778 2072 4834; x_wconf 89' lang='lat' dir='ltr'><strong>ideo</strong></span> 
     </span>
    </p>
   </div>
   <div class='ocr_carea' id='block_1_49' title="bbox 483 4865 2072 4942">
    <p class='ocr_par' dir='ltr' id='par_1_49' title="bbox 483 4865 2072 4942">
     <span class='ocr_line' id='line_1_49' title="bbox 483 4865 2072 4942; baseline 0.006 -24"><span class='ocrx_word' id='word_1_379' title='bbox 483 4865 660 4919; x_wconf 87' lang='lat' dir='ltr'><strong>minus</strong></span> <span class='ocrx_word' id='word_1_380' title='bbox 681 4879 836 4933; x_wconf 88' lang='lat' dir='ltr'><strong>reus,</strong></span> <span class='ocrx_word' id='word_1_381' title='bbox 881 4867 974 4922; x_wconf 90' lang='lat' dir='ltr'><strong>sed</strong></span> <span class='ocrx_word' id='word_1_382' title='bbox 1004 4866 1178 4922; x_wconf 91' lang='lat' dir='ltr'><strong>sciens</strong></span> <span class='ocrx_word' id='word_1_383' title='bbox 1204 4866 1226 4898; x_wconf 86' lang='grc'>⁸</span> <span class='ocrx_word' id='word_1_384' title='bbox 1247 4868 1583 4939; x_wconf 86' lang='lat' dir='ltr'><strong>prudensque</strong></span> <span class='ocrx_word' id='word_1_385' title='bbox 1624 4872 1884 4942; x_wconf 86' lang='lat' dir='ltr'><strong>peccavit.</strong></span> <span class='ocrx_word' id='word_1_386' title='bbox 1918 4871 2072 4927; x_wconf 88' lang='lat' dir='ltr'><strong>Unde</strong></span> 
     </span>
    </p>
   </div>
   <div class='ocr_carea' id='block_1_50' title="bbox 485 4960 2073 5033">
    <p class='ocr_par' dir='ltr' id='par_1_50' title="bbox 485 4960 2073 5033">
     <span class='ocr_line' id='line_1_50' title="bbox 485 4960 2073 5033; baseline 0.004 -19"><span class='ocrx_word' id='word_1_387' title='bbox 485 4967 540 5014; x_wconf 90' lang='lat' dir='ltr'><strong>et</strong></span> <span class='ocrx_word' id='word_1_388' title='bbox 576 4960 864 5028; x_wconf 86' lang='lat' dir='ltr'><strong>Apostolus</strong></span> <span class='ocrx_word' id='word_1_389' title='bbox 909 4976 1012 5014; x_wconf 93' lang='lat' dir='ltr'><strong>non</strong></span> <span class='ocrx_word' id='word_1_390' title='bbox 1045 4961 1155 5026; x_wconf 90' lang='lat' dir='ltr'><strong>alt,</strong></span> <span class='ocrx_word' id='word_1_391' title='bbox 1198 4960 1312 5016; x_wconf 84' lang='lat' dir='ltr'><strong>Non</strong></span> <span class='ocrx_word' id='word_1_392' title='bbox 1364 4963 1638 5033; x_wconf 81' lang='lat' dir='ltr'><strong>peccavit;</strong></span> <span class='ocrx_word' id='word_1_393' title='bbox 1677 4965 1808 5031; x_wconf 91' lang='lat' dir='ltr'><strong>sed,</strong></span> <span class='ocrx_word' id='word_1_394' title='bbox 1857 4964 1974 5020; x_wconf 82' lang='lat' dir='ltr'><strong>Non</strong></span> <span class='ocrx_word' id='word_1_395' title='bbox 2003 4977 2073 5022; x_wconf 83' lang='lat' dir='ltr'><strong>est</strong></span> 
     </span>
    </p>
   </div>
   <div class='ocr_carea' id='block_1_51' title="bbox 485 5049 2068 5122">
    <p class='ocr_par' dir='ltr' id='par_1_51' title="bbox 485 5049 2068 5122">
     <span class='ocr_line' id='line_1_51' title="bbox 485 5049 2068 5122; baseline 0.007 -21"><span class='ocrx_word' id='word_1_396' title='bbox 485 5049 736 5104; x_wconf 79' lang='lat' dir='ltr'><strong>seductus.</strong></span> <span class='ocrx_word' id='word_1_397' title='bbox 792 5049 922 5104; x_wconf 83' lang='lat' dir='ltr'><strong>Nam</strong></span> <span class='ocrx_word' id='word_1_398' title='bbox 967 5053 1146 5121; x_wconf 88' lang='lat' dir='ltr'><strong>utique</strong></span> <span class='ocrx_word' id='word_1_399' title='bbox 1196 5054 1371 5122; x_wconf 90' lang='lat' dir='ltr'><strong>ipsum</strong></span> <span class='ocrx_word' id='word_1_400' title='bbox 1414 5054 1741 5122; x_wconf 71' lang='lat' dir='ltr'><strong>ostendit‘,</strong></span> <span class='ocrx_word' id='word_1_401' title='bbox 1797 5057 1880 5112; x_wconf 90' lang='lat' dir='ltr'><strong>ubi</strong></span> <span class='ocrx_word' id='word_1_402' title='bbox 1922 5057 2068 5122; x_wconf 81' lang='lat' dir='ltr'><strong>dicit,</strong></span> 
     </span>
    </p>
   </div>
   <div class='ocr_carea' id='block_1_52' title="bbox 485 5138 2074 5216">
    <p class='ocr_par' dir='ltr' id='par_1_52' title="bbox 485 5138 2074 5216">
     <span class='ocr_line' id='line_1_52' title="bbox 485 5138 2074 5216; baseline 0.007 -22"><span class='ocrx_word' id='word_1_403' title='bbox 485 5138 595 5195; x_wconf 79' lang='lat' dir='ltr'><strong>Per</strong></span> <span class='ocrx_word' id='word_1_404' title='bbox 621 5157 776 5195; x_wconf 82' lang='lat' dir='ltr'><strong>unum</strong></span> <span class='ocrx_word' id='word_1_405' title='bbox 805 5142 1056 5196; x_wconf 82' lang='lat' dir='ltr'><strong>hominem</strong></span> <span class='ocrx_word' id='word_1_406' title='bbox 1093 5145 1302 5198; x_wconf 75' lang='lat' dir='ltr'><strong>intravit</strong></span> <span class='ocrx_word' id='word_1_407' title='bbox 1333 5155 1591 5216; x_wconf 82' lang='lat' dir='ltr'><strong>peccatum</strong></span> <span class='ocrx_word' id='word_1_408' title='bbox 1627 5148 1681 5201; x_wconf 82' lang='lat' dir='ltr'><strong>in</strong></span> <span class='ocrx_word' id='word_1_409' title='bbox 1712 5147 1953 5202; x_wconf 75' lang='lat' dir='ltr'><strong>mundam</strong></span> <span class='ocrx_word' id='word_1_410' title='bbox 1977 5168 1994 5203; x_wconf 91' lang='lat'><strong><em>:</em></strong></span> <span class='ocrx_word' id='word_1_411' title='bbox 2021 5161 2074 5205; x_wconf 86' lang='lat' dir='ltr'><strong>et</strong></span> 
     </span>
    </p>
   </div>
   <div class='ocr_carea' id='block_1_53' title="bbox 487 5233 2073 5312">
    <p class='ocr_par' dir='ltr' id='par_1_53' title="bbox 487 5233 2073 5312">
     <span class='ocr_line' id='line_1_53' title="bbox 487 5233 2073 5312; baseline 0.003 -25"><span class='ocrx_word' id='word_1_412' title='bbox 487 5233 644 5304; x_wconf 85' lang='lat' dir='ltr'><strong>paulo</strong></span> <span class='ocrx_word' id='word_1_413' title='bbox 675 5241 794 5304; x_wconf 87' lang='lat' dir='ltr'><strong>post</strong></span> <span class='ocrx_word' id='word_1_414' title='bbox 819 5236 1085 5304; x_wconf 82' lang='lat' dir='ltr'><strong>apertius,</strong></span> <span class='ocrx_word' id='word_1_415' title='bbox 1120 5233 1184 5290; x_wconf 80' lang='lat' dir='ltr'><strong>In</strong></span> <span class='ocrx_word' id='word_1_416' title='bbox 1212 5237 1572 5306; x_wconf 77' lang='lat' dir='ltr'><strong>similitudine,</strong></span> <span class='ocrx_word' id='word_1_417' title='bbox 1609 5240 1801 5310; x_wconf 90' lang='lat' dir='ltr'><strong>inquit,</strong></span> <span class='ocrx_word' id='word_1_418' title='bbox 1835 5243 2073 5312; x_wconf 59' lang='lat' dir='ltr'><strong>pra’vari-</strong></span> 
     </span>
    </p>
   </div>
   <div class='ocr_carea' id='block_1_54' title="bbox 487 5323 2072 5400">
    <p class='ocr_par' dir='ltr' id='par_1_54' title="bbox 487 5323 2072 5400">
     <span class='ocr_line' id='line_1_54' title="bbox 487 5323 2072 5400; baseline 0.006 -20"><span class='ocrx_word' id='word_1_419' title='bbox 487 5326 699 5380; x_wconf 76' lang='lat' dir='ltr'><strong>cationis</strong></span> <span class='ocrx_word' id='word_1_420' title='bbox 720 5323 845 5384; x_wconf 67' lang='lat' dir='ltr'><strong>Adze</strong></span> <span class='ocrx_word' id='word_1_421' title='bbox 871 5325 1050 5398; x_wconf 85' lang='lat' dir='ltr'><strong>(Rom.</strong></span> <span class='ocrx_word' id='word_1_422' title='bbox 1082 5343 1114 5383; x_wconf 92' lang='lat' dir='ltr'><strong>v</strong></span> <span class='ocrx_word' id='word_1_423' title='bbox 1138 5371 1151 5394; x_wconf 96' lang='lat'><strong>,</strong></span> <span class='ocrx_word' id='word_1_424' title='bbox 1177 5329 1277 5396; x_wconf 73' lang='lat'><strong>12,</strong></span> <span class='ocrx_word' id='word_1_425' title='bbox 1311 5329 1422 5400; x_wconf 75' lang='grc'><strong>14).</strong></span> <span class='ocrx_word' id='word_1_426' title='bbox 1465 5327 1572 5385; x_wconf 86' lang='lat' dir='ltr'><strong>Eos</strong></span> <span class='ocrx_word' id='word_1_427' title='bbox 1602 5339 1780 5388; x_wconf 89' lang='lat' dir='ltr'><strong>autem</strong></span> <span class='ocrx_word' id='word_1_428' title='bbox 1823 5331 2072 5390; x_wconf 88' lang='lat' dir='ltr'><strong>seductos</strong></span> 
     </span>
    </p>
   </div>
   <div class='ocr_carea' id='block_1_55' title="bbox 548 5480 2072 5545">
    <p class='ocr_par' dir='ltr' id='par_1_55' title="bbox 548 5480 2072 5545">
     <span class='ocr_line' id='line_1_55' title="bbox 548 5480 2072 5545; baseline 0.009 -17"><span class='ocrx_word' id='word_1_429' title='bbox 548 5481 567 5513; x_wconf 74' lang='grc' dir='ltr'>ι</span> <span class='ocrx_word' id='word_1_430' title='bbox 603 5480 734 5545; x_wconf 72' lang='lat' dir='ltr'><strong>Vind.</strong></span> <span class='ocrx_word' id='word_1_431' title='bbox 766 5489 964 5545; x_wconf 64' lang='lat' dir='ltr'><strong>smn.</strong></span> <span class='ocrx_word' id='word_1_432' title='bbox 985 5490 1038 5533; x_wconf 90' lang='lat' dir='ltr'><strong>et</strong></span> <span class='ocrx_word' id='word_1_433' title='bbox 1051 5481 1277 5545; x_wconf 76' lang='lat' dir='ltr'><strong>nonnulli</strong></span> <span class='ocrx_word' id='word_1_434' title='bbox 1300 5491 1429 5545; x_wconf 64' lang='lat' dir='ltr'><strong>llas,</strong></span> <span class='ocrx_word' id='word_1_435' title='bbox 1466 5484 1939 5539; x_wconf 53' lang='lat' dir='ltr'><strong>www.csmt</strong></span> <span class='ocrx_word' id='word_1_436' title='bbox 1963 5490 2072 5541; x_wconf 84' lang='lat' dir='ltr'><strong>fere</strong></span> 
     </span>
    </p>
   </div>
   <div class='ocr_carea' id='block_1_56' title="bbox 486 5541 2069 5620">
    <p class='ocr_par' dir='ltr' id='par_1_56' title="bbox 486 5541 2069 5620">
     <span class='ocr_line' id='line_1_56' title="bbox 486 5541 2069 5620; baseline 0.008 -28"><span class='ocrx_word' id='word_1_437' title='bbox 486 5549 617 5620; x_wconf 40' lang='lat' dir='ltr'><strong>ales...</strong></span> <span class='ocrx_word' id='word_1_438' title='bbox 628 5541 1218 5620; x_wconf 42' lang='lat' dir='ltr'><strong>ptqlgsu&#39;gdendaﬂelius</strong></span> <span class='ocrx_word' id='word_1_439' title='bbox 1235 5554 1364 5620; x_wconf 75' lang='lat' dir='ltr'><strong>l.oy.,</strong></span> <span class='ocrx_word' id='word_1_440' title='bbox 1381 5541 1679 5620; x_wconf 57' lang='lat' dir='ltr'><strong>mqlesuada,</strong></span> <span class='ocrx_word' id='word_1_441' title='bbox 1696 5556 1749 5600; x_wconf 91' lang='lat' dir='ltr'><strong>ut</strong></span> <span class='ocrx_word' id='word_1_442' title='bbox 1765 5552 1892 5616; x_wconf 82' lang='lat' dir='ltr'><strong>apud</strong></span> <span class='ocrx_word' id='word_1_443' title='bbox 1905 5552 2069 5620; x_wconf 69' lang='lat' dir='ltr'><strong>Virgil.</strong></span> 
     </span>
    </p>
   </div>
   <div class='ocr_carea' id='block_1_57' title="bbox 483 5601 1727 5740">
    <p class='ocr_par' dir='ltr' id='par_1_57' title="bbox 483 5601 1727 5740">
     <span class='ocr_line' id='line_1_57' title="bbox 483 5601 1727 5669; baseline 0.003 -15"><span class='ocrx_word' id='word_1_444' title='bbox 483 5601 669 5654; x_wconf 60' lang='lat' dir='ltr'><strong>Aeneid.</strong></span> <span class='ocrx_word' id='word_1_445' title='bbox 694 5601 781 5655; x_wconf 85' lang='lat' dir='ltr'><strong>lib.</strong></span> <span class='ocrx_word' id='word_1_446' title='bbox 804 5605 854 5666; x_wconf 83' lang='lat'><strong>6,</strong></span> <span class='ocrx_word' id='word_1_447' title='bbox 877 5619 1008 5657; x_wconf 85' lang='lat' dir='ltr'><strong>vers.</strong></span> <span class='ocrx_word' id='word_1_448' title='bbox 1033 5605 1144 5669; x_wconf 74' lang='lat'><strong>276,</strong></span> <span class='ocrx_word' id='word_1_449' title='bbox 1175 5625 1197 5656; x_wconf 72' lang='grc' dir='ltr'><strong><em>α</em></strong></span> <span class='ocrx_word' id='word_1_450' title='bbox 1218 5601 1493 5661; x_wconf 79' lang='lat' dir='ltr'><strong>malesuada</strong></span> <span class='ocrx_word' id='word_1_451' title='bbox 1514 5601 1684 5662; x_wconf 70' lang='lat' dir='ltr'><strong>fames.</strong></span> <span class='ocrx_word' id='word_1_452' title='bbox 1702 5627 1727 5658; x_wconf 68' lang='grc' dir='ltr'><strong>ι</strong></span> 
     </span>
     <span class='ocr_line' id='line_1_58' title="bbox 547 5665 1212 5740; baseline 0.008 -24"><span class='ocrx_word' id='word_1_453' title='bbox 547 5666 570 5740; x_wconf 70' lang='grc' dir='ltr'><strong>ξ</strong></span> <span class='ocrx_word' id='word_1_454' title='bbox 598 5665 925 5740; x_wconf 57' lang='grc' dir='ltr'><strong>ξιιιιιεβμδεη</strong></span> <span class='ocrx_word' id='word_1_455' title='bbox 953 5667 1212 5740; x_wconf 69' lang='lat' dir='ltr'><strong>[altarium</strong></span> 
     </span>
    </p>
   </div>
   <div class='ocr_carea' id='block_1_58' title="bbox 549 5727 1164 5792">
    <p class='ocr_par' dir='ltr' id='par_1_58' title="bbox 549 5727 1164 5792">
     <span class='ocr_line' id='line_1_59' title="bbox 549 5727 1164 5792; baseline 0.005 -15"><span class='ocrx_word' id='word_1_456' title='bbox 549 5727 570 5792; x_wconf 53' lang='grc' dir='ltr'><strong><em>ἓ</em></strong></span> <span class='ocrx_word' id='word_1_457' title='bbox 600 5735 672 5778; x_wconf 81' lang='lat' dir='ltr'><strong>Er.</strong></span> <span class='ocrx_word' id='word_1_458' title='bbox 701 5737 753 5780; x_wconf 90' lang='lat' dir='ltr'><strong>et</strong></span> <span class='ocrx_word' id='word_1_459' title='bbox 774 5727 973 5792; x_wconf 58' lang='grc' dir='ltr'><strong>ωδε,βί</strong></span> <span class='ocrx_word' id='word_1_460' title='bbox 994 5731 1164 5783; x_wconf 74' lang='lat' dir='ltr'><strong>sciens.</strong></span> 
     </span>
    </p>
   </div>
   <div class='ocr_carea' id='block_1_59' title="bbox 547 5790 2070 5864">
    <p class='ocr_par' dir='ltr' id='par_1_59' title="bbox 547 5790 2070 5864">
     <span class='ocr_line' id='line_1_60' title="bbox 547 5790 2070 5864; baseline 0.009 -23"><span class='ocrx_word' id='word_1_461' title='bbox 547 5790 571 5864; x_wconf 61' lang='grc' dir='ltr'><strong>ξ</strong></span> <span class='ocrx_word' id='word_1_462' title='bbox 598 5792 734 5864; x_wconf 64' lang='lat' dir='ltr'><strong>editi,</strong></span> <span class='ocrx_word' id='word_1_463' title='bbox 753 5790 908 5857; x_wconf 73' lang='lat' dir='ltr'><strong>ipsum</strong></span> <span class='ocrx_word' id='word_1_464' title='bbox 929 5801 1152 5856; x_wconf 73' lang='lat' dir='ltr'><strong>peccasse</strong></span> <span class='ocrx_word' id='word_1_465' title='bbox 1166 5795 1386 5848; x_wconf 69' lang='lat' dir='ltr'><strong>ostendit.</strong></span> <span class='ocrx_word' id='word_1_466' title='bbox 1405 5798 1572 5861; x_wconf 67' lang='lat' dir='ltr'><strong>abest,</strong></span> <span class='ocrx_word' id='word_1_467' title='bbox 1591 5807 1836 5863; x_wconf 68' lang='lat' dir='ltr'><strong>peccasse,</strong></span> <span class='ocrx_word' id='word_1_468' title='bbox 1851 5813 2070 5854; x_wconf 75' lang='lat' dir='ltr'><strong>au-</strong></span> 
     </span>
    </p>
   </div>
   <div class='ocr_carea' id='block_1_60' title="bbox 479 5860 1402 5984">
    <p class='ocr_par' dir='ltr' id='par_1_60' title="bbox 479 5860 1402 5984">
     <span class='ocr_line' id='line_1_61' title="bbox 479 5860 1402 5984; baseline -0.011 -4"><span class='ocrx_word' id='word_1_469' title='bbox 793 5931 960 5982; x_wconf 83' lang='lat' dir='ltr'><strong>supra,</strong></span> <span class='ocrx_word' id='word_1_470' title='bbox 981 5918 1067 5970; x_wconf 85' lang='lat' dir='ltr'><strong>lib.</strong></span> <span class='ocrx_word' id='word_1_471' title='bbox 1097 5920 1170 5982; x_wconf 76' lang='lat'><strong>13,</strong></span> <span class='ocrx_word' id='word_1_472' title='bbox 1194 5933 1300 5984; x_wconf 81' lang='lat' dir='ltr'><strong>cap.</strong></span> <span class='ocrx_word' id='word_1_473' title='bbox 1322 5919 1402 5972; x_wconf 76' lang='grc'><strong>21.</strong></span> 
     </span>
    </p>
   </div>
   <div class='ocr_carea' id='block_1_61' title="bbox 1552 362 2683 466">
    <p class='ocr_par' dir='ltr' id='par_1_61' title="bbox 1552 362 2683 466">
     <span class='ocr_line' id='line_1_62' title="bbox 1552 362 2683 466; baseline 0.001 -19"><span class='ocrx_word' id='word_1_474' title='bbox 1552 391 1640 449; x_wconf 82' lang='lat' dir='ltr'><strong>nr.</strong></span> <span class='ocrx_word' id='word_1_475' title='bbox 1677 381 2002 448; x_wconf 81' lang='lat' dir='ltr'><strong>CIVITATE</strong></span> <span class='ocrx_word' id='word_1_476' title='bbox 2041 365 2179 460; x_wconf 67' lang='lat' dir='ltr'><strong>est,</strong></span> <span class='ocrx_word' id='word_1_477' title='bbox 2214 389 2276 462; x_wconf 82' lang='lat' dir='ltr'><strong>s.</strong></span> <span class='ocrx_word' id='word_1_478' title='bbox 2318 362 2683 466; x_wconf 76' lang='lat' dir='ltr'><strong>A&#39;UcUSTmi</strong></span> 
     </span>
    </p>
   </div>
   <div class='ocr_carea' id='block_1_62' title="bbox 2176 519 3774 605">
    <p class='ocr_par' dir='ltr' id='par_1_62' title="bbox 2176 519 3774 605">
     <span class='ocr_line' id='line_1_63' title="bbox 2176 519 3774 605; baseline 0.007 -23"><span class='ocrx_word' id='word_1_479' title='bbox 2176 529 2400 600; x_wconf 70' lang='lat' dir='ltr'><strong>intelligi</strong></span> <span class='ocrx_word' id='word_1_480' title='bbox 2424 519 2589 586; x_wconf 81' lang='lat' dir='ltr'><strong>voluit</strong></span> <span class='ocrx_word' id='word_1_481' title='bbox 2612 572 2627 598; x_wconf 98' lang='lat'><strong>,</strong></span> <span class='ocrx_word' id='word_1_482' title='bbox 2665 531 2756 602; x_wconf 81' lang='lat' dir='ltr'><strong>qui</strong></span> <span class='ocrx_word' id='word_1_483' title='bbox 2785 531 2840 586; x_wconf 86' lang='lat' dir='ltr'><strong>id</strong></span> <span class='ocrx_word' id='word_1_484' title='bbox 2867 531 3009 602; x_wconf 82' lang='lat' dir='ltr'><strong>quod</strong></span> <span class='ocrx_word' id='word_1_485' title='bbox 3032 531 3255 601; x_wconf 75' lang='lat' dir='ltr'><strong>faciunt,</strong></span> <span class='ocrx_word' id='word_1_486' title='bbox 3289 547 3396 589; x_wconf 90' lang='lat' dir='ltr'><strong>non</strong></span> <span class='ocrx_word' id='word_1_487' title='bbox 3428 541 3621 605; x_wconf 88' lang='lat' dir='ltr'><strong>putant</strong></span> <span class='ocrx_word' id='word_1_488' title='bbox 3647 551 3774 593; x_wconf 86' lang='lat' dir='ltr'><strong>esse</strong></span> 
     </span>
    </p>
   </div>
   <div class='ocr_carea' id='block_1_63' title="bbox 2173 626 3773 700">
    <p class='ocr_par' dir='ltr' id='par_1_63' title="bbox 2173 626 3773 700">
     <span class='ocr_line' id='line_1_64' title="bbox 2173 626 3773 700; baseline 0.007 -22"><span class='ocrx_word' id='word_1_489' title='bbox 2173 633 2447 692; x_wconf 85' lang='lat' dir='ltr'><strong>peceatum</strong></span> <span class='ocrx_word' id='word_1_490' title='bbox 2470 646 2482 678; x_wconf 91' lang='lat'><strong>:</strong></span> <span class='ocrx_word' id='word_1_491' title='bbox 2504 626 2592 679; x_wconf 89' lang='lat' dir='ltr'><strong>ille</strong></span> <span class='ocrx_word' id='word_1_492' title='bbox 2617 635 2793 680; x_wconf 85' lang='lat' dir='ltr'><strong>autem</strong></span> <span class='ocrx_word' id='word_1_493' title='bbox 2822 627 2994 682; x_wconf 89' lang='lat' dir='ltr'><strong>scivit.</strong></span> <span class='ocrx_word' id='word_1_494' title='bbox 3021 628 3270 699; x_wconf 83' lang='lat' dir='ltr'><strong>Alioquin</strong></span> <span class='ocrx_word' id='word_1_495' title='bbox 3299 629 3566 700; x_wconf 86' lang='lat' dir='ltr'><strong>quomodo</strong></span> <span class='ocrx_word' id='word_1_496' title='bbox 3580 646 3773 689; x_wconf 85' lang='lat' dir='ltr'><strong>verum</strong></span> 
     </span>
    </p>
   </div>
   <div class='ocr_carea' id='block_1_64' title="bbox 2174 720 3774 797">
    <p class='ocr_par' dir='ltr' id='par_1_64' title="bbox 2174 720 3774 797">
     <span class='ocr_line' id='line_1_65' title="bbox 2174 720 3774 797; baseline 0.006 -24"><span class='ocrx_word' id='word_1_497' title='bbox 2174 720 2275 773; x_wconf 92' lang='lat' dir='ltr'><strong>erit</strong></span> <span class='ocrx_word' id='word_1_498' title='bbox 2294 761 2310 785; x_wconf 90' lang='lat'><strong>,</strong></span> <span class='ocrx_word' id='word_1_499' title='bbox 2346 720 2509 773; x_wconf 81' lang='lat' dir='ltr'><strong>Adam</strong></span> <span class='ocrx_word' id='word_1_500' title='bbox 2538 736 2639 774; x_wconf 81' lang='lat' dir='ltr'><strong>non</strong></span> <span class='ocrx_word' id='word_1_501' title='bbox 2678 730 2748 774; x_wconf 81' lang='lat' dir='ltr'><strong>est</strong></span> <span class='ocrx_word' id='word_1_502' title='bbox 2787 721 3063 775; x_wconf 83' lang='lat' dir='ltr'><strong>seductus?</strong></span> <span class='ocrx_word' id='word_1_503' title='bbox 3088 721 3196 778; x_wconf 89' lang='lat' dir='ltr'><strong>Sed</strong></span> <span class='ocrx_word' id='word_1_504' title='bbox 3227 723 3545 794; x_wconf 81' lang='lat' dir='ltr'><strong>inexpertus</strong></span> <span class='ocrx_word' id='word_1_505' title='bbox 3573 723 3774 797; x_wconf 73' lang='lat' dir='ltr'><strong>divipre</strong></span> 
     </span>
    </p>
   </div>
   <div class='ocr_carea' id='block_1_65' title="bbox 2172 811 3775 884">
    <p class='ocr_par' dir='ltr' id='par_1_65' title="bbox 2172 811 3775 884">
     <span class='ocr_line' id='line_1_66' title="bbox 2172 811 3775 884; baseline 0.006 -19"><span class='ocrx_word' id='word_1_506' title='bbox 2172 813 2475 867; x_wconf 82' lang='lat' dir='ltr'><strong>severitatis</strong></span> <span class='ocrx_word' id='word_1_507' title='bbox 2503 817 2556 868; x_wconf 82' lang='lat' dir='ltr'><strong>i‘n</strong></span> <span class='ocrx_word' id='word_1_508' title='bbox 2584 829 2648 868; x_wconf 90' lang='lat' dir='ltr'><strong>eo</strong></span> <span class='ocrx_word' id='word_1_509' title='bbox 2671 811 2781 869; x_wconf 85' lang='lat' dir='ltr'><strong>falli</strong></span> <span class='ocrx_word' id='word_1_510' title='bbox 2819 815 3012 884; x_wconf 85' lang='lat' dir='ltr'><strong>potuit,</strong></span> <span class='ocrx_word' id='word_1_511' title='bbox 3043 824 3099 869; x_wconf 91' lang='lat' dir='ltr'><strong>ut</strong></span> <span class='ocrx_word' id='word_1_512' title='bbox 3130 817 3339 872; x_wconf 90' lang='lat' dir='ltr'><strong>veniale</strong></span> <span class='ocrx_word' id='word_1_513' title='bbox 3369 817 3614 873; x_wconf 90' lang='lat' dir='ltr'><strong>crederet</strong></span> <span class='ocrx_word' id='word_1_514' title='bbox 3646 834 3775 875; x_wconf 80' lang='lat' dir='ltr'><strong>esse</strong></span> 
     </span>
    </p>
   </div>
   <div class='ocr_carea' id='block_1_66' title="bbox 2173 904 3775 979">
    <p class='ocr_par' dir='ltr' id='par_1_66' title="bbox 2173 904 3775 979">
     <span class='ocr_line' id='line_1_67' title="bbox 2173 904 3775 979; baseline 0.006 -24"><span class='ocrx_word' id='word_1_515' title='bbox 2173 904 2542 958; x_wconf 89' lang='lat' dir='ltr'><strong>commissum.</strong></span> <span class='ocrx_word' id='word_1_516' title='bbox 2601 905 2678 959; x_wconf 82' lang='lat' dir='ltr'><strong>Ac</strong></span> <span class='ocrx_word' id='word_1_517' title='bbox 2709 917 2805 974; x_wconf 87' lang='lat' dir='ltr'><strong>per</strong></span> <span class='ocrx_word' id='word_1_518' title='bbox 2839 905 3017 960; x_wconf 83' lang='lat' dir='ltr'><strong>hocin</strong></span> <span class='ocrx_word' id='word_1_519' title='bbox 3061 920 3126 961; x_wconf 90' lang='lat' dir='ltr'><strong>eo</strong></span> <span class='ocrx_word' id='word_1_520' title='bbox 3172 907 3388 977; x_wconf 81' lang='lat' dir='ltr'><strong>quidem</strong></span> <span class='ocrx_word' id='word_1_521' title='bbox 3434 925 3542 979; x_wconf 92' lang='lat' dir='ltr'><strong>quo</strong></span> <span class='ocrx_word' id='word_1_522' title='bbox 3569 910 3775 965; x_wconf 85' lang='lat' dir='ltr'><strong>mulier</strong></span> 
     </span>
    </p>
   </div>
   <div class='ocr_carea' id='block_1_67' title="bbox 2173 994 3774 1068">
    <p class='ocr_par' dir='ltr' id='par_1_67' title="bbox 2173 994 3774 1068">
     <span class='ocr_line' id='line_1_68' title="bbox 2173 994 3774 1068; baseline 0.004 -19"><span class='ocrx_word' id='word_1_523' title='bbox 2173 994 2391 1050; x_wconf 83' lang='lat' dir='ltr'><strong>seducta</strong></span> <span class='ocrx_word' id='word_1_524' title='bbox 2414 1005 2529 1064; x_wconf 86' lang='lat' dir='ltr'><strong>est,</strong></span> <span class='ocrx_word' id='word_1_525' title='bbox 2569 1013 2674 1052; x_wconf 89' lang='lat' dir='ltr'><strong>non</strong></span> <span class='ocrx_word' id='word_1_526' title='bbox 2709 1003 2793 1052; x_wconf 86' lang='lat' dir='ltr'><strong>est</strong></span> <span class='ocrx_word' id='word_1_527' title='bbox 2829 995 2919 1053; x_wconf 89' lang='lat' dir='ltr'><strong>ille</strong></span> <span class='ocrx_word' id='word_1_528' title='bbox 2957 997 3244 1066; x_wconf 92' lang='lat' dir='ltr'><strong>seductus,</strong></span> <span class='ocrx_word' id='word_1_529' title='bbox 3280 999 3375 1055; x_wconf 88' lang='lat' dir='ltr'><strong>sed</strong></span> <span class='ocrx_word' id='word_1_530' title='bbox 3404 1013 3524 1055; x_wconf 89' lang='lat' dir='ltr'><strong>eum</strong></span> <span class='ocrx_word' id='word_1_531' title='bbox 3556 1000 3774 1068; x_wconf 75' lang='lat' dir='ltr'><strong>fefellit,</strong></span> 
     </span>
    </p>
   </div>
   <div class='ocr_carea' id='block_1_68' title="bbox 2173 1083 3778 1156">
    <p class='ocr_par' dir='ltr' id='par_1_68' title="bbox 2173 1083 3778 1156">
     <span class='ocr_line' id='line_1_69' title="bbox 2173 1083 3778 1156; baseline 0.002 -20"><span class='ocrx_word' id='word_1_532' title='bbox 2173 1083 2442 1152; x_wconf 89' lang='lat' dir='ltr'><strong>quomodo</strong></span> <span class='ocrx_word' id='word_1_533' title='bbox 2469 1083 2640 1138; x_wconf 89' lang='lat' dir='ltr'><strong>fuerat</strong></span> <span class='ocrx_word' id='word_1_534' title='bbox 2662 1083 3006 1154; x_wconf 59' lang='lat' dir='ltr'><strong>judhandum</strong></span> <span class='ocrx_word' id='word_1_535' title='bbox 3029 1085 3171 1156; x_wconf 90' lang='lat' dir='ltr'><strong>quod</strong></span> <span class='ocrx_word' id='word_1_536' title='bbox 3199 1097 3315 1142; x_wconf 87' lang='lat' dir='ltr'><strong>erat</strong></span> <span class='ocrx_word' id='word_1_537' title='bbox 3340 1085 3581 1143; x_wconf 84' lang='lat' dir='ltr'><strong>dicturus</strong></span> <span class='ocrx_word' id='word_1_538' title='bbox 3606 1129 3621 1152; x_wconf 95' lang='lat'><strong>,</strong></span> <span class='ocrx_word' id='word_1_539' title='bbox 3652 1086 3778 1140; x_wconf 76' lang='lat' dir='ltr'><strong>Mu-</strong></span> 
     </span>
    </p>
   </div>
   <div class='ocr_carea' id='block_1_69' title="bbox 2174 1175 3779 1249">
    <p class='ocr_par' dir='ltr' id='par_1_69' title="bbox 2174 1175 3779 1249">
     <span class='ocr_line' id='line_1_70' title="bbox 2174 1175 3779 1249; baseline 0.001 -19"><span class='ocrx_word' id='word_1_540' title='bbox 2174 1175 2267 1232; x_wconf 85' lang='lat' dir='ltr'><strong>lier</strong></span> <span class='ocrx_word' id='word_1_541' title='bbox 2285 1193 2437 1246; x_wconf 81' lang='lat' dir='ltr'><strong>quam</strong></span> <span class='ocrx_word' id='word_1_542' title='bbox 2456 1176 2643 1237; x_wconf 73' lang='lat' dir='ltr'><strong>dedisti</strong></span> <span class='ocrx_word' id='word_1_543' title='bbox 2659 1194 2855 1234; x_wconf 63' lang='lat' dir='ltr'><strong>mecum</strong></span> <span class='ocrx_word' id='word_1_544' title='bbox 2875 1187 2893 1222; x_wconf 70' lang='grc' dir='ltr'>ί</span> <span class='ocrx_word' id='word_1_545' title='bbox 2922 1219 2938 1245; x_wconf 85' lang='grc'><strong><em>,</em></strong></span> <span class='ocrx_word' id='word_1_546' title='bbox 2964 1179 3079 1249; x_wconf 74' lang='lat' dir='ltr'><strong>ipsa</strong></span> <span class='ocrx_word' id='word_1_547' title='bbox 3104 1179 3230 1242; x_wconf 57' lang='lat' dir='ltr'><strong>mihi</strong></span> <span class='ocrx_word' id='word_1_548' title='bbox 3272 1180 3448 1244; x_wconf 81' lang='lat' dir='ltr'><strong>dedit,</strong></span> <span class='ocrx_word' id='word_1_549' title='bbox 3477 1189 3526 1234; x_wconf 83' lang='lat' dir='ltr'><strong>et</strong></span> <span class='ocrx_word' id='word_1_550' title='bbox 3555 1179 3779 1234; x_wconf 71' lang='lat' dir='ltr'><strong>mandu-</strong></span> 
     </span>
    </p>
   </div>
   <div class='ocr_carea' id='block_1_70' title="bbox 2174 1267 3775 1345">
    <p class='ocr_par' dir='ltr' id='par_1_70' title="bbox 2174 1267 3775 1345">
     <span class='ocr_line' id='line_1_71' title="bbox 2174 1267 3775 1345; baseline 0.001 -17"><span class='ocrx_word' id='word_1_551' title='bbox 2174 1269 2283 1328; x_wconf 74' lang='lat' dir='ltr'><strong>cavi</strong></span> <span class='ocrx_word' id='word_1_552' title='bbox 2312 1267 2463 1336; x_wconf 69' lang='lat' dir='ltr'><strong>(Gen.</strong></span> <span class='ocrx_word' id='word_1_553' title='bbox 2497 1269 2587 1340; x_wconf 69' lang='lat' dir='ltr'><strong>ut),</strong></span> <span class='ocrx_word' id='word_1_554' title='bbox 2622 1269 2736 1340; x_wconf 69' lang='grc'><strong>12).</strong></span> <span class='ocrx_word' id='word_1_555' title='bbox 2765 1270 2902 1341; x_wconf 79' lang='lat' dir='ltr'><strong>Quid</strong></span> <span class='ocrx_word' id='word_1_556' title='bbox 2917 1286 3048 1341; x_wconf 77' lang='lat' dir='ltr'><strong>ergo</strong></span> <span class='ocrx_word' id='word_1_557' title='bbox 3069 1272 3312 1342; x_wconf 78' lang='lat' dir='ltr'><strong>pluribus</strong></span> <span class='ocrx_word' id='word_1_558' title='bbox 3341 1273 3417 1345; x_wconf 81' lang='grc' dir='ltr'><strong>(α)</strong></span> <span class='ocrx_word' id='word_1_559' title='bbox 3438 1273 3462 1326; x_wconf 71' lang='lat' dir='ltr'><strong>t</strong></span> <span class='ocrx_word' id='word_1_560' title='bbox 3485 1273 3601 1328; x_wconf 88' lang='lat' dir='ltr'><strong>Etsi</strong></span> <span class='ocrx_word' id='word_1_561' title='bbox 3647 1288 3775 1329; x_wconf 87' lang='lat' dir='ltr'><strong>cre-</strong></span> 
     </span>
    </p>
   </div>
   <div class='ocr_carea' id='block_1_71' title="bbox 2175 1360 3777 1434">
    <p class='ocr_par' dir='ltr' id='par_1_71' title="bbox 2175 1360 3777 1434">
     <span class='ocr_line' id='line_1_72' title="bbox 2175 1360 3777 1434; baseline 0.006 -21"><span class='ocrx_word' id='word_1_562' title='bbox 2175 1360 2349 1415; x_wconf 91' lang='lat' dir='ltr'><strong>dendo</strong></span> <span class='ocrx_word' id='word_1_563' title='bbox 2371 1377 2475 1416; x_wconf 91' lang='lat' dir='ltr'><strong>non</strong></span> <span class='ocrx_word' id='word_1_564' title='bbox 2506 1372 2631 1417; x_wconf 91' lang='lat' dir='ltr'><strong>sunt</strong></span> <span class='ocrx_word' id='word_1_565' title='bbox 2659 1364 2819 1419; x_wconf 91' lang='lat' dir='ltr'><strong>ambo</strong></span> <span class='ocrx_word' id='word_1_566' title='bbox 2851 1365 3091 1434; x_wconf 78' lang='lat' dir='ltr'><strong>decepti,</strong></span> <span class='ocrx_word' id='word_1_567' title='bbox 3116 1365 3389 1434; x_wconf 81' lang='lat' dir='ltr'><strong>peccando</strong></span> <span class='ocrx_word' id='word_1_568' title='bbox 3404 1373 3588 1423; x_wconf 83' lang='lat' dir='ltr'><strong>tamen</strong></span> <span class='ocrx_word' id='word_1_569' title='bbox 3610 1365 3777 1425; x_wconf 72' lang='lat' dir='ltr'><strong>ambo</strong></span> 
     </span>
    </p>
   </div>
   <div class='ocr_carea' id='block_1_72' title="bbox 2174 1453 3338 1528">
    <p class='ocr_par' dir='ltr' id='par_1_72' title="bbox 2174 1453 3338 1528">
     <span class='ocr_line' id='line_1_73' title="bbox 2174 1453 3338 1528; baseline 0.004 -25"><span class='ocrx_word' id='word_1_570' title='bbox 2174 1460 2298 1504; x_wconf 90' lang='lat' dir='ltr'><strong>sunt</strong></span> <span class='ocrx_word' id='word_1_571' title='bbox 2325 1453 2485 1521; x_wconf 86' lang='lat' dir='ltr'><strong>capti,</strong></span> <span class='ocrx_word' id='word_1_572' title='bbox 2519 1464 2573 1508; x_wconf 92' lang='lat' dir='ltr'><strong>et</strong></span> <span class='ocrx_word' id='word_1_573' title='bbox 2597 1453 2794 1510; x_wconf 86' lang='lat' dir='ltr'><strong>diaboli</strong></span> <span class='ocrx_word' id='word_1_574' title='bbox 2830 1454 3035 1526; x_wconf 87' lang='lat' dir='ltr'><strong>laqueis</strong></span> <span class='ocrx_word' id='word_1_575' title='bbox 3060 1455 3338 1528; x_wconf 87' lang='lat' dir='ltr'><strong>implicati.</strong></span> 
     </span>
    </p>
   </div>
   <div class='ocr_carea' id='block_1_73' title="bbox 2173 1542 3774 1620">
    <p class='ocr_par' dir='ltr' id='par_1_73' title="bbox 2173 1542 3774 1620">
     <span class='ocr_line' id='line_1_74' title="bbox 2173 1542 3774 1620; baseline 0.006 -23"><span class='ocrx_word' id='word_1_576' title='bbox 2173 1542 2397 1599; x_wconf 74' lang='lat' dir='ltr'><strong>CAPUT</strong></span> <span class='ocrx_word' id='word_1_577' title='bbox 2441 1543 2555 1599; x_wconf 83' lang='lat' dir='ltr'><strong>Xll.</strong></span> <span class='ocrx_word' id='word_1_578' title='bbox 2585 1575 2657 1585; x_wconf 90' lang='lat'><strong>—</strong></span> <span class='ocrx_word' id='word_1_579' title='bbox 2685 1544 2763 1602; x_wconf 86' lang='lat' dir='ltr'><strong>De</strong></span> <span class='ocrx_word' id='word_1_580' title='bbox 2787 1545 3030 1615; x_wconf 79' lang='lat' dir='ltr'><strong>qualitate</strong></span> <span class='ocrx_word' id='word_1_581' title='bbox 3057 1548 3210 1616; x_wconf 80' lang='lat' dir='ltr'><strong>primi</strong></span> <span class='ocrx_word' id='word_1_582' title='bbox 3243 1551 3435 1620; x_wconf 83' lang='lat' dir='ltr'><strong>peccati</strong></span> <span class='ocrx_word' id='word_1_583' title='bbox 3465 1565 3556 1620; x_wconf 74' lang='lat' dir='ltr'><strong>per</strong></span> <span class='ocrx_word' id='word_1_584' title='bbox 3603 1549 3774 1608; x_wconf 77' lang='lat' dir='ltr'><strong>homi-</strong></span> 
     </span>
    </p>
   </div>
   <div class='ocr_carea' id='block_1_74' title="bbox 2759 1640 3126 1698">
    <p class='ocr_par' dir='ltr' id='par_1_74' title="bbox 2759 1640 3126 1698">
     <span class='ocr_line' id='line_1_75' title="bbox 2759 1640 3126 1698; baseline -0.003 -4"><span class='ocrx_word' id='word_1_585' title='bbox 2759 1656 2873 1694; x_wconf 83' lang='lat' dir='ltr'><strong>nem</strong></span> <span class='ocrx_word' id='word_1_586' title='bbox 2899 1640 3126 1698; x_wconf 84' lang='lat' dir='ltr'><strong>admissi.</strong></span> 
     </span>
    </p>
   </div>
   <div class='ocr_carea' id='block_1_75' title="bbox 2247 1731 3776 1805">
    <p class='ocr_par' dir='ltr' id='par_1_75' title="bbox 2247 1731 3776 1805">
     <span class='ocr_line' id='line_1_76' title="bbox 2247 1731 3776 1805; baseline 0.005 -19"><span class='ocrx_word' id='word_1_587' title='bbox 2247 1731 2303 1786; x_wconf 89' lang='lat' dir='ltr'><strong>Si</strong></span> <span class='ocrx_word' id='word_1_588' title='bbox 2334 1747 2488 1802; x_wconf 92' lang='lat' dir='ltr'><strong>quem</strong></span> <span class='ocrx_word' id='word_1_589' title='bbox 2511 1748 2637 1788; x_wconf 89' lang='lat' dir='ltr'><strong>vero</strong></span> <span class='ocrx_word' id='word_1_590' title='bbox 2660 1743 2858 1800; x_wconf 90' lang='lat' dir='ltr'><strong>movet,</strong></span> <span class='ocrx_word' id='word_1_591' title='bbox 2887 1749 2985 1790; x_wconf 93' lang='lat' dir='ltr'><strong>cur</strong></span> <span class='ocrx_word' id='word_1_592' title='bbox 3008 1735 3131 1790; x_wconf 91' lang='lat' dir='ltr'><strong>aliis</strong></span> <span class='ocrx_word' id='word_1_593' title='bbox 3187 1734 3420 1805; x_wconf 80' lang='lat' dir='ltr'><strong>peccatis</strong></span> <span class='ocrx_word' id='word_1_594' title='bbox 3455 1733 3535 1790; x_wconf 87' lang='lat' dir='ltr'><strong>sic</strong></span> <span class='ocrx_word' id='word_1_595' title='bbox 3583 1744 3776 1793; x_wconf 74' lang='lat' dir='ltr'><strong>natura</strong></span> 
     </span>
    </p>
   </div>
   <div class='ocr_carea' id='block_1_76' title="bbox 2175 1824 3777 1898">
    <p class='ocr_par' dir='ltr' id='par_1_76' title="bbox 2175 1824 3777 1898">
     <span class='ocr_line' id='line_1_77' title="bbox 2175 1824 3777 1898; baseline 0.005 -22"><span class='ocrx_word' id='word_1_596' title='bbox 2175 1837 2278 1877; x_wconf 92' lang='lat' dir='ltr'><strong>non</strong></span> <span class='ocrx_word' id='word_1_597' title='bbox 2321 1833 2556 1878; x_wconf 86' lang='lat' dir='ltr'><strong>mutetur</strong></span> <span class='ocrx_word' id='word_1_598' title='bbox 2610 1824 2860 1889; x_wconf 86' lang='lat' dir='ltr'><strong>humana,</strong></span> <span class='ocrx_word' id='word_1_599' title='bbox 2914 1825 3364 1898; x_wconf 80' lang='lat' dir='ltr'><strong>quemadmodum</strong></span> <span class='ocrx_word' id='word_1_600' title='bbox 3399 1827 3488 1882; x_wconf 88' lang='lat' dir='ltr'><strong>illa</strong></span> <span class='ocrx_word' id='word_1_601' title='bbox 3543 1826 3777 1890; x_wconf 85' lang='lat' dir='ltr'><strong>duorum</strong></span> 
     </span>
    </p>
   </div>
   <div class='ocr_carea' id='block_1_77' title="bbox 2176 1915 3778 1998">
    <p class='ocr_par' dir='ltr' id='par_1_77' title="bbox 2176 1915 3778 1998">
     <span class='ocr_line' id='line_1_78' title="bbox 2176 1915 3778 1998; baseline 0.005 -32"><span class='ocrx_word' id='word_1_602' title='bbox 2176 1916 2466 1986; x_wconf 88' lang='lat' dir='ltr'><strong>primorum</strong></span> <span class='ocrx_word' id='word_1_603' title='bbox 2511 1915 2782 1976; x_wconf 84' lang='lat' dir='ltr'><strong>hominum</strong></span> <span class='ocrx_word' id='word_1_604' title='bbox 2835 1918 3275 1998; x_wconf 69' lang='lat' dir='ltr'><strong>praavaricatione</strong></span> <span class='ocrx_word' id='word_1_605' title='bbox 3320 1927 3523 1980; x_wconf 84' lang='lat' dir='ltr'><strong>mutata</strong></span> <span class='ocrx_word' id='word_1_606' title='bbox 3555 1927 3680 1985; x_wconf 87' lang='lat' dir='ltr'><strong>est;</strong></span> <span class='ocrx_word' id='word_1_607' title='bbox 3715 1926 3778 1976; x_wconf 88' lang='lat' dir='ltr'><strong>ut</strong></span> 
     </span>
    </p>
   </div>
   <div class='ocr_carea' id='block_1_78' title="bbox 2177 2008 3770 2082">
    <p class='ocr_par' dir='ltr' id='par_1_78' title="bbox 2177 2008 3770 2082">
     <span class='ocr_line' id='line_1_79' title="bbox 2177 2008 3770 2082; baseline 0.003 -22"><span class='ocrx_word' id='word_1_608' title='bbox 2177 2015 2333 2062; x_wconf 69' lang='lat' dir='ltr'><strong>tantrc</strong></span> <span class='ocrx_word' id='word_1_609' title='bbox 2357 2008 2705 2077; x_wconf 88' lang='lat' dir='ltr'><strong>corruptioni,</strong></span> <span class='ocrx_word' id='word_1_610' title='bbox 2733 2018 2986 2078; x_wconf 85' lang='lat' dir='ltr'><strong>quantam</strong></span> <span class='ocrx_word' id='word_1_611' title='bbox 3022 2009 3264 2065; x_wconf 85' lang='lat' dir='ltr'><strong>videmus</strong></span> <span class='ocrx_word' id='word_1_612' title='bbox 3293 2017 3453 2082; x_wconf 81' lang='lat' dir='ltr'><strong>atque</strong></span> <span class='ocrx_word' id='word_1_613' title='bbox 3479 2010 3770 2078; x_wconf 71' lang='lat' dir='ltr'><strong>sentimus,</strong></span> 
     </span>
    </p>
   </div>
   <div class='ocr_carea' id='block_1_79' title="bbox 2174 2099 3770 2172">
    <p class='ocr_par' dir='ltr' id='par_1_79' title="bbox 2174 2099 3770 2172">
     <span class='ocr_line' id='line_1_80' title="bbox 2174 2099 3770 2172; baseline 0.001 -16"><span class='ocrx_word' id='word_1_614' title='bbox 2174 2109 2227 2156; x_wconf 88' lang='lat' dir='ltr'><strong>et</strong></span> <span class='ocrx_word' id='word_1_615' title='bbox 2247 2115 2338 2169; x_wconf 91' lang='lat' dir='ltr'><strong>per</strong></span> <span class='ocrx_word' id='word_1_616' title='bbox 2367 2099 2505 2156; x_wconf 90' lang='lat' dir='ltr'><strong>banc</strong></span> <span class='ocrx_word' id='word_1_617' title='bbox 2519 2099 2821 2172; x_wconf 87' lang='lat' dir='ltr'><strong>subjaceret</strong></span> <span class='ocrx_word' id='word_1_618' title='bbox 2849 2102 3006 2163; x_wconf 84' lang='lat' dir='ltr'><strong>morti</strong></span> <span class='ocrx_word' id='word_1_619' title='bbox 3032 2103 3078 2168; x_wconf 63' lang='grc' dir='ltr'><strong>θ,</strong></span> <span class='ocrx_word' id='word_1_620' title='bbox 3110 2117 3172 2158; x_wconf 90' lang='lat' dir='ltr'><strong>ac</strong></span> <span class='ocrx_word' id='word_1_621' title='bbox 3190 2111 3268 2158; x_wconf 91' lang='lat' dir='ltr'><strong>tot</strong></span> <span class='ocrx_word' id='word_1_622' title='bbox 3292 2111 3346 2158; x_wconf 90' lang='lat' dir='ltr'><strong>et</strong></span> <span class='ocrx_word' id='word_1_623' title='bbox 3371 2103 3532 2164; x_wconf 85' lang='lat' dir='ltr'><strong>tantis</strong></span> <span class='ocrx_word' id='word_1_624' title='bbox 3547 2110 3770 2172; x_wconf 65' lang='lat' dir='ltr'><strong>tamque</strong></span> 
     </span>
    </p>
   </div>
   <div class='ocr_carea' id='block_1_80' title="bbox 2176 2192 3776 2263">
    <p class='ocr_par' dir='ltr' id='par_1_80' title="bbox 2176 2192 3776 2263">
     <span class='ocr_line' id='line_1_81' title="bbox 2176 2192 3776 2263; baseline 0.003 -17"><span class='ocrx_word' id='word_1_625' title='bbox 2176 2192 2312 2247; x_wconf 89' lang='lat' dir='ltr'><strong>inter</strong></span> <span class='ocrx_word' id='word_1_626' title='bbox 2340 2207 2397 2246; x_wconf 91' lang='lat' dir='ltr'><strong>se</strong></span> <span class='ocrx_word' id='word_1_627' title='bbox 2418 2194 2698 2248; x_wconf 88' lang='lat' dir='ltr'><strong>contrariis</strong></span> <span class='ocrx_word' id='word_1_628' title='bbox 2754 2194 3155 2263; x_wconf 85' lang='lat' dir='ltr'><strong>perturbaretur</strong></span> <span class='ocrx_word' id='word_1_629' title='bbox 3179 2203 3234 2250; x_wconf 90' lang='lat' dir='ltr'><strong>et</strong></span> <span class='ocrx_word' id='word_1_630' title='bbox 3262 2193 3544 2259; x_wconf 76' lang='lat' dir='ltr'><strong>ﬂuctuaret</strong></span> <span class='ocrx_word' id='word_1_631' title='bbox 3568 2193 3776 2250; x_wconf 76' lang='lat' dir='ltr'><strong>allecti-</strong></span> 
     </span>
    </p>
   </div>
   <div class='ocr_carea' id='block_1_81' title="bbox 2175 2283 3776 2364">
    <p class='ocr_par' dir='ltr' id='par_1_81' title="bbox 2175 2283 3776 2364">
     <span class='ocr_line' id='line_1_82' title="bbox 2175 2283 3776 2364; baseline 0.002 -27"><span class='ocrx_word' id='word_1_632' title='bbox 2175 2284 2292 2346; x_wconf 87' lang='lat' dir='ltr'><strong>bus,</strong></span> <span class='ocrx_word' id='word_1_633' title='bbox 2321 2283 2492 2354; x_wconf 87' lang='lat' dir='ltr'><strong>qualis</strong></span> <span class='ocrx_word' id='word_1_634' title='bbox 2523 2285 2572 2338; x_wconf 91' lang='lat' dir='ltr'><strong>in</strong></span> <span class='ocrx_word' id='word_1_635' title='bbox 2603 2284 2850 2356; x_wconf 84' lang='lat' dir='ltr'><strong>paradiso</strong></span> <span class='ocrx_word' id='word_1_636' title='bbox 2870 2294 2992 2340; x_wconf 90' lang='lat' dir='ltr'><strong>ante</strong></span> <span class='ocrx_word' id='word_1_637' title='bbox 3018 2295 3318 2364; x_wconf 88' lang='lat' dir='ltr'><strong>peccatum,</strong></span> <span class='ocrx_word' id='word_1_638' title='bbox 3345 2285 3472 2348; x_wconf 81' lang='lat' dir='ltr'><strong>licet</strong></span> <span class='ocrx_word' id='word_1_639' title='bbox 3495 2285 3550 2344; x_wconf 82' lang='lat' dir='ltr'><strong>in</strong></span> <span class='ocrx_word' id='word_1_640' title='bbox 3572 2300 3776 2355; x_wconf 88' lang='lat' dir='ltr'><strong>corpo-</strong></span> 
     </span>
    </p>
   </div>
   <div class='ocr_carea' id='block_1_82' title="bbox 2174 2377 3774 2448">
    <p class='ocr_par' dir='ltr' id='par_1_82' title="bbox 2174 2377 3774 2448">
     <span class='ocr_line' id='line_1_83' title="bbox 2174 2377 3774 2448; baseline 0.003 -17"><span class='ocrx_word' id='word_1_641' title='bbox 2174 2392 2236 2431; x_wconf 92' lang='lat' dir='ltr'><strong>re</strong></span> <span class='ocrx_word' id='word_1_642' title='bbox 2261 2385 2402 2431; x_wconf 88' lang='lat' dir='ltr'><strong>esset</strong></span> <span class='ocrx_word' id='word_1_643' title='bbox 2419 2377 2656 2445; x_wconf 87' lang='lat' dir='ltr'><strong>animali,</strong></span> <span class='ocrx_word' id='word_1_644' title='bbox 2677 2378 2855 2448; x_wconf 86' lang='lat' dir='ltr'><strong>utique</strong></span> <span class='ocrx_word' id='word_1_645' title='bbox 2880 2377 3144 2436; x_wconf 88' lang='lat' dir='ltr'><strong>nonfuit:</strong></span> <span class='ocrx_word' id='word_1_646' title='bbox 3173 2378 3220 2432; x_wconf 91' lang='lat' dir='ltr'><strong>si</strong></span> <span class='ocrx_word' id='word_1_647' title='bbox 3245 2378 3363 2448; x_wconf 88' lang='lat' dir='ltr'><strong>quis</strong></span> <span class='ocrx_word' id='word_1_648' title='bbox 3377 2378 3479 2440; x_wconf 87' lang='lat' dir='ltr'><strong>boc</strong></span> <span class='ocrx_word' id='word_1_649' title='bbox 3505 2386 3774 2446; x_wconf 84' lang='lat' dir='ltr'><strong>movetur.</strong></span> 
     </span>
    </p>
   </div>
   <div class='ocr_carea' id='block_1_83' title="bbox 2178 2467 3773 2539">
    <p class='ocr_par' dir='ltr' id='par_1_83' title="bbox 2178 2467 3773 2539">
     <span class='ocr_line' id='line_1_84' title="bbox 2178 2467 3773 2539; baseline 0 -17"><span class='ocrx_word' id='word_1_650' title='bbox 2178 2476 2234 2522; x_wconf 89' lang='lat' dir='ltr'><strong>ut</strong></span> <span class='ocrx_word' id='word_1_651' title='bbox 2263 2467 2394 2534; x_wconf 84' lang='lat' dir='ltr'><strong>dixi,</strong></span> <span class='ocrx_word' id='word_1_652' title='bbox 2419 2483 2525 2521; x_wconf 91' lang='lat' dir='ltr'><strong>non</strong></span> <span class='ocrx_word' id='word_1_653' title='bbox 2557 2467 2678 2532; x_wconf 84' lang='lat' dir='ltr'><strong>ideo</strong></span> <span class='ocrx_word' id='word_1_654' title='bbox 2736 2468 2896 2524; x_wconf 90' lang='lat' dir='ltr'><strong>debet</strong></span> <span class='ocrx_word' id='word_1_655' title='bbox 2931 2470 3241 2532; x_wconf 81' lang='lat' dir='ltr'><strong>existimare</strong></span> <span class='ocrx_word' id='word_1_656' title='bbox 3280 2468 3401 2524; x_wconf 80' lang='lat' dir='ltr'><strong>leve</strong></span> <span class='ocrx_word' id='word_1_657' title='bbox 3437 2484 3501 2532; x_wconf 85' lang='lat' dir='ltr'><strong>ac</strong></span> <span class='ocrx_word' id='word_1_658' title='bbox 3543 2484 3773 2539; x_wconf 77' lang='lat' dir='ltr'><strong>parvum</strong></span> 
     </span>
    </p>
   </div>
   <div class='ocr_carea' id='block_1_84' title="bbox 2177 2561 3778 2631">
    <p class='ocr_par' dir='ltr' id='par_1_84' title="bbox 2177 2561 3778 2631">
     <span class='ocr_line' id='line_1_85' title="bbox 2177 2561 3778 2631; baseline 0.002 -15"><span class='ocrx_word' id='word_1_659' title='bbox 2177 2562 2305 2616; x_wconf 91' lang='lat' dir='ltr'><strong>illud</strong></span> <span class='ocrx_word' id='word_1_660' title='bbox 2325 2561 2488 2620; x_wconf 85' lang='lat' dir='ltr'><strong>fuisse</strong></span> <span class='ocrx_word' id='word_1_661' title='bbox 2509 2577 2876 2628; x_wconf 79' lang='lat' dir='ltr'><strong>commissum,</strong></span> <span class='ocrx_word' id='word_1_662' title='bbox 2897 2561 3019 2631; x_wconf 84' lang='lat' dir='ltr'><strong>quia</strong></span> <span class='ocrx_word' id='word_1_663' title='bbox 3049 2563 3104 2620; x_wconf 90' lang='lat' dir='ltr'><strong>in</strong></span> <span class='ocrx_word' id='word_1_664' title='bbox 3133 2577 3256 2618; x_wconf 91' lang='lat' dir='ltr'><strong>esca</strong></span> <span class='ocrx_word' id='word_1_665' title='bbox 3297 2562 3493 2626; x_wconf 81' lang='lat' dir='ltr'><strong>factum</strong></span> <span class='ocrx_word' id='word_1_666' title='bbox 3520 2571 3620 2627; x_wconf 91' lang='lat' dir='ltr'><strong>est,</strong></span> <span class='ocrx_word' id='word_1_667' title='bbox 3660 2577 3778 2620; x_wconf 68' lang='lat' dir='ltr'><strong>non</strong></span> 
     </span>
    </p>
   </div>
   <div class='ocr_carea' id='block_1_85' title="bbox 2176 2653 3779 2725">
    <p class='ocr_par' dir='ltr' id='par_1_85' title="bbox 2176 2653 3779 2725">
     <span class='ocr_line' id='line_1_86' title="bbox 2176 2653 3779 2725; baseline 0.001 -19"><span class='ocrx_word' id='word_1_668' title='bbox 2176 2654 2391 2725; x_wconf 88' lang='lat' dir='ltr'><strong>quidem</strong></span> <span class='ocrx_word' id='word_1_669' title='bbox 2420 2653 2696 2720; x_wconf 88' lang='lat' dir='ltr'><strong>mala,nec</strong></span> <span class='ocrx_word' id='word_1_670' title='bbox 2743 2655 2920 2719; x_wconf 86' lang='lat' dir='ltr'><strong>noxia,</strong></span> <span class='ocrx_word' id='word_1_671' title='bbox 2949 2655 3052 2709; x_wconf 89' lang='lat' dir='ltr'><strong>nisi</strong></span> <span class='ocrx_word' id='word_1_672' title='bbox 3091 2655 3213 2725; x_wconf 88' lang='lat' dir='ltr'><strong>quia</strong></span> <span class='ocrx_word' id='word_1_673' title='bbox 3254 2653 3540 2724; x_wconf 75' lang='lat' dir='ltr'><strong>prohibita.</strong></span> <span class='ocrx_word' id='word_1_674' title='bbox 3589 2653 3779 2725; x_wconf 67' lang='lat' dir='ltr'><strong>Neque</strong></span> 
     </span>
    </p>
   </div>
   <div class='ocr_carea' id='block_1_86' title="bbox 2177 2745 3777 2818">
    <p class='ocr_par' dir='ltr' id='par_1_86' title="bbox 2177 2745 3777 2818">
     <span class='ocr_line' id='line_1_87' title="bbox 2177 2745 3777 2818; baseline 0.001 -16"><span class='ocrx_word' id='word_1_675' title='bbox 2177 2747 2316 2802; x_wconf 90' lang='lat' dir='ltr'><strong>enim</strong></span> <span class='ocrx_word' id='word_1_676' title='bbox 2343 2747 2630 2818; x_wconf 90' lang='lat' dir='ltr'><strong>quidquam</strong></span> <span class='ocrx_word' id='word_1_677' title='bbox 2660 2747 2784 2802; x_wconf 85' lang='lat' dir='ltr'><strong>mali</strong></span> <span class='ocrx_word' id='word_1_678' title='bbox 2818 2747 2962 2802; x_wconf 90' lang='lat' dir='ltr'><strong>Deus</strong></span> <span class='ocrx_word' id='word_1_679' title='bbox 2984 2747 3038 2802; x_wconf 91' lang='lat' dir='ltr'><strong>in</strong></span> <span class='ocrx_word' id='word_1_680' title='bbox 3069 2748 3160 2804; x_wconf 88' lang='lat' dir='ltr'><strong>illo</strong></span> <span class='ocrx_word' id='word_1_681' title='bbox 3203 2755 3364 2802; x_wconf 66' lang='lat' dir='ltr'><strong>tantaa</strong></span> <span class='ocrx_word' id='word_1_682' title='bbox 3392 2745 3664 2803; x_wconf 83' lang='lat' dir='ltr'><strong>felicitatis</strong></span> <span class='ocrx_word' id='word_1_683' title='bbox 3687 2746 3777 2802; x_wconf 85' lang='lat' dir='ltr'><strong>lo-</strong></span> 
     </span>
    </p>
   </div>
   <div class='ocr_carea' id='block_1_87' title="bbox 2176 2837 3776 2914">
    <p class='ocr_par' dir='ltr' id='par_1_87' title="bbox 2176 2837 3776 2914">
     <span class='ocr_line' id='line_1_88' title="bbox 2176 2837 3776 2914; baseline 0.001 -23"><span class='ocrx_word' id='word_1_684' title='bbox 2176 2852 2240 2891; x_wconf 92' lang='lat' dir='ltr'><strong>co</strong></span> <span class='ocrx_word' id='word_1_685' title='bbox 2269 2844 2478 2892; x_wconf 87' lang='lat' dir='ltr'><strong>crearet</strong></span> <span class='ocrx_word' id='word_1_686' title='bbox 2500 2845 2661 2908; x_wconf 90' lang='lat' dir='ltr'><strong>atque</strong></span> <span class='ocrx_word' id='word_1_687' title='bbox 2688 2837 2968 2906; x_wconf 88' lang='lat' dir='ltr'><strong>plantaret.</strong></span> <span class='ocrx_word' id='word_1_688' title='bbox 3015 2837 3120 2892; x_wconf 89' lang='lat' dir='ltr'><strong>Sed</strong></span> <span class='ocrx_word' id='word_1_689' title='bbox 3162 2837 3467 2894; x_wconf 90' lang='lat' dir='ltr'><strong>obedientia</strong></span> <span class='ocrx_word' id='word_1_690' title='bbox 3491 2852 3776 2914; x_wconf 82' lang='lat' dir='ltr'><strong>commen-</strong></span> 
     </span>
    </p>
   </div>
   <div class='ocr_carea' id='block_1_88' title="bbox 2176 2927 3778 3000">
    <p class='ocr_par' dir='ltr' id='par_1_88' title="bbox 2176 2927 3778 3000">
     <span class='ocr_line' id='line_1_89' title="bbox 2176 2927 3778 3000; baseline 0.001 -17"><span class='ocrx_word' id='word_1_691' title='bbox 2176 2927 2297 2983; x_wconf 87' lang='lat' dir='ltr'><strong>data</strong></span> <span class='ocrx_word' id='word_1_692' title='bbox 2326 2937 2408 2982; x_wconf 89' lang='lat' dir='ltr'><strong>est</strong></span> <span class='ocrx_word' id='word_1_693' title='bbox 2437 2929 2487 2982; x_wconf 95' lang='lat' dir='ltr'><strong>in</strong></span> <span class='ocrx_word' id='word_1_694' title='bbox 2517 2937 2804 3000; x_wconf 67' lang='lat' dir='ltr'><strong>prtecepto,</strong></span> <span class='ocrx_word' id='word_1_695' title='bbox 2835 2944 2954 3000; x_wconf 68' lang='lat' dir='ltr'><strong>qua:</strong></span> <span class='ocrx_word' id='word_1_696' title='bbox 2983 2930 3152 2984; x_wconf 92' lang='lat' dir='ltr'><strong>virtus</strong></span> <span class='ocrx_word' id='word_1_697' title='bbox 3174 2929 3226 2983; x_wconf 91' lang='lat' dir='ltr'><strong>in</strong></span> <span class='ocrx_word' id='word_1_698' title='bbox 3263 2939 3508 2990; x_wconf 85' lang='lat' dir='ltr'><strong>creatura</strong></span> <span class='ocrx_word' id='word_1_699' title='bbox 3533 2929 3778 2990; x_wconf 73' lang='lat' dir='ltr'><strong>rationa-</strong></span> 
     </span>
    </p>
   </div>
   <div class='ocr_carea' id='block_1_89' title="bbox 2177 3013 3777 3092">
    <p class='ocr_par' dir='ltr' id='par_1_89' title="bbox 2177 3013 3777 3092">
     <span class='ocr_line' id='line_1_90' title="bbox 2177 3013 3777 3092; baseline 0.003 -20"><span class='ocrx_word' id='word_1_700' title='bbox 2177 3017 2212 3072; x_wconf 90' lang='lat' dir='ltr'><strong>li</strong></span> <span class='ocrx_word' id='word_1_701' title='bbox 2232 3013 2404 3074; x_wconf 85' lang='lat' dir='ltr'><strong>mater</strong></span> <span class='ocrx_word' id='word_1_702' title='bbox 2419 3018 2808 3090; x_wconf 88' lang='lat' dir='ltr'><strong>quodammodo</strong></span> <span class='ocrx_word' id='word_1_703' title='bbox 2825 3029 2908 3076; x_wconf 84' lang='lat' dir='ltr'><strong>est</strong></span> <span class='ocrx_word' id='word_1_704' title='bbox 2923 3020 3158 3076; x_wconf 90' lang='lat' dir='ltr'><strong>omnium</strong></span> <span class='ocrx_word' id='word_1_705' title='bbox 3177 3033 3462 3092; x_wconf 79' lang='lat' dir='ltr'><strong>custosque</strong></span> <span class='ocrx_word' id='word_1_706' title='bbox 3478 3021 3736 3076; x_wconf 88' lang='lat' dir='ltr'><strong>virtutum</strong></span> <span class='ocrx_word' id='word_1_707' title='bbox 3757 3036 3777 3077; x_wconf 90' lang='lat'><strong>:</strong></span> 
     </span>
    </p>
   </div>
   <div class='ocr_carea' id='block_1_90' title="bbox 2177 3113 3780 3186">
    <p class='ocr_par' dir='ltr' id='par_1_90' title="bbox 2177 3113 3780 3186">
     <span class='ocr_line' id='line_1_91' title="bbox 2177 3113 3780 3186; baseline 0.001 -18"><span class='ocrx_word' id='word_1_708' title='bbox 2177 3113 2604 3186; x_wconf 89' lang='lat' dir='ltr'><strong>quandoquidem</strong></span> <span class='ocrx_word' id='word_1_709' title='bbox 2637 3115 2706 3170; x_wconf 89' lang='lat' dir='ltr'><strong>ita</strong></span> <span class='ocrx_word' id='word_1_710' title='bbox 2729 3114 2863 3170; x_wconf 84' lang='lat' dir='ltr'><strong>facta</strong></span> <span class='ocrx_word' id='word_1_711' title='bbox 2884 3122 2988 3181; x_wconf 91' lang='lat' dir='ltr'><strong>est,</strong></span> <span class='ocrx_word' id='word_1_712' title='bbox 3015 3123 3074 3172; x_wconf 89' lang='lat' dir='ltr'><strong>ut</strong></span> <span class='ocrx_word' id='word_1_713' title='bbox 3129 3115 3180 3169; x_wconf 89' lang='lat' dir='ltr'><strong>ei</strong></span> <span class='ocrx_word' id='word_1_714' title='bbox 3226 3113 3492 3176; x_wconf 85' lang='lat' dir='ltr'><strong>subditam</strong></span> <span class='ocrx_word' id='word_1_715' title='bbox 3538 3128 3660 3170; x_wconf 86' lang='lat' dir='ltr'><strong>esse</strong></span> <span class='ocrx_word' id='word_1_716' title='bbox 3703 3115 3780 3174; x_wconf 84' lang='lat' dir='ltr'><strong>sit</strong></span> 
     </span>
    </p>
   </div>
   <div class='ocr_carea' id='block_1_91' title="bbox 2176 3205 3775 3280">
    <p class='ocr_par' dir='ltr' id='par_1_91' title="bbox 2176 3205 3775 3280">
     <span class='ocr_line' id='line_1_92' title="bbox 2176 3205 3775 3280; baseline 0.003 -22"><span class='ocrx_word' id='word_1_717' title='bbox 2176 3205 2308 3259; x_wconf 88' lang='lat' dir='ltr'><strong>utile</strong></span> <span class='ocrx_word' id='word_1_718' title='bbox 2344 3223 2358 3271; x_wconf 91' lang='lat'><strong>;</strong></span> <span class='ocrx_word' id='word_1_719' title='bbox 2389 3205 2746 3274; x_wconf 89' lang='lat' dir='ltr'><strong>perniciosum</strong></span> <span class='ocrx_word' id='word_1_720' title='bbox 2774 3214 2951 3260; x_wconf 89' lang='lat' dir='ltr'><strong>autem</strong></span> <span class='ocrx_word' id='word_1_721' title='bbox 2977 3221 3150 3270; x_wconf 90' lang='lat' dir='ltr'><strong>suam,</strong></span> <span class='ocrx_word' id='word_1_722' title='bbox 3181 3221 3290 3260; x_wconf 90' lang='lat' dir='ltr'><strong>non</strong></span> <span class='ocrx_word' id='word_1_723' title='bbox 3305 3205 3418 3280; x_wconf 81' lang='lat' dir='ltr'><strong>ejus</strong></span> <span class='ocrx_word' id='word_1_724' title='bbox 3442 3221 3474 3262; x_wconf 89' lang='lat' dir='ltr'><strong>a</strong></span> <span class='ocrx_word' id='word_1_725' title='bbox 3491 3221 3596 3277; x_wconf 87' lang='lat' dir='ltr'><strong>quo</strong></span> <span class='ocrx_word' id='word_1_726' title='bbox 3615 3219 3775 3262; x_wconf 59' lang='lat' dir='ltr'><strong>creas-</strong></span> 
     </span>
    </p>
   </div>
   <div class='ocr_carea' id='block_1_92' title="bbox 2179 3295 3780 3368">
    <p class='ocr_par' dir='ltr' id='par_1_92' title="bbox 2179 3295 3780 3368">
     <span class='ocr_line' id='line_1_93' title="bbox 2179 3295 3780 3368; baseline 0.002 -18"><span class='ocrx_word' id='word_1_727' title='bbox 2179 3306 2227 3350; x_wconf 89' lang='lat' dir='ltr'><strong>ta</strong></span> <span class='ocrx_word' id='word_1_728' title='bbox 2257 3307 2358 3360; x_wconf 87' lang='lat' dir='ltr'><strong>est,</strong></span> <span class='ocrx_word' id='word_1_729' title='bbox 2391 3295 2566 3352; x_wconf 85' lang='lat' dir='ltr'><strong>facere</strong></span> <span class='ocrx_word' id='word_1_730' title='bbox 2594 3297 2939 3352; x_wconf 88' lang='lat' dir='ltr'><strong>voluntatem.</strong></span> <span class='ocrx_word' id='word_1_731' title='bbox 2969 3297 3082 3354; x_wconf 89' lang='lat' dir='ltr'><strong>Hoc</strong></span> <span class='ocrx_word' id='word_1_732' title='bbox 3111 3297 3288 3367; x_wconf 87' lang='lat' dir='ltr'><strong>itaque</strong></span> <span class='ocrx_word' id='word_1_733' title='bbox 3301 3297 3368 3356; x_wconf 88' lang='lat' dir='ltr'><strong>de</strong></span> <span class='ocrx_word' id='word_1_734' title='bbox 3399 3314 3504 3354; x_wconf 90' lang='lat' dir='ltr'><strong>uno</strong></span> <span class='ocrx_word' id='word_1_735' title='bbox 3531 3297 3637 3358; x_wconf 86' lang='lat' dir='ltr'><strong>.cibi</strong></span> <span class='ocrx_word' id='word_1_736' title='bbox 3675 3313 3780 3368; x_wconf 76' lang='lat' dir='ltr'><strong>ge.-</strong></span> 
     </span>
    </p>
   </div>
   <div class='ocr_carea' id='block_1_93' title="bbox 2177 3389 3778 3468">
    <p class='ocr_par' dir='ltr' id='par_1_93' title="bbox 2177 3389 3778 3468">
     <span class='ocr_line' id='line_1_94' title="bbox 2177 3389 3778 3468; baseline 0 -24"><span class='ocrx_word' id='word_1_737' title='bbox 2177 3405 2307 3444; x_wconf 90' lang='lat' dir='ltr'><strong>nere</strong></span> <span class='ocrx_word' id='word_1_738' title='bbox 2336 3404 2444 3444; x_wconf 92' lang='lat' dir='ltr'><strong>non</strong></span> <span class='ocrx_word' id='word_1_739' title='bbox 2471 3389 2700 3468; x_wconf 66' lang='lat' dir='ltr'><strong>edendo,</strong></span> <span class='ocrx_word' id='word_1_740' title='bbox 2727 3391 2812 3445; x_wconf 89' lang='lat' dir='ltr'><strong>ubi</strong></span> <span class='ocrx_word' id='word_1_741' title='bbox 2835 3390 3058 3446; x_wconf 89' lang='lat' dir='ltr'><strong>aliorum</strong></span> <span class='ocrx_word' id='word_1_742' title='bbox 3087 3398 3231 3452; x_wconf 86' lang='lat' dir='ltr'><strong>tanta</strong></span> <span class='ocrx_word' id='word_1_743' title='bbox 3256 3389 3409 3459; x_wconf 89' lang='lat' dir='ltr'><strong>copia</strong></span> <span class='ocrx_word' id='word_1_744' title='bbox 3439 3389 3778 3462; x_wconf 72' lang='lat' dir='ltr'><strong>subiacebat,</strong></span> 
     </span>
    </p>
   </div>
   <div class='ocr_carea' id='block_1_94' title="bbox 2178 3483 3780 3562">
    <p class='ocr_par' dir='ltr' id='par_1_94' title="bbox 2178 3483 3780 3562">
     <span class='ocr_line' id='line_1_95' title="bbox 2178 3483 3780 3562; baseline 0 -24"><span class='ocrx_word' id='word_1_745' title='bbox 2178 3493 2284 3538; x_wconf 90' lang='lat' dir='ltr'><strong>tam</strong></span> <span class='ocrx_word' id='word_1_746' title='bbox 2314 3485 2434 3546; x_wconf 88' lang='lat' dir='ltr'><strong>leve</strong></span> <span class='ocrx_word' id='word_1_747' title='bbox 2457 3494 2780 3562; x_wconf 65' lang='lat' dir='ltr'><strong>prmceptum</strong></span> <span class='ocrx_word' id='word_1_748' title='bbox 2817 3484 2885 3548; x_wconf 86' lang='lat' dir='ltr'><strong>ad</strong></span> <span class='ocrx_word' id='word_1_749' title='bbox 2909 3484 3322 3552; x_wconf 88' lang='lat' dir='ltr'><strong>observandum,</strong></span> <span class='ocrx_word' id='word_1_750' title='bbox 3373 3491 3483 3544; x_wconf 80' lang='lat' dir='ltr'><strong>tam</strong></span> <span class='ocrx_word' id='word_1_751' title='bbox 3515 3483 3780 3548; x_wconf 72' lang='lat' dir='ltr'><strong>brevead</strong></span> 
     </span>
    </p>
   </div>
   <div class='ocr_carea' id='block_1_95' title="bbox 2177 3577 3780 3649">
    <p class='ocr_par' dir='ltr' id='par_1_95' title="bbox 2177 3577 3780 3649">
     <span class='ocr_line' id='line_1_96' title="bbox 2177 3577 3780 3649; baseline 0 -17"><span class='ocrx_word' id='word_1_752' title='bbox 2177 3579 2436 3633; x_wconf 88' lang='lat' dir='ltr'><strong>memoria</strong></span> <span class='ocrx_word' id='word_1_753' title='bbox 2466 3578 2824 3645; x_wconf 87' lang='lat' dir='ltr'><strong>retinendum,</strong></span> <span class='ocrx_word' id='word_1_754' title='bbox 2857 3578 2943 3636; x_wconf 88' lang='lat' dir='ltr'><strong>ubi</strong></span> <span class='ocrx_word' id='word_1_755' title='bbox 2965 3579 3264 3649; x_wconf 65' lang='lat' dir='ltr'><strong>praesertim</strong></span> <span class='ocrx_word' id='word_1_756' title='bbox 3315 3577 3550 3638; x_wconf 83' lang='lat' dir='ltr'><strong>nondum</strong></span> <span class='ocrx_word' id='word_1_757' title='bbox 3583 3578 3780 3640; x_wconf 73' lang='lat' dir='ltr'><strong>volun.-</strong></span> 
     </span>
    </p>
   </div>
   <div class='ocr_carea' id='block_1_96' title="bbox 2179 3669 3784 3742">
    <p class='ocr_par' dir='ltr' id='par_1_96' title="bbox 2179 3669 3784 3742">
     <span class='ocr_line' id='line_1_97' title="bbox 2179 3669 3784 3742; baseline 0.001 -18"><span class='ocrx_word' id='word_1_758' title='bbox 2179 3671 2271 3724; x_wconf 86' lang='lat' dir='ltr'><strong>tati</strong></span> <span class='ocrx_word' id='word_1_759' title='bbox 2299 3671 2560 3740; x_wconf 89' lang='lat' dir='ltr'><strong>cupiditas</strong></span> <span class='ocrx_word' id='word_1_760' title='bbox 2591 3671 2909 3738; x_wconf 84' lang='lat' dir='ltr'><strong>resistebat,</strong></span> <span class='ocrx_word' id='word_1_761' title='bbox 2941 3669 3081 3742; x_wconf 88' lang='lat' dir='ltr'><strong>quod</strong></span> <span class='ocrx_word' id='word_1_762' title='bbox 3114 3670 3180 3725; x_wconf 89' lang='lat' dir='ltr'><strong>de</strong></span> <span class='ocrx_word' id='word_1_763' title='bbox 3201 3685 3360 3740; x_wconf 68' lang='lat' dir='ltr'><strong>poena</strong></span> <span class='ocrx_word' id='word_1_764' title='bbox 3392 3669 3784 3740; x_wconf 76' lang='lat' dir='ltr'><strong>transgressio-</strong></span> 
     </span>
    </p>
   </div>
   <div class='ocr_carea' id='block_1_97' title="bbox 2179 3748 3780 3832">
    <p class='ocr_par' dir='ltr' id='par_1_97' title="bbox 2179 3748 3780 3832">
     <span class='ocr_line' id='line_1_98' title="bbox 2179 3748 3780 3832; baseline 0.001 -18"><span class='ocrx_word' id='word_1_765' title='bbox 2179 3761 2262 3816; x_wconf 91' lang='lat' dir='ltr'><strong>nis</strong></span> <span class='ocrx_word' id='word_1_766' title='bbox 2293 3771 2471 3830; x_wconf 89' lang='lat' dir='ltr'><strong>postea</strong></span> <span class='ocrx_word' id='word_1_767' title='bbox 2513 3748 2854 3817; x_wconf 88' lang='lat' dir='ltr'><strong>subsecutum</strong></span> <span class='ocrx_word' id='word_1_768' title='bbox 2914 3771 3018 3828; x_wconf 89' lang='lat' dir='ltr'><strong>est,</strong></span> <span class='ocrx_word' id='word_1_769' title='bbox 3071 3771 3218 3818; x_wconf 86' lang='lat' dir='ltr'><strong>tanto</strong></span> <span class='ocrx_word' id='word_1_770' title='bbox 3273 3761 3476 3832; x_wconf 90' lang='lat' dir='ltr'><strong>majore</strong></span> <span class='ocrx_word' id='word_1_771' title='bbox 3509 3758 3780 3832; x_wconf 75' lang='lat' dir='ltr'><strong>iniustitia</strong></span> 
     </span>
    </p>
   </div>
   <div class='ocr_carea' id='block_1_98' title="bbox 2180 3850 3779 3924">
    <p class='ocr_par' dir='ltr' id='par_1_98' title="bbox 2180 3850 3779 3924">
     <span class='ocr_line' id='line_1_99' title="bbox 2180 3850 3779 3924; baseline 0.001 -18"><span class='ocrx_word' id='word_1_772' title='bbox 2180 3852 2435 3907; x_wconf 88' lang='lat' dir='ltr'><strong>violatum</strong></span> <span class='ocrx_word' id='word_1_773' title='bbox 2501 3861 2618 3921; x_wconf 91' lang='lat' dir='ltr'><strong>est,</strong></span> <span class='ocrx_word' id='word_1_774' title='bbox 2667 3863 2866 3924; x_wconf 74' lang='lat' dir='ltr'><strong>quanto</strong></span> <span class='ocrx_word' id='word_1_775' title='bbox 2918 3852 3155 3910; x_wconf 85' lang='lat' dir='ltr'><strong>faciliore</strong></span> <span class='ocrx_word' id='word_1_776' title='bbox 3210 3862 3395 3924; x_wconf 87' lang='lat' dir='ltr'><strong>posset</strong></span> <span class='ocrx_word' id='word_1_777' title='bbox 3427 3850 3779 3912; x_wconf 75' lang='lat' dir='ltr'><strong>observantia</strong></span> 
     </span>
    </p>
   </div>
   <div class='ocr_carea' id='block_1_99' title="bbox 2178 3946 2455 4000">
    <p class='ocr_par' dir='ltr' id='par_1_99' title="bbox 2178 3946 2455 4000">
     <span class='ocr_line' id='line_1_100' title="bbox 2178 3946 2455 4000; baseline -0.004 0"><span class='ocrx_word' id='word_1_778' title='bbox 2178 3946 2455 4000; x_wconf 90' lang='lat' dir='ltr'><strong>custodiri.</strong></span> 
     </span>
    </p>
   </div>
   <div class='ocr_carea' id='block_1_100' title="bbox 2179 4057 3784 4130">
    <p class='ocr_par' dir='ltr' id='par_1_100' title="bbox 2179 4057 3784 4130">
     <span class='ocr_line' id='line_1_101' title="bbox 2179 4057 3784 4130; baseline -0.001 -16"><span class='ocrx_word' id='word_1_779' title='bbox 2179 4058 2404 4116; x_wconf 77' lang='lat' dir='ltr'><strong>CAPUT</strong></span> <span class='ocrx_word' id='word_1_780' title='bbox 2442 4057 2583 4120; x_wconf 78' lang='lat' dir='ltr'><strong>Xlll.</strong></span> <span class='ocrx_word' id='word_1_781' title='bbox 2604 4089 2677 4101; x_wconf 92' lang='lat'>—</span> <span class='ocrx_word' id='word_1_782' title='bbox 2705 4059 2855 4127; x_wconf 79' lang='lat' dir='ltr'><strong>Quod</strong></span> <span class='ocrx_word' id='word_1_783' title='bbox 2875 4061 2934 4116; x_wconf 71' lang='lat' dir='ltr'><strong>in</strong></span> <span class='ocrx_word' id='word_1_784' title='bbox 2959 4059 3373 4129; x_wconf 70' lang='lat' dir='ltr'><strong>prcvaﬁcatione</strong></span> <span class='ocrx_word' id='word_1_785' title='bbox 3396 4058 3523 4114; x_wconf 67' lang='lat' dir='ltr'><strong>Ade</strong></span> <span class='ocrx_word' id='word_1_786' title='bbox 3547 4060 3618 4113; x_wconf 79' lang='lat' dir='ltr'><strong>ad</strong></span> <span class='ocrx_word' id='word_1_787' title='bbox 3643 4075 3784 4130; x_wconf 67' lang='lat' dir='ltr'><strong>opus</strong></span> 
     </span>
    </p>
   </div>
   <div class='ocr_carea' id='block_1_101' title="bbox 2544 4152 3427 4223">
    <p class='ocr_par' dir='ltr' id='par_1_101' title="bbox 2544 4152 3427 4223">
     <span class='ocr_line' id='line_1_102' title="bbox 2544 4152 3427 4223; baseline -0.001 -16"><span class='ocrx_word' id='word_1_788' title='bbox 2544 4154 2731 4209; x_wconf 80' lang='lat' dir='ltr'><strong>malum</strong></span> <span class='ocrx_word' id='word_1_789' title='bbox 2751 4155 2979 4208; x_wconf 72' lang='lat' dir='ltr'><strong>uoluntas</strong></span> <span class='ocrx_word' id='word_1_790' title='bbox 2997 4152 3252 4223; x_wconf 67' lang='lat' dir='ltr'><strong>processit</strong></span> <span class='ocrx_word' id='word_1_791' title='bbox 3273 4155 3427 4208; x_wconf 75' lang='lat' dir='ltr'><strong>inata.</strong></span> 
     </span>
    </p>
   </div>
   <div class='ocr_carea' id='block_1_102' title="bbox 2257 4246 3783 4315">
    <p class='ocr_par' dir='ltr' id='par_1_102' title="bbox 2257 4246 3783 4315">
     <span class='ocr_line' id='line_1_103' title="bbox 2257 4246 3783 4315; baseline -0.003 -11"><span class='ocrx_word' id='word_1_792' title='bbox 2257 4248 2311 4304; x_wconf 80' lang='grc'><strong>1.</strong></span> <span class='ocrx_word' id='word_1_793' title='bbox 2343 4246 2400 4302; x_wconf 86' lang='lat' dir='ltr'><strong>In</strong></span> <span class='ocrx_word' id='word_1_794' title='bbox 2424 4246 2635 4303; x_wconf 90' lang='lat' dir='ltr'><strong>occulto</strong></span> <span class='ocrx_word' id='word_1_795' title='bbox 2682 4255 2862 4301; x_wconf 87' lang='lat' dir='ltr'><strong>autem</strong></span> <span class='ocrx_word' id='word_1_796' title='bbox 2905 4246 3032 4301; x_wconf 66' lang='lat' dir='ltr'><strong>ntali</strong></span> <span class='ocrx_word' id='word_1_797' title='bbox 3089 4260 3208 4300; x_wconf 82' lang='lat' dir='ltr'><strong>esse</strong></span> <span class='ocrx_word' id='word_1_798' title='bbox 3254 4252 3558 4315; x_wconf 74' lang='lat' dir='ltr'><strong>coeperunt,</strong></span> <span class='ocrx_word' id='word_1_799' title='bbox 3607 4254 3668 4299; x_wconf 90' lang='lat' dir='ltr'><strong>ut</strong></span> <span class='ocrx_word' id='word_1_800' title='bbox 3723 4261 3783 4301; x_wconf 76' lang='lat' dir='ltr'><strong>In</strong></span> 
     </span>
    </p>
   </div>
   <div class='ocr_carea' id='block_1_103' title="bbox 2183 4340 3783 4412">
    <p class='ocr_par' dir='ltr' id='par_1_103' title="bbox 2183 4340 3783 4412">
     <span class='ocr_line' id='line_1_104' title="bbox 2183 4340 3783 4412; baseline -0.001 -17"><span class='ocrx_word' id='word_1_801' title='bbox 2183 4352 2422 4412; x_wconf 79' lang='lat' dir='ltr'><strong>apertam</strong></span> <span class='ocrx_word' id='word_1_802' title='bbox 2448 4341 2867 4397; x_wconf 85' lang='lat' dir='ltr'><strong>iuobedientiam</strong></span> <span class='ocrx_word' id='word_1_803' title='bbox 2888 4341 3215 4397; x_wconf 85' lang='lat' dir='ltr'><strong>laberentur.</strong></span> <span class='ocrx_word' id='word_1_804' title='bbox 3237 4340 3350 4395; x_wconf 81' lang='lat' dir='ltr'><strong>Non</strong></span> <span class='ocrx_word' id='word_1_805' title='bbox 3377 4341 3520 4396; x_wconf 87' lang='lat' dir='ltr'><strong>enim</strong></span> <span class='ocrx_word' id='word_1_806' title='bbox 3551 4341 3616 4394; x_wconf 87' lang='lat' dir='ltr'><strong>ad</strong></span> <span class='ocrx_word' id='word_1_807' title='bbox 3660 4353 3783 4394; x_wconf 78' lang='lat' dir='ltr'><strong>ma—</strong></span> 
     </span>
    </p>
   </div>
   <div class='ocr_carea' id='block_1_104' title="bbox 2181 4433 3785 4503">
    <p class='ocr_par' dir='ltr' id='par_1_104' title="bbox 2181 4433 3785 4503">
     <span class='ocr_line' id='line_1_105' title="bbox 2181 4433 3785 4503; baseline -0.002 -15"><span class='ocrx_word' id='word_1_808' title='bbox 2181 4433 2292 4488; x_wconf 89' lang='lat' dir='ltr'><strong>lum</strong></span> <span class='ocrx_word' id='word_1_809' title='bbox 2322 4447 2458 4502; x_wconf 89' lang='lat' dir='ltr'><strong>opus</strong></span> <span class='ocrx_word' id='word_1_810' title='bbox 2482 4433 2871 4503; x_wconf 87' lang='lat' dir='ltr'><strong>perveniretur,</strong></span> <span class='ocrx_word' id='word_1_811' title='bbox 2900 4433 3002 4486; x_wconf 86' lang='lat' dir='ltr'><strong>nisi</strong></span> <span class='ocrx_word' id='word_1_812' title='bbox 3027 4433 3390 4502; x_wconf 70' lang='lat' dir='ltr'><strong>prmcessisset</strong></span> <span class='ocrx_word' id='word_1_813' title='bbox 3427 4433 3567 4486; x_wconf 86' lang='lat' dir='ltr'><strong>mala</strong></span> <span class='ocrx_word' id='word_1_814' title='bbox 3589 4433 3785 4486; x_wconf 82' lang='lat' dir='ltr'><strong>volun-</strong></span> 
     </span>
    </p>
   </div>
   <div class='ocr_carea' id='block_1_105' title="bbox 2182 4525 3786 4595">
    <p class='ocr_par' dir='ltr' id='par_1_105' title="bbox 2182 4525 3786 4595">
     <span class='ocr_line' id='line_1_106' title="bbox 2182 4525 3786 4595; baseline 0.001 -16"><span class='ocrx_word' id='word_1_815' title='bbox 2182 4535 2282 4586; x_wconf 82' lang='lat' dir='ltr'><strong>tas.</strong></span> <span class='ocrx_word' id='word_1_816' title='bbox 2315 4525 2482 4584; x_wconf 84' lang='lat' dir='ltr'><strong>Porro</strong></span> <span class='ocrx_word' id='word_1_817' title='bbox 2502 4525 2660 4582; x_wconf 75' lang='lat' dir='ltr'><strong>mala:</strong></span> <span class='ocrx_word' id='word_1_818' title='bbox 2694 4526 2979 4580; x_wconf 85' lang='lat' dir='ltr'><strong>voluntatis</strong></span> <span class='ocrx_word' id='word_1_819' title='bbox 3007 4526 3215 4580; x_wconf 88' lang='lat' dir='ltr'><strong>initium</strong></span> <span class='ocrx_word' id='word_1_820' title='bbox 3241 4526 3381 4595; x_wconf 85' lang='lat' dir='ltr'><strong>quod</strong></span> <span class='ocrx_word' id='word_1_821' title='bbox 3410 4525 3432 4556; x_wconf 84' lang='grc'>⁸</span> <span class='ocrx_word' id='word_1_822' title='bbox 3465 4525 3634 4594; x_wconf 84' lang='lat' dir='ltr'><strong>potuit</strong></span> <span class='ocrx_word' id='word_1_823' title='bbox 3653 4539 3786 4580; x_wconf 77' lang='lat' dir='ltr'><strong>esse</strong></span> 
     </span>
    </p>
   </div>
   <div class='ocr_carea' id='block_1_106' title="bbox 2182 4617 3787 4688">
    <p class='ocr_par' dir='ltr' id='par_1_106' title="bbox 2182 4617 3787 4688">
     <span class='ocr_line' id='line_1_107' title="bbox 2182 4617 3787 4688; baseline 0 -16"><span class='ocrx_word' id='word_1_824' title='bbox 2182 4618 2284 4674; x_wconf 80' lang='lat' dir='ltr'><strong>nisi</strong></span> <span class='ocrx_word' id='word_1_825' title='bbox 2335 4619 2582 4688; x_wconf 90' lang='lat' dir='ltr'><strong>superbia</strong></span> <span class='ocrx_word' id='word_1_826' title='bbox 2608 4617 2862 4674; x_wconf 57' lang='lat' dir='ltr'><strong>ﬁnit-ium</strong></span> <span class='ocrx_word' id='word_1_827' title='bbox 2909 4619 3050 4674; x_wconf 89' lang='lat' dir='ltr'><strong>enim</strong></span> <span class='ocrx_word' id='word_1_828' title='bbox 3097 4619 3262 4673; x_wconf 80' lang='lat' dir='ltr'><strong>cumis</strong></span> <span class='ocrx_word' id='word_1_829' title='bbox 3304 4619 3495 4688; x_wconf 81' lang='lat' dir='ltr'><strong>peccati</strong></span> <span class='ocrx_word' id='word_1_830' title='bbox 3539 4617 3787 4687; x_wconf 70' lang='lat' dir='ltr'><strong>superbus</strong></span> 
     </span>
    </p>
   </div>
   <div class='ocr_carea' id='block_1_107' title="bbox 2179 4708 3786 4782">
    <p class='ocr_par' dir='ltr' id='par_1_107' title="bbox 2179 4708 3786 4782">
     <span class='ocr_line' id='line_1_108' title="bbox 2179 4708 3786 4782; baseline 0.001 -17"><span class='ocrx_word' id='word_1_831' title='bbox 2179 4713 2290 4781; x_wconf 69' lang='grc' dir='ltr'><strong>αι(</strong></span> <span class='ocrx_word' id='word_1_832' title='bbox 2323 4708 2490 4765; x_wconf 88' lang='lat' dir='ltr'><strong>Eccli.</strong></span> <span class='ocrx_word' id='word_1_833' title='bbox 2537 4727 2594 4777; x_wconf 70' lang='grc' dir='ltr'><strong>ι,</strong></span> <span class='ocrx_word' id='word_1_834' title='bbox 2639 4711 2774 4782; x_wconf 81' lang='grc'><strong>15).</strong></span> <span class='ocrx_word' id='word_1_835' title='bbox 2803 4711 2943 4780; x_wconf 84' lang='lat' dir='ltr'><strong>Quid</strong></span> <span class='ocrx_word' id='word_1_836' title='bbox 2999 4719 3082 4765; x_wconf 90' lang='lat' dir='ltr'><strong>est</strong></span> <span class='ocrx_word' id='word_1_837' title='bbox 3123 4719 3304 4765; x_wconf 83' lang='lat' dir='ltr'><strong>autem</strong></span> <span class='ocrx_word' id='word_1_838' title='bbox 3359 4709 3627 4780; x_wconf 84' lang='lat' dir='ltr'><strong>superbia,</strong></span> <span class='ocrx_word' id='word_1_839' title='bbox 3675 4710 3786 4766; x_wconf 75' lang='lat' dir='ltr'><strong>nist</strong></span> 
     </span>
    </p>
   </div>
   <div class='ocr_carea' id='block_1_108' title="bbox 2181 4803 3785 4875">
    <p class='ocr_par' dir='ltr' id='par_1_108' title="bbox 2181 4803 3785 4875">
     <span class='ocr_line' id='line_1_109' title="bbox 2181 4803 3785 4875; baseline 0.001 -19"><span class='ocrx_word' id='word_1_840' title='bbox 2181 4817 2444 4873; x_wconf 71' lang='lat' dir='ltr'><strong>perversa:</strong></span> <span class='ocrx_word' id='word_1_841' title='bbox 2467 4805 2798 4869; x_wconf 77' lang='lat' dir='ltr'><strong>celsitudinis</strong></span> <span class='ocrx_word' id='word_1_842' title='bbox 2837 4803 3153 4875; x_wconf 82' lang='lat' dir='ltr'><strong>appetitus?</strong></span> <span class='ocrx_word' id='word_1_843' title='bbox 3183 4804 3440 4860; x_wconf 89' lang='lat' dir='ltr'><strong>Perversa</strong></span> <span class='ocrx_word' id='word_1_844' title='bbox 3483 4806 3628 4859; x_wconf 85' lang='lat' dir='ltr'><strong>enim</strong></span> <span class='ocrx_word' id='word_1_845' title='bbox 3661 4803 3785 4858; x_wconf 85' lang='lat' dir='ltr'><strong>eel-</strong></span> 
     </span>
    </p>
   </div>
   <div class='ocr_carea' id='block_1_109' title="bbox 2179 4895 3785 4964">
    <p class='ocr_par' dir='ltr' id='par_1_109' title="bbox 2179 4895 3785 4964">
     <span class='ocr_line' id='line_1_110' title="bbox 2179 4895 3785 4964; baseline 0.003 -14"><span class='ocrx_word' id='word_1_846' title='bbox 2179 4895 2362 4951; x_wconf 86' lang='lat' dir='ltr'><strong>situdo</strong></span> <span class='ocrx_word' id='word_1_847' title='bbox 2411 4907 2517 4964; x_wconf 90' lang='lat' dir='ltr'><strong>est,</strong></span> <span class='ocrx_word' id='word_1_848' title='bbox 2563 4897 2774 4951; x_wconf 89' lang='lat' dir='ltr'><strong>deserto</strong></span> <span class='ocrx_word' id='word_1_849' title='bbox 2812 4911 2877 4951; x_wconf 91' lang='lat' dir='ltr'><strong>eo</strong></span> <span class='ocrx_word' id='word_1_850' title='bbox 2905 4898 2991 4951; x_wconf 90' lang='lat' dir='ltr'><strong>cui</strong></span> <span class='ocrx_word' id='word_1_851' title='bbox 3037 4897 3198 4952; x_wconf 90' lang='lat' dir='ltr'><strong>debet</strong></span> <span class='ocrx_word' id='word_1_852' title='bbox 3248 4899 3459 4952; x_wconf 88' lang='lat' dir='ltr'><strong>animus</strong></span> <span class='ocrx_word' id='word_1_853' title='bbox 3512 4897 3785 4955; x_wconf 75' lang='lat' dir='ltr'><strong>iniuerere</strong></span> 
     </span>
    </p>
   </div>
   <div class='ocr_carea' id='block_1_110' title="bbox 2185 4987 3781 5060">
    <p class='ocr_par' dir='ltr' id='par_1_110' title="bbox 2185 4987 3781 5060">
     <span class='ocr_line' id='line_1_111' title="bbox 2185 4987 3781 5060; baseline 0.001 -17"><span class='ocrx_word' id='word_1_854' title='bbox 2185 4987 2471 5059; x_wconf 80' lang='lat' dir='ltr'><strong>principio,</strong></span> <span class='ocrx_word' id='word_1_855' title='bbox 2504 4989 2603 5043; x_wconf 85' lang='lat' dir='ltr'><strong>sibi</strong></span> <span class='ocrx_word' id='word_1_856' title='bbox 2621 4989 3016 5059; x_wconf 87' lang='lat' dir='ltr'><strong>quodammodo</strong></span> <span class='ocrx_word' id='word_1_857' title='bbox 3058 4988 3175 5044; x_wconf 79' lang='lat' dir='ltr'><strong>ﬁeri</strong></span> <span class='ocrx_word' id='word_1_858' title='bbox 3219 4998 3379 5060; x_wconf 86' lang='lat' dir='ltr'><strong>atque</strong></span> <span class='ocrx_word' id='word_1_859' title='bbox 3425 5005 3549 5045; x_wconf 82' lang='lat' dir='ltr'><strong>esse</strong></span> <span class='ocrx_word' id='word_1_860' title='bbox 3579 4991 3781 5060; x_wconf 80' lang='lat' dir='ltr'><strong>princi-</strong></span> 
     </span>
    </p>
   </div>
   <div class='ocr_carea' id='block_1_111' title="bbox 2180 5081 3782 5151">
    <p class='ocr_par' dir='ltr' id='par_1_111' title="bbox 2180 5081 3782 5151">
     <span class='ocr_line' id='line_1_112' title="bbox 2180 5081 3782 5151; baseline 0.002 -17"><span class='ocrx_word' id='word_1_861' title='bbox 2180 5084 2349 5151; x_wconf 80' lang='lat' dir='ltr'><strong>pium.</strong></span> <span class='ocrx_word' id='word_1_862' title='bbox 2387 5082 2498 5136; x_wconf 80' lang='lat' dir='ltr'><strong>Hoc</strong></span> <span class='ocrx_word' id='word_1_863' title='bbox 2545 5081 2762 5146; x_wconf 85' lang='lat' dir='ltr'><strong>ﬁt,cum</strong></span> <span class='ocrx_word' id='word_1_864' title='bbox 2802 5082 2903 5135; x_wconf 85' lang='lat' dir='ltr'><strong>sibi</strong></span> <span class='ocrx_word' id='word_1_865' title='bbox 2939 5081 3102 5136; x_wconf 81' lang='lat' dir='ltr'><strong>nimis</strong></span> <span class='ocrx_word' id='word_1_866' title='bbox 3149 5081 3342 5151; x_wconf 89' lang='lat' dir='ltr'><strong>placet.</strong></span> <span class='ocrx_word' id='word_1_867' title='bbox 3372 5081 3484 5137; x_wconf 86' lang='lat' dir='ltr'><strong>Sibi</strong></span> <span class='ocrx_word' id='word_1_868' title='bbox 3521 5096 3649 5136; x_wconf 85' lang='lat' dir='ltr'><strong>vero</strong></span> <span class='ocrx_word' id='word_1_869' title='bbox 3703 5082 3782 5138; x_wconf 79' lang='lat' dir='ltr'><strong>ita</strong></span> 
     </span>
    </p>
   </div>
   <div class='ocr_carea' id='block_1_112' title="bbox 2179 5172 3786 5243">
    <p class='ocr_par' dir='ltr' id='par_1_112' title="bbox 2179 5172 3786 5243">
     <span class='ocr_line' id='line_1_113' title="bbox 2179 5172 3786 5243; baseline 0.002 -17"><span class='ocrx_word' id='word_1_870' title='bbox 2179 5175 2375 5243; x_wconf 76' lang='lat' dir='ltr'><strong>placet,</strong></span> <span class='ocrx_word' id='word_1_871' title='bbox 2406 5188 2526 5227; x_wconf 90' lang='lat' dir='ltr'><strong>eum</strong></span> <span class='ocrx_word' id='word_1_872' title='bbox 2543 5173 2612 5227; x_wconf 92' lang='lat' dir='ltr'><strong>ab</strong></span> <span class='ocrx_word' id='word_1_873' title='bbox 2650 5172 2744 5227; x_wconf 93' lang='lat' dir='ltr'><strong>illo</strong></span> <span class='ocrx_word' id='word_1_874' title='bbox 2769 5173 2912 5228; x_wconf 91' lang='lat' dir='ltr'><strong>bono</strong></span> <span class='ocrx_word' id='word_1_875' title='bbox 2951 5173 3272 5228; x_wconf 85' lang='lat' dir='ltr'><strong>immutabili</strong></span> <span class='ocrx_word' id='word_1_876' title='bbox 3315 5173 3516 5239; x_wconf 67' lang='lat' dir='ltr'><strong>deﬁcit,</strong></span> <span class='ocrx_word' id='word_1_877' title='bbox 3556 5173 3702 5243; x_wconf 80' lang='lat' dir='ltr'><strong>quod</strong></span> <span class='ocrx_word' id='word_1_878' title='bbox 3727 5172 3786 5230; x_wconf 81' lang='lat' dir='ltr'><strong>ei</strong></span> 
     </span>
    </p>
   </div>
   <div class='ocr_carea' id='block_1_113' title="bbox 2181 5264 3786 5336">
    <p class='ocr_par' dir='ltr' id='par_1_113' title="bbox 2181 5264 3786 5336">
     <span class='ocr_line' id='line_1_114' title="bbox 2181 5264 3786 5336; baseline 0.002 -18"><span class='ocrx_word' id='word_1_879' title='bbox 2181 5264 2352 5335; x_wconf 79' lang='lat' dir='ltr'><strong>magis</strong></span> <span class='ocrx_word' id='word_1_880' title='bbox 2379 5265 2591 5334; x_wconf 84' lang='lat' dir='ltr'><strong>placere</strong></span> <span class='ocrx_word' id='word_1_881' title='bbox 2640 5264 2826 5320; x_wconf 90' lang='lat' dir='ltr'><strong>debuit</strong></span> <span class='ocrx_word' id='word_1_882' title='bbox 2843 5280 3002 5336; x_wconf 88' lang='lat' dir='ltr'><strong>quam</strong></span> <span class='ocrx_word' id='word_1_883' title='bbox 3029 5267 3146 5336; x_wconf 83' lang='lat' dir='ltr'><strong>ipse</strong></span> <span class='ocrx_word' id='word_1_884' title='bbox 3172 5266 3292 5321; x_wconf 86' lang='lat' dir='ltr'><strong>sibi.</strong></span> <span class='ocrx_word' id='word_1_885' title='bbox 3317 5266 3663 5335; x_wconf 73' lang='lat' dir='ltr'><strong>Spernaan</strong></span> <span class='ocrx_word' id='word_1_886' title='bbox 3693 5274 3786 5321; x_wconf 80' lang='lat' dir='ltr'><strong>est</strong></span> 
     </span>
    </p>
   </div>
   <div class='ocr_carea' id='block_1_114' title="bbox 2175 5355 3787 5428">
    <p class='ocr_par' dir='ltr' id='par_1_114' title="bbox 2175 5355 3787 5428">
     <span class='ocr_line' id='line_1_115' title="bbox 2175 5355 3787 5428; baseline 0.001 -18"><span class='ocrx_word' id='word_1_887' title='bbox 2175 5367 2359 5410; x_wconf 67' lang='lat' dir='ltr'><strong>autem</strong></span> <span class='ocrx_word' id='word_1_888' title='bbox 2409 5355 2512 5411; x_wconf 84' lang='lat' dir='ltr'><strong>iste</strong></span> <span class='ocrx_word' id='word_1_889' title='bbox 2542 5355 2819 5412; x_wconf 83' lang='lat' dir='ltr'><strong>defectus:</strong></span> <span class='ocrx_word' id='word_1_890' title='bbox 2849 5357 3100 5428; x_wconf 91' lang='lat' dir='ltr'><strong>quoniam</strong></span> <span class='ocrx_word' id='word_1_891' title='bbox 3131 5358 3177 5413; x_wconf 88' lang='lat' dir='ltr'><strong>si</strong></span> <span class='ocrx_word' id='word_1_892' title='bbox 3207 5358 3450 5413; x_wconf 84' lang='lat' dir='ltr'><strong>voluntas</strong></span> <span class='ocrx_word' id='word_1_893' title='bbox 3487 5358 3548 5410; x_wconf 81' lang='lat' dir='ltr'><strong>in</strong></span> <span class='ocrx_word' id='word_1_894' title='bbox 3587 5369 3787 5412; x_wconf 72' lang='lat' dir='ltr'><strong>amore</strong></span> 
     </span>
    </p>
   </div>
   <div class='ocr_carea' id='block_1_115' title="bbox 2176 5447 3787 5521">
    <p class='ocr_par' dir='ltr' id='par_1_115' title="bbox 2176 5447 3787 5521">
     <span class='ocr_line' id='line_1_116' title="bbox 2176 5447 3787 5521; baseline 0.003 -19"><span class='ocrx_word' id='word_1_895' title='bbox 2176 5449 2474 5519; x_wconf 72' lang='lat' dir='ltr'><strong>superioris</strong></span> <span class='ocrx_word' id='word_1_896' title='bbox 2505 5449 2851 5504; x_wconf 82' lang='lat' dir='ltr'><strong>immutabilis</strong></span> <span class='ocrx_word' id='word_1_897' title='bbox 2873 5451 3020 5517; x_wconf 91' lang='lat' dir='ltr'><strong>boni,</strong></span> <span class='ocrx_word' id='word_1_898' title='bbox 3067 5465 3098 5506; x_wconf 75' lang='grc' dir='ltr'>ι</span> <span class='ocrx_word' id='word_1_899' title='bbox 3149 5463 3260 5521; x_wconf 77' lang='lat' dir='ltr'><strong>quo</strong></span> <span class='ocrx_word' id='word_1_900' title='bbox 3311 5447 3688 5505; x_wconf 68' lang='lat' dir='ltr'><strong>illustrabatur</strong></span> <span class='ocrx_word' id='word_1_901' title='bbox 3719 5461 3787 5507; x_wconf 87' lang='lat' dir='ltr'><strong>ut</strong></span> 
     </span>
    </p>
   </div>
   <div class='ocr_carea' id='block_1_116' title="bbox 2179 5541 3788 5613">
    <p class='ocr_par' dir='ltr' id='par_1_116' title="bbox 2179 5541 3788 5613">
     <span class='ocr_line' id='line_1_117' title="bbox 2179 5541 3788 5613; baseline 0.002 -18"><span class='ocrx_word' id='word_1_902' title='bbox 2179 5541 2404 5608; x_wconf 89' lang='lat' dir='ltr'><strong>videret,</strong></span> <span class='ocrx_word' id='word_1_903' title='bbox 2433 5551 2488 5598; x_wconf 89' lang='lat' dir='ltr'><strong>et</strong></span> <span class='ocrx_word' id='word_1_904' title='bbox 2515 5541 2904 5598; x_wconf 87' lang='lat' dir='ltr'><strong>accendebatur</strong></span> <span class='ocrx_word' id='word_1_905' title='bbox 2932 5551 2991 5597; x_wconf 88' lang='lat' dir='ltr'><strong>ut</strong></span> <span class='ocrx_word' id='word_1_906' title='bbox 3020 5551 3246 5611; x_wconf 80' lang='lat' dir='ltr'><strong>amaret,</strong></span> <span class='ocrx_word' id='word_1_907' title='bbox 3263 5543 3478 5601; x_wconf 76' lang='lat' dir='ltr'><strong>stabilis</strong></span> <span class='ocrx_word' id='word_1_908' title='bbox 3491 5557 3788 5613; x_wconf 72' lang='lat' dir='ltr'><strong>pel-mane-</strong></span> 
     </span>
    </p>
   </div>
   <div class='ocr_carea' id='block_1_117' title="bbox 2178 5654 3789 5771">
    <p class='ocr_par' dir='ltr' id='par_1_117' title="bbox 2178 5654 3789 5771">
     <span class='ocr_line' id='line_1_118' title="bbox 2178 5654 3789 5771; baseline -0.001 -60"><span class='ocrx_word' id='word_1_909' title='bbox 2178 5654 2885 5771; x_wconf 43' lang='lat' dir='ltr'><strong>wc&#39;éifﬂssjuxugmcum</strong></span> <span class='ocrx_word' id='word_1_910' title='bbox 2912 5656 3636 5724; x_wconf 54' lang='lat' dir='ltr'><strong>LXLMalBLquamdedi&#39;sti</strong></span> <span class='ocrx_word' id='word_1_911' title='bbox 3656 5657 3789 5722; x_wconf 61' lang='lat' dir='ltr'><strong>mila</strong></span> 
     </span>
    </p>
   </div>
   <div class='ocr_carea' id='block_1_118' title="bbox 2241 5775 3696 5848">
    <p class='ocr_par' dir='ltr' id='par_1_118' title="bbox 2241 5775 3696 5848">
     <span class='ocr_line' id='line_1_119' title="bbox 2241 5775 3696 5848; baseline 0.003 -18"><span class='ocrx_word' id='word_1_912' title='bbox 2241 5777 2268 5848; x_wconf 47' lang='grc' dir='ltr'>ξ</span> <span class='ocrx_word' id='word_1_913' title='bbox 2302 5788 2500 5848; x_wconf 49' lang='grc' dir='ltr'><strong>Λπιςειι.</strong></span> <span class='ocrx_word' id='word_1_914' title='bbox 2524 5777 2986 5848; x_wconf 25' lang='grc' dir='ltr'><strong>ρειεονηείυηιὸνιί.</strong></span> <span class='ocrx_word' id='word_1_915' title='bbox 3013 5775 3178 5844; x_wconf 83' lang='lat' dir='ltr'><strong>Abest,</strong></span> <span class='ocrx_word' id='word_1_916' title='bbox 3197 5789 3259 5848; x_wconf 87' lang='lat' dir='ltr'><strong>cl,</strong></span> <span class='ocrx_word' id='word_1_917' title='bbox 3286 5799 3314 5835; x_wconf 88' lang='lat' dir='ltr'><strong>a</strong></span> <span class='ocrx_word' id='word_1_918' title='bbox 3337 5778 3696 5848; x_wconf 50' lang='lat' dir='ltr'><strong>mariuscripti&#39;s.</strong></span> 
     </span>
    </p>
   </div>
   <div class='ocr_carea' id='block_1_119' title="bbox 2248 5843 3125 5911">
    <p class='ocr_par' dir='ltr' id='par_1_119' title="bbox 2248 5843 3125 5911">
     <span class='ocr_line' id='line_1_120' title="bbox 2248 5843 3125 5911; baseline 0.006 -18"><span class='ocrx_word' id='word_1_919' title='bbox 2248 5847 2270 5876; x_wconf 84' lang='grc'><strong><em>³</em></strong></span> <span class='ocrx_word' id='word_1_920' title='bbox 2300 5845 2498 5894; x_wconf 66' lang='lat' dir='ltr'><strong>cortices</strong></span> <span class='ocrx_word' id='word_1_921' title='bbox 2519 5843 2642 5895; x_wconf 49' lang='lat'><strong>$50</strong></span> <span class='ocrx_word' id='word_1_922' title='bbox 2663 5851 2717 5896; x_wconf 89' lang='lat' dir='ltr'><strong>et</strong></span> <span class='ocrx_word' id='word_1_923' title='bbox 2738 5844 2879 5908; x_wconf 57' lang='lat' dir='ltr'><strong>Mi,</strong></span> <span class='ocrx_word' id='word_1_924' title='bbox 2902 5845 3041 5911; x_wconf 81' lang='lat' dir='ltr'><strong>quid.</strong></span> <span class='ocrx_word' id='word_1_925' title='bbox 3066 5855 3125 5898; x_wconf 73' lang='lat' dir='ltr'><strong>at.</strong></span> 
     </span>
    </p>
   </div>
   <div class='ocr_carea' id='block_1_120' title="bbox 2245 5926 2806 5993">
    <p class='ocr_par' dir='ltr' id='par_1_120' title="bbox 2245 5926 2806 5993">
     <span class='ocr_line' id='line_1_121' title="bbox 2245 5926 2806 5993; baseline 0.005 -3"><span class='ocrx_word' id='word_1_926' title='bbox 2245 5926 2322 5991; x_wconf 84' lang='grc' dir='ltr'><strong>(α)</strong></span> <span class='ocrx_word' id='word_1_927' title='bbox 2353 5935 2560 5993; x_wconf 62' lang='lat' dir='ltr'><strong>Stier-6.</strong></span> <span class='ocrx_word' id='word_1_928' title='bbox 2579 5941 2698 5992; x_wconf 77' lang='grc' dir='ltr'><strong>οικιδ</strong></span> <span class='ocrx_word' id='word_1_929' title='bbox 2716 5935 2806 5982; x_wconf 74' lang='grc' dir='ltr'><strong>αι·</strong></span> 
     </span>
    </p>
   </div>
  </div>
