4054 6474
219 382 310 443 ιιι

220 507 329 562 ret,
355 512 466 553 non
496 496 626 552 inde
653 495 723 551 ad
763 491 871 550 sibi
912 491 1228 565 plaeendum
1269 497 1619 555 averteretur,
1655 496 1710 544 et
1740 502 1812 543 ex

228 593 323 647 hoc
351 590 760 646 tenebresceret
787 588 877 644 ‘et
913 585 1240 657 frigesceret,
1265 591 1324 639 ut
1359 581 1444 638 vel
1491 581 1582 638 illa
1627 595 1814 638 verum

139 687 142 694 ’
227 685 464 742 crederet
479 683 684 740 dixisse
703 689 1030 753 serpentem,
1064 678 1151 734 rei
1174 678 1264 733 ille
1293 676 1385 733 Dei
1407 675 1656 731 mandato
1681 688 1814 730 uxo-

227 781 294 836 ris
321 787 667 849 praeponeret
689 776 1040 839 voluntatem,
1068 779 1382 843 putaretque
1425 786 1484 825 se
1533 767 1813 824 venialiter

227 879 675 941 transgressorem
705 865 1109 937 esseprascepti,
1133 863 1178 919 si
1209 863 1329 916 vitae
1345 875 1461 916 sum
1478 860 1678 915 sociam
1704 873 1813 915 non

223 962 500 1018 desereret
520 961 684 1016 etiam
734 961 788 1014 in
853 958 1110 1014 societate
1165 953 1390 1024 peccati.
1445 950 1560 1006 Non
1605 949 1812 1006 malum

225 1070 347 1123 ergo
371 1067 512 1124 opus
529 1052 729 1108 factum
747 1059 851 1117 est,
884 1048 936 1104 id
964 1056 1066 1114 est,
1099 1047 1188 1104 illa
1212 1043 1586 1116 transgressio,
1605 1049 1665 1096 ιιι
1683 1040 1808 1096 cibo

227 1147 497 1218 prohibito
519 1151 886 1211 vescerentur,
910 1143 1010 1197 nisi
1031 1140 1099 1195 ah
1125 1140 1206 1194 eis
1238 1138 1328 1208 qui
1353 1137 1464 1207 jam
1490 1135 1615 1190 mali
1637 1140 1812 1189 erant.

225 1242 404 1313 Neque
430 1241 578 1296 enim
609 1240 764 1294 ﬂeret
805 1237 893 1292 ille
923 1234 1126 1292 fructus
1171 1232 1363 1297 malus,
1394 1229 1496 1284 nisi
1521 1229 1590 1282 ab
1619 1226 1815 1283 arbore

226 1333 356 1388 maia
390 1333 412 1405 (
440 1330 633 1386 Matth.
676 1341 771 1394 vn,
805 1328 872 1383 18
898 1329 935 1398 ).
971 1326 1038 1383 Ut
1067 1335 1243 1380 autem
1288 1331 1431 1377 esset
1477 1318 1812 1386 arbormala,

226 1434 406 1480 contra
433 1433 686 1479 naturam
711 1420 908 1475 factum
955 1425 1074 1473 est:
1106 1418 1228 1486 quia
1267 1415 1365 1468 nisi
1391 1413 1523 1467 vitio
1563 1409 1812 1466 volunta-

228 1516 312 1580 tis,
344 1515 490 1584 quod
513 1519 701 1568 contra
738 1518 980 1564 naturam
1017 1515 1122 1573 est,
1152 1521 1257 1561 non
1283 1505 1465 1575 utique
1507 1502 1676 1557 ﬁeret.
1705 1499 1813 1556 Sed

227 1607 349 1660 vitio
363 1604 671 1676 depravari,
691 1602 796 1658 nisi
821 1615 890 1656 ex
917 1599 1083 1654 nihilo
1105 1600 1263 1665 facta,
1286 1606 1468 1651 natura
1484 1609 1588 1649 non
1607 1601 1812 1666 posset.

228 1703 299 1757 Ac
324 1713 428 1772 per
455 1700 562 1755 hoc
593 1707 654 1753 ut
677 1703 864 1752 natura
887 1696 975 1760 sit,
1032 1707 1098 1748 ex
1150 1707 1216 1748 eo
1260 1677 1418 1746 habet
1447 1688 1587 1760 quod
1613 1703 1646 1742 a
1699 1687 1813 1742 Deo

229 1793 362 1848 facta
388 1799 476 1847 est
505 1808 524 1858 ;
555 1797 612 1845 ιιι
637 1798 812 1845 autem
843 1787 909 1842 ab
945 1801 1016 1842 eo
1042 1784 1181 1856 quod
1211 1792 1292 1839 est
1320 1785 1340 1815 ³
1365 1781 1597 1848 deﬁciat,
1620 1795 1684 1834 ex
1711 1778 1818 1836 hoc

229 1881 363 1953 quod
387 1882 458 1937 de
481 1880 655 1936 nihilo
694 1879 832 1933 facta
872 1886 974 1933 est.
1025 1875 1135 1931 Nec
1181 1875 1265 1930 sic
1311 1872 1507 1928 defecit
1545 1872 1727 1937 homo,
1757 1876 1820 1926 ut

226 1973 448 2027 omnino
479 1971 614 2026 nihil
635 1979 810 2026 esset:
843 1969 937 2024 sed
979 1977 1040 2023 ut
1079 1967 1360 2021 inclinatus
1413 1965 1480 2019 ad
1533 1979 1590 2019 se
1635 1964 1808 2034 ipsum

231 2066 406 2121 minus
431 2067 599 2129 esset,
650 2078 807 2133 quam
838 2068 972 2124 erat,
1001 2076 1123 2118 cum
1143 2063 1191 2117 ei
1217 2061 1305 2131 qui
1335 2071 1540 2114 summe
1557 2065 1637 2113 est
1653 2057 1817 2112 inha-

228 2157 404 2213 rebat.
435 2156 647 2212 Relicto
674 2155 852 2226 itaque
871 2154 1000 2221 Deo,
1031 2170 1150 2210 esse
1171 2154 1224 2209 in
1255 2155 1560 2223 semetipso,
1597 2152 1696 2207 hoc
1733 2158 1820 2208 est

226 2251 320 2306 sibi
343 2251 579 2320 placere,
603 2263 710 2303 non
734 2249 842 2319 jam
863 2248 993 2302 nihil
1017 2263 1135 2302 esse
1157 2256 1258 2313 est,
1283 2247 1377 2300 sed
1403 2246 1569 2300 nihilo
1597 2245 1817 2314 propin-

227 2357 409 2414 quare.
453 2341 611 2398 Unde
659 2338 878 2410 superbi
926 2340 1218 2394 secundum
1267 2338 1568 2404 Scriptores
1609 2344 1818 2392 sanctas

227 2435 326 2492 alio
347 2436 573 2490 nomine
595 2435 950 2505 appellantur,
973 2433 1066 2488 sibi
1089 2432 1339 2503 placentes
1357 2432 1430 2504 (ΙΙ
1450 2431 1588 2485 ματ.
1617 2445 1675 2494 ιι,
1696 2431 1814 2503 10).

233 2528 435 2582 Bonum
462 2535 546 2582 est
574 2528 716 2581 enim
763 2541 974 2581 sursum
1019 2525 1219 2580 habere
1238 2540 1330 2580 cor
1359 2541 1373 2577 :
1401 2539 1504 2578 non
1547 2533 1725 2579 tamen
1750 2522 1820 2579 ad

230 2631 281 2672 se
299 2619 504 2688 ipsum,
527 2618 668 2687 quod
687 2630 768 2673 est
794 2617 1060 2687 superbiat
1089 2634 1102 2682 ;
1133 2615 1224 2671 sed
1255 2615 1319 2668 ad
1343 2617 1649 2681 Dominum,
1671 2613 1820 2685 quod

230 2718 306 2764 est
333 2708 688 2774 obedientiaa,
727 2709 968 2779 quaenisi
1009 2707 1288 2762 humilium
1317 2722 1422 2762 non
1480 2715 1654 2777 potest
1677 2720 1818 2763 esse.

231 2801 315 2856 Est
339 2801 510 2871 igitur
535 2800 734 2871 aliquid
779 2798 1096 2854 humilitatis
1145 2801 1285 2854 miro
1314 2799 1474 2854 modo
1517 2799 1658 2869 quod
1705 2811 1824 2854 sur-

230 2906 339 2948 sum
363 2893 541 2948 faciat
565 2907 680 2960 cor,
704 2901 852 2948 etest
881 2890 1078 2961 aliquid
1123 2891 1366 2946 elationis
1393 2889 1533 2961 quod
1573 2891 1823 2945 deorsum

233 2983 384 3039 faciat
405 2997 524 3039 cur.
552 2983 670 3038 Hoc
693 2983 905 3052 quidem
956 2983 1107 3052 quasi
1142 2982 1468 3036 contrarium
1501 2981 1730 3048 videtur,
1758 2986 1820 3036 ut

232 3073 388 3129 elatio
413 3075 484 3129 sit
510 3073 784 3133 deorsum.
818 3079 872 3127 et
898 3073 1167 3126 humilitas
1193 3081 1424 3126 sursum.
1451 3071 1556 3126 Sed
1599 3072 1685 3140 pia
1717 3070 1821 3125 hu—

231 3167 432 3221 milites
458 3165 587 3220 facit
611 3164 880 3219 subditum
917 3165 1217 3232 superiori;
1244 3163 1376 3217 nihil
1406 3167 1487 3217 est
1531 3170 1710 3216 autem
1735 3177 1828 3216 su-

232 3261 406 3328 perius
425 3257 546 3312 Deo
577 3274 592 3310 :
648 3263 703 3311 et
725 3255 847 3311 ideo
866 3256 1066 3310 exultat
1091 3255 1380 3320 humilitas,
1397 3267 1515 3324 quae
1537 3252 1668 3308 facit
1695 3253 1825 3307 sub-

233 3352 393 3406 ditum
423 3353 559 3406 Deo.
617 3351 789 3404 Elatio
841 3360 1018 3403 autem
1046 3363 1164 3418 qua:
1209 3349 1259 3402 in
1291 3348 1422 3402 vitio
1464 3355 1565 3412 est,
1617 3361 1682 3402 eo
1709 3345 1827 3416 ipso

235 3457 331 3514 quo
354 3444 376 3475 ³
400 3440 610 3512 respuit
633 3441 1040 3510 subiectionem,
1067 3449 1121 3495 et
1157 3439 1300 3494 cadit
1344 3439 1541 3503 abillo,
1566 3453 1672 3508 quo
1719 3451 1826 3491 non

237 3548 308 3593 est
324 3537 621 3608 quidquam
647 3536 910 3605 superius,
945 3543 998 3588 et
1021 3551 1085 3589 ex
1144 3533 1247 3589 hoc
1277 3533 1380 3587 erit
1407 3530 1646 3594 inferius,
1682 3538 1739 3584 et
1767 3529 1828 3584 tit

239 3627 372 3697 quod
417 3627 680 3696 scriptum
713 3634 791 3681 est
821 3642 833 3677 :
871 3623 1114 3696 Dejecisti
1161 3639 1266 3688 eos,
1311 3637 1425 3675 cum
1463 3621 1822 3676 extollerentur

240 3717 258 3781 (
283 3716 428 3772 Paul.
454 3731 628 3784 Lxxn,
653 3716 720 3772 18
743 3714 782 3786 ).
805 3715 917 3770 Non
935 3715 1076 3770 enim
1121 3714 1214 3781 ait,
1243 3714 1382 3768 Cum
1425 3713 1548 3767 elati
1575 3710 1823 3777 fuissent,

239 3817 292 3863 ut
335 3813 488 3880 prius
531 3809 934 3872 extollerentur,
991 3813 1044 3861 et
1094 3815 1273 3875 postea
1308 3804 1702 3873 dejicerentur:
1729 3801 1830 3857 sed

242 3919 347 3956 cum
400 3902 787 3965 extollerentur,
826 3908 951 3954 tunc
998 3897 1193 3968 dejecti
1241 3897 1386 3952 Iunt.
1431 3895 1608 3966 ipsum
1637 3895 1833 3966 quippe

243 3994 440 4060 extolli,
464 3993 576 4063 jam
608 3992 765 4062 dejici
784 3999 884 4046 est.
909 3989 1245 4061 QuaDrOpter
1287 3988 1427 4059 quod
1455 4003 1596 4043 nunc
1621 3988 1670 4041 in
1697 3987 1830 4042 civi-

244 4092 340 4139 tate
366 4084 487 4152 Dei,
529 4092 584 4139 et
611 4083 805 4136 civitati
855 4081 945 4137 Dei
977 4082 1028 4137 in
1080 4081 1181 4136 hoc
1240 4080 1435 4135 sreculo
1478 4078 1832 4150 peregrinanti

244 4177 473 4231 maxime
503 4173 914 4230 commendatur
943 4173 1237 4239 humilitas,
1290 4181 1343 4228 et
1393 4173 1444 4226 in
1492 4171 1606 4242 ejus
1658 4171 1825 4243 Rege,

246 4262 331 4342 qui
357 4281 443 4328 est
458 4271 727 4334 Christus,
757 4270 985 4324 maxime
1014 4267 1331 4338 przedicatur
1357 4283 1373 4331 ;
1400 4265 1832 4336 contrariumque

243 4361 363 4418 huic
375 4361 562 4417 virtuti
584 4360 831 4416 elationis
860 4360 1064 4424 vitium,
1084 4359 1136 4414 in
1155 4358 1272 4424 ejus
1288 4356 1614 4420 adversario,
1641 4357 1732 4428 qui
1753 4364 1837 4412 est

243 4454 500 4518 diabolus,
521 4452 753 4508 maxime
793 4452 1076 4518 dominari,
1109 4451 1274 4508 sacris
1311 4450 1526 4507 Litteris
1544 4450 1834 4506 educetur:

242 4545 478 4615 profecto
507 4546 608 4600 ista
641 4552 727 4600 est
749 4558 939 4614 magna
970 4542 1267 4598 differentia
1278 4582 1292 4610 ,
1319 4559 1419 4612 qua
1451 4541 1657 4606 civitas,
1686 4540 1828 4596 unde

245 4637 528 4707 loquimur,
565 4644 790 4705 utraque
827 4634 1190 4694 discernitur;
1245 4649 1345 4687 una
1381 4633 1584 4687 scilicet
1609 4631 1840 4687 societas

244 4729 451 4797 piorum
505 4727 804 4791 hominum,
832 4726 1000 4781 altera
1046 4727 1354 4800 impiorum,
1385 4724 1589 4795 singula
1615 4739 1841 4794 quaeque

243 4834 364 4875 cum
390 4819 702 4891 Angelisnd
725 4807 1222 4888 sepertinentibus,
1251 4816 1305 4870 in
1340 4816 1532 4886 quibus
1570 4814 1843 4885 praecessit

244 4911 345 4968 hac
366 4929 520 4968 amor
564 4913 679 4978 Dei,
710 4911 809 4967 hac
831 4926 983 4966 amor
1009 4911 1111 4966 sui.

315 5004 370 5061 Ω.
409 5003 693 5060 Manifesta
709 5017 840 5072 ergo
861 5012 1152 5072 apertoque
1203 5007 1445 5070 peccato,
1494 4997 1586 5054 ubi
1640 4997 1841 5054 factum

243 5105 330 5152 est
348 5097 494 5168 quod
537 5097 678 5151 Deus
706 5095 822 5151 ﬁeri
878 5095 1244 5166 prohibuerat,
1289 5093 1533 5148 diabolus
1574 5091 1843 5147 hominem

243 5205 353 5245 non
381 5192 635 5260 cepisset,
668 5190 768 5244 nisi
791 5189 902 5259 jam
931 5189 1018 5244 ille
1049 5189 1150 5244 sibi
1168 5188 1268 5266 ipsi
1315 5186 1527 5257 placere
1569 5185 1842 5254 ctepisset.

247 5282 382 5337 Hinc
409 5283 558 5339 enim
586 5289 640 5335 et
659 5281 945 5336 delectavit
972 5279 1115 5350 quod
1152 5279 1360 5334 dictum
1391 5285 1500 5344 est,
1528 5276 1688 5331 Erilis
1714 5275 1847 5330 sicut

247 5375 324 5427 dii
353 5373 530 5444 (Gen.
557 5389 636 5436 ιιι,
663 5372 762 5443 5).
795 5371 946 5440 Quod
971 5372 1160 5426 melius
1209 5386 1327 5425 esse
1377 5378 1597 5440 possent
1633 5383 1846 5423 summo

245 5483 482 5539 veroque
507 5467 772 5538 principio
801 5465 1124 5522 cohaerendo
1173 5479 1269 5535 per
1295 5462 1680 5529 obedientiam,
1735 5475 1844 5517 non

247 5575 410 5615 suum
439 5561 543 5616 sibi
589 5558 870 5617 existendo
900 5559 1217 5630 principium
1259 5573 1354 5628 per
1408 5557 1735 5628 superbiam.
1763 5553 1856 5610 Dii

315 5678 333 5708 ί
372 5673 476 5726 sola
494 5675 602 5726 fere
627 5675 778 5725 editio
797 5675 930 5735 Lov.,
957 5672 1370 5724 mtenebresceret.

313 5740 337 5770 ²
371 5741 443 5788 sic
465 5738 684 5796 melioris
704 5744 832 5787 nota:
864 5731 970 5785 Mss.
1015 5742 1070 5786 At
1106 5735 1240 5785 Vind.
1277 5744 1378 5785 Am.
1403 5741 1498 5795 δικ,
1523 5731 1585 5782 ab
1624 5741 1680 5782 eo
1717 5731 1846 5794 quod

249 5799 644 5863 Ww.mv.,
667 5797 1122 5863 obscaeno-ﬁrm
1143 5803 1228 5846 est.
1377 5833 1380 5838 .
1663 5854 1689 5863 Α.

316 5862 341 5896 ⁸
377 5860 599 5920 Plerique
631 5856 742 5911 Mss.
780 5856 1026 5920 omittunt,
1060 5871 1194 5921 quo:
1227 5867 1455 5923 postque,
1489 5856 1846 5912 subiectionem,

1435 371 1634 436 LIBER
1672 327 1997 442 animus
2024 366 2346 433 nemus.

1919 490 2061 543 Cltlln
2083 491 2270 555 creati,
2302 505 2406 545 non
2445 505 2542 547 sua
2569 493 2790 548 veritate
2819 492 2858 559 ί,
2891 489 2990 548 sed
3013 489 3108 548 Dei
3145 491 3257 548 veri
3284 494 3502 560 partici—

1919 589 2132 658 patione
2149 597 2274 643 sunt
2299 587 2393 642 dii.
2423 587 2548 642 Plus
2575 597 2752 642 autem
2787 585 3087 656 appetentis
3113 586 3156 652 ³,
3184 587 3360 642 minus
3377 597 3461 641 est
3485 604 3499 641 :

1919 680 2006 748 qui
2035 679 2160 734 dum
2186 679 2288 734 sibi
2315 679 2561 734 sufﬁcere
2577 679 2751 750 diligit
2776 678 2821 746 ⁸,
2847 679 2914 735 ab
2935 679 3028 740 illo
3053 679 3148 749 qui
3172 680 3222 735 ei
3241 697 3366 735 vere
3397 683 3505 734 sui.

1918 771 2047 838 ﬁcit,
2079 770 2276 826 deﬁcit.
2297 769 2429 825 illud
2455 772 2632 840 itaque
2655 771 2877 836 malum,
2921 787 3031 840 quo
3051 786 3171 828 um
3199 771 3302 828 sibi
3341 771 3503 832 homo

1917 864 2112 934 placet,
2140 873 2388 935 tanquam
2403 864 2479 919 ait
2499 873 2554 918 et
2582 862 2696 933 ipse
2739 865 2936 926 lumen,
2949 866 3206 920 avertitur
3229 865 3298 920 ab
3326 882 3394 922 eo
3417 866 3504 921 lu-

1917 956 2084 1022 mine,
2113 956 2256 1027 quod
2287 959 2397 1012 etsi
2423 956 2627 1025 placeat
2653 963 2710 1009 et
2738 955 2852 1024 ipse
2897 955 2956 1009 tit
2975 956 3157 1012 luen
3186 975 3198 1010 :
3226 956 3382 1021 illud,
3416 959 3499 1012 in-

1917 1063 2097 1117 quam,
2125 1049 2324 1104 malum
2349 1049 2623 1119 praecessit
2663 1049 2716 1101 in
2749 1047 2945 1112 abdito,
2977 1057 3035 1101 ut
3061 1059 3372 1118 sequeretur
3394 1049 3499 1108 hoc

1921 1141 2118 1197 malum
2149 1141 2290 1211 quod
2313 1147 2678 1212 perpetratum
2701 1147 2781 1193 est
2806 1140 2862 1194 in
2915 1149 3117 1208 aperto.
3172 1141 3371 1201 Verum
3417 1156 3503 1202 est

1917 1232 2060 1286 enim
2088 1231 2228 1302 quod
2255 1232 2511 1303 scriptum
2537 1241 2624 1287 est
2655 1247 2668 1286 :
2699 1234 2822 1286 Ante
2853 1234 3055 1292 ruinam
3088 1237 3346 1292 (saltem
3386 1254 3499 1305 cor,

1917 1336 1965 1379 et
1986 1335 2100 1380 ante
2118 1326 2336 1397 gloriam
2360 1324 2700 1400 ἠιιιοιιιὶαιιιν(
2723 1324 2878 1380 Prov.
2906 1343 3011 1390 xvt,
3063 1329 3127 1383 l8
3153 1329 3191 1396 ).
3235 1329 3327 1385 Illa
3353 1347 3502 1400 pror-

1922 1436 2011 1476 sus
2035 1421 2191 1477 ruina
2215 1437 2334 1492 quae.
2359 1422 2495 1476 litin
2523 1421 2754 1487 occulto,
2785 1421 3039 1490 pra-cedit
3069 1423 3274 1476 minam
3297 1441 3416 1493 quas
3439 1423 3506 1483 It

1918 1514 1974 1569 in
2004 1513 2308 1584 manifesto,
2333 1513 2462 1569 dum
2485 1514 2574 1570 illa
2598 1514 2750 1569 mina
2775 1529 2896 1568 esse
2945 1529 3052 1568 non
3095 1521 3330 1584 putatur.
3374 1515 3504 1582 Quia

1921 1606 2066 1660 enim
2092 1605 2473 1661 exaltationem
2495 1606 2700 1660 ruinam
2731 1615 2876 1674 pum
2905 1621 2919 1668 ;
2945 1619 3063 1659 cum
3085 1606 3196 1675 jam
3234 1607 3304 1661 ibi
3330 1607 3506 1662 sitdo-

1921 1696 2110 1763 fectus,
2137 1711 2244 1768 quo
2271 1706 2355 1753 est
2379 1697 2595 1752 relictus
2647 1698 2899 1752 Excelsus
2927 1699 2952 1750 ἲ
2986 1698 3118 1765 Quis
3169 1707 3347 1753 autem
3391 1698 3504 1752 rui-

1923 1791 2043 1843 nam
2062 1803 2183 1844 esse
2207 1805 2311 1843 non
2349 1789 2544 1855 videat,
2564 1789 2776 1860 quand-0
2815 1790 2876 1843 lit
2902 1790 3134 1844 mandati
3179 1791 3399 1845 evidens
3420 1798 3506 1844 vat-

1922 1897 2024 1952 que
2052 1881 2344 1937 indubitata
2400 1882 2782 1950 transgressio?
2806 1882 3032 1952 Pmpter
3059 1881 3162 1936 hoc
3213 1883 3350 1938 Deus
3375 1880 3506 1937 illud

1921 1973 2211 2042 prohibuit,
2242 1973 2525 2044 quodcum
2548 1981 2693 2028 esset
2738 1972 3049 2040 admissum,
3099 1974 3242 2029 nulla
3290 1973 3507 2029 defendi

1924 2074 2101 2132 posset
2127 2064 2752 2135 imaginationejustitite.
2777 2064 2840 2118 Et
2868 2063 3078 2120 audeo‘
3097 2063 3298 2132 dicere,
3330 2081 3514 2136 supert-

1924 2157 2003 2211 bis
2025 2173 2144 2213 esse
2169 2157 2296 2212 utile
2323 2157 2517 2213 cadere
2550 2159 2602 2212 in
2634 2158 2847 2228 aliquod
2873 2168 3112 2228 apertum
3141 2159 3508 2214 manifestum-

1921 2265 2026 2320 que
2069 2260 2364 2322 peccatum,
2411 2249 2556 2306 unde
2593 2251 2693 2305 sibi
2749 2251 3083 2321 displiceant,
3115 2254 3204 2323 qui
3255 2254 3364 2322 jam
3403 2251 3508 2308 sibi

1925 2344 2184 2412 placendo
2231 2344 2534 2400 ceciderant
2565 2345 2661 2416 (α).
2711 2345 2988 2400 Saluhrins
3024 2361 3164 2402 enim
3196 2347 3382 2401 Petrus
3407 2346 3508 2402 sibi

1921 2435 2194 2507 displicuit
2229 2437 2442 2508 quando
2481 2436 2649 2501 ﬂevit,
2697 2454 2852 2508 quam
2911 2439 3008 2492 sibi
3057 2440 3254 2508 placuit
3297 2438 3510 2510 quando

1919 2530 2264 2600 praesumpsit
2311 2529 2332 2604 (
2364 2529 2548 2584 Matth.
2603 2545 2746 2596 xm,
2777 2532 2866 2596 75,
2894 2533 2962 2586 55
2989 2531 3027 2601 ).
3059 2532 3172 2587 Hoc
3195 2532 3322 2588 dicit
3342 2541 3397 2588 et
3423 2545 3512 2589 sa-

1925 2639 2014 2678 cer
2043 2624 2285 2680 Psalmus
2318 2642 2332 2679 :
2365 2622 2535 2695 Imple
2560 2625 2714 2696 facies
2758 2642 2930 2679 eorum
2966 2627 3265 2697 ignominia,
3297 2637 3344 2680 et
3364 2641 3507 2697 quaa-

1926 2727 2032 2770 rent
2057 2735 2239 2772 nomen
2265 2724 2428 2781 tuum,
2452 2716 2704 2788 Domine!
2727 2715 2872 2772 Psal.
2903 2733 3106 2784 Lxxm,
3138 2719 3202 2774 I7
3228 2718 3246 2788 )
3281 2736 3294 2771 :
3329 2719 3378 2773 id
3406 2725 3506 2786 est,

1921 2819 1984 2863 ut
2015 2819 2064 2862 lu
2105 2810 2182 2864 eis
2209 2811 2417 2879 placeas
2435 2811 2794 2879 querentibus
2839 2826 3036 2865 nomen
3068 2819 3235 2876 tuum,
3287 2811 3378 2880 qui
3409 2809 3512 2867 sibi

1923 2902 2238 2972 placuerunt
2256 2897 2545 2972 quaerendo
2561 2911 2734 2956 suum.

1928 3009 2155 3068 CAPUT
2191 3009 2333 3067 XIV.
2365 3043 2436 3054 —
2462 3011 2540 3066 De
2559 3011 2792 3082 superbia
2811 3012 3237 3082 transgressionis,
3264 3009 3378 3085 qua:
3399 3011 3512 3083 ipsa

2319 3105 2418 3174 fuit
2448 3102 2842 3174 transgressione
2869 3102 3105 3156 deterior.

2001 3215 2108 3272 Sed
2133 3224 2214 3271 est
2239 3214 2391 3285 pejor
2427 3214 2887 3283 damnabiliorque
2921 3207 3189 3283 superbia,
3221 3211 3323 3282 qua
3352 3211 3510 3268 etiam

1932 3309 1982 3364 in
2018 3309 2250 3378 peccatis
2283 3304 2577 3362 manifestis
2604 3299 2884 3375 suffugium
2910 3305 3265 3361 excusationis
3296 3306 3514 3376 inquiri-

1934 3412 2054 3458 tur:
2087 3403 2222 3456 sicut
2268 3402 2343 3456 illi
2385 3401 2539 3470 primi
2584 3399 2848 3462 homines,
2892 3414 3114 3468 quorum
3161 3393 3213 3452 et
3239 3395 3324 3452 illa
3357 3397 3508 3464 dixit,

1935 3494 2155 3563 Serpens
2185 3493 2382 3548 seduxit
2408 3509 2503 3554 me,
2536 3501 2581 3546 et
2608 3489 2941 3555 manducavi;
2967 3497 3021 3544 et
3041 3488 3130 3543 ille
3154 3487 3303 3553 dixit,
3332 3483 3518 3543 Mulier

1932 3602 2082 3658 quam
2102 3583 2283 3638 dedisti
2313 3599 2525 3648 mecum,
2558 3579 2663 3635 Iure
2690 3581 2812 3634 mihi
2829 3579 2964 3632 dedit
2986 3598 3015 3631 α
3036 3579 3191 3649 ligno,
3211 3589 3256 3632 et
3277 3576 3514 3650 edi(Gen.

1934 3693 2011 3742 ιιι,
2036 3678 2121 3746 l5,
2151 3675 2257 3743 ιε).
2278 3661 2546 3744 Nusquam
2569 3672 2654 3726 hic
2674 3682 2826 3725 sonat
2844 3670 3026 3740 petitio
3050 3663 3237 3736 venite,
3257 3684 3516 3738 nusquam

1936 3767 2239 3840 imploratio
2265 3766 2564 3823 medicinae.
2601 3761 2733 3818 Nam
2765 3761 2888 3818 licet
2927 3761 3013 3816 isti
3055 3776 3160 3816 non
3201 3761 3335 3816 sicut
3362 3753 3514 3829 Cain,

1933 3859 2075 3938 quod
2103 3849 2506 3923 commiserunt,
2540 3864 2736 3927 negent
2767 3853 2880 3924 (Id.
2910 3869 2984 3919 ιν,
3016 3852 3096 3924 9),
3129 3853 3300 3907 adhuc
3343 3863 3519 3908 tamen

1937 3941 2183 4021 superbia
2209 3950 2259 4003 in
2289 3947 2448 4002 alium
2479 3947 2669 4018 quaerit
2697 3943 2918 4011 referre,
2952 3944 3092 4015 quod
3123 3941 3396 4018 perperam
3441 3942 3521 3999 fe-

1940 4047 2045 4102 cit:
2076 4043 2322 4114 superbia
2366 4031 2621 4118 mulieris,
2656 4043 2706 4094 in
2744 4049 3088 4110 serpentem;
3121 4038 3366 4109 superbia
3395 4037 3517 4104 viri,

1941 4141 1992 4194 in
2039 4138 2338 4194 mulierem.
2381 4135 2488 4191 Sed
2516 4123 2784 4190 accusatio
2829 4127 3006 4203 potius
3044 4123 3202 4202 quam
3250 4129 3524 4187 excusatio

1867 4251 1874 4257 λ’
1941 4247 2065 4287 vera
2088 4239 2190 4298 est,
2221 4229 2309 4285 ubi
2344 4227 2574 4283 mandati
2617 4226 2780 4280 divini
2811 4234 2891 4280 est
2926 4233 3109 4295 aperta
3150 4225 3515 4296 transgressio.

1943 4323 2126 4394 Neque
2163 4321 2308 4378 enim
2346 4320 2448 4376 hoc
2491 4307 2774 4391 propterea
2823 4333 2929 4373 non
2983 4316 3256 4379 fecerunt,
3311 4316 3432 4386 quia
3473 4313 3526 4369 id

1944 4416 2134 4472 mulier
2179 4423 2429 4484 serpente
2476 4411 2771 4477 suadente,
2815 4405 2897 4464 vir
2923 4408 3146 4462 muliere
3193 4407 3527 4476 impertiente

1944 4509 2248 4573 commisit;
2273 4506 2425 4578 quasi
2457 4504 2744 4576 quidquam
2770 4501 2901 4566 Deo,
2944 4502 3027 4556 cui
3073 4500 3157 4556 vel
3195 4498 3524 4564 crederetur,

1947 4606 2028 4660 vel
2060 4595 2361 4668 cederetur,
2392 4597 2820 4670 anteponendum
2849 4595 3028 4650 fuerit.

1953 4733 1986 4768 ι.
2011 4739 2020 4760 ~.
2050 4765 2053 4768 .
2089 4723 2121 4771 ἒτ
2148 4723 2157 4771 i
2211 4718 2327 4774 XV.
2356 4746 2429 4758 -—
2457 4716 2535 4770 De
2567 4713 2773 4786 justitia
2798 4709 3157 4774 retributionis,
3200 4725 3352 4778 quam
3380 4707 3532 4779 primi

2160 4812 2385 4866 homines
2405 4826 2498 4882 pro
2523 4824 2617 4863 sua
2643 4804 2981 4861 inobedientia
3005 4810 3314 4873 receperunt.

2024 4935 2072 4988 l.
2114 4933 2245 5000 Quia
2269 4946 2398 5002 ergo
2419 4931 2758 4998 contemptus
2775 4932 2858 4979 est
2881 4920 3248 4990 Deusjubens,
3272 4916 3358 4986 qui
3380 4929 3532 4969 erea-

1947 5036 2116 5093 verat,
2151 5025 2239 5096 qui
2277 5023 2342 5079 ad
2387 5037 2538 5077 suam
2583 5011 3154 5089 imaginem‘fecerat",
3202 5007 3531 5078 quieteteris

1949 5118 2270 5176 animalibus
2299 5120 2682 5185 praeposuerat,
2716 5109 2802 5179 qui
2825 5110 2875 5162 in
2897 5105 3142 5177 paradiso
3162 5101 3528 5164 constituerat,

1947 5283 2084 5334 Vind.
2109 5278 2438 5342 prosequitur,
2463 5270 2593 5322 cadit
2608 5267 2668 5317 ab
2684 5265 2800 5324 illo;
2822 5265 2991 5342 omissa
3019 5259 3258 5342 Innji::t‘t‘la,
3285 5264 3345 5304 ct.

1999 5327 2033 5382 ἶ
2053 5327 2130 5398 sic
2143 5327 2289 5396 una:
2311 5351 2362 5394 et
2382 5327 2488 5393 uss.
2507 5348 2562 5390 At
2584 5348 2684 5388 Am.
2711 5343 2782 5386 Er.
2811 5341 2864 5385 et
2877 5334 3015 5398 μιν..
3037 5327 3230 5398 uirtute.

1999 5412 2021 5442 ι
2054 5382 2362 5469 terra»;
2379 5382 3029 5469 reserari—gestique.
3049 5382 3461 5469 meme

2003 5473 2024 5505 ⁸
2054 5446 2636 5532 ξῖέῖἶὶιιδίίὲξῖιέξί
2724 5446 2797 5508 ἐπ’.
2819 5446 2871 5532 (ξι
2893 5446 3025 5511 non,
3047 5446 3243 5510 delegit.

2003 5533 2028 5567 δ
2058 5523 2195 5590 Editi,
2221 5536 2274 5580 El
2293 5527 2422 5590 ideo.
2450 5527 2610 5590 Abest,
2635 5523 2765 5581 ideo.
2789 5533 2818 5569 α
2839 5528 2957 5590 MSS"
3012 5572 3066 5590 η,
3277 5563 3421 5590 μμ,

2005 5598 2028 5630 ³
2060 5572 2198 5655 ’έδίῖὶί
2221 5572 2851 5656 inuitem.
2877 5588 2973 5656 Qui
2997 5572 3066 5656 ad.
3099 5572 3531 5656 sarriuntur?

2328 5635 2733 5710 ifihahhscupu
2765 5635 2863 5695 non
2879 5635 3087 5699 'l'tnln‘nL,
3124 5635 3385 5685 hominem:
3423 5645 3528 5682 nec.

1953 5732 2092 5894 ῗξῖὸ
2115 5771 2246 5828 conf.
2274 5774 2357 5824 ιιι).
2383 5770 2446 5822 de
2469 5775 2572 5821 Nat.
2600 5749 2663 5825 et
2688 5774 2818 5850 erat.
2847 5772 2978 5820 cont.
3013 5765 3206 5832 retag.,
3227 5747 3311 5815 nn.
3335 5735 3420 5827 96,
3444 5761 3539 5826 27,

1960 5857 2008 5894 (Υ
2027 5879 2038 5892 ο

1960 5857 2038 5894 ῧ2.
