4054 6510
533 281 642 340 425

531 398 621 469 qui
647 409 824 452 rerum
845 393 1083 450 omnium
1107 391 1316 463 copiam
1344 389 1636 460 salutisque
1661 391 2002 462 przestiterat,
2032 389 2122 461 qui

535 487 820 559 praeceptis
839 502 940 542 nec
966 484 1204 556 pluribus
1243 498 1342 538 nec
1363 481 1653 554 grandibus
1692 497 1789 538 nec
1817 481 2123 538 difficilibus

534 589 871 641 oneraverat,
891 577 984 633 sed
1005 591 1112 632 uno
1127 575 1444 630 brevissimo
1459 584 1618 644 atque
1631 574 1902 630 levissimo
1917 574 1985 629 ad
2003 574 2122 629 obe-

533 671 749 728 dientize
765 669 1132 726 salubritatem
1152 667 1644 734 adminiculaverat,
1662 681 1769 737 quo
1785 680 1902 721 eam
1919 673 2120 720 creatu-

531 779 670 831 ram,
693 762 777 820 cui
807 761 975 816 libera
1007 760 1238 815 servitus
1274 758 1575 828 expediret,
1609 774 1669 813 se
1695 773 1814 813 esse
1836 757 2116 812 Dominum

529 855 936 912 commonebat:
969 853 1114 923 justa
1145 851 1415 907 damnatio
1455 851 1739 906 subsecuta
1764 859 1866 913 est,
1891 849 2118 918 talisque

527 947 820 1021 damnatio,
839 953 898 1001 ut
913 946 1074 1001 homo
1108 946 1196 1017 qui
1212 942 1562 1000 custodiendo
1583 941 1889 997 mandatum
1907 939 2116 995 futurus

524 1039 698 1096 fuerat
718 1039 879 1094 etiam
899 1052 1062 1096 carne
1086 1036 1402 1107 spiritualis,
1431 1033 1583 1089 ﬁeret
1611 1035 1774 1089 etiam
1802 1041 1980 1088 mente
2006 1046 2116 1086 car-

525 1131 694 1197 nalis;
721 1139 776 1186 et
815 1129 906 1200 qui
929 1129 948 1162 ί
979 1143 1076 1184 sua
1112 1128 1359 1198 superbia
1386 1126 1486 1182 sibi
1518 1126 1806 1196 placuerat,
1835 1124 1928 1178 Dei
1953 1123 2110 1192 justi-

527 1225 595 1278 tia
626 1222 728 1277 sibi
757 1222 1074 1287 donaretur;
1098 1236 1196 1275 nec
1220 1221 1298 1275 sic
1316 1229 1371 1274 ut
1391 1221 1444 1273 in
1469 1233 1564 1273 sua
1591 1219 1770 1273 essct‘I
1793 1216 2115 1272 omnimodis

530 1324 814 1386 potestate,
845 1314 941 1370 sed
980 1329 1013 1369 a
1057 1329 1116 1370 se
1145 1316 1259 1384 ipse
1285 1327 1498 1383 quoque
1524 1311 1868 1378 dissentiens,
1898 1310 1998 1366 sub
2025 1311 2115 1366 illo

525 1407 611 1461 cui
638 1407 658 1438 ³
686 1405 956 1476 peccando
976 1406 1268 1474 consensit,
1317 1421 1413 1475 pro
1457 1406 1699 1459 libertate
1727 1419 1888 1474 quam
1913 1419 2113 1459 concu-

525 1501 679 1570 pivit,
706 1499 891 1553 duram
916 1501 1270 1569 miseramque
1290 1508 1469 1569 ageret
1493 1496 1804 1552 servitutem
1829 1515 1844 1562 ;
1873 1506 2112 1551 mortuus

527 1591 717 1662 spiritu
745 1591 947 1658 volens,
979 1599 1034 1646 et
1060 1605 1285 1660 corpore
1307 1590 1595 1644 moriturus
1621 1591 1848 1644 invitus:
1871 1589 2114 1645 desertor

526 1690 741 1736 internae
757 1683 901 1748 vitae,
919 1681 1076 1735 etiam
1099 1672 1319 1744 aeterna,
1341 1682 1441 1734 nisi
1461 1681 1630 1750 gratia
1653 1681 1922 1745 liberaret,
1941 1689 2113 1736 morte

525 1771 823 1827 damnatus.
855 1773 1104 1842 Quisquis
1143 1770 1446 1842 hujusmodi
1482 1771 1880 1826 damnationem
1911 1773 1993 1826 vel
2033 1773 2114 1826 ni-

527 1863 728 1929 miam,
777 1865 860 1918 vel
909 1863 1159 1932 injustam
1204 1871 1372 1932 putat,
1425 1862 1601 1917 metiri
1650 1861 1892 1932 profecto
1943 1864 2113 1918 nescit

523 1964 722 2025 quanta
753 1955 912 2009 fuerit
941 1954 1190 2024 iniquitas
1234 1953 1286 2008 in
1332 1952 1624 2023 peccando,
1671 1954 1758 2008 ubi
1805 1961 1949 2008 tanta
1993 1966 2110 2008 erat

527 2060 632 2099 non
677 2043 927 2114 peccandi
971 2043 1215 2099 facilitas.
1244 2043 1396 2098 Sicut
1446 2045 1588 2099 enim
1617 2043 1844 2098 Abrahae
1867 2060 1972 2099 non
2005 2045 2109 2098 im-

524 2137 720 2191 merito
761 2152 953 2206 magna
979 2135 1280 2190 obedientia
1312 2135 1648 2204 praedicatur,
1679 2136 1800 2206 quia
1849 2145 1906 2189 ut
1963 2137 2107 2190 occi-

523 2228 675 2284 deret
711 2229 898 2294 lilium,
918 2243 1006 2283 res
1045 2227 1353 2282 difﬁcillima
1395 2228 1762 2298 est‘impcrata
1789 2226 1943 2298 (Gen.
1975 2244 2103 2293 xxn,

521 2318 630 2392 2):
664 2321 735 2375 ita
763 2321 814 2374 in
862 2319 1110 2390 paradiso
1165 2327 1314 2373 tanto
1369 2319 1540 2388 major
1593 2318 1951 2373 inobedientia
1988 2317 2105 2385 fuit,
2169 2383 2171 2386 ,

518 2421 718 2483 quanto
733 2411 788 2467 id
805 2411 946 2482 quod
965 2418 1286 2482 praeceptqu
1311 2410 1616 2477 est,nullius
1637 2408 1968 2465 difﬁcultatis
1988 2413 2103 2467 fuit.

516 2501 588 2559 Et
609 2503 749 2558 sicut
767 2503 1068 2558 obedientia
1097 2499 1318 2556 secundi
1347 2500 1580 2555 hominis
1601 2514 1667 2554 eo
1694 2500 2103 2570 prredicabilior,

515 2611 625 2666 quo
654 2596 825 2652 factus
868 2606 951 2650 est
989 2594 1244 2651 obediens
1278 2609 1448 2664 usque
1472 2593 1539 2648 ad
1577 2602 1803 2648 mortem
1849 2593 2103 2665 (Philipp.

517 2701 576 2754 ll,
608 2688 666 2754 8)
699 2688 806 2741 :ita
851 2685 1209 2741 inobedientia
1231 2686 1384 2755 primi
1415 2685 1646 2739 hominis
1707 2700 1772 2740 eo
1820 2686 2107 2741 detestabi-

515 2777 638 2846 lior,
681 2793 787 2848 quo
829 2778 996 2833 factus
1043 2786 1126 2833 est
1175 2777 1488 2833 inobediens
1517 2792 1684 2847 usque
1731 2777 1800 2831 ad
1844 2787 2098 2835 mortem.

491 2869 620 2925 -Ubi
659 2871 800 2925 enim
839 2885 1026 2940 magna
1063 2881 1146 2926 est
1184 2869 1559 2926 inobedientiaa
1605 2886 1759 2940 pmna
1808 2872 2100 2941 proposita,

513 2971 570 3017 et
583 2976 715 3016 resa
735 2960 987 3017 Creatore
1014 2961 1182 3016 facilis
1211 2963 1490 3033 imperata,
1519 2963 1766 3032 quisnam
1795 2963 1924 3018 satis
1943 2964 2107 3033 expli-

511 3063 620 3122 cet,
639 3065 893 3125 quantum
921 3055 1118 3109 malum
1142 3055 1231 3121 sit,
1268 3071 1376 3109 non
1413 3054 1633 3110 obedire
1672 3055 1725 3108 in
1771 3071 1831 3110 re
1859 3055 2018 3123 facili,
2049 3066 2102 3112 et

512 3157 675 3204 tanta:
705 3149 980 3218 potestatis
1003 3149 1256 3219 imperio,
1293 3156 1347 3203 et
1369 3157 1514 3203 tanto
1540 3149 1762 3204 terrenti
1806 3150 2104 3222 supplicio?

579 3242 651 3302 2.,
681 3242 942 3312 Denique,
989 3250 1049 3296 ut
1080 3241 1311 3296 breviter
1347 3241 1575 3307 dicatur,
1619 3242 1672 3295 in
1713 3243 1854 3297 illius
1897 3245 2099 3312 peccati

511 3349 667 3405 poena
709 3335 837 3404 quid
884 3334 1260 3389 inobedientire
1305 3334 1406 3388 nisi
1451 3334 1810 3389 inobedientia
1839 3336 2102 3392 retributa

511 3426 634 3482 est?
659 3425 790 3480 Nam
813 3440 931 3495 qua:
960 3424 1192 3479 hominis
1219 3433 1301 3478 est
1323 3425 1423 3479 alia
1452 3426 1688 3493 miseria,
1722 3425 1823 3480 nisi
1847 3425 2101 3482 adversus

509 3531 632 3572 eum
662 3518 834 3586 ipsum
865 3506 1228 3572 inbbedientia
1261 3517 1378 3586 ejus
1409 3518 1594 3587 ipsius,
1633 3527 1693 3572 ut
1719 3520 1973 3588 quoniam
2005 3536 2100 3574 no-

508 3609 609 3665 luit
628 3609 770 3680 quod
802 3611 993 3680 potuit,
1019 3608 1162 3679 quod
1193 3624 1300 3664 non
1345 3618 1524 3679 potest
1545 3610 1674 3664 velit
1705 3607 1817 3683 (a)?
1846 3610 1904 3666 In
1944 3626 2098 3679 para-

505 3701 625 3758 diso
659 3701 803 3757 enim
832 3701 1041 3756 etiamsi
1067 3715 1172 3756 non
1200 3699 1380 3755 omnia
1409 3707 1617 3770 poterat
1641 3709 1767 3755 ante
1796 3711 2093 3770 peccatum,

506 3793 763 3865 quidquid
789 3803 966 3849 tamen
984 3809 1090 3848 non
1113 3802 1456 3863 poterat,non
1477 3793 1708 3860 volebat;
1728 3803 1782 3848 et
1799 3793 1919 3849 ideo
1941 3803 2098 3864 pote-

505 3896 592 3942 rat
619 3887 795 3942 omnia
824 3903 943 3958 quae
971 3887 1200 3942 volebat.
1230 3886 1381 3941 Nunc
1405 3901 1535 3946 vero,
1555 3889 1693 3942 sicut
1713 3886 1766 3940 in
1793 3888 1908 3956 ejus
1931 3889 2098 3957 stirpe

506 3982 958 4052 cognoscimus,et
977 3979 1153 4033 divina
1173 3979 1445 4048 Scriptura
1468 3979 1867 4044 testatur,homo
1887 3979 2098 4033 vanitati

503 4072 684 4126 similis
703 4076 866 4142 factus
889 4078 963 4124 est
989 4069 1159 4138 (Psal.
1181 4083 1362 4135 cum,
1381 4067 1459 4140 4).
1479 4067 1608 4134 Quis
1624 4071 1764 4122 enim
1791 4078 2091 4138 enumerat,

504 4177 665 4232 quam
685 4163 847 4217 multa
866 4177 986 4232 quae
1007 4177 1113 4216 non
1136 4169 1312 4230 potest
1331 4161 1480 4227 velit,
1496 4161 1622 4216 dum
1645 4161 1748 4217 sibi
1775 4162 1908 4231 ipse,
1934 4162 1986 4217 id
2011 4172 2095 4218 est

503 4255 761 4310 voluntati
789 4255 924 4325 ejus,
953 4255 1068 4323 ipse
1104 4255 1314 4308 animus
1343 4253 1478 4324 ejus,
1512 4270 1683 4326 eoque
1721 4255 1942 4312 inferior
1966 4272 2093 4314 caro

503 4348 622 4416 ejus
652 4361 756 4400 non
780 4345 1151 4413 obtemperat?
1181 4345 1301 4414 Ipso
1329 4360 1559 4414 namque
1589 4347 1774 4413 invito,
1799 4356 1852 4402 et
1881 4349 2091 4404 animus

505 4439 821 4509 plerumque
861 4437 1122 4503 turbatur,
1171 4445 1226 4491 et
1269 4450 1397 4490 caro
1424 4435 1588 4503 dolet,
1623 4447 1675 4492 et
1699 4440 2004 4506 veterascit,
2038 4449 2092 4495 et

505 4530 765 4594 moritur;
795 4538 848 4582 et
874 4527 1128 4599 quidquid
1171 4527 1314 4582 aliud
1346 4527 1598 4596 patimur,
1631 4527 1772 4597 quod
1801 4546 1909 4584 non
1935 4539 2088 4598 pate-

503 4637 685 4679 remur
715 4622 887 4685 inviti,
933 4622 977 4675 si
1005 4621 1265 4674 voluntati
1293 4629 1492 4674 nostrae
1518 4627 1700 4674 nostra
1732 4610 1917 4676 natura
1939 4624 2087 4678 omni

500 4715 662 4771 modo
687 4725 846 4785 atque
885 4729 951 4769 ex
976 4713 1225 4768 omnibus
1255 4712 1494 4781 partibus
1533 4712 1794 4767 obediret.
1825 4714 1894 4768 At
1942 4716 2084 4770 enim

497 4807 696 4877 aliquid
733 4821 860 4862 caro
906 4806 1126 4876 patitur,
1172 4820 1278 4875 quo
1323 4805 1529 4860 servire
1568 4820 1676 4860 non
1705 4807 1916 4862 sinitur.
1949 4807 2084 4874 Quid

497 4897 722 4954 interest
749 4897 906 4963 unde,
951 4897 1080 4952 dum
1111 4905 1288 4951 tamen
1317 4911 1417 4968 per
1454 4896 1713 4966 justitiam
1760 4896 2085 4954 dominantis

499 4988 595 5045 Dei
617 4988 662 5058 ⁸,
683 4991 768 5044 cui
796 4987 990 5044 subditi
1014 4988 1217 5043 servire
1238 4987 1526 5053 noluimus,
1551 5001 1676 5042 caro
1697 4996 1877 5042 nostra
1907 4988 2078 5056 nobis,

558 5197 575 5228 ί
609 5197 680 5245 sic
704 5203 806 5245 Mss.
837 5201 890 5246 At
911 5195 1046 5254 Editi,
1070 5199 1116 5245 et
1137 5194 1268 5256 quia.

561 5259 582 5289 ³
617 5258 750 5306 Vind.
778 5267 877 5306 am.
926 5264 1019 5317 ιλιι-η
1044 5270 1104 5318 ne
1141 5255 1266 5307 sicut
1305 5255 1572 5318 aﬂ'ectabat,
1597 5255 1648 5304 in
1683 5269 1772 5318 sua
1814 5262 1954 5318 esset,
1983 5265 2078 5309 etc.

495 5325 627 5379 Lov.,
649 5330 740 5382 nec
760 5319 887 5382 sicut
918 5316 1186 5382 on‘ectobat,
1213 5327 1307 5369 etc.
1335 5316 1479 5382 Abest
1496 5351 1512 5376 ,
1537 5316 1812 5382 umectabat,
1850 5331 1880 5368 a
1915 5316 2082 5382 manu-

495 5381 686 5442 scriptis
706 5382 789 5443 qui
817 5379 1018 5441 habent,
1040 5393 1127 5431 nec
1143 5379 1214 5431 sic
1237 5379 1507 5443 (intellige,
1530 5379 1623 5428 sibi
1643 5379 1926 5443 donaretur)
1951 5388 2001 5432 ut
2030 5381 2083 5432 in

493 5456 582 5576 su?
949 5503 1088 5578 9051,
1114 5512 1168 5557 et
1188 5506 1259 5555 sic
1276 5503 1542 5567 legendum
1557 5503 1725 5566 probat
1747 5502 1912 5564 Morel,
1926 5504 2075 5558 Elem.

489 5571 626 5616 αιι..
648 5578 696 5616 ι).
781 5600 793 5612 .
819 5571 870 5614 ιη
888 5571 957 5616 Β..
979 5579 1080 5616 ora.
1147 5576 1201 5616 Μ.

812 5578 957 5692 E’,’
1107 5578 1265 5680 ternm
1286 5641 1376 5692 pro
1380 5625 1576 5692 justitia
1595 5626 1865 5679 danmantis
1888 5627 1995 5678 Dei.
2019 5655 2080 5668 --

492 5695 564 5740 Stc
585 5688 741 5740 codex
772 5688 912 5740 2051.
1009 5696 1066 5738 ll.

557 5793 631 5857 (a)
649 5796 848 5846 tnvertit
865 5793 1046 5845 dictum
1067 5798 1300 5858 Terentii,
1336 5796 1480 5847 Andr.
1517 5801 1610 5848 act.
1633 5794 1680 5858 ἓ,
1703 5807 1839 5848 scen.
1869 5796 1915 5858 1,
1938 5807 2072 5847 vers.

1593 273 1684 330 DE
1719 270 2042 331 CIVITATE
2079 269 2216 342 DEl,
2253 271 2314 330 S.
2353 273 2718 333 AUGUSTINI

3701 280 3811 338 ιςιι

2232 405 2351 463 qute
2375 391 2585 446 subdita
2607 371 2799 456 fuerai,
2825 404 2930 446 non
2951 389 3234 447 serviendo
3252 392 3478 449 molesta
3499 393 3598 460 sit;
3623 409 3818 465 quam-

2227 483 2310 537 vis
2339 497 2437 536 uos
2460 483 2571 538 Deo
2597 498 2708 537 non
2734 483 3038 548 serviendo,
3059 483 3269 540 molesti
3296 486 3450 542 nobis
3475 487 3816 557 potuerimus

2224 587 2366 640 esse,
2397 589 2504 628 non
2527 573 2642 628 illi?
2663 573 2844 643 Neque
2868 575 3010 630 enim
3039 575 3117 631 sie
3142 576 3232 631 ille
3258 585 3465 644 nostro,
3487 586 3545 632 ut
3572 592 3672 633 nos
3692 591 3812 632 ser-

2225 668 2351 722 vitio
2379 669 2622 738 corporis
2647 668 2977 740 indigemus:
3006 677 3060 724 et
3089 667 3208 723 ideo
3236 678 3416 724 nostra
3447 678 3532 725 est
3557 671 3700 740 quod
3727 686 3812 726 re-

2221 759 2468 829 cipimus,
2493 774 2596 814 non
2625 759 2767 815 illius
2788 775 2943 830 paena
2967 759 3109 830 quod
3133 760 3375 816 fecimus.
3405 762 3627 816 Dolores
3648 777 3812 833 porro

2220 850 2310 920 qui
2334 850 2582 905 dicuntur
2608 852 2803 918 carnis,
2823 854 3014 906 animae
3039 860 3163 906 sunt
3182 852 3234 906 in
3263 867 3444 918 carne,
3463 860 3517 908 et
3535 868 3603 909 ex
3625 868 3809 909 carne.

2221 942 2358 1011 Quid
2396 944 2537 998 enim
2583 959 2709 999 caro
2735 959 2830 1014 per
2858 960 2916 999 se
2947 946 3114 1014 ipsam
3161 944 3277 1000 sine
3314 945 3489 1000 anima
3518 947 3603 1001 vel
3640 946 3810 1015 dolet,

2219 1034 2302 1088 vel
2332 1035 2692 1104 concupiscit?
2713 1036 2816 1091 Sed
2840 1036 2982 1106 quod
3030 1036 3409 1106 concupiscere
3449 1052 3576 1092 caro
3612 1038 3811 1092 dicitur

2219 1125 2299 1179 vel
2326 1127 2530 1194 dolere,
2559 1136 2650 1181 aut
2680 1129 2792 1198 ipse
2821 1129 2982 1183 homo
3007 1137 3109 1196 est,
3143 1130 3281 1184 sicut
3303 1130 3687 1195 disseruimus;
3719 1141 3811 1186 aut

2217 1217 2416 1287 aliquid
2458 1219 2667 1284 anima),
2699 1220 2840 1290 quod
2866 1222 3042 1275 carnis
3063 1220 3226 1276 afficit
3253 1223 3450 1292 passio,
3479 1224 3564 1278 vel
3591 1240 3804 1294 aspera,

2218 1318 2275 1364 ut
2295 1308 2455 1363 faciat
2478 1309 2750 1375 dolorem;
2773 1311 2858 1365 vel
2883 1311 3040 1376 lenis,
3063 1320 3121 1366 ut
3143 1313 3489 1382 voluptatem.
3520 1313 3626 1368 Sed
3652 1314 3810 1370 dolor

2217 1403 2396 1456 carnis
2440 1402 2807 1457 tantummodo
2833 1402 3059 1458 oﬂ‘ensio
3089 1412 3172 1458 est
3211 1405 3404 1460 anima:
3431 1421 3496 1460 ex
3537 1422 3722 1484 carne,
3753 1416 3808 1462 et

2217 1494 2458 1564 qumdam
2485 1496 2553 1550 ab
2581 1495 2699 1565 ejus
2727 1498 2974 1566 passione
3005 1497 3302 1553 dissensio:
3330 1499 3469 1554 sicut
3496 1503 3688 1555 anima:
3708 1501 3806 1556 do-

2216 1589 2318 1652 lor,
2373 1603 2492 1657 quae
2523 1588 2731 1642 tristitia
2773 1598 3128 1658 nuncupatur,
3174 1589 3438 1645 dissensio
3480 1599 3564 1644 est
3603 1593 3673 1646 ab
3721 1591 3805 1645 his

2213 1679 2376 1733 rebus
2401 1694 2519 1747 qua:
2543 1677 2694 1732 nobis
2717 1679 3020 1734 nolentibus
3045 1679 3374 1735 acciderunt.
3395 1679 3500 1735 Sed
3529 1682 3802 1736 tristitiam

2215 1772 2528 1840 plerumque
2559 1771 2810 1840 prmcedit
2841 1781 3034 1836 metus,
3067 1772 3155 1842 qui
3185 1780 3238 1826 et
3266 1771 3381 1841 ipse
3411 1773 3460 1826 in
3491 1774 3668 1826 anima
3694 1785 3802 1840 est,

2213 1877 2318 1916 non
2344 1863 2396 1915 in
2425 1877 2606 1916 carne.
2637 1862 2883 1916 Dolorem
2911 1871 3088 1918 autem
3118 1866 3296 1919 carnis
3316 1880 3420 1919 non
3447 1865 3708 1934 praacedit
3730 1867 3806 1919 ul-

2212 1954 2295 2008 lus
2319 1955 2470 2023 quasi
2514 1963 2688 2008 metus
2726 1956 2925 2021 carnis,
2971 1955 3061 2025 qui
3105 1965 3227 2009 ante
3256 1955 3494 2011 dolorem
3543 1957 3597 2010 in
3637 1972 3803 2013 carne

2211 2046 2490 2099 sentiatur.
2521 2044 2866 2114 Voluptatem
2913 2061 3041 2100 vero
3069 2047 3325 2116 praecedit
3367 2048 3634 2117 appetitus
3681 2049 3802 2117 qui-

2210 2135 2355 2202 dam,
2387 2136 2476 2205 qui
2499 2135 2729 2190 sentitur
2755 2133 2805 2190 i'n
2831 2150 2991 2190 carne
3018 2139 3169 2207 quasi
3200 2136 3464 2206 cupiditas
3491 2138 3628 2206 ejus,
3660 2139 3802 2192 sicut

2210 2226 2377 2281 fames
2405 2237 2458 2281 et
2476 2225 2614 2291 sitis,
2641 2235 2695 2281 et
2714 2242 2776 2282 ea
2807 2243 2924 2297 qua:
2946 2228 2997 2280 in
3021 2229 3338 2298 genitalibus
3364 2229 3608 2283 usitatius
3627 2229 3798 2283 libido

2210 2320 2536 2387 nominatur,
2577 2335 2696 2375 cum
2743 2321 2845 2374 hoc
2882 2322 2950 2375 sit
2979 2323 3232 2390 generale
3276 2321 3592 2377 vocabulum
3621 2324 3798 2378 omnis

2209 2411 2533 2481 cupiditatis.
2556 2411 2686 2466 Nam
2716 2421 2770 2465 et
2801 2412 2965 2480 ipsam
2993 2413 3125 2466 iram
3149 2412 3276 2466 nihil
3304 2412 3446 2467 aliud
3473 2429 3612 2479 esse,
3633 2429 3798 2483 quam

2207 2503 2499 2558 ulciscendi
2530 2503 2829 2568 libidinem,
2864 2513 3076 2558 veteres
3105 2503 3430 2558 deﬁnierunt
3456 2504 3532 2578 (a)
3567 2522 3580 2558 :
3607 2522 3799 2576 quam-

2209 2595 2290 2648 vis
2317 2609 2696 2664 nonnunquam
2741 2593 2926 2662 homo,
2955 2594 3047 2650 ubi
3078 2595 3325 2649 vindicta:
3352 2595 3530 2650 nullus
3559 2606 3644 2650 est
3673 2613 3798 2652 sen-

2207 2700 2320 2753 sus,
2348 2687 2507 2740 etiam
2537 2687 2697 2741 rebus
2734 2687 2982 2741 inanimis
3017 2688 3297 2750 irascatur,
3331 2697 3389 2742 ut
3419 2690 3436 2720 ¹
3475 2689 3612 2744 male
3660 2691 3798 2745 scri-

2208 2777 2421 2832 bentem
2463 2777 2646 2831 stilum
2689 2777 2928 2842 collidat,
2958 2779 3040 2832 vel
3069 2779 3330 2834 calamum
3363 2779 3568 2849 frangat
3599 2781 3792 2837 iratus.

2209 2867 2403 2922 Verum
2453 2878 2507 2923 et
2550 2869 2652 2923 ista
2702 2869 2826 2923 licet
2855 2870 3289 2936 irrationabilior,
3337 2879 3513 2926 tamen
3544 2874 3796 2943 quaedam

2206 2959 2497 3014 ulciscendi
2529 2959 2694 3014 libido
2721 2968 2825 3026 est,
2866 2969 2919 3015 et
2947 2963 3130 3016 nescio
3169 2977 3309 3032 quae,
3347 2971 3408 3018 ut
3434 2965 3504 3018 ita
3539 2964 3794 3035 dixerim,

2204 3051 2356 3122 quasi
2389 3052 2573 3106 umbra
2601 3052 2988 3117 retributionis,
3017 3063 3074 3107 ut
3106 3054 3196 3123 qui
3221 3056 3360 3110 male
3401 3055 3622 3121 faciunt,
3653 3061 3795 3116 mala

2204 3144 2495 3213 patiantur.
2524 3135 2620 3198 Est
2646 3144 2805 3214 igitur
2834 3142 3000 3198 libido
3031 3144 3342 3214 ulciscendi,
3389 3164 3509 3218 qua:
3549 3150 3630 3205 ira
3655 3151 3795 3207 dici-

2208 3247 2325 3292 tur:
2355 3248 2438 3292 est
2463 3237 2630 3293 libido
2670 3237 2897 3293 habendi
2941 3239 3244 3307 pecuniam,
3274 3257 3392 3309 quae
3419 3244 3640 3297 avaritia
3665 3262 3681 3299 :
3710 3255 3794 3300 est

2202 3329 2368 3385 libido
2388 3327 2888 3398 quomodocumque
2915 3329 3184 3393 vincendi,
3212 3348 3330 3401 qua:
3351 3334 3646 3401 pervicacia
3673 3353 3688 3389 :
3708 3345 3796 3391 est

2203 3419 2368 3475 libido
2419 3418 2703 3490 gloriandi,
2759 3436 2878 3488 qua:
2926 3420 3182 3490 jactantia
3243 3433 3596 3492 nuncupatur.
3654 3425 3796 3482 Sunt

2201 3514 2382 3568 multa;
2431 3513 2696 3583 variaeque
2728 3513 2992 3579 libidines,
3027 3529 3252 3583 quarum
3299 3515 3565 3570 nonnullae
3593 3516 3795 3573 habent

2201 3607 2363 3660 etiam
2409 3605 2667 3660 vocabula
2708 3606 2954 3674 pr0pria,.
2988 3604 3231 3674 quaedam
3263 3622 3392 3661 vero
3430 3624 3534 3662 non
3566 3608 3791 3664 habent.

2200 3699 2330 3767 Quis
2376 3701 2517 3754 enim
2565 3697 2721 3754 facile
2757 3697 2974 3763 dixerit,
3007 3698 3131 3768 quid
3161 3710 3384 3754 vocetur
3424 3701 3588 3756 libido
3614 3702 3794 3757 domi-

2201 3793 2384 3858 nandi,
2427 3806 2586 3862 quam
2615 3799 2792 3846 tamen
2825 3791 3112 3859 plurimum
3143 3792 3322 3846 valere
3351 3794 3402 3848 in
3436 3803 3790 3864 tyrannorum

2198 3884 2412 3950 animis,
2442 3883 2604 3939 etiam
2627 3882 2800 3938 civiﬂa
2830 3882 2969 3938 bella
2997 3885 3298 3938 testantur?

2196 4038 2422 4094 CAPUT
2459 4035 2599 4095 XVI.
2631 4067 2702 4078 —
2727 4036 2807 4092 De
2840 4036 3064 4091 libidinis
3092 4037 3249 4104 malo,
3296 4040 3444 4109 cuius
3465 4056 3646 4094 nomen
3672 4057 3791 4097 cum

2266 4130 2436 4183 multis
2457 4129 2592 4182 vitiis
2610 4137 2874 4200 congruat,
2904 4128 3106 4198 proprie
3127 4138 3292 4183 tamen
3317 4129 3532 4184 motibus
3557 4132 3790 4186 obscenis

2266 4221 2495 4291 corporis
2521 4219 2840 4274 adscribitur.

2265 4377 2398 4434 Cum
2439 4378 2598 4447 igitur
2627 4377 2734 4432 sint
2762 4377 3047 4431 multarum
3084 4375 3332 4432 libidines
3363 4392 3564 4440 rerum,
3602 4388 3786 4434 tamen

2192 4487 2312 4526 cum
2338 4469 2506 4525 libido
2527 4469 2746 4535 dicitur,
2775 4483 2949 4538 neque
2969 4469 3121 4538 cujus
3152 4477 3228 4523 rei
3257 4469 3421 4522 libido
3446 4470 3514 4523 sit
3542 4469 3783 4538 additur,

2192 4577 2298 4616 non
2344 4560 2453 4616 fere
2492 4561 2690 4616 assolet
2719 4560 2898 4614 animo
2941 4575 3227 4615 occurrere
3253 4560 3351 4613 nisi
3382 4559 3488 4622 illa,
3537 4576 3641 4630 qua
3683 4562 3787 4616 nb-

2193 4671 2369 4711 scenze
2411 4654 2653 4723 corporis
2694 4661 2875 4722 partes
2916 4652 3234 4706 excitantur.
3283 4650 3408 4704 Haec
3451 4660 3632 4704 autem
3680 4653 3787 4708 sibi

2189 4761 2298 4801 non
2321 4745 2493 4799 solum
2525 4753 2693 4798 totum
2728 4756 2944 4812 corpus,
2980 4756 3078 4796 nec
3102 4741 3272 4795 solum
3302 4740 3662 4804 extrinsecus,
3690 4757 3788 4796 ve-

2189 4855 2308 4894 rum
2330 4838 2491 4893 etiam
2525 4837 2848 4890 intrinsecus
2877 4833 3129 4900 vindicat,
3159 4841 3435 4902 totumque
3471 4843 3788 4887 commovet

2188 4931 2461 4984 hominem
2505 4928 2667 4982 animi
2701 4927 2859 4981 simul
2909 4925 3099 4980 affectu
3142 4940 3264 4979 cum
3309 4926 3486 4980 carnis
3537 4927 3787 4995 appetitu

2185 5021 2473 5092 conjuncto
2501 5029 2663 5089 atque
2697 5018 2980 5088 permixto,
3014 5025 3071 5070 ut
3117 5031 3180 5071 ea
3213 5017 3459 5084 voluptas
3497 5026 3782 5086 sequatur,

2186 5127 2290 5183 qua
2322 5111 2493 5181 major
2522 5111 2575 5164 in
2602 5108 2842 5177 corporis
2869 5107 3231 5177 voluptatibus
3277 5106 3421 5160 nulla
3459 5116 3580 5161 est:
3611 5107 3687 5160 ita
3721 5119 3782 5163 ut

2186 5211 2458 5256 momento
2493 5201 2612 5270 ipso
2649 5198 2924 5268 temporis,
2965 5212 3071 5267 quo
3098 5196 3164 5251 ad
3192 5196 3309 5265 ejus
3334 5197 3646 5267 pervenitur
3675 5212 3783 5252 ex-

2188 5301 2436 5358 tremum,
2467 5308 2600 5362 pene
2622 5293 2799 5348 omnis
2823 5292 2964 5346 acies
2985 5301 3038 5346 et
3057 5291 3208 5360 quasi
3232 5290 3408 5359 vigilia
3433 5291 3785 5359 cogitationis

2185 5501 2234 5561 5,
2353 5497 2582 5559 Quoniam
2602 5511 2696 5548 non
2729 5501 2876 5562 potest
2900 5494 2952 5545 id
2989 5493 3100 5557 ﬁeri
3138 5493 3266 5558 quod
3288 5493 3376 5555 vis,
3401 5492 3456 5543 id
3492 5493 3606 5544 netia
3643 5499 3781 5558 quod

2185 5575 2311 5612 posst
2337 5597 2349 5610 .

2183 5575 2474 5759 ροξῖἐοοιιῖ.
2499 5648 2649 5696 Cicer.
2675 5644 2761 5695 lib.
2785 5645 2818 5694 3
2849 5641 3042 5694 't‘uscul.
3067 5647 3266 5701 Quaest,
3299 5654 3406 5704 cap.
3447 5641 3496 5700 5,
3530 5648 3584 5692 et
3605 5638 3695 5690 lib.
3722 5642 3780 5705 4,

2183 5723 2288 5759 can.
2349 5746 2361 5758 .
2931 5719 2938 5730 ν

2181 5723 2240 5762 ca
2276 5747 2288 5759 .
2313 5723 2361 5759 υ.
2932 5723 2938 5730 π

2241 5724 2272 5826 ξ
2303 5793 2522 5843 Nonnulli
2537 5800 2666 5854 Mss,
2688 5797 2751 5842 et.
2775 5817 2838 5831 -—
2857 5791 2930 5841 sic
2949 5796 3101 5841 nostri
3125 5791 3336 5850 excepto
3368 5785 3508 5837 2050.
3557 5791 3617 5835 Il.
