4054 6488
251 454 525 508 obruatur.
556 453 695 524 Quis
722 466 900 512 autem
945 457 1151 511 amicus
1188 440 1465 524 sapieniiae
1495 467 1830 511 sanctorum-

252 561 350 611 que
392 544 739 613 gaudiorum,
782 546 1118 616 conjugalem
1149 561 1313 615 agens
1336 547 1520 609 vitam,
1552 546 1668 609 sed,
1696 548 1833 600 sicut

256 636 537 703 Apostolus
562 638 794 700 monuit,
823 638 984 692 sciens
1008 653 1095 690 vas
1121 654 1269 690 suum
1297 638 1552 707 possidere
1576 639 1627 691 in
1653 638 1833 691 sancti-

254 729 481 794 ficatione
501 738 548 781 et
568 729 778 795 honore,
794 746 893 783 non
910 730 963 783 in
984 730 1154 785 morbo
1174 731 1425 794 desiderii,
1444 731 1567 782 sicut
1584 740 1629 783 et
1651 728 1832 783 Gentes

249 835 356 882 que
368 818 611 887 ignorant
627 819 791 873 Deum
810 820 851 890 (I
872 819 1184 886 Thess.tv,4,
1214 820 1292 891 5),
1313 835 1416 874 non
1440 820 1685 884 mallet,si
1709 834 1832 890 pos-

251 920 347 973 set,
380 910 498 964 sine
527 909 631 965 hac
653 910 867 965 libidine
893 910 1031 964 ﬁlios
1048 926 1363 981 procreare;
1391 910 1626 966 utetiam
1655 912 1704 965 in
1732 911 1833 965 hoc

250 998 491 1053 serendae
531 1016 581 1069 pi
600 1001 700 1055 olis
742 1000 940 1064 ofﬁcio,
963 1002 1040 1056 sic
1077 1002 1193 1069 ejus
1240 1002 1403 1055 menti
1423 1017 1486 1057 ea
1510 1018 1628 1071 qua:
1646 1002 1712 1055 ad
1732 1003 1833 1056 hoc

250 1103 381 1156 opus
401 1099 587 1143 creata
613 1100 759 1153 sunt,
781 1091 1225 1160 quemadmodum
1256 1101 1449 1146 czctera
1477 1092 1587 1145 suis
1611 1108 1835 1161 qua-que

250 1182 501 1250 aperibus
526 1182 807 1238 distributa
830 1184 1066 1238 membra
1087 1185 1525 1249 servirent,~nutu
1549 1183 1833 1238 voluntatis

250 1280 383 1336 aeta,
441 1288 549 1326 non
591 1284 727 1326 a:stu
771 1272 1004 1328 libidinis
1057 1272 1312 1327 incitata!
1361 1272 1464 1327 Sed
1512 1287 1685 1341 neque
1732 1272 1832 1340 ipsi

250 1374 521 1417 amatores
550 1364 710 1432 hujus
737 1365 1042 1433 voluptatis,
1072 1364 1184 1419 sive
1213 1365 1280 1418 ad
1309 1364 1624 1420 concubitus
1648 1365 1836 1433 conju-

247 1454 412 1525 gala,
446 1457 564 1511 sive
592 1460 660 1509 ad
708 1456 1071 1511 immunditias
1110 1456 1455 1525 ﬂagitiorum,
1498 1470 1620 1510 eum
1645 1457 1832 1510 volue-

250 1550 352 1602 rint
394 1558 811 1603 commoventur
842 1566 858 1605 :
886 1548 979 1603 sed
1006 1548 1292 1617 aliquando
1319 1557 1493 1603 motus
1524 1548 1611 1602 ille
1638 1548 1838 1617 impon-

253 1648 409 1692 tunus
448 1649 531 1693 est
564 1639 709 1693 nullo
740 1650 1014 1708 poscente,
1055 1637 1347 1708 aliquando
1389 1648 1568 1693 autem
1597 1637 1836 1694 destituit

251 1729 564 1794 inhiantem,
597 1740 650 1785 et
680 1745 801 1784 cum
840 1731 892 1784 in
913 1730 1095 1785 animo
1132 1729 1563 1799 concupiscentia
1609 1728 1832 1793 ferveat,

248 1820 405 1890 friget
434 1822 488 1875 in
518 1836 782 1890 corpore:
814 1831 974 1891 atque
1018 1822 1090 1876 ita
1121 1821 1317 1877 mirum
1362 1822 1414 1876 in
1456 1822 1675 1876 tnodum
1726 1835 1832 1876 non

252 1912 425 1965 solum
456 1913 747 1983 generandi
791 1914 1078 1980 voluntati,
1108 1929 1293 1969 verum
1324 1914 1485 1968 etiam
1527 1913 1834 1969 lasciviendi

250 2001 453 2057 libidini
504 2003 674 2057 libido
718 2018 820 2057 non
869 2006 1071 2069 servit;
1117 2013 1173 2059 et
1212 2019 1334 2058 cum
1367 2014 1475 2059 tota
1522 2004 1835 2074 plerumque

250 2093 411 2147 menti
436 2093 712 2148 cohibenti
737 2093 1073 2159 adversetur,
1095 2110 1476 2165 nonnunquam
1494 2104 1550 2150 et
1576 2094 1835 2150 adversus

248 2199 305 2239 se
334 2186 506 2254 ipsam
550 2184 827 2251 dividitur,
883 2194 1259 2255 commotoque
1295 2186 1475 2240 animo
1504 2184 1558 2240 in
1595 2199 1836 2241 commo-

250 2277 418 2331 vendo
444 2291 675 2345 corpore
703 2292 764 2332 se
790 2278 902 2347 ipsa
928 2292 1032 2332 non
1056 2278 1316 2346 sequitur.

246 2365 467 2423 CAPUT
508 2366 671 2423 XVII.
720 2398 791 2409 —
830 2366 910 2423 De
946 2368 1173 2422 nuditate
1219 2368 1498 2437 primorum
1538 2364 1832 2433 hominum,

296 2476 446 2530 quam
471 2471 587 2527 post
609 2469 865 2527 peccatum
889 2470 1089 2531 turpem
1117 2458 1503 2529 pudendumque
1527 2457 1782 2512 uiderunt.

312 2554 505 2609 Merito
554 2553 712 2623 hujus
756 2553 993 2608 libidinis
1034 2553 1267 2607 maxime
1312 2550 1498 2622 pudet,
1547 2551 1738 2607 merito
1779 2557 1836 2607 et

249 2644 353 2715 ipsa
376 2645 646 2707 membra,
680 2660 798 2714 qua:
826 2658 923 2699 suo
948 2643 1203 2715 quodam,
1233 2653 1289 2698 ut
1315 2643 1385 2698 ita
1414 2641 1663 2709 dixerim,
1684 2642 1830 2713 jure,

247 2750 347 2790 non
372 2734 682 2789 omnimodo
707 2734 773 2789 ad
805 2734 1080 2789 arbitrium
1111 2741 1349 2788 nostrum
1375 2741 1572 2798 movet,
1595 2741 1688 2788 aut
1727 2746 1834 2788 non

246 2828 478 2891 movet‘,
516 2825 757 2894 pudenda
793 2824 1064 2889 dicuntur,
1090 2823 1230 2895 quod
1268 2833 1391 2879 ante
1423 2834 1697 2893 peccatum
1728 2822 1831 2878 ho-

247 2917 399 2972 minis
450 2933 559 2971 non
602 2914 832 2970 fuerunt.
880 2915 1009 2969 Nam
1056 2915 1191 2969 sicut
1227 2915 1482 2983 scriptum
1534 2924 1636 2976 est,
1690 2911 1834 2966 Nudi

245 3018 404 3075 erant,
451 3018 501 3062 et
531 3024 632 3062 non
663 3006 1101 3077 confundebantur
1130 3004 1284 3075 (Gen.
1316 3021 1373 3067 tt,
1394 3004 1526 3075 25):
1557 3020 1662 3059 non
1694 3003 1835 3073 quod

244 3099 317 3153 eis
359 3113 455 3152 sua
499 3098 714 3153 nuditas
758 3106 901 3152 esset
941 3096 1223 3167 incognita,
1270 3095 1364 3151 sed
1406 3097 1573 3165 turpis
1623 3094 1834 3150 nuditas

248 3191 476 3245 nondum
506 3198 645 3252 erat;
676 3190 794 3261 quia
818 3190 1050 3245 nondum
1075 3188 1238 3243 libido
1261 3189 1495 3244 membra
1529 3190 1613 3243 illa
1640 3197 1834 3258 praeter

246 3280 520 3336 arbitrium
540 3280 929 3347 commovebat,
950 3279 1182 3334 nondum
1202 3278 1265 3333 ad
1286 3279 1515 3334 hominis
1533 3278 1834 3334 inobedien-

246 3371 363 3425 tiam
376 3370 509 3426 reda
517 3370 809 3440 rguendam
823 3386 914 3425 sua
932 3369 1211 3424 innbedien
1219 3370 1285 3424 tia
1298 3385 1424 3424 caro
1440 3368 1833 3439 quodammodo

246 3464 605 3519 testimonium
625 3462 953 3533 perhibebat.
973 3462 1155 3533 Neque
1172 3464 1312 3518 enim
1330 3464 1454 3517 cazci
1472 3462 1633 3517 creati
1655 3473 1829 3530 erant,

246 3565 296 3609 ut
320 3556 630 3626 imperitum
662 3555 846 3625 vulgus
872 3556 1154 3624 opinatur:
1193 3552 1622 3624 quandoquidem
1652 3561 1706 3608 et
1745 3554 1832 3608 ille

246 3648 367 3703 vidit
395 3649 673 3710 animalia,
700 3647 891 3717 quibus
913 3646 1124 3701 nomina
1152 3646 1400 3713 imposuit
1421 3644 1524 3715 (Ib.
1546 3644 1639 3711 20)
1660 3660 1673 3710 ;
1698 3644 1833 3699 etde

248 3740 328 3793 illa
352 3740 570 3810 legitur,
607 3738 743 3792 Vidit
775 3739 951 3791 mulier
978 3738 1096 3806 quia
1128 3738 1308 3791 bonum
1339 3736 1531 3806 lignum
1563 3735 1615 3788 in
1645 3750 1829 3801 escam,

251 3842 292 3885 et
318 3834 437 3900 quia
480 3830 646 3902 placet
674 3830 832 3883 oculis
858 3829 925 3882 ad
953 3828 1223 3883 ridendum
1252 3825 1357 3901 (Ib.
1387 3842 1464 3891 ιιι,
1492 3825 1831 3896 6.)Patcbant

248 3938 365 3993 ergo
390 3923 532 3977 oculi
563 3938 773 3989 eorum,
811 3921 903 3976 sed
934 3921 1000 3975 ad
1043 3921 1144 3975 hoc
1172 3936 1275 3973 non
1307 3928 1460 3975 erant
1493 3919 1681 3989 aperti,
1730 3918 1831 3973 hoc

246 4025 322 4067 est
378 4029 488 4068 non
549 4013 738 4068 attenti
777 4053 793 4079 ,
844 4023 904 4067 ut
944 4020 1327 4082 cognoscerent
1376 4009 1501 4080 quid
1548 4010 1626 4064 eis
1675 4006 1829 4062 indu-

251 4113 424 4158 mento
467 4103 654 4173 gratia:
683 4110 1022 4172 praestaretur
1044 4141 1060 4167 ,
1117 4099 1327 4169 quando
1364 4098 1610 4153 membra
1643 4113 1829 4153 eorum

247 4194 501 4248 voltnitati
542 4207 838 4263 repugnare
883 4190 1344 4255 uesciebant.Qua
1395 4188 1563 4258 gratia
1605 4197 1828 4254 remota,

245 4295 300 4339 ut
352 4300 513 4355 pinna
560 4286 831 4353 reciproca
862 4283 1214 4338 inobedientia
1256 4282 1595 4350 plecteretur,
1628 4280 1831 4335 exstitit

248 4375 296 4427 in
341 4385 491 4429 motu
538 4375 779 4443 corporis
804 4373 1046 4442 quaedam
1089 4372 1368 4441 impudens
1406 4372 1614 4424 novitas
1639 4412 1655 4437 ,
1687 4370 1829 4426 unde

246 4477 383 4521 esset
416 4466 673 4521 indecens
694 4464 940 4526 nuditas;
977 4474 1030 4517 et
1069 4462 1193 4517 fecit
1217 4472 1466 4524 attentos,
1497 4460 1830 4529 reddiditquo

246 4559 514 4615 confusos.
547 4558 681 4613 Hinc
705 4565 787 4613 est
818 4557 979 4627 quod,
1006 4567 1348 4625 poSIeaquam
1382 4552 1684 4607 maiidatum
1736 4551 1830 4608 Dei

247 4662 424 4719 aperta
482 4650 909 4720 transgressione
957 4648 1263 4710 violarunt,
1328 4646 1584 4714 scriptum
1633 4650 1717 4697 est
1759 4640 1828 4697 de

248 4742 380 4803 illis,
422 4739 494 4795 Et
540 4740 702 4809 aperti
745 4748 863 4792 sunt
904 4739 1040 4792 oculi
1070 4737 1365 4802 aureorum,
1403 4746 1449 4789 et
1490 4742 1828 4804 cognoverunt

246 4832 359 4899 quia
388 4831 513 4884 nudi
561 4838 725 4892 erant,
755 4838 802 4882 et
850 4836 1152 4882 consuerunt
1204 4826 1329 4896 folia
1367 4826 1471 4893 ﬁci,
1513 4834 1558 4879 et
1606 4828 1828 4893 fecerunt
1896 4903 1900 4907 ἢ

248 4920 337 4973 sibi
356 4920 681 4988 campestria.
713 4917 911 4990 (lbitl.7
942 4921 979 4987 ).
998 4918 1171 4985 Aperti
1196 4927 1332 4981 sunt,
1356 4916 1542 4986 inquit,
1565 4916 1700 4969 oculi
1717 4931 1829 4968 ant-

245 5011 441 5078 borum,
489 5027 595 5065 non
634 5011 701 5065 ad
736 5011 1019 5065 videndum
1060 5010 1207 5079 (nam
1234 5019 1288 5064 et
1330 5018 1486 5063 antea
1514 5006 1823 5077 videbant);

246 5104 334 5157 sed
364 5104 431 5157 ad
460 5103 872 5158 discernendum
901 5103 1039 5157 inter
1057 5103 1253 5156 bonum
1276 5101 1416 5170 quod
1443 5100 1750 5163 amiserant,
1771 5108 1827 5154 et

246 5199 441 5251 malum
471 5212 581 5266 quo
624 5196 948 5251 ceciderant.
981 5194 1134 5250 Unde
1180 5205 1235 5249 et
1276 5196 1447 5263 ipsum
1496 5194 1719 5263 lignum,
1759 5206 1828 5248 eo

244 5287 385 5354 quod
420 5287 577 5341 istam
614 5287 815 5342 laceret
842 5284 1282 5355 diguoscentiam,
1316 5284 1361 5340 si
1401 5285 1467 5338 ad
1506 5283 1828 5339 vescendum

240 5385 430 5430 contra
456 5377 678 5431 vetitum
706 5386 1030 5446 tangeretur,
1069 5391 1132 5429 ex
1164 5389 1226 5429 ea
1270 5390 1330 5429 re
1373 5388 1565 5428 nomen
1602 5372 1827 5442 accepit,

244 5479 301 5521 ut
324 5469 690 5538 appellaretur
715 5468 914 5537 lignum
932 5467 1158 5521 sciendi’
1184 5468 1306 5521 boni
1333 5476 1385 5519 et
1413 5466 1558 5520 mali.
1592 5466 1828 5535 Experta

242 5559 389 5613 enim
419 5559 592 5614 morbi
631 5559 895 5623 molestia,
932 5557 1223 5613 evidentior
1252 5557 1309 5611 ﬁt
1346 5558 1504 5612 etiam
1527 5556 1830 5626 jucunditas

302 5652 316 5680 ³
358 5651 495 5700 vind.
531 5660 631 5701 tun.
654 5657 707 5700 et
724 5648 892 5712 plures
912 5655 1043 5710 Itss.,
1065 5655 1323 5710 moventur,
1349 5654 1431 5698 aut
1453 5660 1545 5697 non
1566 5652 1827 5698 moventur.

239 5714 334 5769 Er.,
353 5718 557 5771 movent,
582 5719 664 5762 aut
688 5724 781 5760 non
802 5716 1001 5759 movent.

301 5768 327 5804 i
356 5776 494 5832 uiui,
518 5768 748 5824 scientiis.
774 5781 826 5823 At
844 5780 969 5831 Mss,
992 5768 1193 5823 sciendi.

489 5854 715 5915 SANCT.
765 5858 1040 5915 Annusr.
1086 5853 1221 5912 VII.

1346 338 1349 341 ’
1418 336 1619 396 LIBER
1658 337 1984 408 QUARTUS
2019 340 2337 403 DECIMUS.

3415 351 3520 414 £26

1936 458 2195 513 sanitatis.
2239 459 2587 531 Cognormmt
2625 476 2760 534 ergo
2786 463 2907 535 quia
2950 463 3078 520 nudi
3114 474 3258 520 eram
3279 482 3299 521 :
3341 469 3523 526 nudati

1936 550 2139 604 scilicet
2157 566 2218 606 ea
2246 553 2434 621 gratia,
2463 569 2566 623 qua
2598 553 2756 610 ﬁebat
2779 565 2837 610 ut
2866 556 3078 612 nuditas
3098 559 3340 629 corporis
3370 561 3514 616 nulla

1935 656 2030 695 eos
2071 642 2184 711 lege
2211 645 2413 713 peccati
2445 646 2606 701 menti
2643 662 2827 702 eorum
2859 660 3186 720 repugnante
3220 650 3517 707 confunde-

1938 743 2039 787 ret.
2061 733 2173 788 Hoc
2195 735 2371 804 itaque
2394 748 2779 805 cognoverunt,
2800 740 2940 808 quod
2962 741 3171 796 felicius
3193 742 3520 811 ignorarent.

1938 824 1981 877 si
2002 824 2112 878 Deo
2126 824 2410 879 credentes
2428 836 2482 881 ct
2498 827 2807 883 obedientes
2824 846 2928 884 non
2949 832 3362 898 committerent,
3378 834 3519 904 quod

1938 929 2031 969 eos
2069 924 2287 985 engcret
2324 916 2555 986 experiri
2594 916 2876 974 inﬁdelitas
2917 928 2971 975 et
2997 922 3350 977 inobedientia
3389 924 3519 994 quid

1940 1015 2215 1060 nocerent.
2256 1006 2486 1061 Proinde
2523 1008 2730 1063 confusi
2770 1009 3123 1066 inobedientia
3168 1014 3346 1069 carnis
3383 1028 3518 1078 sum,

1941 1105 2190 1167 tanquam
2221 1107 2356 1153 teste
2386 1114 2541 1168 paena
2570 1100 2942 1157 inobedientia:
2963 1119 3095 1171 sine,
3116 1115 3421 1161 consuerunt
3438 1112 3521 1179 [oo

1940 1186 2011 1240 lia
2039 1189 2145 1256 ﬁci,
2172 1198 2221 1243 et
2259 1194 2484 1261 fecerunt
2513 1191 2607 1246 sibi
2630 1194 2953 1261 campestria,
2982 1194 3034 1249 id
3062 1204 3145 1251 est
3167 1198 3520 1254 suceinetoria

1940 1282 2274 1349 genitalium.
2295 1282 2427 1338 Nam
2455 1284 2668 1353 quidam
2706 1285 3027 1355 interpretes
3061 1290 3393 1344 succinctoria
3428 1286 3525 1360 po-

1938 1385 2161 1428 suerunt
2189 1375 2286 1444 (α).
2316 1375 2483 1431 Ρυιτο
2506 1386 2685 1431 autem
2717 1380 3019 1447 campestria
3048 1379 3269 1435 latinum
3309 1382 3521 1451 quidem

1932 1464 2158 1519 verbum
2179 1475 2284 1531 est,
2310 1468 2403 1522 sed
2427 1483 2491 1522 ex
2518 1484 2584 1523 eo
2604 1468 2825 1534 dictum,
2849 1470 2989 1540 quod
3011 1470 3256 1540 juvenes,
3282 1474 3376 1543 qui
3394 1475 3521 1529 nudi

1935 1556 2321 1611 exercebantur
2360 1558 2411 1612 in
2454 1573 2663 1629 campo,
2715 1561 2957 1630 pudenda
3003 1564 3352 1633 operiebant:
3379 1568 3523 1621 unde

1939 1645 2027 1713 qui
2061 1644 2128 1698 ita
2159 1647 2411 1701 succincti
2452 1659 2592 1713 sunt,
2625 1662 3011 1721 campestratos
3052 1655 3241 1725 vulgus
3269 1658 3521 1728 appellat.

1944 1734 2094 1797 Quod
2124 1733 2302 1804 itaque
2326 1736 2582 1792 adversus
2606 1741 2911 1796 damnatam
2935 1743 3115 1814 culpa‘
3148 1745 3522 1802 inobedientia;

1938 1826 2267 1881 Voluntatem
2297 1829 2460 1883 libido
2504 1831 2871 1889 inobedienter
2895 1837 3161 1904 movebat,
3197 1840 3524 1896 verecundia

1940 1918 2201 1986 pudenter
2228 1921 2453 1991 tegebat.
2480 1923 2555 1977 Ex
2587 1923 2690 1980 hoc
2717 1942 2906 1983 omnes
2930 1937 3135 1999 gentes,
3176 1933 3426 2001 quoniam
3456 1934 3524 1985 ab

1940 2010 2027 2063 illa
2052 2013 2216 2081 stirpe
2244 2025 2541 2082 procreata:
2570 2028 2714 2079 sunt,
2738 2034 2906 2089 usque
2932 2020 3068 2075 adeo
3097 2030 3279 2077 tenent
3302 2023 3517 2078 insitttm

1938 2104 2185 2174 pudenda
2216 2107 2413 2173 velare,
2439 2117 2494 2161 ut
2520 2109 2737 2179 quidam
2767 2110 2974 2166 barbari
3008 2113 3121 2165 illas
3139 2113 3380 2182 corporis
3400 2129 3523 2185 par-

1940 2203 2021 2250 tes
2044 2212 2145 2252 nec
2173 2198 2224 2251 in
2256 2198 2459 2253 balneis
2486 2202 2654 2255 nudas
2685 2202 2936 2266 habeant,
2966 2204 3059 2258 sed
3090 2220 3210 2260 cum
3236 2222 3420 2261 earum
3442 2217 3520 2262 tea

1937 2288 2203 2355 gumentis
2224 2289 2406 2344 lavent
2426 2290 2526 2361 (ὁ).
2556 2291 2659 2346 Per
2684 2307 2879 2360 Opacas
2904 2309 3117 2365 quoque
3147 2296 3306 2350 India:
3335 2298 3522 2352 solitu-

1938 2378 2112 2446 dines,
2152 2395 2273 2436 cum
2304 2383 2517 2452 quidam
2550 2385 2672 2439 nudi
2700 2385 3161 2456 phi|050phentur,
3190 2388 3332 2444 unde
3351 2389 3521 2461 Gym-

1938 2473 2265 2543 nosopbistze
2291 2476 2633 2529 nominantur
2653 2517 2666 2541 ,
2698 2476 2952 2532 adhibent
2982 2488 3156 2533 tamen
3198 2480 3520 2550 genitalibus

1938 2568 2188 2639 tegmina,
2217 2568 2410 2639 quibus
2440 2584 2535 2640 per
2559 2579 2753 2623 caztera
2781 2570 3142 2627 membrorum
3171 2583 3376 2628 carent.

1935 2679 2164 2737 CAPUT
2202 2679 2384 2736 XVIII.
2413 2710 2486 2722 —
2525 2680 2599 2736 De
2639 2681 2831 2751 pudore
2866 2683 3189 2750 concubitus,
3225 2701 3324 2740 non
3353 2685 3522 2741 solum

2322 2774 2441 2845 ting
2459 2774 2539 2841 «ri,
2567 2775 2658 2828 sed
2683 2774 2831 2827 etiam
2854 2775 3131 2845 conjugali.

2007 2886 2154 2958 Opus
2186 2901 2313 2942 vero
2342 2887 2514 2957 ipsum
2540 2886 2680 2957 quod
2722 2886 2940 2941 libidine
2971 2886 3057 2941 tali
3099 2887 3387 2956 peragitur,
3415 2901 3524 2942 non

1936 2980 2108 3035 solum
2138 2981 2188 3034 in
2216 2980 2513 3050 quibusque
2539 2983 2734 3047 stupris
2752 3021 2768 3046 ,
2804 2978 2889 3031 ubi
2921 2978 3135 3032 latebra:
3159 2978 3224 3033 ad
3253 2977 3523 3033 subterfu-

1935 3071 2125 3142 gienda
2157 3069 2385 3123 humana
2422 3069 2619 3139 judicia
2658 3070 3034 3137 requiruntur;
3067 3086 3247 3123 verum
3277 3070 3435 3123 etiam
3468 3070 3522 3124 in

1938 3179 2033 3216 usu
2062 3172 2357 3216 scortorum
2380 3201 2393 3222 ,
2423 3175 2579 3230 quam
2614 3170 2823 3214 terrena
2849 3159 3034 3213 civitas
3063 3160 3259 3214 licitam
3288 3161 3523 3229 turpitu-

1936 3253 2111 3308 dinem
2144 3251 2267 3305 fecit
2292 3250 2386 3322 (c),
2417 3250 2657 3320 quamvis
2684 3249 2734 3304 id
2759 3257 2963 3318 agatur,
2989 3249 3125 3319 quod
3153 3250 3266 3318 ejus
3291 3250 3524 3305 civitatis

1936 3346 2078 3400 nulla
2106 3344 2188 3398 lex
2218 3342 2469 3409 vindieat,
2499 3341 2699 3397 devitat
2722 3351 2895 3396 tamen
2922 3340 3187 3410 publicum
3213 3341 3372 3395 etiam
3397 3356 3521 3410 per-

1935 3439 2097 3493 missa
2126 3448 2284 3507 atque
2314 3434 2567 3506 impunita
2600 3433 2762 3488 libido
2786 3442 3162 3503 conspectum;
3188 3442 3242 3488 et
3266 3447 3522 3487 verecun-

1935 3528 2022 3584 dia
2043 3528 2268 3583 naturali
2292 3526 2487 3583 habeut
2512 3525 2779 3596 provisum
2804 3524 3075 3593 lupanaria
3098 3523 3207 3593 ipsa
3231 3532 3518 3590 secretum,

1939 3621 2248 3691 faciliusque
2271 3621 2441 3691 potuit
2466 3618 2789 3688 impudicitia
2816 3632 2917 3671 non
2946 3616 3143 3671 habere
3164 3617 3370 3671 vincula
3398 3632 3517 3686 pro-

1936 3711 2240 3778 hibitionis,
2268 3727 2424 3780 quam
2465 3708 2791 3779 impudentia
2822 3722 3095 3761 removere
3134 3706 3348 3760 latibula
3382 3707 3523 3760 illius

1936 3804 2207 3861 foeditatis.
2247 3802 2355 3859 Sed
2394 3802 2530 3856 hanc
2567 3801 2726 3856 etiam
2770 3799 2869 3868 ipsi
2918 3808 3097 3869 turpes
3143 3798 3521 3867 turpitudinem

1934 3906 2127 3953 vocant
2158 3895 2348 3965 :eujus
2385 3893 2507 3949 licet
2548 3892 2654 3949 sint
2693 3900 2992 3954 amatores,
3018 3900 3373 3945 ostentatores
3401 3906 3521 3945 esse

1936 4012 2041 4051 non
2068 3994 2287 4049 audent.
2318 3990 2492 4059 Quid?
2519 3989 2832 4044 concubitus
2857 3986 3179 4057 eonjngalis,
3205 3986 3293 4057 qni
3325 4001 3520 4040 secun-

1936 4089 2059 4143 dum
2085 4085 2547 4140 matritnonialitnn
2564 4082 2868 4152 prtnscripta
2891 4078 3211 4133 Tabularum
3237 4095 3520 4149 procrean-

1934 4179 2121 4235 dorum
2151 4177 2209 4232 ﬁt
2236 4192 2397 4233 eausa
2437 4175 2754 4239 liberorum,
2785 4188 2961 4227 nonne
2986 4181 3040 4227 et
3078 4173 3190 4243 ipse
3219 4187 3520 4242 quanquam

1935 4272 2005 4326 sit
2042 4270 2216 4324 licitns
2254 4277 2309 4322 et
2348 4267 2637 4332 honestus,
2670 4273 2933 4318 remotum
2978 4264 3045 4316 ab
3088 4262 3304 4317 arbitris
3347 4261 3524 4316 cubile

1935 4360 2197 4431 requirit?
2242 4374 2420 4415 nonne
2462 4371 2649 4412 oumes
2688 4355 2951 4421 famulos,
2981 4363 3138 4423 atque
3177 4353 3319 4423 ipsos
3359 4354 3521 4409 etiam

1938 4451 2350 4524 paranymphos,
2375 4460 2429 4505 et
2448 4463 2809 4520 quoscumque
2836 4446 3037 4515 ingredi
3059 4445 3311 4515 quaelibet
3337 4460 3522 4499 neces-

1935 4546 2111 4600 situdo
2140 4543 2474 4614 permiserat,
2498 4548 2620 4594 ante
2644 4539 2803 4593 mittit
2824 4537 2986 4602 foras,
3008 4552 3165 4605 quam
3190 4538 3272 4590 vel
3295 4535 3521 4591 blandiri

1933 4635 2125 4703 Cunjux
2148 4634 2357 4703 conjugi
2381 4630 2632 4701 incipiat?
2650 4629 2716 4683 Et
2736 4628 3006 4700 quoniam,
3029 4627 3166 4682 sicut
3185 4628 3258 4682 ait
3277 4626 3515 4698 quidam,
3541 4614 3550 4639 ⁸

1938 4727 2152 4779 Romani
2182 4725 2426 4777 maximus
2452 4732 2625 4775 auctor
2649 4720 2832 4789 eloquii
2861 4718 2937 4790 (ἀ)
2959 4762 2973 4784 ,
3001 4718 3177 4774 omnia
3210 4729 3354 4774 recte
3380 4718 3517 4773 facta

1938 4818 1986 4871 in
2018 4818 2133 4871 luce
2160 4830 2219 4871 se
2243 4814 2492 4870 collocari
2523 4813 2708 4868 volunt
2739 4809 2808 4886 (e)
2834 4853 2849 4879 ,
2880 4811 2930 4866 id
2958 4823 3040 4866 est
3064 4819 3319 4882 appetunt
3344 4810 3466 4864 sciri
3502 4828 3514 4861 :

1997 4971 2013 5031 ξ
2048 4969 2122 5018 Sic
2143 4967 2305 5031 probae
2329 4972 2456 5015 notae
2598 4970 2653 5013 At
2670 4963 2806 5025 editi,
2831 4959 3040 5026 culpam.

2016 5026 2707 5103 quiis-dtexaeerweec-
2880 5082 3233 5103 .n--._,.-_n_
3280 5050 3345 5103 ,ις

2017 5080 2066 5148 Ιή
2094 5080 2210 5141 vide
2232 5080 2540 5147 Herodotum,
2564 5084 2651 5136 lih.
2679 5088 2724 5147 l,
2749 5099 2854 5148 cap.
2877 5084 2965 5145 10;
2992 5082 3254 5141 Platonem,
3278 5080 3342 5130 de
3360 5089 3520 5145 Repu-

1933 5149 2076 5217 nnei,
2101 5152 2188 5217 uo.
2211 5154 2259 5212 5,
2283 5164 2394 5213 pag-
2420 5149 2528 5217 452-
2554 5157 2785 5217 ιλιδειιξιὶε
2836 5214 2863 5217 --
2896 5207 2939 5217 ..

2001 5203 2075 5277 (cf
2109 5203 2425 5277 Hieron'yuius
2468 5213 2517 5277 in
2558 5210 2802 5277 Epitapbio
2835 5204 3037 5256 Fabiolae
3052 5242 3091 5277 ,υ
3114 5203 3175 5253 ad
3195 5212 3461 5277 poeticum
3498 5219 3518 5277 ξ

1943 5295 1965 5322 tt
1991 5264 2103 5324 tilia:
2135 5283 2266 5337 sunt,
2287 5264 2323 5319 ἰ
2341 5273 2523 5337 inquit,
2553 5264 2735 5337 glegés
2752 5278 3005 5337 Cmsarunt,
3033 5265 3140 5337 alia:
3163 5266 3361 5337 (,hristi;
3385 5264 3515 5337 aliud

1941 5354 1963 5383 ι
1990 5326 2287 5399 Papinianus,
2310 5326 2438 5384 aliud
2461 5326 2634 5383 Paulus
2646 5326 2837 5380 'noster
2856 5328 3091 5438 praebat.
3118 5329 3248 5390 Apud
3271 5326 3381 5377 illos
3402 5329 3519 5398 viris

1941 5417 1963 5438 ι
1990 5398 2296 5438 ἰηιιιιιίιὶηἰιίιρ
2314 5397 2450 5438 frena
2470 5395 2709 5438 laxantur.
2728 5400 2779 5438 et
2799 5404 2854 5438 so
2874 5405 2904 5438 0
2918 5397 3087 5438 stupro
3103 5398 3251 5438 atoue
3273 5389 3519 5438 adulterio

1941 5417 1964 5444 ι
1990 5389 2297 5460 impudicitia:
2314 5397 2456 5460 frena
2470 5395 2709 5460 laxantur,
2728 5400 2779 5441 et
2799 5389 2904 5460 solo
2918 5389 3522 5460 stuproatquetadnlterio

1942 5478 1964 5506 ι
1984 5450 2318 5518 condemnato,
2337 5458 2510 5519 passim
2528 5469 2616 5515 per
2634 5453 2876 5519 lupanaria
2902 5459 2952 5519 e_t
2973 5450 3224 5519 ancillulas
3240 5450 3387 5500 libido
3405 5464 3516 5512 per-

1943 5538 1966 5569 ι
1990 5522 2190 5569 mittitur
2216 5532 2228 5567 :
2254 5513 2389 5581 quasi
2410 5513 2597 5581 culpam
2614 5513 2834 5581 dignitas
2850 5513 3004 5581 faciat,
3033 5527 3127 5563 non
3152 5513 3389 5581 voluntas.
3423 5520 3457 5555 ν’

2000 5580 2077 5644 (ἀί)
2102 5573 2381 5630 Ciceronem
2406 5573 2506 5644 hoc
2521 5576 2661 5644 titulo
2674 5573 2889 5624 'exornat
2905 5576 3288 5644 _t.ttcattus,_libro
3308 5573 3359 5631 7,
3381 5586 3518 5644 vers.

1934 5634 2018 5699 62,‘
2039 5634 2117 5700 63,
2145 5655 2304 5703 eoque
2348 5642 2497 5689 utitur
2521 5639 2688 5703 itidem
2720 5639 3010 5699 Augustinus
3040 5650 3090 5685 in
3114 5634 3236 5685 libro
3258 5643 3427 5697 quarto
3449 5634 3522 5682 de

1936 5705 2152 5755 DiClI‘IlIﬂ
2173 5700 2450 5755 christiana,
2473 5715 2525 5749 n.
2549 5700 2628 5749 54.

1999 5764 2071 5829 (e)
2092 5766 2272 5826 Cicero,
2296 5762 2380 5812 lib.
2406 5761 2437 5811 2
2458 5761 2647 5810 Tuscul.
2674 5769 2869 5818 Ouzcst.,
2890 5774 2994 5819 cap.
3018 5760 3096 5809 26.

2658 5846 3071 5926 (ρυοιοηθ.)
