4054 6488
477 329 578 384 ιρι

477 447 581 505 line
606 454 752 503 recte
777 439 969 494 factum
997 437 1075 490 sic
1099 434 1298 506 appetit
1325 432 1473 498 sciri,
1501 440 1558 484 ut
1587 442 1761 485 tsunen
1789 427 2070 482 erubescat

481 539 667 587 \ldel't.
691 531 822 598 Quis
845 529 988 583 enim
1013 529 1201 583 nescit.
1233 534 1289 578 ut
1315 523 1404 576 lilii
1435 529 1805 592 procreentnr.
1831 519 1958 589 quid
1989 519 2068 570 iu-

481 641 564 682 tet'
601 642 661 680 se
699 624 954 692 conjugcs
993 620 1188 690 agant?
1226 616 1652 687 quandoquidem
1691 624 1748 668 ut
1778 614 1827 667 id
1858 621 2070 683 agatur,

482 727 626 772 tanta
654 716 962 770 celebritate
984 713 1250 765 dtu-untur
1276 726 1476 763 uxores
1506 727 1517 761 :
1547 719 1601 763 et
1625 718 1798 760 tamen
1821 719 1940 758 cum
1968 703 2076 771 agi-

485 820 570 862 tur
595 809 736 864 unde
763 808 852 860 lilii
885 816 1191 870 nascantur,
1221 818 1319 857 nec
1352 803 1449 868 ipsi
1482 802 1570 854 lilii
1591 841 1605 860 .
1633 799 1675 852 si
1701 800 1790 867 qui
1822 798 1944 850 inde
1967 796 2074 863 jam

486 904 593 957 nati
615 912 760 968 sunt,
787 913 950 956 testes
973 902 1084 954 lieti
1108 899 1514 969 permittuntur.
1536 895 1625 948 Sic
1644 893 1786 947 enim
1813 895 1911 944 bne
1935 899 2077 943 recte

486 995 681 1048 factum
716 993 781 1045 ad
821 993 901 1046 sui
940 993 1182 1046 notitiam
1215 992 1388 1042 lucem
1429 990 1630 1057 appetit
1657 985 1955 1038 animorum
1977 1023 1991 1045 ,
2024 990 2080 1034 ttt

488 1099 663 1143 tamen
691 1085 917 1158 refugiat
940 1086 1239 1142 oculorum.
1278 1083 1428 1138 Unde
1457 1083 1579 1146 hoc,
1610 1079 1710 1133 nisi
1741 1078 1860 1147 quia
1889 1076 1964 1129 sic
1990 1091 2081 1144 ge-

489 1182 622 1235 ritur
649 1180 791 1250 quod
821 1180 1009 1234 deceat
1041 1194 1108 1233 ex
1154 1186 1374 1239 natura,
1407 1185 1465 1229 ut
1503 1175 1662 1228 etiam
1700 1169 1840 1240 quod
1887 1166 2082 1237 pudeat

488 1272 775 1326 comitetur
801 1286 865 1324 ex
898 1270 1092 1340 postia?

488 1363 715 1420 CAPUT
745 1363 886 1419 XIX.
917 1394 988 1404 —
1019 1364 1169 1429 Quod
1209 1373 1376 1430 partes
1412 1361 1503 1414 ira
1542 1370 1692 1428 atque
1730 1357 1950 1412 libidinis
1979 1363 2082 1407 tam

562 1457 737 1511 vitiose
763 1466 1055 1516 mouentur.
1085 1466 1139 1509 ut
1173 1472 1259 1509 ea:
1301 1470 1494 1507 necesse
1532 1453 1595 1506 sit
1635 1451 1790 1520 freni:
1824 1449 2087 1519 sapientia!

563 1549 784 1602 cohiberi
807 1589 821 1609 .
853 1563 967 1615 qua
994 1549 1046 1602 in
1083 1549 1174 1602 illa
1215 1556 1331 1600 ante
1367 1556 1625 1617 peccatum
1650 1555 1847 1598 natura?
1869 1544 2086 1598 sanitate

564 1656 668 1694 non
694 1645 918 1710 fuerunt.

567 1731 700 1785 llinc
724 1739 805 1784 est
830 1729 970 1799 quod
997 1736 1052 1782 et
1076 1727 1148 1781 illi
1179 1724 1501 1796 philosophi,
1525 1725 1610 1792 qui
1633 1723 1838 1778 veritati
1867 1723 2087 1792 propius

492 1832 832 1878 accesserunt
863 1829 943 1886 (tt)
964 1861 979 1884 ,
1010 1821 1140 1873 iram
1183 1827 1344 1887 atque
1381 1817 1650 1870 libidinem
1686 1814 1897 1868 vitiosas
1923 1814 2084 1868 animi

497 1921 674 1980 partes
699 1926 819 1966 esse
857 1909 1086 1964 confessi
1120 1919 1277 1971 sunt,
1305 1923 1371 1960 eo
1401 1905 1540 1975 quod
1571 1906 1778 1958 tttrbide
1806 1917 1965 1974 atque
2000 1909 2085 1956 itt-

493 2001 736 2056 ordinate
763 2009 1128 2063 moverentur,
1158 2000 1225 2052 ad
1255 2014 1317 2052 ea
1347 2001 1506 2051 etiam
1533 2013 1650 2065 qua!
1680 1995 1934 2065 sapientia
1968 2011 2089 2064 per-

495 2094 688 2162 petrari
723 2109 831 2148 non
858 2094 1068 2156 vetat‘;
1097 2107 1161 2146 ac
1202 2106 1296 2160 per
1327 2090 1427 2144 hoc
1455 2105 1588 2158 opus
1617 2088 1811 2142 habere
1838 2088 2087 2141 modera-

495 2185 626 2240 trice
643 2193 820 2240 tuente
839 2196 1000 2254 atque
1014 2184 1240 2238 ratione.
1262 2181 1430 2250 Quam
1451 2189 1653 2250 partem
1670 2179 1832 2234 animi
1854 2179 2086 2242 tertiam,

495 2277 642 2332 velut
667 2277 719 2332 iu
747 2292 873 2332 arce
896 2277 1124 2345 quadam
1151 2274 1216 2328 ad
1245 2275 1372 2327 istas
1395 2274 1652 2340 regendas
1680 2271 1960 2337 perhibent
1979 2269 2086 2324 eol-

497 2370 758 2434 loeatam;
788 2377 845 2423 ut
884 2369 970 2423 illa
1008 2369 1332 2437 imperante,
1367 2367 1482 2419 istis
1512 2364 1894 2427 servientibus,
1925 2365 2090 2432 possit

497 2460 548 2513 in
593 2457 808 2514 homine
843 2459 1047 2527 iustitia
1076 2474 1142 2513 ex
1181 2458 1324 2511 omni
1354 2457 1514 2510 animi
1560 2467 1711 2524 parte
1747 2455 1968 2508 servari.
1998 2454 2088 2506 lla:

496 2551 654 2618 igitur
681 2561 887 2618 partes,
915 2567 1051 2620 quas
1074 2559 1128 2604 et
1167 2549 1222 2604 in
1258 2549 1473 2602 homine
1507 2551 1748 2618 sapiente
1780 2563 1844 2602 ac
1883 2559 2088 2615 tempe-

498 2650 647 2694 rantc
691 2641 922 2695 fatentur
960 2656 1081 2695 esse
1123 2641 1372 2704 vitiosas,
1404 2648 1460 2692 ιιι
1487 2655 1578 2693 eas
1611 2639 1679 2691 ab
1719 2638 1802 2691 his
1837 2637 1992 2692 rebus
2020 2636 2086 2690 ad

496 2747 628 2800 quas
659 2731 856 2801 injuste
894 2741 1212 2794 moventur.
1242 2745 1394 2784 mens
1431 2730 1821 2800 eotnpescetuln
1849 2738 1902 2782 et
1935 2727 2082 2782 cohi-

497 2821 673 2882 benda
696 2822 928 2882 refrenet
952 2839 1015 2876 ac
1038 2831 1275 2889 revocet,
1297 2832 1457 2891 atque
1477 2821 1541 2874 ad
1565 2838 1624 2874 ea
1654 2819 1946 2890 permittat,
1971 2836 2089 2889 qua:

495 2921 769 2991 sapienlize
795 2921 910 2992 lege
934 2930 1190 2976 concessa
1217 2925 1370 2979 sunt;
1401 2915 1538 2968 sicut
1574 2913 1707 2967 iram
1733 2914 1799 2967 ad
1829 2929 2086 2968 exercen-

496 3013 617 3064 dam
654 3011 851 3081 justam
891 3011 1271 3066 coercitionem
1291 3048 1306 3077 ,
1336 3005 1476 3062 sicut
1505 3005 1774 3059 libidinem
1801 3004 1866 3058 ad
1896 3021 2088 3074 propa-

496 3103 682 3168 panda:
705 3104 868 3171 prolis
891 3101 1122 3156 oflicium
1149 3121 1161 3156 :
1187 3105 1288 3165 lue,
1313 3103 1552 3172 inquam,
1573 3108 1749 3171 partes
1771 3096 1820 3149 in
1845 3095 2091 3166 paradiso

497 3202 622 3247 ante
668 3202 938 3262 peccatum
981 3194 1183 3246 vitiosze
1221 3209 1324 3247 non
1366 3202 1539 3248 erant.
1569 3197 1685 3248 Non
1723 3187 1864 3246 enim
1903 3197 2087 3246 contra

502 3295 698 3339 ret-lam
726 3277 1052 3341 voluntatem
1081 3285 1147 3340 ad
1183 3285 1379 3354 aliquid
1409 3285 1780 3349 movebantur,
1813 3284 1952 3337 unde
1992 3299 2088 3337 ne-

498 3392 651 3428 resse
679 3387 818 3428 esset
861 3390 954 3429 eas
989 3375 1252 3429 rationis'
1293 3386 1538 3442 tanquam
1581 3375 1747 3428 l’renis
1788 3375 2090 3443 regentibus

499 3465 788 3520 abstinere.
820 3467 948 3520 Nam
975 3466 1113 3537 quod
1143 3482 1282 3520 nunc
1309 3467 1377 3518 ita
1407 3475 1700 3526 moventur,
1728 3473 1782 3519 et
1806 3467 1872 3517 ab
1899 3465 1977 3517 eis
2000 3465 2086 3534 qni

502 3567 865 3626 temperanter
889 3565 942 3610 et
963 3557 1107 3626 jnste
1135 3569 1188 3611 et
1215 3557 1297 3626 pie
1326 3558 1526 3621 vivunt,
1555 3557 1684 3610 alias
1713 3557 1934 3616 facilius,
1959 3558 2090 3608 alias

499 3649 803 3713 uil'licilius,
837 3661 1011 3704 tamen
1050 3649 1350 3704 cohibenda
1389 3661 1439 3705 et
1477 3648 1792 3704 refrenando
1815 3649 1836 3680 ³
1877 3650 2088 3702 tnndtli-

500 3753 708 3807 ι·;ιιιιιιι’,
741 3757 844 3795 ιιιιιι
873 3750 960 3796 est
989 3743 1170 3813 utique
1194 3743 1394 3796 sanitas
1423 3757 1486 3795 ex
1519 3753 1722 3802 natura.
1749 3742 1840 3794 sed
1873 3742 2091 3810 languor

500 3849 562 3886 ev
595 3834 769 3903 culpa.
799 3833 948 3902 Quod
975 3845 1154 3888 autem
1185 3836 1277 3888 ira:
1308 3849 1466 3903 opera
1496 3833 1826 3898 aliarumque
1855 3833 2090 3887 aliectio-

504 3941 627 3978 tntttt
657 3925 708 3979 itt
736 3926 1034 3996 quibusque
1054 3925 1211 3980 dictis
1234 3937 1391 3994 atque
1415 3926 1566 3980 factis
1590 3941 1691 3979 non
1717 3926 1793 3978 sie
1818 3925 2092 3980 abscondit

502 4017 822 4070 verecundia
845 4059 858 4080 ,
893 4025 950 4070 ιιι
990 4031 1152 4087 opera
1195 4016 1573 4086 libidinisqua:
1612 4017 1743 4070 [inut
1775 4017 2092 4086 genitalibus

504 4106 780 4170 li.t‘,tllill'iS,
801 4106 925 4175 qttid
949 4122 1123 4158 eausw
1148 4117 1249 4172 est,
1276 4107 1372 4160 nisi
1402 4107 1521 4176 quia
1545 4107 1598 4161 in
1625 4109 1832 4162 ca-teris
1856 4109 2092 4163 membra

503 4195 745 4264 ναι-μαγίς
772 4211 873 4250 non
903 4196 1030 4266 ipsa:
1059 4196 1385 4262 aliectiones,
1417 4198 1534 4261 sed,
1557 4214 1675 4253 cum
1704 4199 1783 4253 eis
1812 4213 2092 4253 ('OttSCIISC-

507 4289 604 4345 rit,
638 4287 884 4340 voluntas
922 4297 1132 4354 movet,
1160 4305 1278 4359 qua:
1307 4290 1358 4344 in
1401 4306 1498 4343 usu
1531 4306 1713 4344 corum
1751 4292 1969 4345 omnino
1995 4293 2094 4345 dn-

505 4379 785 4432 zuinatur?
826 4378 956 4433 Nam
995 4380 1236 4449 quisquis
1275 4381 1494 4435 verbum
1536 4382 1731 4434 emittit
1777 4381 1940 4436 iratus
1966 4423 1978 4444 ,
2010 4383 2096 4437 vel

507 4471 664 4523 itiam
688 4486 1008 4540 qnetnquam
1031 4471 1280 4540 percutit,
1306 4487 1412 4526 non
1442 4481 1619 4541 posset
1648 4473 1746 4526 hoc
1773 4471 1968 4536 facere,
1994 4475 2095 4528 nisi

508 4561 682 4628 lingua
709 4571 761 4614 et
789 4576 974 4615 manus
1010 4561 1226 4630 iubente
1255 4563 1648 4632 quodammodo
1675 4563 1946 4619 voluntate
1977 4582 2095 4620 mo-

510 4661 768 4705 verentur
793 4669 806 4704 :
834 4667 952 4722 qua:
977 4652 1237 4719 membra,
1263 4655 1420 4708 etiam
1443 4671 1561 4708 eum
1586 4656 1660 4709 ira
1687 4657 1824 4710 nulla
1855 4667 1956 4724 est,
1983 4675 2098 4714 mo-

504 4751 698 4798 ventur
737 4743 921 4798 eadem
962 4746 1256 4800 voluntate.
1296 4750 1360 4800 At
1395 4763 1524 4801 vero
1560 4748 1819 4818 genitales
1857 4753 2098 4819 corporis

507 4843 686 4904 pattes
715 4835 784 4890 ita
814 4835 974 4890 libido
999 4851 1097 4890 suo
1120 4837 1226 4906 juri
1254 4837 1652 4907 quodammodo
1677 4841 2012 4910 mancipavit,
2044 4853 2098 4897 ut

511 4930 712 4984 moveri
746 4943 850 4983 non
881 4929 1112 4993 valeant,
1147 4930 1190 4984 si
1223 4930 1333 4999 ipsa
1361 4929 1610 4994 defuerit,
1641 4942 1696 4986 et
1733 4933 1831 4987 nisi
1871 4936 1980 5001 ipsa
2014 4936 2099 4990 vel

512 5021 652 5076 ultro
678 5022 761 5076 vel
787 5023 1014 5076 excitata
1037 5025 1348 5079 surrexerit.
1373 5022 1486 5077 lloc
1510 5033 1591 5076 est
1617 5023 1754 5092 quod
1789 5026 1967 5094 pudet,
1995 5025 2098 5082 hoc

507 5124 592 5168 est
641 5113 781 5182 quod
831 5114 1150 5169 intuentium
1197 5115 1381 5169 oculos
1425 5116 1792 5170 erubescendo
1837 5116 2039 5172 devitat
2080 5137 2096 5173 :

511 5206 784 5276 magisque
811 5205 912 5262 l'ert
933 5206 1094 5261 homo
1115 5208 1466 5276 spectantium
1496 5207 1905 5274 multitudinem,
1931 5225 2100 5280 quan-

511 5293 580 5347 do
605 5294 796 5356 iniuste
825 5295 1071 5350 irascitur
1097 5297 1318 5364 homini,
1345 5315 1505 5368 quam
1533 5299 1614 5354 vel
1645 5301 1798 5355 unius
1823 5312 2096 5371 aspectum

511 5395 566 5437 et
592 5385 804 5453 quando
831 5385 973 5454 juste
1004 5389 1254 5442 miscetur
1283 5391 1457 5444 uxori.

577 5518 592 5549 ί
631 5516 764 5590 vim].
801 5524 898 5590 Am.
925 5523 998 5590 ξι.
1026 5528 1078 5570 et
1118 5534 1266 5572 nostri
1291 5530 1420 5585 Mss,
1443 5525 1712 5590 perpetrari
1747 5532 1904 5588 retat;
1928 5528 2101 5577 omissa

436 5583 444 5590 “
509 5587 727 5642 negante
752 5594 763 5641 ι
781 5579 998 5642 articula.
1306 5603 1308 5605 δ

573 5639 597 5670 ί
627 5639 761 5693 t.ov..
778 5639 976 5691 ratione.

575 5703 596 5768 ξ
630 5709 757 5768 uss},
777 5709 821 5750 et
848 5707 1175 5768 repugumido.

577 5765 658 5821 ta)
683 5763 740 5811 l'l:
763 5763 921 5820 toaiei,
948 5763 997 5817 ut
1019 5775 1189 5830 [assilit
1206 5783 1278 5832 su;
1297 5782 1350 5818 ra
1373 5770 1582 5821 disserit.

1557 317 1642 372 DE
1682 312 2000 371 CIVITATF.
2033 311 2165 375 DEI,
2205 310 2260 362 S.
2309 307 2668 364 AUGUSTI?“

3668 303 3773 356 4⁵28

2183 423 2406 476 LAPII'I‘
2451 423 2566 476 XX.
2598 454 2667 463 —
2699 424 2774 477 De
2805 425 3074 477 vanissima
3104 424 3413 493 turpitudine
3441 422 3775 494 Cynicorum.

2261 515 2370 567 lloe
2399 516 2471 568 i'li
2503 515 2677 567 canini
2722 514 3043 583 philosophi,
3081 517 3179 566 hoe
3204 527 3283 569 est
3317 516 3522 586 Cynici,
3555 531 3663 568 non
3697 517 3775 568 vi-

2181 608 2370 662 derunt
2396 650 2411 673 ,
2457 609 2786 676 proferentes
2823 618 3006 661 contra
3041 611 3324 661 humanam
3357 608 3771 669 verecundiam,

2181 703 2306 770 quid
2332 702 2473 754 aliud
2501 718 2659 770 quam
2691 702 2934 754 caninam
2957 743 2973 766 ,
3005 702 3104 755 hoc
3131 713 3212 754 est
3244 701 3570 755 immundam
3603 702 3780 768 impu-

2181 793 2504 862 dentemque
2545 795 2901 846 sententiam?
2941 803 2993 846 ιιι
3038 793 3243 845 scilicet
3279 794 3530 860 quoniam
3567 794 3779 861 justum

2183 895 2262 938 est
2286 885 2426 954 quod
2455 888 2513 938 lit
2537 887 2587 938 iu
2619 902 2802 948 uxore,
2831 887 3001 954 palam
3032 901 3135 938 non
3166 886 3356 953 pudeat
3383 885 3432 938 id
3459 900 3653 954 agere;
3682 901 3784 937 nec

2185 977 2236 1028 iu
2275 979 2394 1028 vico
2435 986 2527 1029 aut
2573 977 2740 1044 platea
2783 979 3015 1045 qualibet
3060 976 3391 1044 euujugalem
3434 977 3782 1030 concubitum

2183 1069 2443 1124 devitarc.
2478 1069 2614 1122 Vicit
2643 1078 2817 1123 tamen
2853 1071 3020 1139 pudor
3051 1070 3306 1123 naturalis
3335 1071 3640 1138 opinionem
3675 1071 3781 1122 Ιιιι-

2181 1164 2271 1230 jus
2310 1162 2530 1216 erroris.
2564 1162 2693 1216 Nam
2729 1164 2828 1216 etsi
2873 1163 3150 1232 perhibent
3197 1162 3297 1217 hoc
3335 1163 3621 1232 aliquando
3658 1164 3781 1230 glo-

2187 1253 2502 1308 riabnndum
2549 1253 2736 1309 fecisse
2781 1255 3100 1323 Diogenem,
3144 1256 3210 1306 ita
3261 1264 3531 1322 putantem
3576 1267 3784 1308 sectam

2186 1357 2335 1398 soam
2377 1346 2691 1400 nobiliorem
2731 1345 2995 1409 futuram,
3038 1347 3080 1398 si
3123 1346 3171 1399 in
3206 1347 3477 1399 hominum
3521 1347 3782 1399 memoria

2189 1436 2446 1506 iusignior
2481 1438 2597 1502 ejus
2638 1439 2960 1507 itupudentia
3003 1437 3251 1505 ﬁgeretur
3280 1455 3296 1489 :
3329 1448 3512 1506 postea
3545 1425 3722 1491 tal'cu
3752 1455 3784 1491 a

2185 1527 2404 1599 Cynicis
2433 1529 2543 1583 lieri
2575 1540 2840 1582 cessatum
2883 1539 3002 1592 est;
3047 1531 3267 1598 plusque
3298 1532 3460 1582 valuit
3490 1529 3660 1598 pudor
3680 1570 3694 1584 .
3726 1540 3782 1582 nt

2188 1622 2565 1676 erubescerent
2591 1622 2834 1676 homines
2861 1622 3183 1685 hominibus,
3210 1638 3366 1691 quam
3393 1638 3564 1683 error,
3593 1633 3648 1675 ut
3681 1623 3784 1675 ho.

2191 1718 2361 1770 mines
2390 1716 2609 1769 canibus
2632 1731 2752 1768 esse
2781 1717 2984 1770 similes
3011 1716 3339 1770 anhelarent.
3368 1715 3520 1770 Unde
3547 1725 3600 1770 et
3631 1717 3785 1771 illntn

2189 1808 2278 1861 vel
2304 1808 2450 1870 illos,
2481 1809 2568 1877 qui
2611 1807 2712 1862 hoc
2756 1808 2944 1863 (ceisse
2984 1809 3320 1875 referuntur,
3347 1811 3521 1879 potius
3550 1809 3789 1865 arbitror

2189 1897 2661 1952 concumbentium
2702 1911 2876 1952 motus
2911 1900 3124 1956 dedisse
3160 1900 3330 1955 oculis
3369 1902 3640 1954 hominum
3683 1917 3783 1955 ne-

2191 1989 2468 2043 scientium
2497 1990 2621 2060 quid
2661 1991 2760 2044 sub
2789 1991 2951 2061 pallio
2978 2004 3254 2062 gereretur
3275 1995 3316 2058 ¹,
3347 2011 3506 2062 quam
3547 1995 3789 2048 humano

2191 2094 2467 2151 premente
2486 2094 2776 2154 conspectu
2805 2088 3042 2155 potuisse
3064 2087 3206 2141 illam
3235 2089 3412 2156 peragi
3434 2088 3783 2156 voluptatem.

2194 2175 2264 2229 lbi
2295 2176 2436 2229 enim
2471 2177 2772 2245 phiIOSopbi
2815 2195 2918 2232 non
2956 2180 3339 2235 cntbescebaut
3370 2181 3530 2235 videri
3560 2197 3620 2235 se
3646 2183 3790 2236 velle

2191 2268 2579 2333 concumbere,
2608 2269 2693 2321 ubi
2731 2270 2890 2323 libido
2929 2271 3037 2339 ipsa
3077 2272 3418 2326 erubesceret
3445 2290 3683 2342 surgere.
3722 2276 3786 2328 Et

2193 2375 2333 2412 nunc
2374 2359 2617 2414 videmus
2661 2360 2836 2415 adhuc
2874 2376 2994 2416 esse
3040 2362 3387 2432 philosophos
3417 2363 3686 2435 Cynicos;
3732 2367 3790 2420 lii

2192 2450 2334 2503 enim
2366 2460 2526 2518 sunt,
2555 2452 2643 2522 qui
2677 2468 2783 2507 non
2815 2453 2988 2508 solum
3017 2455 3341 2509 amiciuntur
3369 2456 3559 2525 pallio,
3595 2473 3789 2512 verum

2191 2539 2352 2593 etiam
2377 2541 2580 2594 clavam
2615 2541 2787 2597 lerunt
2820 2562 2836 2598 :
2867 2560 3024 2598 nemo
3054 2554 3230 2599 tamen
3258 2561 3444 2601 eorum
3483 2549 3642 2602 audet
3683 2549 3790 2604 hoc

2195 2633 2406 2691 facere:
2436 2635 2576 2702 quod
2605 2635 2649 2688 si
2680 2636 2842 2706 aliqui
2869 2637 2983 2690 ausi
3009 2647 3219 2701 essent,
3246 2648 3302 2692 ut
3327 2653 3431 2692 non
3462 2641 3631 2694 dicam
3663 2641 3790 2695 icti-

2195 2721 2294 2776 bus
2325 2724 2699 2793 lapidantitnu,
2739 2739 2882 2783 eerte
2926 2730 3336 2797 conspuentium
3373 2731 3553 2786 salivis
3585 2735 3791 2788 obrue-

2193 2824 2396 2868 rentur.
2427 2815 2596 2872 Pudet
2626 2818 2783 2887 igitur
2804 2819 2957 2887 hujus
2979 2820 3213 2875 libidinis
3235 2823 3516 2876 bumauatn
3540 2825 3657 2880 sine
3679 2829 3792 2880 ulla

2193 2907 2521 2962 dubitatione
2551 2922 2812 2976 naturam,
2845 2923 2896 2965 et
2927 2913 3120 2967 merito
3149 2914 3332 2984 pttdet.
3368 2915 3421 2969 Ιιι
3448 2916 3562 2985 ejus
3589 2919 3796 2989 quippe
3865 2951 3870 2954 -

2196 2997 2577 3065 itiobetlietuia,
2599 3017 2715 3069 qum
2737 3003 2983 3072 genitalia
3005 3007 3246 3074 corporis
3268 3007 3503 3061 membra
3526 3010 3653 3063 solis
3673 3013 3792 3064 suis

2197 3091 2429 3143 motibus
2455 3092 2709 3158 subdidit,
2739 3102 2792 3146 et
2824 3097 3069 3164 potestati
3101 3097 3384 3152 voluntatis
3414 3099 3626 3168 eripuit,
3654 3104 3796 3157 satis

2193 3183 2492 3237 Ostenditur
2520 3184 2642 3254 quid
2679 3187 2746 3240 sit
2786 3187 3017 3242 hominis
3053 3189 3123 3242 illi
3147 3193 3168 3221 ³
3198 3191 3381 3259 primzc
3411 3193 3793 3248 inobedieutim

2193 3275 2507 3331 retributum
2542 3293 2554 3328 :
2586 3277 2727 3345 quod
2760 3279 2808 3332 in
2835 3295 2896 3332 ea
2927 3282 3155 3335 maxime
3186 3295 3333 3352 parte
3361 3285 3595 3352 oportuit
3623 3303 3796 3356 appa-

2194 3385 2347 3436 rere,
2379 3383 2478 3440 qua
2509 3383 2794 3440 generatur
2833 3371 2944 3442 ipsa
2985 3385 3170 3430 natura
3191 3416 3207 3442 ,
3239 3393 3358 3446 quae
3396 3377 3490 3432 illo
3529 3378 3700 3447 primo
3735 3391 3795 3436 et

2194 3479 2386 3533 magno
2416 3469 2466 3519 in
2497 3466 2732 3522 deterius
2761 3475 2842 3522 est
2870 3475 3068 3524 mutata
3110 3477 3329 3540 peccato
3359 3489 3372 3523 :
3404 3486 3434 3525 a
3465 3472 3613 3542 cujus
3645 3490 3793 3528 nexu

2196 3557 2370 3612 nullus
2393 3560 2616 3625 eruitur,
2641 3561 2738 3614 nisi
2762 3561 2811 3615 id
2833 3561 2998 3632 quod,
3023 3577 3143 3616 cum
3165 3579 3353 3618 omnes
3378 3563 3428 3618 in
3457 3579 3564 3620 uno
3581 3577 3790 3632 essent,

2196 3648 2246 3701 iu
2285 3664 2620 3704 comnmucm
2655 3653 2936 3720 perniciem
2970 3664 3326 3723 perpetratum
3353 3665 3469 3720 est,
3501 3668 3552 3712 et
3581 3658 3675 3712 Dei
3699 3657 3797 3729 ju-

2195 3743 2333 3795 stitia
2361 3743 2706 3808 vindicatum,
2740 3745 2829 3800 Dei
2856 3748 3022 3816 gratia
3051 3749 3101 3800 in
3133 3749 3356 3818 singulis
3379 3750 3640 3820 expietur.

2195 3853 2422 3910 CAPUT
2464 3855 2602 3910 XXI.
2625 3887 2696 3896 —
2725 3856 2801 3911 De
2828 3859 3169 3912 benedictione
3188 3861 3585 3932 multiplicatum:
3611 3867 3796 3934 [ocnu-

2267 3949 2436 4001 ditatis
2478 3949 2712 4003 humana:
2749 3961 2864 4004 ante
2904 3961 3200 4020 peccatum,
3247 3969 3395 4022 quam
3442 3956 3799 4023 primaricatio

2270 4055 2368 4091 non
2394 4039 2654 4101 adimeret,
2685 4049 2730 4092 et
2759 4042 2841 4094 cui
2867 4040 3092 4095 libidinis
3115 4041 3316 4096 inertius
3337 4046 3619 4097 accesserit.

2269 4150 2422 4204 Absit
2443 4151 2638 4219 itaque,
2663 4161 2719 4205 ut
2745 4153 3026 4207 credamus
3053 4153 3170 4208 illos
3192 4154 3446 4224 coniuges
3467 4156 3517 4208 in
3540 4157 3797 4224 paradiso

2198 4241 2515 4295 constitutos
2541 4256 2636 4310 per
2666 4242 2803 4296 hanc
2833 4242 3143 4307 libidinem,
3173 4244 3241 4300 de
3280 4261 3382 4314 qua
3422 4247 3799 4301 erubescendo

2200 4331 2388 4386 eadem
2428 4332 2668 4386 membra
2708 4343 2988 4396 texerunt,
3017 4334 3332 4405 impleturus
3357 4336 3522 4392 fuisse
3545 4339 3688 4406 quod
3738 4341 3798 4394 in

2200 4438 2296 4476 sua
2323 4423 2690 4478 benedictione
2731 4425 2872 4495 Deus
2899 4425 3066 4490 dixit,
3111 4424 3360 4491 Crescite,
3404 4438 3451 4480 et
3478 4429 3799 4496 multiplica.

2203 4514 2362 4579 mini,
2390 4524 2434 4566 et
2473 4514 2676 4583 implete
2702 4527 2884 4568 terram
2915 4515 3074 4584 (Gen.
3101 4531 3150 4580 ι,
3177 4515 3302 4587 28).
3349 4517 3474 4572 Post
3512 4530 3797 4587 pet-catum

2201 4607 2396 4676 quippe
2423 4617 2539 4662 orta
2563 4618 2648 4661 est
2674 4608 2786 4662 inec
2816 4609 3010 4671 libido;
3053 4621 3171 4678 post
3213 4619 3487 4678 peccatum
3531 4629 3650 4664 eam
3697 4630 3744 4664 us
3767 4643 3803 4658 ο

2205 4708 2322 4753 tttra
2368 4714 2472 4754 non
2512 4700 2824 4766 impudens,
2853 4701 3047 4754 amissa
3093 4710 3357 4770 potestate
3383 4703 3462 4755 cui
3491 4716 3683 4771 corpus
3727 4719 3800 4758 ex

2201 4792 2349 4847 omni
2385 4802 2534 4861 ψει-ιθ
2557 4792 2852 4857 serviebat,
2875 4795 3042 4848 sensit
3060 4835 3074 4858 ,
3105 4793 3368 4862 attendit,
3397 4796 3631 4854 erubuit.
3660 4811 3802 4865 ope-

2205 4886 2329 4939 ruit.
2375 4885 2466 4938 llla
2508 4900 2636 4939 vero
2681 4885 2982 4940 benedictio
3027 4886 3364 4954 nuptiarum,
3414 4896 3473 4940 ut
3525 4887 3804 4956 conjugati

2203 4983 2529 5042 crescerent,
2553 4985 2609 5030 et
2637 4975 3133 5044 muttiplicarentur,
3163 4986 3218 5031 et
3248 4977 3531 5046 implerent
3562 4989 3800 5047 terram,

2205 5069 2446 5138 quamvis
2489 5079 2543 5122 et
2572 5069 2626 5122 iu
2650 5068 3079 5139 deiinquentihus
3112 5072 3394 5135 manserit;
3429 5080 3607 5127 tamen
3635 5082 3799 5126 ante-

2205 5177 2364 5230 quam
2391 5159 2798 5228 delinquerent,
2827 5161 2945 5214 data
2973 5168 3057 5215 est
3079 5202 3094 5225 ,
3136 5171 3194 5215 ut
3218 5175 3627 5229 cognosceretur
3665 5181 3803 5234 pro.

2203 5253 2528 5309 creationem
2561 5251 2788 5306 ﬁliorum
2816 5251 2883 5307 ad
2907 5253 3130 5323 gloriam
3158 5256 3431 5321 connubii,
3455 5271 3560 5310 non
3585 5255 3652 5310 ad
3686 5273 3812 5327 po:-

2207 5365 2328 5402 nam
2363 5347 2630 5416 pertinere
2656 5347 2875 5417 peccati.
2907 5346 3014 5402 Sed
3057 5363 3199 5403 nunc
3238 5349 3516 5412 homines,
3557 5354 3812 5419 profecto

2206 5443 2346 5496 illius
2373 5456 2494 5510 qua:
2520 5440 2572 5494 in
2616 5439 2862 5510 paradiso
2901 5438 2998 5493 luit
3035 5440 3304 5495 felicitatis
3332 5441 3530 5511 ignari,
3553 5442 3652 5496 nisi
3700 5457 3814 5503 rer

2207 5533 2309 5588 hoc
2337 5532 2478 5602 quod
2499 5533 2702 5603 experti
2726 5540 2883 5598 sunt,
2927 5531 2979 5587 id
3007 5544 3094 5590 est
3129 5549 3226 5605 per
3249 5534 3525 5590 libidinem
3545 5575 3562 5601 ,
3600 5534 3668 5590 de
3691 5551 3813 5606 qua

2269 5650 2285 5678 ί
2319 5644 2426 5694 Sola
2467 5645 2613 5696 editio
2646 5651 2776 5717 ιρι,
2804 5650 3062 5708 tegeretur.
3097 5644 3239 5696 Paulo
3263 5653 3371 5710 post
3409 5645 3631 5711 plerique
3666 5653 3812 5714 1133.,
3843 5715 3846 5717 Α

2205 5719 2438 5773 ρῖγεδιηιιε
2457 5715 2724 5773 (vespam.

2272 5776 2289 5801 ³
2323 5772 2394 5820 sic
2420 5770 2550 5820 vitat.
2571 5768 2675 5818 'Am.
2704 5777 2757 5820 et
2779 5777 2882 5821 Mss.
2911 5776 2965 5819 Αι
2983 5775 3056 5820 Er.
3079 5777 3128 5820 et
3149 5777 3279 5833 Lor.,
3305 5768 3451 5821 illius.
