4054 6496
279 331 378 390 ευ

283 444 520 498 videmus
551 443 720 512 ipsam
755 441 914 498 etiam
939 441 1272 500 honestatem
1301 445 1616 500 erubescere
1647 445 1848 512 nuptia-

280 551 414 598 rum,
445 551 552 588 non
584 535 818 603 potuisse
841 536 980 605 gigni
1005 537 1142 590 lilios
1169 538 1450 606 opinantur
1473 537 1594 590 :alii
1621 537 1856 606 Scriptur-

275 641 358 678 ras
383 625 612 686 divinas,
645 624 732 676 ubi
759 625 950 694 legitur
978 635 1094 693 post
1121 636 1393 694 peccatum
1423 627 1670 696 puduisse
1701 628 1856 682 muli-

275 716 412 780 tatis,
439 725 490 768 et
517 715 760 781 pedanda
786 729 908 770 esse
927 725 1194 779 contecta,
1223 731 1442 784 prorsus
1461 731 1566 770 non
1587 717 1852 784 accipien-

275 819 386 868 tes,
420 805 516 859 sed
561 805 844 858 inlideliter
883 805 1166 860 irridentes
1195 803 1306 876 (a);
1339 806 1426 858 alii
1466 821 1594 864 vero
1617 806 1855 873 quamvis

271 913 358 950 eas
377 895 644 962 accipiant
671 903 726 950 et
767 895 1062 956 honorent,
1093 895 1218 948 illud
1259 905 1432 949 tamen
1473 897 1612 964 quod
1655 897 1851 950 dictum

269 997 364 1048 est,
395 984 644 1049 Crescite,
674 995 720 1038 ct
745 985 1172 1052 utultiplicamini.
1206 1001 1309 1038 nou
1339 985 1628 1040 secundum
1659 1002 1851 1040 carna-

271 1077 368 1130 lem
403 1075 786 1128 fecunditati-iu
825 1077 1006 1128 volunt
1035 1076 1249 1142 iutclllgi
1297 1075 1404 1142 (b);
1433 1076 1552 1144 quia
1577 1085 1630 1128 et
1658 1091 1818 1130 secuit
1839 1105 1851 1115 ~

266 1169 384 1218 dum
412 1169 646 1220 animam
669 1166 858 1234 legitur
886 1165 990 1219 tale
1018 1165 1212 1232 aliquid
1241 1165 1457 1228 dictum,
1489 1163 1850 1234 Multiplicaois

267 1275 340 1310 me
362 1261 414 1311 in
442 1259 616 1310 anima
641 1274 750 1310 mea
780 1259 956 1310 uirtute
978 1267 1064 1308 tua
1083 1259 1098 1288 ί
1126 1257 1294 1324 (ι’ωι.
1319 1272 1566 1323 cxxsvn,
1585 1258 1642 1323 4)
1669 1275 1682 1310 :
1716 1267 1772 1311 ιιι
1797 1259 1846 1310 id

265 1349 400 1416 ιμιιιίΙ
430 1350 486 1402 in
521 1349 715 1402 Genesi
751 1349 988 1416 sequitur
1007 1389 1020 1412 ,
1058 1347 1120 1400 Et
1148 1349 1346 1416 implete
1371 1359 1552 1400 terram
1571 1388 1588 1412 ,
1615 1357 1659 1402 et
1687 1349 1850 1402 domi-

263 1441 450 1494 namini
475 1441 604 1514 ejus,
633 1451 824 1494 terram
855 1440 1145 1506 intelligant
1170 1455 1404 1504 carnem,
1431 1454 1587 1509 quam
1619 1455 1846 1506 pra-scn-

263 1534 330 1585 tia
357 1548 452 1586 sua
485 1531 672 1600 implet
712 1531 924 1594 anima,
973 1529 1193 1599 ejusque
1237 1531 1466 1584 maxime
1507 1529 1842 1590 dominatur,

261 1639 378 1677 cum
413 1623 468 1675 in
507 1624 708 1676 virtute
753 1621 1151 1690 multiplicatur.
1201 1619 1448 1675 Carnales
1491 1630 1664 1674 autem
1708 1620 1846 1675 lctus

263 1718 374 1772 sine
419 1715 674 1780 libidine,
706 1731 824 1784 quae
867 1723 980 1784 post
1013 1723 1282 1782 peccaturo
1323 1721 1504 1766 exorta
1526 1754 1542 1774 ,
1571 1713 1802 1781 inSpecta
1825 1753 1840 1778 ,

259 1809 498 1870 confusa,
525 1806 697 1860 velata
723 1815 826 1868 est,
851 1819 950 1860 nec
979 1813 1104 1860 tunc
1125 1805 1266 1858 nasci
1295 1805 1551 1873 potuisse.
1577 1805 1716 1859 sicut
1745 1819 1840 1857 ne-

261 1915 362 1968 que
389 1913 532 1952 nunc
556 1905 812 1966 possunt;
847 1911 944 1950 nec
965 1896 1018 1949 in
1049 1895 1292 1964 paradiso
1313 1896 1512 1949 futuros
1539 1896 1716 1956 fuisse.
1747 1893 1838 1948 sed

263 1989 405 2052 roris,
439 1991 578 2042 sicut
603 1997 660 2042 et
685 1989 876 2042 factum
905 1997 1003 2042 est.
1033 1986 1164 2040 Nam
1213 1995 1552 2058 posteaquam
1595 1987 1718 2042 inde
1756 1987 1840 2040 di-

261 2079 402 2132 missi
429 2087 585 2145 sunt,
625 2077 692 2132 ad
731 2076 1022 2148 gignendos
1051 2077 1190 2132 lilios
1217 2077 1487 2142 coierunt,
1519 2091 1718 2147 eosque
1743 2093 1836 2148 ge-

261 2181 502 2226 nuerunt.

257 2302 480 2359 CAPUT
509 2302 676 2358 XXII.
703 2333 774 2343 —
809 2301 883 2356 De
905 2303 1088 2370 copula
1115 2301 1373 2373 conjugali
1409 2319 1441 2355 a
1465 2300 1574 2358 Deo
1605 2304 1840 2375 primitus

675 2393 902 2448 instituta
925 2435 940 2460 ,
969 2404 1114 2464 atque
1139 2394 1413 2446 benedicta.

321 2525 430 2580 Nos
457 2534 636 2578 autem
663 2525 812 2579 nullo
835 2523 994 2578 modo
1017 2525 1322 2580 dubitamus
1355 2525 1646 2580 secundum
1676 2526 1812 2580 bene

255 2618 540 2672 dictionem
567 2617 658 2672 Dei
683 2631 925 2670 crescere
949 2625 1001 2670 et
1031 2613 1370 2685 multiplicari
1399 2627 1454 2671 et
1478 2617 1698 2686 implere
1725 2628 1836 2672 ter-

257 2725 388 2775 ram,
421 2709 620 2762 donum
651 2723 768 2762 CSse
798 2707 1098 2777 nuptiarum
1124 2749 1140 2772 ,
1169 2723 1300 2776 quas
1327 2707 1468 2762 Deus
1493 2719 1616 2762 ante
1643 2725 1834 2778 pecca-

257 2812 360 2852 tum
412 2799 646 2855 Itoniinis
672 2799 740 2851 ah
769 2799 918 2852 initio
946 2799 1253 2864 constituit,
1281 2799 1514 2854 creando
1541 2800 1832 2854 masculum

253 2903 302 2947 ct
331 2893 584 2946 feniinam
617 2909 630 2944 :
673 2891 762 2960 qui
804 2905 962 2944 sexus
997 2891 1216 2945 evidens
1247 2891 1425 2959 utique
1455 2892 1504 2945 in
1547 2909 1708 2947 (λιιι-ηε
1729 2903 1830 2947 est.

259 2983 382 3036 liuie
405 2985 604 3052 quippe
624 2982 774 3051 operi
805 2981 896 3036 Dei
921 2984 1078 3036 etiam
1103 2981 1402 3036 benedictio
1419 2983 1530 3050 ipsa
1557 2981 1832 3052 subjnucta

251 3085 346 3128 est.
389 3073 523 3128 Nam
552 3087 673 3126 cum
705 3071 976 3142 Scriptum
1003 3071 1224 3126 dixisset
1249 3113 1264 3138 ,
1299 3071 1580 3126 Masculum
1609 3084 1656 3126 et
1683 3073 1832 3142 {ciui-

251 3181 360 3215 aaut
398 3163 520 3235 fecit
563 3177 686 3225 eos;
731 3165 983 3216 continuo
1023 3163 1288 3226 subdidit,
1339 3162 1405 3216 Et
1453 3165 1698 3218 benedixit
1751 3183 1834 3220 eos

251 3253 378 3307 Deus
397 3295 413 3318 ,
447 3255 622 3306 dicens
651 3269 670 3307 :
697 3252 912 3306 Crescite
935 3293 950 3317 ,
995 3263 1041 3306 et
1069 3253 1471 3320 multiplicamini
1492 3294 1506 3314 ,
1549 3263 1594 3307 ct
1632 3255 1836 3322 implete

250 3356 448 3405 terrm,
473 3354 518 3396 et
543 3335 872 3396 dominamini
897 3345 1006 3413 ejus
1035 3341 1186 3414 (Gen.
1215 3359 1252 3406 ι,
1279 3343 1374 3404 ‘27.
1393 3343 1510 3414 28),
1541 3353 1594 3398 et
1617 3355 1830 3399 ett-tera.

247 3433 558 3500 Qua-omnia
577 3448 874 3503 quanquam
893 3447 998 3486 non
1012 3433 1442 3488 inconvenienter
1458 3435 1658 3502 possint
1673 3436 1830 3490 etiam

247 3527 302 3578 ad
319 3525 648 3579 intellectum
671 3523 998 3592 spiritualem
1021 3525 1228 3588 referri,
1261 3524 1550 3579 masculum
1583 3535 1758 3581 tamen
1779 3535 1832 3582 et

249 3617 514 3682 l'etninam,
535 3633 642 3670 non
663 3617 796 3669 sicut
821 3617 994 3671 simile
1019 3617 1214 3685 aliquid
1231 3617 1391 3672 etiam
1417 3618 1468 3670 in
1490 3617 1702 3672 homine
1727 3635 1833 3673 uno

247 3711 458 3780 intelligi
477 3717 674 3780 potest.
693 3709 812 3778 quia
831 3709 1068 3762 videlicet
1091 3711 1140 3762 in
1165 3724 1230 3763 eo
1249 3709 1388 3764 aiiud
1413 3719 1496 3763 est
1513 3710 1654 3778 quod
1673 3712 1828 3796 regit.

245 3803 376 3858 aliud
397 3803 542 3872 quod
569 3803 803 3872 regitur:
824 3801 914 3855 sed
947 3802 1084 3856 sicut
1098 3803 1496 3856 cvidentissime
1529 3816 1748 3872 apparet
1779 3806 1829 3858 in

245 3893 430 3948 diversi
445 3906 612 3946 sexus
623 3893 952 3960 corporibus,
973 3893 1260 3946 masculum
1276 3905 1323 3946 ei
1347 3893 1590 3946 feminam
1609 3893 1676 3948 ita
1693 3909 1832 3954 crea_

249 3997 324 4040 tos
343 4026 360 4048 ,
391 3993 452 4038 ut
479 3984 688 4054 prolem
714 3983 1018 4051 generando
1041 3993 1346 4038 crescerent
1369 4025 1382 4044 .
1431 3993 1486 4038 et
1515 3985 1830 4054 multiplica-

247 4087 441 4136 rentur,
469 4085 526 4128 et
551 4073 834 4142 implerent
861 4081 1054 4127 terram
1077 4075 1120 4133 ³.
1151 4089 1356 4143 magna:
1381 4075 1730 4129 absurditatis
1749 4087 1832 4130 est

253 4166 522 4222 reluctari.
553 4163 738 4232 Neque
755 4164 897 4218 enim
919 4163 984 4216 de
1005 4163 1192 4231 spiritu
1217 4165 1304 4233 qui
1333 4165 1575 4232 imperat,
1599 4175 1651 4220 ct
1669 4181 1832 4222 carne

245 4274 354 4324 qua:
377 4257 714 4324 obtemperat
741 4270 756 4318 ;
801 4267 894 4308 aut
917 4253 982 4308 de
1007 4256 1184 4308 animo
1210 4254 1450 4308 rationali
1475 4257 1564 4326 qui
1595 4257 1749 4326 regit,
1775 4265 1830 4311 et

247 4347 532 4400 irrationali
553 4344 842 4413 cupiditate
865 4359 984 4412 qua:
1009 4346 1240 4413 regitur;
1273 4355 1370 4399 aut
1389 4345 1456 4398 de
1477 4347 1670 4402 virtute
1695 4363 1826 4402 cou-

247 4437 550 4505 templativa
593 4450 714 4504 qua:
737 4435 978 4496 excellit,
1003 4443 1060 4488 et
1097 4435 1166 4488 de
1193 4436 1360 4490 activa
1388 4451 1507 4504 qua:
1547 4437 1824 4503 subditur;

245 4539 328 4580 aut
347 4528 416 4582 de
437 4527 716 4582 intellectu
743 4527 960 4588 mentis,
987 4535 1040 4580 et
1059 4541 1214 4580 sensu
1231 4511 1473 4595 corporis
1494 4546 1508 4582 :
1529 4527 1625 4582 sed
1643 4543 1828 4597 aperte

245 4619 308 4670 de
337 4617 552 4672 vinculo
579 4617 864 4686 conjugali,
895 4632 1003 4686 quo
1029 4617 1254 4672 invicem
1286 4617 1388 4672 sibi
1417 4629 1642 4688 uterque
1665 4635 1826 4676 sexus

246 4709 606 4776 distringitur,
641 4707 894 4762 Dominus
915 4709 1270 4777 interrogatus
1295 4719 1468 4762 utrum
1491 4711 1670 4766 liceret
1695 4727 1826 4781 qua-

243 4817 468 4871 cumque
489 4817 558 4856 ex
585 4815 746 4856 musa
767 4800 1037 4856 dimittere
1065 4815 1306 4866 uxorem,
1335 4803 1584 4872 quoniam
1609 4812 1825 4874 prepter

305 4957 324 5020 ξ
355 4957 428 5004 sic
462 4965 568 5004 MSS.
603 4957 742 5018 juxta
777 4969 988 5017 grmcum
1006 4963 1134 5005 Lxx.
1163 4961 1217 5006 At
1251 4957 1386 5016 editi,
1411 4955 1742 5020 Multiplicabis
1771 4957 1822 5008 in

243 5017 398 5065 minus
420 5029 530 5066 mea
551 5021 789 5066 nrtutem.

303 5081 324 5110 '
357 5086 482 5140 mat,
505 5085 550 5128 ct
587 5077 841 5140 implerent
859 5083 1062 5140 terram,
1100 5081 1150 5128 in
1191 5078 1336 5128 editis
1355 5079 1566 5128 additum
1603 5087 1696 5140 est,
1735 5089 1822 5132 Cu:

244 5139 484 5188 sententia:
509 5147 604 5188 tam
629 5137 866 5201 eritirnti;
890 5139 1014 5201 quod
1039 5141 1178 5188 abest
1195 5153 1222 5187 a
1245 5141 1590 5201 manuscriptis.

305 5201 374 5262 (α)
401 5201 642 5248 uanicba-t
661 5199 867 5263 scilicet,
892 5199 974 5263 qui
996 5201 1185 5263 veteris
1220 5199 1514 5250 Testamenit
1556 5202 1820 5263 scirptnras

243 5260 548 5371 gjidelia‘nt.
584 5261 718 5310 Cont'.
757 5261 843 5310 lib.
883 5260 948 5311 de
979 5260 1189 5312 Utilitate
1224 5263 1485 5322 credendi,
1521 5264 1580 5312 sd
1615 5260 1822 5314 Honora-

297 5339 310 5370 l
344 5359 358 5371 .
385 5338 432 5371 11.
489 5359 502 5370 .

243 5329 358 5381 tum,
385 5338 432 5371 ιι.
453 5329 502 5371 4.

303 5385 372 5446 (lt)
399 5383 659 5447 Redarguit
683 5395 769 5432 eos
785 5384 868 5446 qui
889 5383 1204 5445 spiritualiter
1225 5385 1340 5447 haec
1351 5384 1500 5433 verba
1525 5385 1820 5447 interpreta-

241 5443 440 5506 bantur;
465 5443 607 5538 cujus
627 5443 817 5494 sensus
827 5443 972 5494 etiam
1017 5447 1234 5495 meminit.
1257 5447 1306 5494 in
1331 5443 1451 5494 libro
1470 5447 1535 5496 de
1559 5443 1686 5496 Bono
1703 5455 1824 5496 (zon-

245 5505 384 5538 ἰηηειις
434 5521 460 5538 η
585 5513 629 5538 ιι
658 5507 718 5538 ςιΙι
751 5507 922 5538 nmlmn
960 5521 1002 5538 η·
1024 5507 1184 5538 inim...
1210 5521 1302 5538 ειη-ι
1327 5503 1472 5538 Ιηιπνη
1507 5507 1592 5538 fuit
1632 5505 1820 5538 nlinnnu

237 5505 404 5569 jugali,
426 5503 481 5569 ιι.
507 5503 555 5554 ‘2.
585 5513 635 5554 ιι
656 5507 718 5553 ab
751 5507 922 5554 eadem
960 5521 1004 5569 οξ
1024 5507 1184 5555 inione
1210 5521 1304 5555 non
1327 5503 1473 5569 longe
1507 5507 1598 5556 fuit
1631 5505 1822 5558 alienus

241 5541 498 5630 iiiiifdiiniib
511 5541 726 5630 "iii
749 5541 1824 5630 ὖέιῒᾶὶκνιιὶζῖίίἱέε’ΈῖὲὲἔιῖέῗῖιὶιῖῗίἻίὶέἵδ

242 5629 394 5690 [anno
417 5629 482 5678 de
503 5629 680 5690 Genesi
699 5635 862 5676 contra
883 5629 1174 5690 ttaniclueOS,
1198 5629 1471 5690 mwttum
1495 5630 1616 5678 libro
1631 5631 1822 5680 decimo

241 5689 387 5755 tertio
401 5689 790 5755 confessionum,
805 5701 910 5755 cap.
933 5689 996 5738 24
1017 5705 1030 5740 :
1057 5703 1226 5740 verum
1249 5689 1338 5738 hoc
1353 5689 1475 5754 loco,
1493 5697 1545 5741 et
1561 5701 1696 5741 recte
1712 5694 1818 5755 qui-

240 5749 372 5813 dem,
399 5753 748 5815 interpretatur
769 5749 830 5799 ad
857 5749 1082 5802 litteram.
1107 5759 1352 5808 amusos.

1434 333 1630 390 LIBER
1667 333 1987 403 QUARTDS
2024 339 2338 402 DECIMUS.

3439 361 3540 418 158

1964 449 2210 508 duritiam
2241 439 2418 512 crit-dis
2444 459 2792 518 lsraelitarum
2823 463 3028 536 Moyses
3057 464 3168 520 dari
3193 468 3428 526 libellum
3453 489 3541 526 re-

1963 541 2106 608 pudii
2143 547 2402 611 permisit.
2431 552 2700 619 respondit
2723 563 2882 622 atque
2905 555 2979 608 ait
3007 573 3021 609 :
3057 555 3176 612 Non
3207 559 3394 628 legistis
3419 568 3540 629 quia

1957 632 2044 696 qui
2069 635 2184 700 fecit
2211 634 2273 686 ab
2311 637 2453 690 initio
2473 639 2516 704 ',
2545 643 2820 696 maxillam
2847 655 2892 696 et
2922 646 3160 714 [entimmt
3188 649 3303 715 {erit
3343 665 3459 714 eos,
3493 663 3538 702 rt

1957 723 2086 778 dixit
2109 740 2129 777 :
2159 723 2378 796 Propter
2404 728 2498 784 hoc
2521 731 2732 786 dimittet
2761 737 2910 788 homo
2939 748 3130 804 patrem
3157 749 3202 790 ct
3229 749 3458 804 ιιιαινριιι,
3493 753 3538 792 ιι

1957 816 2230 872 adlmebit
2255 821 2405 874 tutori
2423 839 2542 886 sum,
2565 835 2614 878 et
2637 837 2780 880 crint
2805 829 2908 882 duo
2933 831 2984 884 in
3011 848 3160 886 carne
3187 849 3286 884 una
3301 833 3330 886 ἓ
3351 832 3539 902 Itaque

1945 903 2062 972 jam
2085 921 2183 958 non
2203 917 2321 961 sunt
2355 909 2492 976 duo,
2527 913 2613 966 sed
2643 931 2742 968 una
2767 934 2906 972 coro.
2936 918 3083 982 Quod
3107 937 3224 990 ergo
3254 920 3384 974 Deus
3409 940 3532 974 catt-

1944 995 2154 1063 junxit,
2187 998 2336 1052 [tonio
2365 1017 2466 1054 non
2493 1015 2688 1071 separet
2731 1005 2952 1076 (Matth.
2986 1025 3104 1075 χιχ,
3135 1011 3284 1082 4-6).
3315 1013 3530 1067 Certtuu

1955 1095 2038 1140 est
2066 1087 2244 1158 igitur,
2273 1093 2561 1146 masculum
2601 1105 2654 1150 et
2682 1095 2928 1152 feminam
2961 1101 3028 1152 ita
3053 1103 3293 1168 primitus
3319 1104 3530 1158 institu-

1955 1189 2056 1240 tos,
2101 1189 2156 1232 ut
2181 1195 2322 1236 nunc
2359 1183 2600 1239 homines
2623 1187 2757 1260 duos
2793 1187 2992 1242 diversi
3018 1205 3184 1246 sexus
3211 1193 3450 1248 videmus
3473 1205 3530 1248 et

1953 1270 2195 1323 novimus
2225 1290 2238 1324 ς
2271 1289 2430 1326 ιιιιιιιιι
2461 1285 2635 1328 autem
2665 1275 2768 1330 dici
2789 1318 2804 1342 ,
2837 1278 2916 1332 vel
2953 1289 3172 1350 pmpIer
3195 1283 3522 1348 etutjnnctio-

1953 1375 2072 1414 nem
2095 1401 2112 1426 ,
2155 1363 2236 1416 vel
2281 1377 2496 1433 propter
2519 1367 2776 1436 originem
2809 1369 3040 1436 fundum,
3071 1388 3186 1440 qua:
3211 1373 3278 1428 de
3309 1376 3526 1428 nzasculi

1952 1453 2114 1508 latere
2137 1465 2310 1510 creata
2340 1468 2440 1512 est.
2471 1459 2601 1514 Nam
2643 1473 2698 1515 et
2723 1463 3006 1530 Apostolus
3047 1480 3138 1532 per
3167 1463 3268 1520 hoc
3299 1468 3524 1536 primum

1948 1545 2086 1613 quod
2121 1547 2228 1602 Deo
2269 1550 2576 1606 institucnte
2616 1556 2882 1620 pra-cessit
2919 1557 3258 1626 exemplum,
3291 1559 3526 1628 singulos

1949 1653 2188 1706 quosque
2215 1641 2482 1704 :idmonet,
2511 1654 2566 1698 ut
2590 1646 2686 1700 viri
2711 1663 2902 1702 uxores
2929 1663 3054 1704 suas
3072 1649 3290 1720 diligant
3311 1651 3523 1722 (Ephes.

1949 1743 2000 1792 v,
2029 1729 2098 1784 ‘25
2122 1740 2168 1783 et
2197 1729 2485 1798 (101083.111,
2511 1735 2622 1803 19).

1945 1861 2170 1916 CAPUT
2197 1861 2382 1918 XXIII.
2410 1895 2482 1906 -—-
2520 1869 2594 1920 Au
2622 1869 2768 1922 etiam
2809 1869 2860 1922 in
2901 1871 3138 1940 paradiso
3182 1875 3522 1941 perierandum

2017 1955 2186 2006 fuisset
2207 1998 2220 2016 ,
2250 1957 2293 2008 si
2323 1974 2465 2009 uento
2495 1971 2778 2028 peccasset,-
2805 1963 2881 2015 rel
2925 1973 3090 2016 utrum
3131 1977 3308 2017 contra
3353 1977 3521 2018 action

2015 2045 2233 2101 libidinis
2261 2059 2546 2118 pugnatura
2575 2051 2678 2104 illic
2700 2053 2872 2122 fuisset
2897 2054 3102 2106 traditio
3127 2056 3387 2109 castitatis.

2013 2183 2063 2238 I.
2095 2185 2344 2252 Quisquis
2385 2197 2559 2240 autem
2589 2187 2714 2242 (Νι-ἧι
2757 2204 2859 2242 ιιοιι
2902 2188 3064 2254 fuisse
3107 2191 3378 2254 coituros,
3419 2209 3520 2248 nec

1939 2284 2303 2340 generaturos,
2337 2277 2434 2330 nisi
2464 2288 2768 2344 peccasseul
2791 2321 2804 2342 ,
2833 2281 2957 2348 quid
2987 2281 3147 2347 dicit,
3181 2284 3276 2336 nisi
3305 2295 3518 2355 propter

1943 2365 2378 2419 numerasitatem
2409 2379 2710 2420 sanctorum
2739 2372 3092 2424 necessarium
3111 2371 3336 2426 liotninis
3357 2373 3518 2430 fuisse

1944 2455 2252 2520 peccatum?
2281 2455 2334 2508 Si
2371 2454 2509 2508 cnim
2555 2471 2657 2508 non
2703 2458 2967 2522 peccando
3006 2461 3100 2512 soli
3140 2475 3515 2527 remanerent,

1939 2545 2082 2614 quia,
2113 2546 2249 2600 sicut
2277 2555 2478 2614 putant,
2507 2547 2608 2600 nisi
2641 2559 2970 2616 peccassent,
2999 2566 3253 2616 petieram
3275 2569 3380 2606 non
3405 2571 3520 2622 pos-

1939 2643 2087 2696 scnt;
2119 2635 2353 2704 profecto
2384 2647 2438 2690 ut
2479 2653 2580 2691 non
2611 2639 2706 2692 soli
2738 2639 2844 2692 duo
2867 2641 2990 2707 justi
3023 2641 3263 2696 homines
3304 2656 3518 2712 possent

1939 2739 2088 2788 esse,
2114 2725 2206 2779 sed
2248 2728 2395 2782 tunlti
2415 2769 2426 2788 ,
2457 2733 2810 2782 necessarium
2841 2741 3107 2800 pet-citum
3140 2734 3252 2788 l'uit.
3282 2735 3430 2801 Quod
3473 2737 3516 2792 si

1937 2815 2156 2870 credere
2189 2817 2474 2872 absurdum
2513 2829 2627 2882 est,
2673 2819 2794 2873 illud
2838 2823 3010 2888 potitus
3037 2833 3120 2878 Cal.
3157 2827 3476 2880 credi-udum
3499 2871 3514 2890 ,

1938 2905 2078 2974 quod
2101 2916 2404 2962 sanctorum
2429 2925 2680 2964 numerus
2710 2923 2936 2976 quantus
2958 2913 3283 2982 cmupleodae
3307 2918 3377 2971 illi
3409 2918 3516 2972 suf-

1940 2995 2046 3050 Iicil.
2075 2995 2390 3050 beatissima:
2411 3000 2644 3064 civitati,
2677 3009 2852 3054 tantus
2888 3005 3170 3064 existeret.
3219 3007 3316 3060 etsi
3361 3025 3518 3062 tn-tno

1939 3095 2232 3154 peccasset,
2260 3097 2488 3156 quantus
2519 3106 2656 3142 nunc
2681 3107 2774 3159 per
2802 3092 2895 3146 Dei
2925 3075 3144 3164 gratiam
3181 3098 3248 3152 de
3275 3100 3514 3154 mollito.

1937 3177 2058 3230 dine
2075 3177 2336 3246 colligitur
2359 3189 2714 3245 peccatorum,
2741 3199 3012 3250 quousque
3035 3187 3126 3240 lilii
3157 3187 3310 3256 hujus
3331 3191 3512 3244 Smcnli

1935 3281 2186 3338 generant
2219 3281 2268 3324 et
2300 3282 2619 3340 generantur
2645 3271 2798 3344 (Luc.
2827 3291 2918 3339 xx,
2957 3275 3066 3346 5-4).

2005 3359 2060 3413 2.
2093 3361 2154 3413 Et
2182 3359 2300 3414 ideo
2331 3361 2435 3414 illa:
2465 3365 2659 3430 nuptize
2699 3364 2870 3434 digna:
2903 3367 3150 3420 lelicilate
3177 3369 3440 3437 paradisi,
3468 3371 3513 3427 si

1939 3461 2210 3519 peccatum
2241 3465 2344 3503 non
2375 3451 2591 3512 fuisset.
2625 3465 2676 3507 ct
2721 3453 3038 3522 diligendum
3089 3457 3290 3526 proli-ui
3336 3459 3516 3528 gigne-

1939 3551 2052 3596 rent
2075 3583 2090 3602 ,
2134 3551 2186 3596 et
2217 3543 2514 3611 pudendam
2561 3545 2828 3600 libidinem
2861 3563 2964 3600 non
2999 3547 3254 3604 baberent
3280 3549 3375 3620 (u).
3407 3551 3510 3606 Sed

1937 3633 2200 3700 quomodo
2228 3633 2278 3686 id
2309 3635 2419 3686 ﬁeri
2467 3645 2676 3702 posset,
2709 3652 2846 3691 llllllc
2878 3655 2981 3690 non
3023 3647 3102 3691 cst
3151 3655 3255 3708 quo
3292 3641 3514 3694 demon-

1935 3734 2130 3778 stretur
2146 3726 2411 3792 exemplo.
2435 3726 2540 3780 Nec
2568 3727 2688 3780 ideo
2717 3735 2892 3781 tamen
2923 3728 3229 3782 incredibile
3249 3731 3407 3784 debet
3431 3733 3512 3784 vi-

1935 3813 2046 3867 deri
2064 3856 2076 3876 ,
2101 3814 2259 3868 etiam
2287 3816 2410 3868 illud
2433 3833 2592 3870 ttnum
2635 3815 2750 3870 sine
2777 3817 2872 3871 ista
2897 3817 3111 3872 libidine
3137 3821 3390 3874 voluntati
3413 3837 3510 3890 po-

1937 3909 2097 3958 tuisse
2123 3905 2338 3960 servire.
2364 3909 2447 3960 cui
2477 3915 2553 3960 tot
2581 3908 2819 3962 membra
2841 3924 2980 3962 nunc
3001 3911 3255 3964 serviunt.
3281 3915 3360 3966 An
3385 3929 3512 3966 vero

1935 4011 2121 4052 manus
2149 4005 2202 4050 et
2229 3998 2393 4067 pedes
2425 4015 2718 4062 tttttVt‘tnlls,
2751 4015 2870 4053 cum
2899 4000 3166 4066 volumus,
3195 4002 3260 4056 ad
3299 4017 3360 4057 ea
3389 4019 3508 4070 qua:

1937 4087 2018 4142 bis
2044 4089 2292 4142 membris
2322 4090 2521 4158 agenda
2551 4099 2693 4155 sinit,
2713 4092 2828 4145 sine
2858 4091 2966 4144 ullo
2991 4092 3192 4156 renisu,
3222 4101 3362 4147 tanta
3383 4093 3510 4147 faci-

1935 4181 2100 4239 litate.
2129 4191 2322 4248 quanta
2349 4181 2473 4234 etin
2507 4182 2658 4235 nobis
2683 4193 2737 4236 et
2763 4183 2812 4235 in
2844 4183 2960 4236 aliis
2987 4183 3254 4246 videmus,
3283 4185 3512 4241 maxime

1934 4271 1985 4324 in
2015 4271 2307 4324 artilicihus
2335 4287 2668 4341 quorumque
2688 4275 2708 4304 ‘
2737 4289 2955 4342 operum
3002 4275 3354 4346 corporalium
3374 4317 3388 4336 ,
3423 4277 3508 4348 ubi

1930 4363 1996 4416 ad
2049 4365 2400 4417 exercendam
2459 4365 2801 4419 inﬁrmiorem
2850 4365 3240 4436 tardiore-mque
3265 4378 3506 4422 naturam

1930 4455 2121 4523 agilior
2165 4455 2388 4506 accessit
2427 4455 2722 4516 industria;
2764 4465 2816 4509 et
2861 4473 2964 4510 non
2994 4457 3258 4512 credimus
3284 4459 3348 4511 ad
3377 4475 3508 4526 «quis

1930 4544 2290 4612 generationis
2321 4543 2570 4602 liliornm.
2601 4546 2644 4598 si
2680 4546 2841 4598 libido
2868 4563 2970 4600 non
3003 4545 3207 4608 fuisset,
3237 4565 3354 4616 quzo
3386 4561 3507 4616 pec-

1926 4643 2046 4688 cato
2073 4633 2444 4687 inobcdientim
2465 4637 2718 4688 l'ell‘iltttla
2747 4645 2850 4698 est,
2879 4637 3186 4693 obedienter
3208 4639 3507 4692 hominibus

1928 4725 1994 4778 ad
2033 4725 2319 4779 voluntatis
2356 4735 2536 4778 nulum
2569 4727 2814 4781 similiter
2841 4737 2894 4782 ut
2937 4739 3126 4784 cu'lera
3155 4734 3390 4797 potuisse
3421 4731 3503 4782 illa

1928 4817 2162 4872 membra
2193 4817 2426 4872 servire?
2453 4817 2636 4871 Nonne
2659 4819 2846 4873 Cicero
2869 4820 2920 4874 in
2941 4821 3087 4875 libris
3108 4821 3173 4876 de
3197 4821 3503 4889 Republica.

1925 4923 2044 4962 cum
2085 4908 2154 4962 de
2197 4908 2540 4977 imperiorum
2569 4910 2866 4965 differentia
2911 4911 3235 4980 diSpntaret,
3267 4921 3318 4964 et
3351 4911 3504 4979 hujus

1927 5001 2001 5054 rei
2030 4999 2430 5053 similitudinem
2471 5015 2536 5055 ex
2583 5013 2767 5054 natura
2805 5002 3034 5055 hominis
3071 5012 3402 5066 assumeret,
3449 5012 3506 5056 ut

1929 5090 2048 5143 Iiliis
2073 5089 2210 5144 dixit
2239 5091 2486 5158 imperari
2531 5093 2770 5160 Corporis
2815 5093 3064 5146 nzetnbris
3114 5101 3328 5160 propter
3371 5094 3494 5146 ohe-

1925 5183 2100 5236 diendi
2134 5182 2472 5241 facilitatem;
2507 5183 2726 5237 vitiosas
2751 5199 2879 5237 vero
2907 5183 3064 5236 animi
3095 5195 3270 5252 partes
3301 5195 3357 5238 ut
3385 5201 3500 5240 ser-

1924 5289 2018 5328 vos
2059 5276 2329 5344 asperiore
2374 5275 2596 5344 imperio
2651 5274 2928 5328 coerceri?
2978 5275 3044 5328 Et
3095 5277 3274 5346 utique
3315 5279 3504 5333 ordine

1986 5449 2004 5479 ι
2039 5445 2174 5495 Vind.
2195 5455 2290 5494 Am.
2318 5453 2370 5494 et
2385 5451 2476 5502 Er.,
2503 5443 2588 5508 qui
2621 5445 2730 5508 fecit
2753 5444 2991 5496 hominem
3011 5445 3068 5496 ab
3089 5445 3242 5497 initio.
3273 5455 3389 5506 Vox.
3414 5451 3504 5498 Ιιοοι

1920 5507 2292 5570 ιιιὶηεηιλιιιιρςι
2331 5514 2488 5570 a_t.ov.
2517 5514 2568 5555 et
2595 5507 2627 5570 Διι
2667 5509 3024 5570 ιιιιιιιιιδοινίιιίς,
3064 5523 3250 5558 necnon
3283 5523 3308 5558 a
3343 5527 3503 5568 graeco

1922 5568 2166 5631 Evangelii
2179 5575 2338 5625 textu,
2357 5568 2453 5618 imo
2479 5573 2529 5616 ct
2549 5581 2577 5615 a
2595 5567 2740 5618 litim)
2757 5569 2804 5616 in
2827 5567 3195 5621 Cor'beiensibus
3212 5567 3371 5620 BIIlIIlS
3395 5586 3500 5622 ver-

1919 5629 2067 5680 siouis
2089 5629 2315 5692 \‘ttlgattr.

1983 5694 2006 5758 ξ
2038 5689 2748 5758 μοι..ὶιιιυιηᾳηειιιηᾳιιεηῐιῖάἰιί
2773 5689 3075 5758 alii_ct_‘:ltss.,
3102 5705 3413 5758 quorumque.

2009 5753 2060 5815 α)
2084 5753 2182 5801 \id.
2203 5751 2291 5800 lib.
2317 5751 2380 5800 de
2399 5751 2532 5800 I‘ecc.
2551 5753 2700 5814 orig.,
2727 5765 2776 5801 ιι.
2813 5753 2874 5803 40
2896 5753 2974 5803 45.

3585 5589 3614 5610 ο
