4054 6480
491 345 588 403 εει
1488 337 1579 393 DE
1615 329 1938 392 CIWTATE
1966 330 2077 386 DEI

488 462 714 518 naturali
760 461 968 516 animus
1014 457 1352 528 anteponitur
1379 443 1589 525 corpori
1614 497 1626 516 ,
1658 463 1712 507 et
1752 464 1926 507 tamen
1959 451 2072 519 ipse

489 559 698 609 auiums
714 556 935 623 impetat
953 551 1161 621 corpori
1179 549 1382 604 facilius
1393 563 1550 617 quam
1567 545 2072 601 sibi.Vcrnmtainen

489 646 603 700 haec
631 646 792 699 libido
811 687 826 710 ,
855 644 922 699 de
935 658 1037 714 qna
1055 656 1195 696 nunc
1219 640 1550 703 disserimus,
1570 653 1636 692 co
1661 637 1830 706 magis
1879 634 2074 689 eruim-

488 739 684 794 sccnda
699 738 896 801 existit,
911 737 1050 806 quod
1068 737 1276 791 animus
1300 737 1350 789 in
1371 750 1433 788 ea
1452 747 1549 787 nec
1562 731 1660 786 sibi
1674 729 1962 784 efﬁcaciter
1977 726 2076 780 im-

487 842 656 899 perat.
677 838 734 882 ut
757 829 978 882 omnino
991 843 1094 882 non
1118 827 1299 891 libeat;
1315 841 1413 881 nec
1437 822 1746 879 omnimodo
1769 818 2001 890 corpori,
2019 828 2072 872 ut

488 921 730 990 pudenda
759 921 997 974 membra
1014 921 1258 974 voluntas
1275 919 1451 988 potius
1475 932 1634 988 quant
1661 913 1824 970 libido
1839 926 2062 968 commo.

488 1020 610 1066 veat
625 1029 636 1063 :
653 1012 794 1081 quod
817 1013 859 1066 si
881 1012 949 1065 ita
967 1009 1380 1077 essetquudenda
1400 1026 1504 1063 non
1531 1008 1763 1063 esseut‘.
1781 1003 1929 1059 Nunc
1949 1017 2078 1056 vero

486 1103 645 1170 pudet
658 1105 892 1157 animum
911 1103 1083 1156 resisti
1102 1102 1200 1155 sibi
1218 1117 1250 1155 a
1267 1116 1510 1170 corpore,
1530 1098 1674 1169 quod
1687 1098 1733 1153 ei
1749 1092 2077 1152 tiaturaiufe-

487 1196 628 1248 riorc
657 1194 954 1262 subjectum
981 1202 1080 1247 est.
1110 1191 1166 1247 In
1184 1193 1303 1247 aliis
1345 1193 1538 1262 quippe
1563 1189 1931 1244 affectionibus
1954 1201 2074 1240 cum

485 1285 586 1340 sibi
620 1286 842 1349 resistit,
863 1285 984 1339 ideo
1009 1285 1183 1338 minus
1206 1282 1387 1354 pudet,
1411 1283 1532 1352 quia
1548 1295 1713 1335 curua
1734 1294 1793 1334 se
1820 1280 1934 1348 ipso
1960 1277 2076 1330 vin-

487 1381 647 1443 citur,
671 1379 785 1448 ipse
806 1394 864 1432 se
885 1379 1066 1439 vincit;
1095 1376 1196 1431 etsi
1223 1374 1520 1430 inordinate
1545 1383 1706 1441 atque
1725 1371 1936 1433 vitiose,
1952 1369 2072 1438 quia

488 1489 553 1526 cx
579 1472 660 1526 his
690 1472 951 1540 partibus,
983 1487 1102 1540 quzc
1127 1469 1319 1524 rationi
1341 1466 1529 1535 subjici
1559 1465 1794 1526 debent;
1844 1472 2025 1516 tamen
2045 1475 2077 1514 τι

490 1562 729 1632 partibus
768 1563 914 1627 suis,
945 1578 1007 1616 ac
1051 1575 1144 1630 per
1171 1561 1270 1614 hoc
1290 1601 1303 1622 ,
1332 1567 1394 1613 ut
1417 1559 1616 1613 dictum
1660 1566 1739 1611 est
1760 1596 1776 1622 ,
1815 1570 1844 1608 a
1875 1569 1933 1610 se
1961 1553 2076 1622 ipso

493 1655 743 1709 vincitur.
773 1654 904 1708 Nam
931 1669 1049 1708 cum
1072 1651 1316 1706 ordinate
1339 1666 1398 1705 se
1421 1650 1630 1704 animus
1655 1646 1839 1712 vincit,
1867 1655 1924 1700 ut
1943 1646 2077 1699 irra-

489 1745 719 1800 tionales
761 1753 939 1800 motus
981 1744 1098 1814 cjus
1137 1744 1302 1798 menti
1341 1743 1639 1811 rationique
1665 1739 1960 1795 subdantur
1991 1737 2074 1807 (si

491 1848 667 1891 tamen
692 1844 748 1890 et
773 1835 859 1890 illa
893 1835 1001 1890 Deo
1027 1834 1237 1888 subdita
1275 1835 1427 1902 est),
1468 1831 1641 1887 laudis
1682 1839 1843 1900 atque
1867 1828 2078 1882 virtutis

487 1936 592 1982 est.
622 1926 795 1981 Minus
823 1935 996 1981 tamen
1028 1925 1224 1996 pudet,
1265 1940 1386 1980 cum
1415 1924 1515 1979 sibi
1542 1923 1751 1978 animus
1777 1936 1843 1974 ex
1872 1919 2078 1974 vitiosis

489 2020 600 2073 suis
627 2019 866 2087 partibus
895 2034 1004 2073 non
1040 2020 1406 2088 obtemperat,
1437 2027 1596 2086 quant
1625 2029 1745 2069 cum
1771 2012 1821 2067 ei
1849 2024 2072 2080 corpus,

485 2107 628 2175 quod
655 2109 881 2162 alterum
908 2107 978 2162 ab
1009 2107 1098 2162 illo
1125 2115 1229 2174 est,
1258 2116 1418 2176 atque
1443 2103 1578 2159 infra
1608 2104 1755 2159 illum
1781 2111 1885 2169 est,
1912 2109 1968 2157 et
1991 2116 2075 2155 ευ-

487 2203 573 2268 jus
593 2203 709 2256 sine
735 2201 828 2256 illo
852 2211 1036 2256 natura
1057 2202 1079 2233 ¹
1102 2216 1210 2256 non
1235 2199 1385 2268 vivit,
1407 2199 1608 2270 volenti
1626 2196 1944 2270 jubentique
1965 2209 2074 2251 non

483 2291 644 2345 (mlh.

557 2404 608 2458 5.
640 2401 747 2460 Sed
785 2419 907 2460 cum
934 2406 1036 2460 alia
1068 2405 1304 2460 membra
1332 2405 1631 2460 retinentur
1657 2405 1944 2460 voluntatis
1972 2406 2075 2460 im-

485 2493 654 2560 pario,
677 2494 794 2549 sine
812 2495 1002 2565 quibus
1027 2496 1113 2550 illa
1134 2511 1256 2566 quae
1276 2506 1464 2551 contra
1489 2496 1813 2550 voluntatem
1859 2495 2076 2552 libidine

471 2585 840 2650 concitantur,
871 2585 922 2641 id
949 2587 1089 2658 quod
1112 2598 1390 2659 appetunt,
1418 2587 1642 2658 implere
1683 2603 1788 2642 non
1817 2598 2074 2659 possunt;

483 2678 737 2747 pudicitia
779 2679 1094 2744 custoditur,
1143 2695 1251 2734 non
1287 2681 1508 2749 amissa,
1531 2679 1625 2734 sed
1672 2695 1782 2734 non
1812 2679 2070 2749 permissa

481 2769 836 2826 delectatione
862 2772 1088 2842 peccati.
1119 2771 1272 2827 llunc
1317 2771 1575 2838 renisam,
1612 2770 1751 2827 banc
1779 2786 2074 2841 repugnan-

483 2861 633 2929 tiam,
662 2861 798 2916 banc
823 2861 1109 2917 voluntatis
1132 2870 1187 2918 et
1211 2862 1446 2918 libidinis
1475 2863 1666 2927 rixam,
1706 2862 1790 2917 vel
1833 2871 1978 2918 certe
2006 2862 2072 2917 ad

483 2955 774 3009 voluntatis
803 2955 1204 3022 sufficientiam,
1230 2955 1465 3010 libidinis
1492 2955 1857 3026 indigentiam,
1887 2956 2073 3026 procul

483 3044 646 3098 dubio
674 3046 774 3100 nisi
799 3045 1079 3115 culpabilis
1118 3045 1476 3101 inobedientia
1516 3046 1714 3116 pmnali
1759 3047 2072 3102 inobcdien-

485 3142 554 3196 tia
599 3142 942 3211 plecteretur,
1001 3141 1054 3196 in
1100 3140 1358 3212 paradiso
1397 3141 1597 3210 nuptiae
1642 3155 1745 3195 non
1792 3140 2071 3204 baberent,

482 3233 576 3287 sed
599 3234 851 3288 voluntati
873 3234 1110 3288 membra
1132 3233 1239 3298 illa,
1259 3241 1316 3287 ut
1330 3241 1524 3288 caetera
1538 3242 1748 3296 cuncta,
1767 3231 2072 3286 servirent'.

481 3323 560 3378 lla
600 3323 829 3394 genitale
869 3339 1057 3379 arvum
1089 3324 1107 3396 (
1133 3323 1310 3395 Virgil.
1341 3321 1526 3393 Georg.
1565 3322 1655 3376 lib.
1681 3323 1749 3388 3,
1776 3339 1904 3376 vers.
1938 3322 2073 3391 156)

482 3429 576 3468 vas
602 3415 655 3469 in
686 3413 786 3469 hoc
814 3429 949 3484 opus
975 3423 1213 3471 creatum
1241 3415 1553 3479 seminaret,
1599 3421 1655 3467 ut
1695 3428 1835 3467 nunc
1877 3421 2073 3469 terram

483 3523 692 3563 manus.
721 3508 789 3562 Et
828 3507 968 3577 quod
1015 3507 1176 3562 modo
1217 3506 1284 3561 de
1327 3507 1429 3561 bac
1470 3521 1528 3560 re
1576 3505 1730 3561 nobis
1776 3505 2075 3560 volentibus

482 3601 788 3672 diligentius
816 3599 1111 3670 disputare,
1152 3598 1474 3654 verecundia
1508 3597 1728 3662 resistit,
1761 3607 1815 3653 et
1839 3597 2077 3666 compel-

486 3694 542 3748 lit
568 3693 776 3748 veniam
807 3693 1012 3748 bonore
1039 3693 1258 3764 prmi'ato
1282 3707 1314 3748 a
1345 3691 1550 3761 pudicis
1577 3691 1795 3745 auribus
1832 3703 2071 3760 poscere,

483 3802 581 3840 cur
610 3784 663 3839 id
697 3785 846 3839 fieret
871 3783 1016 3838 nulla
1040 3797 1205 3838 causa
1228 3791 1372 3837 esset
1403 3800 1417 3836 :
1445 3784 1540 3838 sed
1566 3781 1617 3836 in
1657 3782 1832 3835 omnia
1864 3796 1982 3849 quae
2007 3780 2076 3834 de

487 3877 790 3946 huiusmodi
833 3875 1088 3930 membris
1131 3889 1346 3929 sensum
1389 3873 1672 3942 cogitantis
1717 3871 2072 3940 attingerent,

486 3971 604 4025 sine
641 3967 752 4023 ullo
792 3967 984 4022 timore
1022 3965 1370 4020 obscenitatis
1419 3964 1548 4018 liber
1582 3978 1760 4017 sermo
1803 3961 2027 4016 ferretur
2058 3978 2072 4015 :

489 4077 590 4116 nec
629 4063 740 4130 ipsa
768 4060 930 4114 verba
955 4067 1158 4124 essent,
1190 4072 1309 4127 qua:
1337 4066 1655 4110 vocarentur
1692 4054 1952 4119 obscena;
1983 4052 2074 4108 sed

487 4151 742 4222 quidquid
773 4151 893 4205 inde
918 4151 1202 4212 diceretur,
1235 4157 1341 4201 tam
1385 4147 1665 4200 honestum
1709 4155 1873 4210 esset,
1919 4159 2075 4214 quant

443 4262 451 4267 ·
488 4244 556 4298 de
584 4242 704 4296 aliis
729 4257 851 4296 cum
871 4241 1134 4311 loquimur
1153 4239 1393 4310 corporis
1411 4238 1666 4307 partibus.
1685 4235 1933 4306 Quisquis
1951 4249 2080 4305 ergo

489 4333 558 4389 sd
590 4332 915 4387 liaslitteras
959 4331 1257 4400 impudicus
1297 4329 1527 4396 accedit,
1573 4327 1783 4397 culpam
1833 4326 2077 4398 refugiat,

491 4439 597 4478 non
643 4430 918 4486 naturam;
959 4419 1096 4476 facta
1147 4420 1366 4476 denotet
1407 4434 1520 4475 suae
1564 4417 1927 4488 turpitudinis,
1973 4434 2102 4482 non,

493 4515 652 4570 verba
683 4523 879 4570 nostra:
903 4512 1274 4577 necessitatis;
1320 4513 1374 4568 in
1422 4510 1616 4582 quibus
1657 4508 1786 4564 mihi
1831 4507 2084 4564 facillime

495 4608 718 4677 pudicus
764 4615 821 4662 e-t
864 4606 1146 4677 religiosus
1191 4606 1360 4660 lector
1413 4604 1497 4658 vel
1559 4601 1776 4658 auditor
1831 4601 2080 4672 ignoscit,

496 4699 665 4753 donec
689 4697 1050 4752 infidelitatem
1081 4695 1341 4762 refellam,
1364 4712 1470 4751 non
1495 4693 1561 4749 de
1591 4693 1694 4748 fide
1722 4707 1899 4748 rerum
1931 4691 2082 4747 inex-

507 4797 788 4850 acrtarum,
814 4786 910 4843 sed
949 4786 1016 4842 de
1042 4800 1206 4841 sensu
1231 4795 1571 4855 expertarum
1600 4792 2082 4854 argumentantetn.

497 4879 647 4950 Legit
684 4880 828 4934 enim
874 4876 988 4932 haec
1029 4877 1147 4932 sine
1187 4875 1480 4931 offensione
1504 4917 1522 4941 ,
1562 4875 1652 4945 qui
1683 4890 1787 4931 non
1832 4873 2087 4930 exhorret

495 4972 808 5048 Apostolum
835 4968 1100 5025 horrenda
1120 4966 1437 5024 feminarum
1468 4966 1664 5036 ﬂagitia
1683 4964 2085 5037 reprehenden-

497 5071 625 5129 tem,
653 5079 777 5132 qttzn
813 5061 1201 5116 inmutaverunt
1230 5057 1510 5113 naturalem
1542 5074 1691 5112 usum
1719 5058 1772 5111 in
1795 5073 1912 5111 enin
1937 5073 2088 5110 usum

497 5153 582 5220 qui
607 5163 873 5208 utcontra
897 5164 1130 5207 naturam
1154 5150 1331 5224 (Bent.
1347 5167 1384 5213 ι,
1401 5149 1503 5220 26)
1526 5167 1537 5203 :
1557 5151 1825 5222 praecipue
1840 5151 1965 5220 quia
1991 5165 2089 5203 nos

499 5257 606 5297 non
631 5243 984 5301 damnabilem
1009 5244 1391 5300 obscenitatem
1423 5258 1582 5305 nunc,
1620 5243 1760 5297 sicut
1804 5242 1891 5298 ille
1936 5257 2086 5297 cmu-

501 5348 860 5390 memoramus
883 5347 1042 5407 atque
1063 5333 1527 5405 reprehendimus,
1549 5331 1644 5389 sed
1667 5333 1718 5388 in
1735 5333 2086 5404 explicandis,

427 5577 444 5588 .
534 5533 586 5606 ’,ξ
622 5539 754 5606 tor...
789 5531 1015 5596 pudenda
1049 5532 1239 5586 οιηιιίιιο
1272 5545 1367 5584 non
1400 5538 1572 5586 essem.
1615 5531 1782 5592 Abest,
1801 5529 2008 5592 milia,
2031 5531 2095 5581 ab

501 5594 608 5646 iiiis
631 5594 798 5645 libris.

569 5660 588 5688 ³
625 5659 760 5717 liditi,
785 5657 883 5708 ulla
904 5663 1093 5707 victura.
1121 5656 1286 5719 Abest,
1307 5655 1423 5716 ulla,
1443 5669 1470 5707 a
1494 5664 1596 5708 Mss.

527 5721 604 5832 ὦ
622 5715 800 5771 tunncs
843 5726 970 5781 Mss,
1011 5717 1226 5770 mentbra
1272 5715 1336 5770 ἰιι
1385 5715 1591 5782 cratera,
1635 5717 1705 5772 ita
1739 5721 1912 5770 cuncta
1949 5715 2096 5770 servi-

501 5795 526 5828 Υ

2085 372 2098 395 ,
2129 328 2184 385 S.
2229 327 2595 387 AUGUSTINI

3661 327 3770 383 ιη

2181 457 2434 515 quantum
2465 461 2764 517 possumus,
2781 445 3028 500 humana!
3054 446 3410 516 generationis
3435 444 3714 500 rlcctilnis
3732 443 3772 504 '.

2180 538 2340 591 verba
2366 548 2566 606 tamen,
2596 539 2733 592 sient
2755 538 2865 596 ille.
2896 539 3126 593 obscena
3159 538 3406 594 vitamus.

2179 691 2408 747 CAPUT
2451 692 2640 748 XXIV.
2679 723 2752 735 -—-
2799 693 2951 758 Quod
2987 696 3211 749 insontes
3254 695 3480 750 homines
3516 705 3564 750 et
3593 695 3776 750 merito

2252 784 2544 845 obedientic
2578 787 2630 840 in
2673 789 2916 856 paradiso
2959 799 3324 854 permanentes,
3369 788 3441 842 ita
3466 788 3776 860 genitalibus

2250 876 2482 929 insuit-ris
2505 878 2714 946 fuissent
2744 880 2887 932 usuri
2911 879 2979 932 ad
3001 879 3376 948 generationem
3423 881 3600 948 prolis,
3641 881 3774 935 sicut

2251 968 2446 1020 ceteris
2472 969 2540 1020 ad
2567 969 2832 1022 arbitrium
2854 970 3146 1024 nobilitatis.

2253 1123 2301 1176 l.
2335 1121 2634 1178 Seminaret
2664 1123 2820 1193 igitur
2848 1124 3046 1192 prolem
3097 1127 3201 1190 vir,
3239 1125 3533 1194 susciptrct
3573 1125 3772 1182 femina

2179 1214 2496 1282 genitalibus
2513 1214 2995 1284 membrisqnando
3024 1215 3074 1269 id
3105 1225 3418 1284 Opusesset,
3443 1226 3497 1272 et
3511 1227 3774 1286 quantum

2179 1321 2313 1373 opus
2342 1315 2503 1371 esset,
2529 1306 2803 1360 voluntate
2825 1308 2984 1362 motis
3011 1348 3026 1369 ,
3056 1322 3161 1361 non
3206 1306 3427 1362 libidine
3462 1308 3765 1364 concitatis.

2179 1395 2361 1464 Neque
2408 1397 2548 1450 enim
2599 1411 2662 1451 ea
2705 1396 2818 1450 sola
2865 1396 3103 1452 membra
3148 1412 3422 1452 movenms
3446 1397 3512 1452 ad
3556 1408 3772 1462 nutum,

2179 1503 2298 1554 qua:
2322 1487 2612 1556 compactis
2636 1487 2920 1556 articulata
2943 1497 3062 1543 sunt
3088 1489 3320 1555 ossibus,
3351 1489 3489 1544 sicut
3509 1490 3674 1559 pedes
3712 1500 3770 1544 et

2178 1592 2368 1632 mannis
2408 1587 2464 1633 et
2509 1579 2740 1648 digitos;
2787 1594 2971 1635 verum
3019 1580 3180 1635 etiam
3220 1581 3309 1634 illa
3355 1597 3474 1652 qua:
3519 1581 3775 1637 mollibus

2178 1671 2401 1724 remissa
2420 1681 2543 1725 sunt
2565 1673 2762 1738 nervis,
2779 1687 2899 1726 cum
2920 1671 3186 1738 volumus,
3206 1687 3478 1728 movemus
3497 1672 3774 1744 agitando,

2177 1770 2233 1816 et
2262 1761 2582 1833 porrigenda
2610 1764 2977 1832 producimus,
3001 1773 3056 1819 et
3087 1764 3381 1836 torquendo
3405 1763 3692 1832 flectimus,
3715 1774 3773 1819 ct

2178 1854 2598 1924 constringe-udo
2625 1855 2912 1919 duramus;
2940 1856 3080 1909 sicut
3107 1871 3170 1910 ea
3198 1865 3324 1910 sunt
3355 1872 3474 1927 qua:
3501 1855 3556 1910 in
3579 1872 3677 1912 ore
3703 1872 3773 1911 ac

2179 1945 2336 2012 facie,
2379 1957 2637 2018 quantum
2683 1957 2878 2018 potest,
2928 1948 3176 2004 voluntas
3225 1958 3426 2006 movet.
3479 1949 3773 2006 l’ulmones

2179 2037 2409 2110 denique
2452 2039 2553 2109 ipsi
2598 2040 2863 2108 omnium,
2891 2040 2994 2095 nisi
3031 2041 3417 2108 medullarum,
3466 2040 3774 2096 niollissinii

2180 2130 2464 2196 viseerum,
2511 2139 2567 2186 et
2602 2130 2674 2185 ob
2717 2130 2818 2186 hoc
2855 2142 3013 2186 antro
3059 2132 3288 2202 pectoris
3331 2133 3668 2197 commoniti,
3695 2133 3774 2188 ad

2179 2221 2418 2291 Spiritum
2453 2221 2755 2279 ducendum
2781 2238 2847 2279 ac
2876 2225 3230 2280 remitendutn
3271 2240 3562 2296 vocemque
3608 2227 3771 2281 emit-

2180 2311 2391 2366 tendam
2418 2325 2514 2367 seu
2542 2312 2970 2381 modilicandam,
3003 2314 3141 2369 sicut
3167 2314 3320 2368 folles
3366 2316 3634 2369 fabrorum
3681 2315 3773 2370 vel

2178 2418 2519 2473 organorum,
2551 2403 3108 2475 flantis,'rcspirantis,
3139 2404 3420 2475 loquentis,
3448 2405 3732 2459 clamantis
3752 2448 3770 2470 ,

2177 2497 2464 2562 cantantis,
2487 2500 2727 2552 serviunt
2756 2497 3033 2553 voluntati.
3062 2496 3266 2553 Omitto
3288 2497 3426 2568 quod
3450 2497 3776 2554 animalibus

2177 2589 2493 2660 quibusdam
2537 2591 2853 2646 naturaliter
2897 2591 3120 2646 inditum
3158 2597 3260 2654 est,
3303 2598 3361 2644 ut
3407 2599 3617 2657 tegmen
3659 2605 3780 2660 quo

2177 2697 2369 2751 cmpos
2414 2698 2578 2738 orune
2623 2682 2880 2749 vestitur,
2925 2682 2972 2738 si
3011 2681 3138 2752 quid
3182 2681 3235 2735 in
3273 2695 3610 2752 quocumque
3650 2683 3778 2735 loco

2177 2773 2294 2844 ejus
2319 2774 2584 2830 senserint
2619 2774 2962 2845 abigendum,
3012 2774 3083 2828 ibi
3116 2783 3320 2828 tantum
3362 2782 3633 2839 moveant,
3676 2774 3776 2830 ubi

2177 2865 2447 2930 sentiunt;
2476 2882 2574 2922 nec
2599 2867 2776 2921 solum
2802 2866 3097 2922 insidentes
3133 2881 3364 2930 muscas,
3389 2882 3572 2922 verum
3600 2867 3776 2922 etiam

2178 2955 2443 3012 lui-rentes
2481 2957 2699 3013 bastas’
2720 2958 2860 3014 cutis
2904 2966 3136 3013 tremore
3165 2957 3470 3013 discutiant.
3501 2956 3776 3026 Numquid

2177 3052 2302 3120 quia
2329 3049 2382 3104 id
2420 3065 2527 3105 non
2559 3061 2734 3120 potest
2771 3050 2959 3116 homo,
2999 3049 3120 3104 ideo
3167 3051 3395 3104 Creator
3435 3048 3632 3120 quibus
3670 3062 3773 3102 vo-

2179 3140 2276 3194 luit
2302 3140 2664 3195 animantibus
2685 3141 2886 3195 donare
2915 3157 3019 3194 non
3050 3141 3258 3209 potuit?
3284 3141 3373 3195 Sic
3403 3153 3537 3209 ergo
3564 3149 3618 3193 et
3653 3138 3777 3208 ipso

2178 3230 2340 3286 homo
2384 3233 2556 3302 potuit
2601 3231 2960 3286 obedientiam
3001 3232 3161 3286 etiam
3210 3230 3519 3284 inferiorum
3569 3229 3777 3285 habere

2177 3325 2560 3389 membrorum,
2589 3340 2747 3394 quam
2773 3339 2868 3378 sua
2896 3323 3257 3378 inobedientia
3299 3321 3552 3392 perdidit.
3582 3321 3778 3393 Neque

2178 3417 2322 3472 enim
2363 3417 2474 3471 Deo
2511 3416 2728 3472 diftieile
2767 3417 2864 3470 fuit
2904 3416 2984 3471 sic
3026 3415 3175 3469 illum
3200 3415 3453 3480 condere,
3479 3422 3536 3468 ut
3564 3414 3620 3468 in
3647 3413 3780 3483 ejus

2177 3522 2341 3564 carne
2377 3508 2536 3563 etiam
2578 3508 2707 3562 illud
2755 3507 2968 3562 nonnisi
2995 3507 3113 3576 ejus
3137 3506 3413 3561 voluntate
3437 3495 3776 3568 moveretur,

2177 3600 2321 3673 quod
2352 3617 2494 3657 nunc
2519 3601 2618 3656 nisi
2646 3600 2864 3656 libidine
2891 3615 2999 3656 non
3025 3608 3288 3654 movetur.

2248 3693 2304 3748 2.
2335 3693 2466 3749 Nam
2495 3702 2550 3748 et
2575 3692 2854 3747 hominum
2889 3691 3240 3762 quorumdam
3271 3699 3491 3746 naturas
3524 3688 3786 3746 novimus

2180 3786 2405 3841 multum
2435 3785 2645 3839 caneris
2685 3784 2946 3852 dispares,
2978 3791 3034 3837 ct
3077 3783 3190 3852 ipsa
3224 3782 3443 3836 raritate
3473 3779 3780 3846 mirabiles,

2181 3877 2434 3932 nonnulla
2450 3885 2507 3929 ut
2523 3875 2707 3929 volunt
2724 3874 2791 3928 de
2805 3887 3032 3944 corpore
3045 3871 3369 3932 facientium,
3382 3887 3504 3943 qua:
3516 3872 3604 3926 alii
3624 3872 3788 3926 nullo

2183 3967 2342 4022 modo
2373 3975 2614 4036 possunt,
2643 3974 2700 4020 et
2723 3965 2903 4020 audita
2929 3965 3022 4020 vix
3047 3963 3291 4020 credunt.
3323 3964 3460 4020 Sunt
3491 3965 3633 4018 enim
3681 3964 3788 4033 qui

2149 4062 2240 4115 ‘ct
2279 4074 2441 4114 aures
2488 4067 2742 4112 moveant
2787 4057 2868 4112 vel
2913 4057 3190 4128 singulas,
3229 4056 3315 4111 vel
3362 4055 3551 4110 ambas
3589 4055 3785 4110 simul.

2183 4151 2324 4206 Sunt
2361 4151 2450 4221 qui
2494 4158 2662 4205 totam
2699 4150 2977 4205 caesariem
3015 4149 3191 4220 capite
3231 4151 3472 4211 immoto,
3512 4159 3788 4218 quantum

2184 4242 2360 4312 capilli
2391 4249 2684 4312 occupant,
2715 4241 2992 4312 deponunt
3023 4241 3091 4297 ad
3118 4241 3380 4308 frontem,
3414 4253 3793 4311 revocautquc

2185 4349 2308 4390 cum
2336 4335 2543 4390 volunt.
2571 4334 2710 4390 Sunt
2737 4335 2826 4404 qui
2857 4350 3040 4390 eorum
3067 4350 3187 4405 qua:
3217 4335 3524 4391 roraverint
3544 4333 3792 4388 incredi-

2187 4425 2370 4481 biliter
2387 4426 2615 4496 plurima
2638 4434 2695 4482 et
2721 4426 2886 4492 varia,
2919 4427 3190 4497 paululum
3218 4425 3529 4497 pnecordiis
3557 4433 3787 4481 contre-

2187 4520 2342 4574 etatis
2383 4529 2630 4589 tanquam
2661 4519 2730 4575 de
2755 4520 2970 4576 sacculo
3015 4519 3154 4590 quod
3197 4519 3458 4589 placuerit
3495 4517 3794 4587 integerri-

2191 4625 2335 4665 mum
2365 4611 2660 4680 proferunt.
2683 4610 2910 4676 Quidam
2947 4624 3106 4664 voces
3131 4609 3307 4664 avium
3338 4622 3700 4678 pecorumque
3727 4617 3792 4662 et

2190 4703 2418 4758 aliorum
2463 4701 2829 4773 quorumlibet
2873 4701 3149 4756 hominum
3189 4701 3271 4755 sic
3307 4700 3585 4754 imitantur
3621 4707 3796 4768 atque

2192 4793 2519 4864 exprimunt,
2563 4804 2618 4848 ut
2667 4793 2766 4848 nisi
2804 4792 3105 4858 videantur,
3140 4789 3376 4846 discerni
3412 4789 3630 4844 omnino
3676 4805 3798 4844 non

2194 4885 2419 4964 possint.
2451 4885 2699 4941 Nonnulli
2728 4885 2796 4940 ab
2819 4885 2926 4939 imo
2947 4883 3064 4939 sine
3094 4881 3347 4954 paedore'
3369 4882 3476 4936 ullo
3502 4880 3572 4934 ita
3597 4896 3798 4934 nume-

2195 4992 2348 5032 rosos
2365 4993 2460 5048 pro
2481 4977 2702 5031 arbitrio
2721 4975 2927 5032 sonitus
2954 4974 3140 5039 edunt,
3163 4982 3222 5028 ut
3246 4989 3312 5030 es
3337 4973 3424 5028 illa
3447 4972 3607 5026 ctiaut
3633 4980 3795 5040 parte

2193 5078 2410 5122 cantare
2451 5067 2749 5122 videantur.
2779 5065 2896 5136 Ipse
2921 5078 3036 5118 sum
3061 5073 3338 5134 expertus,
3375 5061 3568 5117 sudare
3608 5059 3798 5114 bornio

2195 5176 2316 5217 nem
2351 5161 2525 5214 solere
2571 5174 2693 5215 cum
2733 5158 2913 5213 vellet.
2957 5155 3150 5212 Notum
3197 5163 3301 5219 est,
3347 5152 3607 5224 quosdam
3656 5150 3801 5206 flere

2196 5267 2317 5307 cum
2339 5252 2545 5316 volunt,
2563 5260 2726 5320 atque
2743 5250 2968 5306 ubertim
2989 5249 3252 5318 lacrymas
3269 5246 3508 5301 fundere.
3524 5243 3643 5300 .lam
3659 5243 3802 5299 illud

2201 5345 2366 5399 multo
2391 5352 2474 5398 est
2503 5341 2865 5398 incredibilius
2890 5340 3028 5411 quod
3058 5341 3296 5411 plerique
3317 5339 3506 5394 fratres
3527 5337 3804 5392 memoria

2199 5435 2564 5492 recentissima
2589 5434 2794 5503 experti
2816 5443 2959 5488 sunt.
2993 5431 3282 5504 Presbyter
3309 5430 3409 5486 fuit
3436 5427 3654 5502 quidam
3695 5442 3805 5484 no-

2265 5657 2279 5688 ¹
2319 5663 2366 5706 tu
2388 5655 2488 5704 sola
2515 5655 2725 5704 editione
2743 5662 2874 5710 ιον..
2897 5651 3157 5715 «molibus.

2265 5720 2288 5750 ¹
2321 5717 2454 5766 \‘ind.
2476 5726 2576 5766 Am.
2605 5723 2656 5765 et
2679 5722 2778 5775 l-;r.,
2794 5716 2988 5764 artatus.

2273 5782 2292 5814 ³
2323 5782 2395 5830 sic
2411 5787 2516 5829 Mss.
2541 5778 2653 5827 Bditi
2679 5790 2817 5835 vero,
2840 5778 3041 5839 pudore.
