4054 6488
251 407 346 464 ιδ

251 523 384 578 utine
414 520 713 578 Restitutus
733 523 785 577 in
809 525 1040 594 parm
1076 525 1406 582 Calamensis
1438 527 1516 600 (ιι)
1542 527 1815 595 Ecclesiae,

248 613 634 684 quiquandoei
663 618 905 685 placebat
928 617 1250 690 (rogabatur
1287 627 1465 674 autem
1509 629 1566 673 ιιι
1607 621 1708 674 hoc
1747 622 1818 674 fa-

255 716 380 760 teret
391 706 467 759 ali
483 711 567 761 eis
581 708 668 776 qui
689 724 803 762 rem
823 709 1118 764 mirabilem
1137 724 1319 764 coram
1335 709 1474 766 scire
1489 710 1816 783 cupiebant),

254 802 305 853 id
335 801 568 856 imitatas
589 803 742 871 quasi
773 803 1112 857 lamentantis
1135 803 1419 872 cujuslibet
1460 803 1694 859 hominis
1727 820 1819 859 voc

255 906 344 955 :es,
375 893 442 944 ita
465 907 532 947 se
551 893 834 948 auferebat
850 909 880 947 a
904 894 1171 961 sensibus,
1193 906 1247 950 et
1281 895 1490 962 jaeebat
1519 896 1820 952 simillinnts

250 991 463 1046 «tortae,
494 993 690 1040 utnon
737 986 908 1039 solum
955 986 1270 1040 vellieantes
1314 996 1480 1057 atque
1521 996 1819 1056 pungentes

247 1075 451 1130 minime
477 1077 725 1140 sentiret,
755 1077 849 1132 sed
873 1078 1165 1147 aliquando
1203 1079 1363 1133 aiam
1417 1080 1535 1149 igne
1578 1089 1820 1134 ure-retur

245 1169 466 1230 ademto.
500 1168 626 1224 sine
673 1169 786 1224 ullo
813 1169 1014 1224 doloris
1051 1184 1235 1236 sensu,
1263 1171 1364 1224 nisi
1387 1171 1724 1239 postmodum
1751 1187 1814 1226 ex

245 1262 450 1315 vulnere
478 1279 491 1314 ε
523 1276 636 1316 non
674 1271 854 1315 autem
899 1261 1212 1326 obnitendo,
1245 1261 1340 1316 sed
1383 1277 1490 1316 non
1533 1261 1819 1316 sentiendo

245 1367 338 1404 ιιιιιι
359 1365 580 1406 movere
607 1367 803 1420 corpus
818 1393 832 1415 ,
862 1368 927 1408 eo
947 1353 1272 1422 probabatur
1291 1393 1307 1416 ,
1329 1353 1469 1422 quod
1495 1362 1742 1422 tanquam
1767 1353 1817 1406 in

243 1441 481 1496 defuncto
528 1443 709 1497 nullus
756 1444 1128 1499 inveniebatur
1173 1444 1440 1499 anhelitus
1485 1462 1497 1497 :
1543 1443 1817 1498 hominum

245 1544 417 1595 tamen,
435 1548 619 1598 voces,
645 1535 690 1588 si
711 1535 908 1588 clarius
936 1535 1295 1604 loquerentur,
1331 1544 1580 1604 tanquam
1607 1535 1675 1589 de
1703 1535 1820 1589 lon-

242 1625 423 1693 ginqtto
449 1639 508 1678 se
535 1623 724 1679 audire
757 1636 939 1694 postea
963 1624 1245 1681 referebat.
1268 1625 1402 1680 Cum
1429 1627 1604 1694 itaque
1625 1640 1818 1693 corpus

243 1714 386 1767 etiam
429 1730 576 1770 nunc
622 1716 974 1785 quibusdam,
1025 1716 1148 1770 licet
1192 1717 1243 1770 iu
1291 1732 1455 1771 carne
1513 1717 1817 1785 coruptibili

245 1805 366 1860 hanc
407 1821 773 1860 mmnmnsmu
817 1806 1133 1862 ducentibus
1157 1808 1340 1870 vitam,
1373 1809 1442 1862 ita
1475 1806 1526 1860 in
1553 1807 1819 1876 plerisque

243 1896 552 1950 motionibus
569 1905 626 1951 et
643 1896 1012 1952 all'eetiouibus
1031 1907 1178 1952 extra
1203 1899 1450 1952 usitatum
1475 1907 1678 1952 naturze
1705 1914 1817 1950 mo-

242 1992 355 2044 dum
381 1993 703 2046 mirabiliter
725 1993 951 2056 serviat;
979 1993 1103 2061 quid
1140 2007 1316 2046 causa:
1343 2001 1445 2057 est,
1479 2002 1536 2045 ut
1565 2006 1670 2047 non
1697 2005 1816 2046 crc-

241 2079 414 2135 damus
440 2091 571 2137 ante
613 2083 990 2137 iaobedientize
1030 2090 1304 2153 peccatum
1348 2083 1818 2152 corruptionisque

242 2173 568 2242 supplicium,
590 2173 656 2227 ad
681 2176 1068 2244 propagandam
1101 2174 1302 2243 prolem
1330 2174 1445 2230 sine
1468 2175 1571 2228 ulla
1598 2174 1818 2230 libidine

243 2265 426 2318 servire
453 2264 722 2318 voluntati
752 2266 998 2320 limitant}:
1026 2269 1254 2320 lmnaua
1287 2267 1524 2320 membra
1546 2266 1818 2337 potuisse?

245 2355 460 2409 Donatus
495 2357 782 2426 estitaque
827 2356 989 2412 hoino
1032 2357 1159 2423 sibi,
1191 2357 1314 2427 quia
1364 2357 1605 2412 deseruit
1651 2357 1815 2411 Deum

243 2447 482 2513 placenda
525 2448 635 2503 sibi
680 2466 696 2502 ε
737 2457 791 2502 et
825 2465 934 2502 non
981 2449 1240 2504 obcd‘etts
1289 2449 1430 2514 lico,
1489 2464 1594 2502 non
1649 2450 1819 2518 potuit

239 2539 440 2594 obedire
471 2557 577 2595 nec
599 2541 722 2594 sibi.
756 2541 888 2595 lline
908 2541 1208 2596 evidentior
1234 2541 1468 2605 miseria,
1497 2542 1630 2610 qna‘
1658 2541 1818 2594 homo

242 2645 332 2684 min
360 2630 486 2684 vivit
506 2639 569 2684 nt
594 2631 722 2694 vult,
754 2631 885 2686 Nam
914 2633 959 2686 si
987 2642 1042 2686 ιιι
1067 2632 1226 2686 vellet
1256 2633 1474 2694 viveret,
1510 2633 1722 2686 beatum
1757 2645 1818 2686 se

242 2731 432 2789 putaret
459 2740 474 2776 :
506 2722 606 2776 sed
637 2738 738 2777 nec
759 2724 838 2777 sic
864 2732 1042 2778 tamen
1067 2733 1234 2788 esset,
1265 2723 1308 2777 si
1339 2723 1564 2792 turpiter
1588 2722 1814 2776 viveret.

238 2833 445 2890 CAPUT
485 2833 661 2890 XXV.
693 2834 772 2889 De
809 2851 926 2890 vera
964 2835 1289 2902 beatitudire,
1327 2852 1480 2908 quam
1525 2835 1816 2905 temporalis

776 2927 876 2979 rita
907 2942 1007 2980 non
1028 2927 1235 2980 obtinet.

297 3036 607 3106 Quanquam
639 3038 683 3093 si
711 3037 1015 3108 diligentius
1042 3039 1407 3107 attendamus,
1457 3040 1557 3094 nisi
1603 3041 1809 3104 beatus,

237 3142 331 3182 non
370 3131 497 3183 vivit
539 3139 598 3182 ut
636 3131 750 3184 vult
780 3149 793 3184 :
825 3139 880 3184 et
907 3131 1082 3186 nullus
1107 3131 1328 3196 beatus,
1359 3133 1456 3188 nisi
1481 3133 1676 3202 justus.
1707 3134 1813 3188 Sed

237 3220 378 3274 etiam
400 3221 513 3290 ipse
536 3220 717 3289 justus
743 3237 848 3275 non
877 3221 1007 3276 vivit
1034 3233 1092 3276 ut
1119 3224 1252 3285 vult,
1271 3224 1369 3279 nisi
1398 3239 1463 3278 eo
1486 3227 1811 3295 pervenerit,

239 3310 313 3364 ubi
338 3312 490 3378 mori,
522 3311 660 3379 falli,
689 3311 886 3367 oﬂendi
916 3313 1136 3368 omnino
1160 3329 1266 3368 non
1314 3316 1510 3385 possit;
1545 3316 1700 3387 eique
1742 3319 1815 3372 sit

237 3414 439 3469 eertum,
471 3405 546 3459 ita
575 3419 790 3474 semper
816 3405 1068 3460 futurum.
1095 3406 1206 3462 lloc
1233 3407 1376 3461 enim
1416 3418 1603 3463 natttra
1646 3425 1810 3480 expe-

237 3494 323 3548 tit:
349 3511 444 3551 uec
475 3497 638 3565 plene
667 3506 827 3567 atque
859 3499 1090 3567 perfecte
1133 3499 1285 3552 beata
1311 3501 1436 3564 erit,
1479 3501 1580 3555 nisi
1621 3503 1813 3570 adepta

236 3587 357 3652 quod
388 3587 618 3657 expetit.
639 3587 788 3642 Nunc
817 3604 943 3643 vero
968 3589 1086 3658 quis
1114 3588 1389 3644 hominum
1424 3600 1595 3660 potest
1625 3603 1680 3645 ut
1706 3593 1814 3646 vult

235 3675 414 3744 vivere,
437 3678 661 3748 quando
700 3679 869 3747 ipsum
922 3680 1100 3736 vivere
1147 3695 1252 3735 non
1298 3689 1381 3736 est
1416 3682 1467 3736 in
1515 3683 1814 3752 potesta‘e?

235 3765 407 3821 Vivere
433 3768 586 3823 enim
617 3770 766 3834 vult,
799 3770 935 3824 mori
973 3771 1200 3840 cogitur.
1227 3771 1504 3839 Quomodo
1532 3788 1659 3842 ergo
1685 3774 1812 3827 vivit

235 3869 284 3912 ut
321 3861 449 3926 vult,
501 3862 590 3930 qui
641 3877 746 3916 non
783 3862 914 3916 vivit
959 3862 1210 3933 quamdiu
1254 3863 1402 3917 vult?
1425 3863 1576 3930 Quod
1604 3865 1646 3918 si
1675 3865 1810 3918 mori

234 3953 462 4019 voluerit,
494 3955 766 4023 quomodo
793 3964 966 4024 potest
994 3965 1050 4009 ut
1075 3955 1185 4008 vult
1213 3956 1413 4021 vivere,
1448 3955 1539 4025 qui
1578 3971 1682 4009 non
1704 3956 1813 4010 vuft

236 4046 430 4100 vivere?
461 4045 605 4100 Etsi
638 4046 760 4101 ideo
796 4046 933 4101 mori
971 4048 1114 4111 velit,
1146 4065 1250 4102 non
1285 4063 1391 4119 quo
1434 4048 1567 4102 nolit
1607 4051 1808 4112 vivere,

232 4134 314 4188 sed
346 4149 400 4190 ut
447 4145 575 4208 post
617 4147 840 4192 mortem
887 4138 1080 4192 melius
1114 4139 1248 4192 vivat
1285 4156 1299 4191 :
1334 4139 1569 4193 nondum
1599 4154 1726 4210 ergo
1756 4150 1812 4194 ut

233 4227 328 4281 vult
350 4229 504 4290 vivit,
536 4227 629 4282 sed
657 4243 776 4282 eum
803 4228 870 4283 ad
898 4229 948 4283 id
975 4228 1115 4299 qttod
1142 4230 1274 4295 vult,
1307 4230 1582 4284 moriendo
1622 4245 1811 4300 perve-

232 4320 371 4373 nerit.
394 4318 603 4375 Verum
629 4335 754 4376 ecce
779 4321 919 4375 vivat
948 4330 1003 4376 ut
1024 4322 1155 4389 vult,
1180 4323 1430 4392 quoniam
1458 4323 1558 4377 sibi
1583 4325 1808 4378 extorsit

231 4408 418 4479 sibique
449 4410 735 4476 imperavit
762 4427 866 4466 non
907 4413 1048 4467 velle
1084 4413 1230 4484 quod
1273 4429 1377 4467 non
1423 4422 1621 4484 potest,
1645 4423 1808 4485 atque

232 4497 320 4555 hoc
344 4501 486 4557 velle
519 4501 661 4571 quod
693 4511 899 4572 potest;
924 4508 1061 4558 sicut
1087 4505 1162 4558 ait
1186 4503 1491 4571 Terentius,

526 4614 756 4678 Quoniam
790 4627 886 4665 non
910 4622 1073 4678 potest
1091 4615 1136 4664 id
1154 4615 1259 4665 ﬂeri
1283 4614 1410 4678 quod
1435 4615 1522 4674 vis,

283 4672 328 4722 td
345 4673 472 4725 velis
496 4675 627 4737 quod
649 4678 800 4737 possit
825 4692 839 4726 :

744 4738 905 4801 (.md.
931 4744 1028 4790 act.
1046 4738 1094 4796 2,
1110 4751 1242 4788 scen.
1265 4739 1312 4796 l,
1337 4749 1380 4787 υ.
1398 4737 1448 4796 5,
1471 4736 1558 4800 6.)

229 4853 339 4891 num
369 4839 495 4895 ideo
519 4839 707 4894 beatus
732 4850 833 4905 est,
863 4843 984 4910 quia
1016 4841 1276 4910 patienter
1305 4840 1469 4893 miser
1495 4839 1616 4893 est?
1642 4839 1801 4892 Beata

225 4929 408 4998 quippe
453 4930 564 4985 vita
611 4932 654 4984 si
706 4947 810 4985 non
853 4943 1084 4996 amatur,
1133 4947 1237 4983 non
1283 4929 1526 4984 habetur.
1571 4930 1801 4984 Porrusi

226 5034 421 5076 amatur
452 5034 504 5077 et
537 5023 783 5088 habetur,
811 5025 1020 5078 ca-teris
1060 5025 1308 5076 oniuibns
1350 5024 1508 5077 rebus
1534 5023 1803 5076 excellen-

227 5112 319 5165 tius
360 5129 585 5169 necesse
626 5125 701 5169 est
763 5127 971 5170 ametur
1016 5132 1031 5172 :
1080 5117 1326 5185 quoniam
1390 5126 1607 5186 prOptcr
1668 5117 1802 5169 hanc

227 5205 498 5258 amandum
523 5217 605 5258 est
630 5207 884 5275 quidquid
911 5207 1050 5260 aliud
1080 5217 1307 5260 amatur.
1329 5206 1494 5260 Porro
1521 5209 1565 5260 si
1597 5217 1798 5261 tantum

221 5303 442 5362 amatur,
473 5307 730 5366 quantum
761 5299 926 5351 amari
957 5299 1114 5368 digna
1146 5307 1226 5354 est
1257 5299 1398 5369 (non
1430 5299 1571 5353 enim
1614 5299 1798 5353 beatus

220 5393 311 5448 est,
343 5400 372 5438 a
398 5403 507 5456 quo
533 5389 643 5455 ipsa
677 5389 831 5443 beata
868 5391 971 5443 vita
999 5407 1104 5444 non
1131 5403 1340 5445 amatur
1378 5401 1434 5445 ut
1462 5391 1619 5460 digna
1649 5400 1734 5446 est
1755 5391 1794 5459 ),

223 5475 324 5527 fieri
353 5493 460 5530 non
492 5488 689 5547 potest,
724 5489 779 5533 ut
807 5497 924 5534 eam
951 5483 1040 5551 qui
1068 5481 1146 5536 sic
1181 5491 1345 5548 amat,
1393 5499 1497 5536 non
1539 5491 1792 5537 :eteruatu

220 5569 352 5622 velit.
387 5569 539 5626 Tunc
569 5573 726 5641 igitur
751 5571 907 5627 beata
935 5575 1037 5628 erit
1062 5575 1276 5644 quando
1301 5587 1501 5632 aeterna
1548 5577 1670 5630 erit.

273 5682 291 5752 ξ
325 5684 544 5752 {vannum
570 5693 693 5752 Mss,
719 5689 848 5752 Inoo.
875 5693 926 5752 t-:t_.
946 5688 1157 5751 quidam,
1174 5702 1282 5752 quo.

272 5741 347 5817 _(a)
367 5745 661 5817 _t:dau_ia_,de
683 5741 777 5817 qua
801 5750 880 5817 bie
913 5741 1155 5817 loquitur,
1178 5741 1272 5817 non
1291 5752 1541 5817 tdtmuieia:
1563 5755 1790 5817 oppidum

217 5811 304 5879 est,
329 5808 610 5879 utere-didit
637 5808 900 5879 lutilovieus
924 5808 1076 5879 \ivtzs,
1108 5808 1196 5862 Sed
1221 5815 1423 5879 Africae,
1453 5815 1580 5864 inter
1596 5808 1789 5879 fllippo-

217 5877 325 5916 nem
348 5874 400 5915 et
422 5869 592 5919 Cirtam
608 5873 772 5933 situm,
791 5872 855 5922 de
873 5887 971 5938 quo
987 5869 1383 5940 fretmentissime
1408 5869 1722 5940 augustioris.

1395 413 1596 470 LIBER
1636 415 1958 484 QUARTUS
1987 416 2296 507 DECIMUS.

3412 444 3516 500 ιδι

1930 532 2160 590 CAPUT
2192 535 2377 592 XXVI.
2407 569 2476 580 -——
2500 540 2651 608 Quod
2675 543 2888 613 felicitas
2903 547 2953 600 in
2982 548 3219 617 paradiso
3251 551 3516 608 ισίυεικὶιιιιι

2005 626 2112 678 sine
2123 626 2457 686 erubescendo
2478 635 2701 702 appetitu
2726 639 2998 706 generandi
3023 639 3188 710 oﬂcin
3197 657 3244 694 ιιι
3264 643 3515 700 credenda

2001 719 2066 771 sit
2091 719 2300 788 implere
2331 723 2571 790 potuisse.

2001 827 2226 886 Vivebat
2279 830 2454 904 itaque
2500 834 2660 889 homo
2705 839 2755 892 in
2804 841 3049 909 paradiso
3094 843 3232 900 sicut
3277 845 3512 916 volebat,

1927 919 2180 989 quamdiu
2230 921 2332 976 hoc
2379 925 2587 980 volebat
2635 928 2774 998 quod
2819 931 2958 986 Deus
2991 933 3223 1003 jusserat
3257 954 3270 990 :
3302 937 3515 994 vivebat

1927 1008 2112 1066 fruens
2147 1011 2276 1081 Deo,
2309 1030 2376 1070 ex
2424 1031 2531 1084 quo
2576 1016 2719 1072 bono
2747 1032 2861 1075 erat
2900 1021 3070 1080 bonus
3100 1043 3113 1080 :
3146 1027 3354 1083 vivebat
3395 1031 3514 1086 sine

1929 1103 2029 1158 ulla
2058 1115 2311 1175 egestate,
2359 1107 2428 1161 ita
2459 1123 2671 1179 semper
2712 1111 2888 1168 vivere
2918 1113 3118 1172 habens
3147 1117 3196 1172 in
3230 1128 3510 1189 potestate.

1926 1195 2089 1251 cibus
2118 1195 2322 1262 aderat,
2373 1214 2441 1254 ne
2466 1199 2698 1258 esuriret
2722 1219 2737 1262 ;
2765 1211 2944 1272 potus,
2977 1221 3044 1260 ne
3071 1206 3280 1276 sitiret;
3309 1208 3508 1279 lignum

1928 1289 2067 1353 vitae,
2097 1306 2164 1345 ne
2186 1289 2338 1345 illum
2374 1303 2588 1348 senecta
2614 1293 2949 1351 dissolveret.
2978 1296 3118 1353 Nihil
3147 1303 3507 1371 corruptionis

1928 1379 1977 1432 in
2005 1395 2230 1451 corpore
2277 1383 2356 1438 vel
2401 1400 2466 1439 ex
2497 1401 2725 1454 corpore
2775 1388 2908 1443 ullas
2936 1391 3207 1447 molestias
3237 1394 3358 1449 ullis
3395 1396 3511 1466 ejus

1925 1473 2171 1527 sensibus
2201 1475 2492 1546 ingerebat.
2539 1476 2726 1532 Nullus
2756 1479 3078 1536 intrinsecus
3121 1484 3356 1550 morbus,
3386 1487 3507 1541 nul-

1927 1563 2010 1618 lus
2038 1563 2176 1619 ictus
2223 1568 2561 1623 metuebatur
2605 1571 2955 1627 extrinsecus.
2995 1573 3215 1630 Summa
3267 1577 3318 1631 in
3348 1592 3511 1636 carne

1925 1655 2145 1722 sanitas,
2164 1656 2214 1711 in
2227 1658 2402 1713 anima
2429 1659 2446 1692 ‘
2477 1671 2583 1715 tota
2612 1662 2982 1732 tranquillitas.
3007 1664 3156 1720 Sicut
3183 1666 3235 1721 in
3268 1668 3512 1738 paradiso

1927 1747 2105 1800 nullus
2133 1759 2297 1803 :estus
2321 1759 2414 1804 aut
2459 1751 2624 1821 frigus
2648 1794 2662 1816 ,
2694 1754 2764 1808 ita
2805 1753 2857 1808 in
2881 1755 3000 1825 ejus
3045 1756 3339 1814 habitatore
3365 1759 3509 1815 nulla

1924 1853 1990 1892 ex
2014 1838 2304 1908 cupiditate
2333 1843 2414 1896 vel
2460 1842 2652 1898 timore
2677 1844 2967 1902 accedebat
2989 1847 3010 1879 ⁸
3042 1847 3195 1904 bona:
3224 1850 3510 1906 voluntatis

1923 1929 2166 1986 offensio.
2199 1933 2337 1988 Nihil
2364 1935 2584 1989 omnino
2629 1937 2809 2004 triste,
2841 1937 2973 1994 nihil
2996 1951 3112 1995 erat
3156 1942 3384 1999 inaniter
3416 1945 3508 1999 la:-

1925 2030 2032 2076 tum
2086 2039 2102 2078 :
2159 2024 2407 2094 gaudium
2449 2042 2632 2083 verum
2666 2029 2688 2061 ³
2715 2033 3128 2101 perpetuabatur
3175 2051 3243 2089 ex
3291 2036 3421 2102 Deo,
3452 2036 3511 2089 in

1922 2133 2081 2188 quem
2111 2119 2363 2190 flagrabat
2393 2121 2624 2178 charitas
2653 2125 2719 2179 de
2748 2127 2910 2181 corde
2935 2141 3070 2196 puro
3097 2137 3151 2183 et
3174 2130 3502 2184 conscientia

1924 2209 2060 2263 bona
2085 2220 2141 2265 et
2169 2210 2272 2266 ﬁde
2291 2229 2398 2266 non
2428 2215 2546 2268 ficta
2577 2214 2626 2286 (Ι
2657 2215 2787 2270 Tim.
2819 2232 2855 2284 ι,
2910 2218 2982 2291 5)
3018 2238 3030 2273 :
3077 2230 3238 2291 atque
3282 2221 3421 2275 inter
3448 2237 3507 2277 se

1923 2301 2205 2371 conjngum
2253 2303 2357 2358 fida
2405 2320 2469 2361 ex
2500 2307 2726 2363 honesto
2775 2324 2959 2365 amore
3003 2312 3249 2376 societas,
3281 2328 3508 2368 concors

1923 2393 2116 2448 tuentis
2141 2396 2486 2467 corporisque
2511 2399 2704 2468 vigilia,
2735 2409 2791 2455 et
2816 2401 3050 2457 mandati
3072 2404 3187 2458 sine
3209 2403 3391 2460 labore
3407 2421 3470 2459 cu

1922 2485 2116 2540 stodia.
2153 2485 2270 2543 Non
2297 2483 2554 2543 lassitudo
2583 2489 2832 2561 fatigabat
2855 2493 3106 2560 otiosum,
3133 2510 3242 2550 non
3285 2511 3512 2551 somnus

1925 2577 2196 2644 premebat
2224 2577 2448 2635 invitum
2474 2581 2575 2649 (α).
2604 2581 2660 2636 Ιιι
2693 2591 2834 2638 tanta
2863 2583 3110 2640 facilitate
3138 2602 3316 2642 rerum
3343 2598 3398 2642 et
3423 2587 3504 2642 fe-

1923 2667 2122 2722 licitatc
2149 2669 2421 2723 hominum
2448 2711 2463 2734 ,
2494 2671 2634 2726 absit
2677 2681 2736 2727 ut
2780 2674 3112 2744 suspicemur
3136 2693 3242 2732 non
3272 2679 3507 2746 potuisse

1924 2757 2126 2826 prolem
2157 2759 2261 2814 seri
2309 2761 2426 2816 sine
2472 2761 2706 2818 libidinis
2735 2766 2924 2820 morbo
2951 2783 2964 2820 :
3006 2766 3100 2823 sed
3126 2783 3192 2822 eo
3221 2769 3507 2824 voluntatis

1923 2860 2050 2903 nutu
2071 2862 2410 2907 moverentur
2431 2852 2515 2906 illa
2535 2856 2769 2910 metnbra
2792 2872 2898 2926 quo
2915 2865 3128 2924 eadem,
3147 2867 3200 2914 et
3212 2859 3328 2915 sine
3344 2861 3503 2914 ardo-

1923 2939 1996 2994 ris
2011 2941 2327 2998 illecebroso
2358 2945 2706 3001 stimulorum
2725 2949 3105 3020 tranquillitate
3127 2953 3290 3006 animi
3316 2963 3366 3006 et
3387 2969 3520 3007 cor--

1921 3033 2067 3102 poris
2094 3033 2234 3087 nulla
2257 3039 2598 3106 corruptione
2622 3039 2939 3109 integritatis
2985 3041 3352 3098 infunderemr
3379 3061 3504 3114 gre-

1919 3124 2027 3179 mio
2051 3125 2277 3180 maritus
2300 3128 2478 3181 uxoris
2506 3127 2744 3196 (/Eneid.
2776 3130 2862 3186 lib.
2896 3132 2949 3193 8,
2983 3149 3110 3186 vera.
3135 3132 3286 3205 406).
3320 3133 3509 3204 Neque

1917 3215 2059 3270 enim
2100 3217 2220 3286 quia
2244 3217 2572 3286 experientia
2603 3219 2813 3288 probari
2847 3237 2951 3274 non
2999 3232 3193 3292 potest,
3241 3224 3364 3278 ideo
3389 3243 3504 3280 ere-

1918 3308 2150 3364 dendutn
2203 3325 2307 3364 non
2353 3319 2467 3376 est;
2496 3311 2708 3382 quando
2757 3313 2877 3368 illas
2909 3317 3149 3385 corporis
3191 3327 3366 3386 partes
3397 3335 3520 3375 non.

1916 3411 2100 3470 ageret
2127 3401 2367 3456 turbidus
2394 3403 2559 3470 calor,
2606 3403 2698 3458 sed
2745 3417 3035 3475 spontauea
3085 3416 3336 3476 potestas,
3367 3410 3504 3467 sicut

1917 3508 2050 3562 opus
2075 3501 2236 3559 esset,
2268 3493 2545 3549 adhiberet
2569 3511 2583 3559 ;
2613 3495 2683 3550 ita
2713 3507 2838 3550 tunc
2866 3499 3102 3566 potuisse
3130 3507 3286 3552 utero
3314 3501 3503 3571 conju-

1917 3586 1998 3655 gis
2049 3584 2193 3639 salva
2240 3584 2542 3656 integritate
2591 3585 2806 3641 feminei
2835 3589 3080 3658 genitalis
3110 3589 3263 3644 virile
3315 3607 3503 3646 semen
3593 3619 3596 3622 ο

1919 3675 2149 3737 itntnitti,
2181 3676 2318 3729 sicut
2345 3691 2481 3729 nunc
2511 3684 2684 3743 potest
2725 3677 2909 3731 eadem
2938 3677 3238 3748 integritate
3264 3681 3407 3746 salva
3435 3697 3511 3736 ex.

1917 3777 2068 3820 utero
2111 3765 2328 3834 virginis
2358 3765 2531 3820 ﬂuxus
2561 3770 2816 3820 menstrui
2845 3769 3052 3822 cruoris
3077 3769 3270 3823 emitti.
3300 3770 3513 3827 Eadem.

1915 3857 2109 3926 quippe
2135 3857 2216 3909 via
2246 3852 2422 3924 posset
2476 3857 2601 3910 illud
2649 3857 2792 3926 injici
2824 3899 2840 3923 ,
2877 3873 2978 3925 qua
3012 3858 3113 3914 hoc
3141 3866 3317 3928 potest
3354 3861 3499 3930 ejici.

1917 3947 1985 4004 Ut
2011 3947 2152 4000 enim
2179 3947 2244 4000 ad
2273 3947 2582 4017 pariendum
2615 3964 2720 4002 non
2750 3949 2949 4004 doloris
2978 3952 3230 4020 gemitus,
3262 3951 3358 4007 sed
3388 3969 3500 4005 ma-

1915 4038 2147 4092 turitatis
2177 4038 2434 4108 impulsus
2484 4037 2710 4093 feminea
2753 4040 2952 4094 viscera
2986 4041 3247 4098 relaxaret
3276 4060 3289 4095 :
3319 4043 3398 4098 sic
3431 4044 3502 4098 ad

1914 4129 2184 4185 fetandnm
2234 4139 2288 4185 et
2333 4122 2740 4199 concipiendum
2793 4146 2898 4186 non
2942 4131 3176 4187 libidinis
3200 4135 3495 4204 appetitus,

1913 4224 2006 4278 sed
2038 4223 2367 4278 voluntarius
2394 4239 2520 4277 usus
2539 4234 2781 4277 naturam
2813 4234 3090 4294 utramque
3120 4225 3491 4298 coniungeret.

1915 4317 1989 4370 De
2016 4315 2176 4370 rebus
2203 4315 2467 4386 loquimur
2493 4331 2632 4370 nunc
2658 4315 2920 4386 pudendis
2950 4335 2963 4367 :
2994 4328 3049 4372 et
3077 4315 3196 4372 ideo
3220 4321 3490 4388 quamvis,

1909 4418 2191 4475 antequam
2246 4421 2429 4461 earum
2485 4406 2747 4475 puderet,
2802 4409 2987 4477 quales
3035 4423 3156 4463 esse
3202 4410 3500 4478 potuissent

1910 4482 2259 4568 Eotajiciamus
2305 4509 2361 4552 ut
2384 4514 2703 4568 possumus;
2736 4508 2915 4554 tamen
2957 4516 3178 4556 necesse
3202 4511 3287 4558 est
3315 4512 3370 4556 ιιι
3401 4519 3499 4556 no-

1909 4600 2018 4645 stra
2046 4592 2334 4660 disputatio
2364 4592 2532 4661 magis
2582 4590 2823 4646 frenetur
2863 4607 2925 4646 ea
2973 4608 3094 4663 quae
3140 4609 3238 4649 nos
3281 4605 3498 4650 revocat

1909 4681 2267 4746 verecundia,
2319 4697 2474 4752 quam
2525 4683 2864 4752 eloquentia,
2936 4699 3056 4752 qure
3111 4685 3265 4740 nobis
3308 4701 3494 4754 parum

1907 4774 2160 4842 suppetit,
2189 4772 2492 4842 adjuvetur.
2517 4772 2648 4827 Nam
2679 4789 2800 4827 cum
2848 4772 2898 4828 id
2927 4774 3068 4845 quod
3093 4775 3231 4841 dico,
3266 4791 3361 4830 nec
3393 4777 3492 4844 ipsi

1907 4865 2110 4933 experti
2165 4863 2357 4920 fuerint
2428 4865 2516 4935 qui
2574 4865 2806 4934 experiri
2859 4876 3147 4936 potuerunt
3197 4867 3486 4938 (quoniam

1907 4966 2312 5026 praeoccupanlc
2339 4967 2559 5026 peccato
2589 4957 2833 5011 exsilium
2863 4957 2928 5011 de
2954 4959 3198 5026 paradiso
3223 4966 3347 5012 ante
3375 4974 3489 5013 tue-

1906 5058 2152 5111 ruerunt,
2179 5065 2336 5119 quam
2363 5050 2462 5104 sibi
2494 5049 2546 5103 in
2570 5064 2732 5118 opere
2754 5049 2993 5103 serendae
3016 5048 3320 5118 propaginis
3340 5058 3484 5104 trau-

1904 5141 2071 5210 quillo
2116 5140 2338 5195 arbitrio
2379 5139 2806 5211 convenirent),
2856 5140 3125 5209 quomodo
3178 5156 3321 5194 nunc
3363 5156 3483 5196 cum

1906 5233 2002 5287 ista
2029 5244 2532 5297 commemorantur,
2561 5233 2808 5287 sensibus
2832 5232 3059 5286 occurrit
3092 5231 3353 5295 humanis,
3379 5237 3480 5291 ni-i

1902 5323 2227 5392 experientia
2262 5323 2490 5376 libidinis
2521 5322 2761 5384 turbidas,
2794 5336 2900 5374 non
2928 5321 3231 5389 conjectura
3261 5324 3482 5395 plai-idze

1901 5417 2190 5471 voluntatis
2212 5415 2236 5467 ‘t
2261 5415 2394 5469 llinc
2417 5425 2500 5469 est
2523 5413 2668 5484 quod
2696 5411 2915 5482 impedit
2945 5413 3247 5483 loquentetn
3287 5418 3487 5486 pudor,-

1963 5572 1980 5604 ³
2014 5577 2140 5628 uss,
2161 5568 2211 5620 in
2233 5567 2409 5618 animo.

1960 5634 1982 5665 ³
2013 5639 2140 5689 Mss,
2159 5630 2422 5680 accidebat.

1961 5695 1982 5726 ³
2013 5692 2230 5742 Nonnulli
2254 5699 2378 5748 Mss,
2402 5701 2527 5741 rem.
2548 5714 2609 5726 -—
2629 5689 2799 5747 Nostri,
2823 5701 3003 5739 verum.
3069 5696 3127 5740 tt.

1960 5753 2034 5817 (α)
2059 5753 2230 5804 Similis
2253 5762 2330 5817 est
2350 5751 2618 5817 descriptio
2636 5752 2837 5812 l‘iaradisi
2870 5755 3123 5817 terrestris
3151 5754 3276 5815 apud
3311 5755 3475 5804 divum

1893 5813 2133 5875 Basiliam,
2160 5813 2356 5876 tlomilia
2375 5814 2438 5864 de
2463 5813 2696 5876 I’aradisu,
2721 5819 2773 5876 et
2789 5815 2913 5876 aiud
2935 5815 3098 5863 divum
3120 5813 3353 5866 Joannem
3385 5823 3470 5865 tu.

1897 5873 2194 5938 masccnum,
2219 5877 2302 5926 lib.
2326 5875 2358 5926 2
2377 5876 2441 5928 de
2465 5875 2574 5926 Fide
2591 5873 2923 5938 orthod.,caji.
2947 5877 3022 5926 ll.
3040 5884 3294 5932 Concava.
