4054 6496
518 404 625 460 εδδ

521 517 620 574 etsi
649 534 754 574 non
783 517 999 573 deficiat
1041 515 1177 570 ratio
1205 515 1546 585 cogitantem.
1576 514 1947 570 Verumtamen
1991 528 2099 565 om-

522 611 784 682 nipotenti
819 612 958 670 Deo,
991 624 1202 662 summo
1231 624 1293 662 ac
1319 623 1526 662 stnume
1568 607 1710 662 bono
1734 609 1959 661 creatori
1986 622 2102 658 om-

520 708 665 758 nium
692 714 1017 764 naturarum,
1046 703 1367 755 voluntatum
1389 711 1565 755 autem
1591 703 1847 756 bonarum
1873 701 2099 770 adjutori

518 807 570 848 ct
601 795 982 849 renutuerattn'i
1007 835 1018 854 ,
1051 794 1306 846 malarum
1333 803 1509 847 autem
1536 793 1768 848 relicturi
1795 802 1848 846 et
1875 793 2099 846 damna-

519 885 642 945 turi,
669 896 1016 952 utrarumque
1037 883 1354 948 ordinatori,
1386 898 1488 935 non
1518 882 1686 936 defuit
1715 883 1896 951 utique
1922 881 2101 934 cousi-

519 975 666 1035 lium,
697 991 801 1044 quo
835 985 1038 1028 certum
1073 991 1354 1028 numerum
1401 975 1593 1028 civium
1624 976 1674 1028 in
1701 991 1792 1027 sua
1841 973 2099 1042 sapientia

519 1068 948 1135 praulestinatnm
967 1069 1124 1121 etiam
1153 1084 1214 1121 ex
1244 1069 1495 1121 damnato
1512 1084 1707 1138 genere
1737 1069 1966 1122 humano
1991 1082 2101 1120 sua:

516 1161 744 1213 civitatis
774 1160 1018 1230 impleret
1068 1179 1080 1214 :
1116 1178 1218 1214 non
1248 1177 1340 1214 cos
1367 1161 1475 1229 jam
1503 1161 1724 1222 meritis,
1761 1159 2100 1229 quandoqui-

518 1255 638 1310 dem
665 1257 907 1309 universa
937 1271 1112 1310 [nassa
1147 1266 1392 1324 tauquam
1439 1255 1490 1309 itt
1526 1255 1704 1308 vitiata
1748 1255 1926 1309 radice
1953 1254 2101 1307 dam-

518 1356 643 1402 nata
677 1355 756 1401 est
793 1390 807 1412 ,
833 1347 927 1400 sed
951 1348 1117 1416 gratia
1163 1347 1473 1400 discernens
1498 1361 1512 1410 ;
1545 1354 1598 1399 et
1625 1345 1862 1399 liberatis
1891 1361 1993 1398 non
2016 1362 2100 1396 so-

520 1440 628 1490 lum
656 1437 723 1490 de
754 1438 900 1504 ipsis,
935 1453 1116 1491 verum
1140 1438 1296 1490 etiam
1325 1438 1390 1490 de
1415 1455 1517 1489 non
1549 1437 1783 1489 liberatis
1813 1478 1828 1497 ,
1862 1437 1990 1504 quid
2021 1437 2101 1489 eis

519 1528 796 1596 largiatur,
829 1530 1138 1581 ostendens.
1167 1526 1280 1581 Non
1314 1528 1455 1580 enim
1495 1526 1692 1586 debita,
1726 1527 1819 1579 sed
1871 1527 2098 1593 gratuita

517 1619 753 1673 bonitate
793 1627 919 1673 tunc
964 1619 1294 1688 sequisquc
1349 1619 1589 1686 agnoscit
1639 1628 1848 1671 erutum
1905 1617 2096 1682 malis,

514 1726 636 1764 cttm
662 1710 728 1762 ab
759 1726 945 1764 eorum
976 1711 1249 1764 hominum
1292 1713 1561 1764 consortio
1592 1709 1648 1763 tit
1677 1711 1947 1771 immunis.
1976 1726 2095 1763 cum

514 1803 705 1872 quibus
734 1802 803 1855 illi
831 1801 970 1870 jnsta
1005 1814 1145 1856 esset
1175 1817 1326 1870 pmna
1351 1802 1670 1855 Communis.
1699 1799 1805 1856 Cur
1829 1815 1956 1870 ergo
1987 1817 2092 1854 non

513 1903 720 1948 crearet
745 1895 902 1960 Deus,
921 1909 1056 1965 quos
1076 1903 1389 1962 peccaturos
1403 1908 1522 1947 esse
1542 1894 1808 1962 prtescivit
1831 1892 2098 1962 ;quaudo-

512 1986 723 2055 quidem
751 1985 802 2039 in
844 1987 920 2041 eis
951 1995 1005 2041 et
1046 2001 1115 2041 ex
1147 1987 1246 2051 eis,
1295 1996 1348 2040 et
1373 1985 1499 2055 quid
1527 1999 1712 2039 eorum
1739 1984 1896 2053 culpa
1924 1998 2098 2038 mere-

512 2086 678 2138 retur.
707 2087 761 2131 et
787 2078 912 2148 quid
935 2093 1029 2132 sua
1061 2081 1225 2148 gratia
1253 2079 1562 2143 donaretur,
1583 2087 1761 2147 posset
1788 2068 2092 2142 ostendere,

512 2182 611 2220 nec
640 2170 737 2221 sub
777 2169 866 2221 illo
892 2180 1133 2223 creatore
1190 2186 1251 2222 ac
1305 2169 1623 2238 dispositore
1663 2185 1908 2238 perversa
1949 2169 2094 2223 inor-

512 2258 711 2318 dinatio
766 2259 1182 2330 delinquentium
1242 2271 1443 2313 rectum
1485 2269 1811 2329 perverteret
1853 2260 2094 2314 ordinem

511 2366 687 2405 rerum
710 2351 733 2403 ?

509 2482 738 2538 CAPUT
799 2483 1013 2538 XXVII.
1068 2515 1141 2525 —
1189 2485 1264 2538 De
1320 2489 1660 2556 peccatoribus
1717 2499 1762 2542 et
1811 2490 2004 2560 angelis
2047 2499 2094 2544 et

581 2573 884 2638 hominibus,
927 2592 1139 2646 quorum
1167 2579 1462 2643 perversitas
1505 2595 1604 2633 nou
1637 2580 1890 2650 perturbat
1923 2582 2092 2652 provi-

583 2667 804 2721 dentiam
830 2668 944 2723 Dei.

581 2800 812 2856 Proinde
855 2813 1182 2871 peceatores,
1235 2815 1296 2857 et-
1332 2808 1522 2872 angeli.
1573 2816 1626 2860 et
1671 2806 1912 2860 homines
1963 2808 2092 2863 nihil

509 2904 691 2963 agunt,
725 2912 830 2966 quo
861 2899 1215 2969 impediantur
1248 2902 1433 2974 Magna
1461 2921 1612 2972 opera
1663 2905 1886 2969 Domini,
1918 2907 2094 2975 exqui-

510 2987 606 3038 sita
629 2985 682 3040 in
726 3005 896 3042 omnes
936 2989 1211 3046 voluntates
1238 2994 1347 3060 ejus
1381 2993 1554 3061 (Psal.
1584 3009 1670 3055 cx,
1698 2994 1791 3064 ‘2).
1832 2996 2091 3061 Quoniam

508 3075 596 3142 qui
628 3078 969 3144 providenter
993 3089 1152 3148 atque
1181 3083 1576 3153 omuipotenter
1614 3100 1707 3138 sua
1751 3085 1944 3152 cuique
1973 3085 2089 3139 dis-

509 3168 712 3231 tribuit,
753 3186 854 3222 non
901 3171 1070 3225 solum
1122 3173 1296 3238 bonis,
1341 3190 1526 3229 verum
1557 3177 1716 3230 etiam
1770 3178 1922 3229 malis
1953 3179 2088 3232 bene

507 3261 581 3312 uti
615 3263 777 3313 novit.
810 3265 884 3317 Ac
917 3281 1008 3332 per
1039 3265 1137 3319 huc
1164 3276 1380 3334 propter
1426 3269 1672 3322 meritum
1721 3270 1905 3338 primre
1934 3272 2088 3324 malm

507 3352 796 3406 voluntatis
823 3355 890 3407 ita
915 3355 1165 3410 damnato
1210 3369 1366 3428 atque
1423 3361 1684 3415 obdurato
1705 3363 1896 3432 angelo
1924 3363 2087 3428 malo,

509 3451 567 3494 ιιι
587 3443 696 3512 jam
730 3443 919 3497 bonam
943 3447 1270 3502 voluntatem
1300 3451 1520 3504 ulterius
1553 3468 1657 3505 non
1685 3453 1923 3516 haberet,
1956 3453 2091 3508 bene

505 3544 662 3587 utens
689 3534 826 3589 Deus
851 3578 863 3598 ,
897 3553 992 3590 cur
1023 3554 1126 3593 non
1175 3543 1506 3609 permitteret
1547 3554 1604 3596 ιιι
1657 3545 1724 3597 ab
1752 3545 1842 3598 illo
1891 3547 2091 3615 primus

507 3624 686 3687 homo,
715 3626 803 3694 qui
839 3639 1034 3688 reettts.
1080 3631 1179 3685 hoc
1205 3640 1288 3685 est
1316 3633 1468 3686 bonzn
1520 3635 1826 3702 voluntatis,
1877 3649 2090 3694 creatus

505 3715 694 3777 fuerat,
727 3722 1059 3775 tentaretur?
1087 3723 1523 3794 Quandoquidem
1551 3728 1627 3782 sic
1652 3738 1770 3783 erat
1797 3731 2087 3798 institutus,

505 3817 583 3873 nt,
612 3810 656 3860 si
697 3809 765 3862 de
797 3813 1063 3879 adjutorio
1116 3817 1203 3869 Ilci
1239 3818 1424 3872 tidcret
1476 3821 1647 3876 bonus
1679 3823 1859 3888 homo,
1891 3827 2086 3881 malum

503 3899 751 3967 angelum
776 3903 1010 3957 vinceret
1037 3922 1052 3969 ;
1081 3905 1124 3958 si
1159 3918 1335 3962 autem
1367 3919 1664 3965 creatorem
1694 3923 1856 3982 atque
1883 3915 2090 3985 adjutoo

503 4005 616 4044 rem
653 3991 816 4046 Deum
863 3995 1093 4064 superbe
1137 3997 1235 4052 sibi
1284 3999 1544 4067 placendo
1574 4003 1871 4062 desereret.
1904 4009 2087 4062 vince-

504 4093 694 4134 retur:
728 4085 973 4138 meritum
1011 4085 1206 4140 bonum
1254 4089 1458 4146 habens
1506 4095 1554 4146 in
1612 4095 1788 4164 adjuta
1837 4097 2088 4153 divinitus

503 4173 772 4227 voluntate
802 4187 965 4240 recta,
999 4179 1193 4232 malum
1225 4196 1352 4234 vero
1392 4184 1442 4236 in
1474 4185 1758 4241 deserente
1800 4188 1963 4242 Deum
1995 4205 2087 4242 vo-

503 4264 707 4316 luntate
735 4281 1003 4334 perversa.
1035 4270 1167 4336 Quia
1210 4282 1261 4326 et
1291 4272 1460 4342 ipsum
1509 4275 1672 4332 ﬁdere
1711 4278 1779 4334 de
1823 4281 2087 4350 adiutorio

505 4355 557 4405 1)-
583 4355 618 4420 i,
654 4371 757 4410 non
805 4359 1016 4427 quidem
1050 4374 1228 4430 posset
1258 4365 1374 4420 sine
1405 4367 1667 4434 adjutorio
1697 4371 1784 4424 Dei
1836 4391 1850 4426 :
1883 4390 1979 4429 nec
2008 4384 2086 4429 ta-

502 4463 622 4499 men
660 4447 780 4503 ideo
823 4450 891 4502 ab
947 4451 1028 4504 bis
1058 4453 1250 4508 divina:
1302 4460 1486 4524 gratim
1543 4459 1814 4516 beneficiis
1844 4466 1944 4519 sibi
1973 4469 2102 4536 pla-‘

498 4539 672 4590 cendo
699 4541 949 4596 recedere
989 4558 1091 4596 non
1123 4544 1346 4600 habebat
1395 4549 1444 4602 iu
1475 4561 1756 4620 potestate.
1789 4553 1919 4608 Nam
1951 4557 2087 4611 sicut

499 4645 508 4674 ι
537 4646 548 4677 ι
587 4629 685 4683 bac
715 4645 878 4685 carne
915 4633 1090 4688 vivere
1119 4635 1235 4690 sine
1277 4637 1600 4706 adjumeotis
1627 4643 2000 4699 alimentorum
2033 4647 2082 4701 iu

504 4730 766 4790 potestate
810 4740 913 4778 non
941 4737 1041 4788 est,
1071 4743 1172 4782 nou
1204 4741 1380 4785 autent
1428 4732 1478 4786 in
1503 4749 1565 4788 ea
1609 4736 1787 4791 vivere
1831 4737 1884 4790 in
1936 4748 2084 4804 pote-

500 4824 640 4868 statc
665 4824 780 4880 est;
808 4817 946 4885 quod
978 4817 1177 4872 faciunt
1205 4824 1292 4891 qui
1322 4838 1380 4877 se
1408 4824 1550 4892 ipsos
1577 4836 1766 4881 necant
1795 4845 1807 4878 ;
1841 4831 1910 4882 ita
1948 4829 2080 4884 bene

503 4905 682 4960 vivere
708 4906 824 4961 sine
847 4908 1112 4978 adjutorio
1140 4912 1251 4974 Dei,
1276 4916 1434 4968 etiam
1461 4917 1508 4968 iu
1539 4918 1804 4986 paradiso,
1839 4935 1941 4975 non
1966 4932 2081 4978 erat

504 4994 554 5045 it
606 5005 902 5064 potestate;
946 5012 1061 5055 erat
1089 5013 1269 5066 autem
1321 5005 1369 5059 in
1403 5017 1660 5075 potestate
1706 5013 1844 5064 male
1883 5013 2082 5079 vivere,

502 5083 595 5136 sed
625 5085 949 5143 beatitudine
981 5108 1082 5144 non
1132 5108 1503 5162 pertttansura,
1533 5104 1586 5150 et
1613 5114 1766 5166 ptena
1791 5099 2088 5167 justissima

504 5191 772 5232 secutura.
799 5182 927 5234 (luxu
960 5185 1115 5254 igitur
1143 5186 1296 5254 hujus
1324 5186 1481 5242 futuri
1509 5205 1664 5244 casus
1692 5191 1906 5246 humani
1943 5193 2084 5248 Dens

505 5283 612 5322 non
635 5280 778 5326 esset
808 5271 1023 5342 ignarus
1046 5315 1060 5337 ,
1090 5291 1189 5331 cur
1217 5293 1337 5333 eum
1367 5295 1469 5333 non
1497 5280 1698 5336 sineret
1726 5281 2082 5352 invidiangcli

507 5361 830 5434 malignitate
860 5367 1089 5422 tentari?
1116 5369 1260 5426 nullo
1286 5369 1444 5426 modo
1473 5372 1692 5444 quidem
1721 5375 1862 5447 quod
1900 5376 2082 5432 vince-

1616 399 1702 455 DE
1740 397 2055 454 CIVITATE
2086 397 2216 463 DEI,
2257 399 2313 452 S.
2356 399 2721 460 AUGUSTINI

3685 412 3791 469 456

2207 526 2354 569 retur
2396 517 2664 583 incertus;
2715 518 2807 574 sed
2857 519 3199 575 nihilominus
3226 523 3482 594 przcscius
3528 528 3671 596 quod
3719 528 3790 580 ab

2207 608 2322 675 cjns
2363 610 2566 664 semine
2601 612 2783 678 atljuto
2831 626 2925 666 sua
2973 615 3142 680 gratia
3195 614 3334 668 idem
3380 614 3493 686 ipse
3540 618 3788 673 diabolus

2209 700 2376 754 {iterat
2395 711 2697 756 sanctorum
2718 703 2885 770 gloria
2915 705 3117 771 majore
3138 707 3454 761 vincendos.
3482 707 3553 762 Ita
3583 708 3785 764 factum

2207 800 2290 844 est
2317 801 2490 847 utnec
2522 793 2686 847 Deum
2727 794 2923 863 aliquid
2954 795 3252 850 futurorum
3279 798 3487 857 lateret.
3523 815 3620 853 nec
3648 815 3793 869 pric-

2206 883 2430 936 sciendo
2454 899 2774 955 quemquam
2807 901 3028 954 peccare
3058 889 3398 955 compelleret
3428 905 3444 953 ;
3471 900 3522 942 et
3551 890 3679 960 quid
3709 891 3794 944 in-

2209 983 2431 1029 teresset
2455 977 2592 1031 inter
2621 979 2884 1047 propriam
2926 978 3185 1049 cujusque
3231 983 3704 1050 praesumptionem
3739 993 3794 1036 ct

2208 1082 2356 1120 suam
2385 1069 2682 1131 tuitionem,
2727 1071 2979 1140 angelicze
3005 1083 3055 1126 et
3085 1072 3329 1127 humana:
3367 1075 3612 1128 rationali
3637 1090 3794 1130 eteao

2209 1167 2364 1223 tnrzc,
2418 1161 2764 1230 consequenti
2821 1163 3147 1230 experientia
3198 1163 3613 1218 demonstraret.
3662 1163 3796 1232 Quis

2207 1251 2349 1304 enim
2393 1252 2586 1306 audeat
2609 1253 2830 1307 credere
2851 1294 2868 1318 ,
2894 1264 2982 1307 attt
3011 1254 3213 1316 dicere,
3259 1263 3317 1308 ut
3344 1269 3517 1324 neque
3546 1257 3794 1323 angelus,

2209 1358 2381 1412 neque
2423 1346 2584 1397 homo
2609 1344 2842 1402 caderet.
2894 1345 2945 1398 in
2995 1345 3086 1400 Dei
3137 1355 3398 1416 potestate
3444 1361 3550 1400 non
3586 1347 3798 1402 fuisse?

2208 1435 2310 1490 Sed
2346 1438 2447 1491 hoc
2483 1453 2665 1491 eorum
2694 1438 2941 1507 potestati
2983 1439 3166 1493 maluit
3199 1455 3302 1492 non
3347 1437 3590 1504 auferre;
3631 1448 3797 1508 atque

2207 1528 2276 1582 ita
2304 1538 2358 1583 et
2376 1539 2630 1598 quantum
2654 1532 2776 1585 mali
2802 1546 2986 1585 eorum
3005 1531 3273 1600 superbia,
3297 1540 3349 1586 et
3364 1541 3622 1603 quantum
3645 1531 3775 1588 boni

2206 1633 2299 1673 sua
2325 1621 2496 1689 gratia
2517 1621 2747 1684 valeret,
2772 1623 3078 1677 ostendere.

2204 1751 2426 1807 CAPUT
2477 1751 2710 1807 XXVIII.
2738 1785 2810 1793 —
2841 1753 2917 1807 De
2955 1755 3195 1822 qualitate
3237 1755 3459 1808 duarum
3503 1756 3792 1822 civitatum,

2664 1856 2871 1900 terrena:
2911 1858 3060 1916 atque
3107 1847 3339 1902 cwlestis.

2274 1981 2529 2036 Fecerunt
2577 1982 2752 2051 itaque
2777 1981 3016 2035 civitates
3040 1979 3172 2035 duas
3195 1996 3406 2036 amores
3431 1981 3538 2036 duo
3562 1999 3577 2044 :
3616 1993 3797 2038 terre-

2202 2086 2322 2126 nam
2345 2073 2546 2126 scilicet
2565 2088 2716 2126 amor
2741 2073 2822 2126 sui
2842 2087 3007 2142 usque
3027 2071 3091 2126 ad
3113 2081 3477 2142 contemptum
3496 2074 3608 2136 Dei.
3632 2074 3781 2130 cale

2201 2173 2339 2219 stem
2369 2179 2496 2217 vero
2521 2179 2676 2216 amor
2726 2163 2815 2218 Dei
2852 2177 3018 2232 usque.
3045 2163 3110 2216 ad
3147 2174 3506 2232 contemptum
3559 2165 3640 2218 sui
3695 2165 3798 2234 (η).

2205 2255 2445 2324 Denique
2476 2255 2560 2307 illa
2585 2256 2635 2308 iu
2660 2269 2720 2307 se
2751 2255 2883 2322 ipsi,
2915 2255 3028 2308 luce
3057 2256 3108 2308 in
3137 2255 3358 2309 Domino
3382 2255 3657 2323 gloriatur.
3688 2256 3784 2309 Illa

2201 2348 2341 2400 enim
2382 2348 2571 2417 quarrit
2638 2347 2704 2399 ab
2747 2347 3049 2401 hominibus
3093 2348 3318 2416 gloriam
3369 2367 3383 2402 :
3435 2348 3559 2403 huic
3604 2359 3794 2404 autem

2203 2437 2340 2491 Dens
2382 2438 2724 2492 conscientia:
2755 2439 2940 2502 testis,
2973 2441 3202 2492 maxima
3259 2448 3338 2493 est
3368 2440 3557 2507 gloria.
3601 2440 3693 2494 Illa
3740 2441 3798 2494 in

2198 2529 2361 2598 gloria
2390 2545 2483 2582 sua
2526 2531 2723 2584 cvaltat
2755 2539 2914 2599 caput
2963 2545 3118 2584 suum
3152 2548 3164 2581 :
3192 2530 3305 2582 lure
3357 2531 3428 2583 dit
3447 2532 3484 2584 it
3532 2533 3640 2585 Deo
3668 2547 3793 2592 suo,

2201 2620 2377 2675 Gloria
2403 2638 2536 2686 mea,
2578 2631 2628 2675 et
2671 2621 2903 2676 exultans
2946 2631 3098 2690 caput
3139 2637 3309 2675 meum
3342 2621 3514 2690 (Psol.
3568 2638 3646 2685 ιιι,
3690 2623 3725 2676 AI
3752 2624 3795 2690 ).

2201 2713 2276 2768 Illi
2307 2715 2322 2745 ⁸
2356 2713 2406 2767 in
2432 2714 2757 2783 principibus
2784 2714 2920 2780 ejus,
2942 2715 3026 2768 vel
3061 2714 3113 2768 in
3145 2715 3224 2768 eis
3257 2730 3393 2784 quas
3419 2715 3670 2784 subjugat
3697 2732 3800 2768 na-

2201 2804 2430 2858 tionibus
2455 2805 2758 2858 dominandi
2787 2805 2952 2859 libitlo
2973 2805 3280 2859 dominatur
3308 2823 3320 2857 :
3348 2807 3398 2858 in
3421 2806 3517 2858 hac
3547 2806 3798 2859 serviunt

2200 2897 2422 2950 invicem
2449 2899 2499 2949 in
2521 2897 2804 2962 charitate,
2833 2906 2888 2950 et
2905 2898 3176 2966 praepositi
3197 2897 3547 2954 consulendo.
3579 2907 3632 2951 ct
3661 2898 3799 2950 sub-

2197 2989 2290 3044 diti
2317 2990 2751 3056 obtemperaudo.
2804 2989 2896 3044 Illa
2930 2991 2980 3044 in
3011 2991 3122 3044 suis
3155 2991 3455 3059 potentibus
3485 2991 3652 3056 diligit
3681 2991 3801 3043 vir‘

2200 3092 2362 3135 tutem
2394 3098 2541 3134 suam
2573 3098 2585 3133 :
2621 3083 2734 3136 lucc
2760 3082 2880 3136 dicit
2915 3083 3022 3135 Deo
3049 3098 3167 3146 suo,
3206 3082 3423 3152 Diligam
3446 3097 3510 3145 te,
3551 3083 3798 3146 Domine,

2195 3178 2353 3228 virtus
2382 3175 2699 3242 mea(Psal.
2744 3191 2868 3234 xvtt.
2900 3174 2991 3244 Ξ).
3033 3175 3261 3243 Ideoque
3303 3177 3353 3228 iu
3397 3175 3484 3229 illa
3517 3177 3798 3245 sapientes

2195 3267 2309 3334 cjtts
2340 3266 2628 3319 secundum
2676 3267 2941 3320 hominem
2993 3269 3250 3328 viventes,
3304 3276 3394 3320 aut
3431 3268 3674 3336 corporis
3697 3281 3798 3324 aut

2195 3358 2356 3411 animi
2389 3358 2468 3411 ειιί
2497 3358 2632 3411 bona
2656 3399 2669 3420 ,
2699 3367 2788 3410 aut
2835 3359 3106 3428 utriusque
3151 3359 3336 3412 sectati
3388 3367 3544 3419 sunt;
3572 3368 3659 3410 aut
3695 3362 3793 3428 qui

2197 3461 2481 3521 potuerunt
2510 3467 2835 3517 cognoscere
2865 3452 3054 3512 Deum,
3085 3468 3184 3504 non
3217 3461 3271 3504 ut
3297 3450 3460 3504 Deum
3499 3453 3791 3506 honor-ave-

2195 3554 2314 3598 runt
2337 3588 2354 3609 ,
2381 3546 2458 3599 vel
2480 3547 2668 3616 gratias
2692 3556 2936 3615 egerunt;
2962 3547 3050 3599 sed
3075 3556 3388 3600 evanuerunt
3421 3547 3474 3598 in
3523 3547 3796 3615 cogitatio-

2195 3637 2342 3690 nibus
2384 3639 2507 3697 suis,
2536 3647 2580 3689 et
2605 3637 2922 3689 obscuratum
2947 3647 3020 3690 est
3063 3637 3302 3703 insipiens
3342 3652 3429 3689 cor
3454 3653 3626 3689 eorum
3658 3652 3678 3689 :
3705 3636 3799 3688 di-

2195 3739 2361 3781 centes
2387 3745 2439 3780 se
2462 3744 2566 3780 esse
2586 3735 2855 3793 sapientes.
2883 3726 2932 3780 id
2959 3736 3059 3788 est,
3091 3726 3398 3779 dominante
3420 3725 3517 3778 sibi
3539 3726 3795 3793 superbia

2196 3818 2247 3870 in
2277 3835 2369 3871 sua
2401 3818 2657 3886 sapientia
2689 3833 2808 3872 sese
2851 3818 3165 3871 extollentes
3187 3859 3200 3874 .
3229 3817 3370 3870 stulti
3397 3818 3519 3883 facti
3556 3827 3672 3870 sunt
3695 3833 3715 3879 ;
3742 3827 3798 3870 et

2193 3911 2580 3962 immntavcrunt
2601 3909 2816 3978 gloriam
2852 3907 3247 3977 incorruptibilis
3285 3906 3378 3959 Dei
3406 3907 3458 3959 in
3486 3907 3794 3960 similitudi-

2195 4019 2305 4054 nem
2348 4000 2583 4069 imaginis
2627 3999 2968 4070 corruptibilis
3006 3999 3238 4059 hominis,
3290 4009 3335 4050 et
3389 3999 3680 4064 volucrum,
3740 4013 3794 4052 et

2193 4090 2598 4161 quadrnpedmn,
2630 4099 2676 4142 et
2727 4090 3034 4155 serpentium
3062 4104 3081 4142 :
3107 4088 3172 4141 ad
3229 4088 3589 4154 hujuscemodi
3644 4089 3794 4142 enim

2195 4183 2472 4236 simulacra
2512 4180 2779 4235 adoranda
2803 4181 2884 4234 vel
2907 4180 3069 4234 duces
3096 4180 3437 4252 populorum,
3457 4181 3537 4234 vel
3557 4189 3800 4234 sectato-

2193 4290 2280 4329 res
2324 4274 2531 4327 fuerunt
2579 4291 2591 4326 :
2650 4284 2695 4326 et
2739 4273 3004 4326 coluerunt
3048 4283 3197 4343 atque
3246 4273 3519 4325 servierunt
3542 4283 3801 4326 creatura!

2195 4366 2360 4433 potius
2376 4381 2522 4431 quam
2545 4364 2790 4425 Creatori,
2817 4363 2906 4433 qui
2932 4372 3004 4417 est
3025 4363 3311 4417 benedictus
3337 4365 3388 4416 in
3401 4363 3586 4418 sttcula
3608 4364 3794 4431 (Rom.

2194 4474 2212 4533 ι
2262 4456 2430 4512 21-Ξὸ
2451 4459 2488 4527 ).
2519 4458 2572 4510 In
2618 4456 2717 4510 hac
2745 4465 2921 4509 autem
2965 4456 3105 4509 nulla
3134 4467 3213 4507 est.
3246 4454 3476 4508 hominis
3501 4453 3794 4521 sapientia,

2195 4552 2294 4604 nisi
2321 4550 2507 4619 pietas,
2531 4565 2630 4619 qua
2655 4558 2799 4603 recte
2815 4548 3010 4601 colitur
3031 4562 3190 4601 verus
3218 4548 3376 4610 Dens,
3400 4547 3447 4600 id
3467 4558 3797 4615 exspectans

2198 4643 2472 4711 prmmium
2505 4642 2557 4695 in
2585 4641 2838 4695 societate
2872 4650 3200 4705 sanctorum,
3249 4655 3353 4695 non
3385 4640 3560 4693 solum
3605 4639 3793 4692 homi-

2196 4748 2345 4796 num,
2395 4747 2580 4786 verum
2606 4732 2765 4785 etiam
2795 4731 3135 4799 Angelorum,
3167 4740 3220 4782 ut
3245 4732 3310 4785 sit
3340 4729 3480 4785 Deus
3511 4731 3686 4784 omnia
3731 4731 3793 4784 in

2197 4821 2428 4876 omnibus
2458 4820 2518 4892 (l
2550 4820 2667 4875 Cor.
2696 4837 2784 4885 xv,
2813 4821 2884 4876 28
2906 4820 2942 4890 ).

2271 5001 2284 5031 ι
2320 4998 2422 5046 Sola
2447 4997 2598 5046 editio
2620 5003 2751 5056 Lov.,
2781 4995 2886 5046 Illa-

2259 5081 2332 5152 (α)
2357 5088 2403 5152 te
2429 5079 2551 5152 ωδε-9
2574 5080 2835 5152 versam.
2859 5077 2927 5151 με
2949 5082 3120 5152 Genesi
3146 5078 3204 5152 ad
3223 5079 3538 5152 ιειιθνέφιητ
3564 5075 3646 5152 ἓον
3666 5089 3802 5152 φνιιε

2197 5143 2260 5190 de
2279 5138 2478 5190 civitate
2513 5142 2595 5189 Dei
2638 5141 2712 5188 bis
2737 5141 2900 5188 verbis
2932 5138 3248 5202 pollicebatur
3277 5154 3301 5202 :7
3323 5157 3345 5184 ι
3369 5139 3420 5187 lli
3449 5139 3543 5202 duo
3573 5138 3798 5202 amnes,

2205 5223 2226 5248 ι
2249 5215 2452 5264 quorum
2471 5202 2596 5250 alter
2610 5211 2805 5251 sanctus
2828 5198 3074 5258 esL'alter
3096 5201 3398 5264 immundus;
3424 5199 3549 5248 alter
3572 5198 3801 5264 socialis,

2203 5282 2225 5309 ι
2249 5260 2373 5313 alter
2395 5264 2667 5326 privatus...
2691 5264 3027 5326 distinxerunt
3041 5263 3257 5326 conditas
3280 5265 3328 5326 in
3352 5273 3542 5326 genere
3576 5260 3804 5326 humano

2203 5345 2224 5370 ι
2248 5320 2472 5387 civitates
2495 5325 2674 5387 duas...
2699 5332 2767 5373 De
2788 5325 2968 5387 quibus
2999 5323 3187 5387 duabus
3216 5320 3489 5387 civitatibus
3516 5320 3664 5370 Iatt'ts
3699 5323 3806 5372 tor-

2203 5406 2226 5434 ι
2248 5394 2378 5437 tasse
2401 5385 2496 5437 alio
2519 5383 2642 5448 loco,
2669 5387 2712 5437 si
2735 5383 2963 5436 Dominus
2985 5385 3212 5446 voluerit,
3234 5385 3547 5433 disseremus.
3571 5397 3597 5427 ι

1909 5556 2385 5636 ...κορσω-
