4054 6480
244 380 344 434 ιδτ
407 337 416 340 Π

243 513 556 528 ——-—_—

595 521 890 533 .—.—__
930 529 1001 534 η.-.
1045 530 1272 538 ____,___..,__
1305 534 1308 536 .

855 535 1320 711 LIBER
1339 535 1356 538 Ii
1405 535 2122 736 (iuturus
2151 541 2936 724 annos.”
2977 545 3046 550 Μ

1475 399 1678 456 LIBER
1715 400 2016 468 QL‘INTL‘S
2047 403 2356 462 iiIiCIMUS.

3461 409 3534 462 38

2077 539 2122 544 -η
2151 541 2492 548 —_——_—-__-»--.__-
2513 545 2708 550 .-..---.-.-
2793 545 2808 550 -
2897 545 2936 550 ..λ
2977 545 3002 550 ...
3039 545 3046 550 .
3091 543 3406 552 .-...——__-—-——.—.

245 807 500 874 Postquam
525 800 860 874 egit-quatuor
883 807 1103 868 proxime
1123 807 1452 874 antecedenti!
1473 823 1532 858 us
1553 807 1688 874 libris
1709 809 1774 874 de
1787 809 2042 874 civitatum
2063 809 2283 870 duarum,
2305 819 2520 862 terrenae
2539 826 2598 863 ac
2619 817 2834 866 emlestis
2859 825 3048 871 exortu.
3075 817 3225 868 libros
3247 819 3446 868 totidem
3471 819 3534 868 de

305 861 858 952 :Eivitatttttt
883 861 1129 952 '|.rm:tﬂ-st_t_
1149 873 1396 952 witjttugit
1422 882 1446 952 ιι
1456 873 1728 942 ugustiuus,
1754 873 1898 952 idque
1931 861 2282 952 ξινειξιιιριιψιιι
2299 861 3236 952 ea

304 937 418 1006 crte.
437 925 658 974 historia‘
673 929 858 1006 fartilem
896 925 1162 990 sper-tamin
1187 925 1452 994 put-tractet
1476 925 1516 990 ,”
1532 925 1736 995 [rituum
1761 925 1950 981 scilicet
1967 925 2136 995 q'uinto
2158 934 2347 984 decimo
2371 937 2461 985 hoc
2483 925 2607 987 libro
2621 925 2739 1002 (Tia;
2754 925 3466 1006 *Céttbsi*'tlgiin"titr'5'eaiti
3475 925 3532 992 ct

309 985 420 1039 Abel
445 1001 608 1051 usque
623 991 686 1040 ad
702 985 954 1042 diluviuni.

1532 1117 1630 1152 an
1640 1121 1657 1153 δ
1668 1103 2251 1154 assummum

245 1232 470 1289 CAPUT
511 1234 795 1290 PRIMUM.
825 1266 894 1276 ——
927 1235 1001 1290 De
1039 1237 1232 1292 duobus
1261 1237 1521 1292 ordinibus
1551 1239 1835 1309 grtterutio-

296 1329 372 1380 uis
397 1328 638 1380 ltuuumu:
665 1328 715 1382 in
742 1330 968 1382 diversos
997 1331 1126 1396 {inca
1155 1333 1216 1383 ob
1245 1331 1388 1384 initio
1417 1334 1780 1402 procurrentis.

317 1441 368 1494 1.
397 1439 476 1494 De
505 1438 762 1496 felicitate
803 1443 1068 1510 paradisi,
1103 1443 1184 1498 vel
1213 1443 1282 1500 de
1323 1447 1436 1514 ipso
1467 1447 1748 1516 paradiso,
1783 1457 1836 1502 et

243 1532 310 1586 de
339 1534 446 1606 vita
497 1533 568 1586 ibi
599 1535 892 1603 prunorum
938 1535 1248 1602 hominum,
1299 1554 1590 1608 eorumque
1619 1550 1836 1608 peccato

245 1635 402 1694 atque
433 1626 720 1695 supplicio,
751 1627 904 1682 multi
937 1629 1098 1682 multa
1129 1638 1414 1684 senserunt
1433 1669 1448 1690 .
1489 1631 1654 1684 multa
1683 1631 1834 1686 dise—

245 1727 387 1782 rnut,
420 1719 588 1771 multa
619 1717 812 1772 litteris
837 1718 1244 1774 mandaverunt.
1275 1720 1380 1776 Nos
1405 1737 1620 1791 quoque
1643 1737 1836 1776 secun-

245 1808 368 1862 dum
400 1809 712 1880 Scripturas
737 1821 968 1878 sanctas,
999 1813 1078 1866 vel
1109 1813 1252 1882 quod
1283 1814 1334 1868 in
1361 1815 1440 1868 eis
1467 1815 1722 1886 legimus,
1751 1818 1834 1872 vel

245 1903 384 1968 quod
411 1917 478 1956 cx
519 1903 600 1956 eis
631 1902 922 1973 intelligere
951 1905 1246 1972 potuimus,
1273 1921 1456 1960 earnm
1481 1917 1874 1977 congruentes:

247 1995 546 2047 auctoritati
565 2037 584 2058 ,
613 1995 681 2050 de
712 1995 794 2050 his
825 1996 984 2052 rebus
1025 2000 1074 2052 in
1121 1999 1485 2068 superioribus
1517 2001 1666 2054 libris
1693 2001 1846 2056 αἰγίδ’

249 2102 388 2142 mus.
423 2087 770 2142 Enucleatius
799 2099 976 2143 autem
1003 2090 1046 2144 si
1079 2091 1176 2144 ista
1203 2101 1546 2160 quaerantur,
1579 2093 1836 2162 multipli-

247 2192 338 2232 ces
381 2189 544 2246 atque
595 2180 934 2232 multimodas
987 2180 1199 2249 pariunt
1247 2181 1670 2252 disputationes,
1719 2201 1838 2252 qua:

247 2269 490 2338 pluribus
517 2269 822 2326 intexettde
849 2281 974 2326 sunt
999 2273 1371 2336 voluminibus.
1393 2291 1552 2345 quam
1577 2275 1678 2330 hoc
1701 2293 1840 2344 opus

249 2369 566 2431 tempusque
595 2362 856 2431 deposcit.
889 2363 1042 2431 Quod
1063 2381 1180 2434 ,tton
1211 2365 1280 2418 ita
1323 2367 1525 2435 largum
1559 2365 1836 2432 habemus,

249 2463 306 2507 ut
331 2454 386 2508 in
412 2453 669 2508 omnibus
697 2470 816 2524 qua:
861 2465 1084 2524 possunt
1125 2459 1400 2524 requirere
1423 2457 1660 2510 otios'wt
1689 2471 1840 2511 scru-

251 2545 418 2614 pulosi
443 2547 488 2613 ’,
517 2547 810 2616 paratiores
834 2546 900 2602 ad
927 2547 1384 2618 interrogandum,
1409 2565 1567 2618 quant
1595 2552 1814 2619 rapaci»

251 2651 333 2691 res
355 2638 424 2692 ad
458 2638 864 2708 intelligendum
885 2680 902 2706 ,
937 2654 1036 2694 nos
1067 2648 1312 2708 Oporteat
1357 2625 1650 2694 immorari.
1681 2641 1842 2695 Arbi-

253 2737 358 2786 tror
379 2739 562 2784 tamen
587 2730 720 2783 satis
743 2744 842 2786 nos
863 2728 976 2800 jam
1003 2730 1192 2786 iecisse
1221 2731 1424 2802 magnis
1443 2743 1498 2786 et
1515 2731 1842 2786 diitirillintis

251 2820 640 2888 quaestionibus
682 2820 750 2875 de
793 2821 942 2875 initio
967 2817 1052 2876 vel
1083 2823 1264 2876 mundi
1287 2823 1308 2854 ⁸
1331 2865 1347 2888 ,
1377 2823 1459 2876 vel
1494 2823 1724 2887 animus,
1759 2825 1842 2878 vel

255 2912 415 2980 ipsius
455 2913 674 2982 generis
712 2913 932 2968 humani
963 2931 978 2968 :
1011 2915 1152 2985 quod
1202 2917 1254 2971 in
1297 2916 1403 2970 dno
1431 2933 1628 2987 genera
1659 2918 1842 2972 distri-

257 3005 462 3059 buimus
487 3021 502 3069 ;
535 3021 699 3060 unum
725 3021 912 3062 eorum
939 3008 1028 3077 qui
1062 3009 1352 3062 secundum
1381 3009 1683 3066 hominem.
1707 3011 1838 3064 alte-

257 3113 366 3149 rntn
391 3113 584 3151 eorum
631 3097 723 3168 qui
751 3098 1041 3154 secundum
1073 3099 1234 3153 Deum
1263 3101 1464 3152 vivunt.
1511 3101 1652 3167 Quas
1681 3101 1842 3154 etiam

257 3191 478 3260 mystice
505 3191 839 3260 appellantes
880 3193 1124 3246 civitates
1157 3193 1309 3256 duas,
1357 3191 1460 3247 hoc
1494 3204 1574 3248 est
1601 3194 1732 3246 duas
1759 3209 1844 3246 so-

255 3283 474 3335 cietates
522 3281 795 3336 hominum
828 3299 844 3336 :
875 3299 1098 3352 quarum
1145 3295 1226 3337 est
1271 3299 1372 3336 unt
1405 3299 1523 3354 qua:
1565 3283 1771 3354 pra-des
1798 3284 1844 3328 i-

261 3383 374 3425 nata
399 3383 488 3428 est
520 3374 570 3426 in
603 3387 858 3428 atternum
893 3391 1116 3444 regnare
1144 3391 1262 3430 cum
1293 3377 1439 3442 Deo;
1471 3378 1660 3444 altera,
1691 3387 1845 3432 mter-

260 3479 381 3521 um
427 3465 750 3534 supplicium
793 3467 971 3522 subire
1001 3485 1120 3522 cum
1166 3469 1398 3524 diabolo.
1445 3469 1552 3524 Sed
1586 3471 1683 3524 iste
1729 3471 1845 3524 linis

259 3570 339 3614 est
363 3574 575 3628 earum,
607 3557 674 3612 de
700 3573 808 3628 quo
843 3570 960 3629 post
1003 3559 1325 3629 loquendum
1353 3571 1458 3616 est.
1491 3561 1638 3615 Nunc
1664 3573 1840 3614 autem

259 3651 509 3718 quoniam
537 3653 604 3707 de
633 3659 823 3707 exortu
853 3665 1036 3704 earum
1059 3692 1072 3716 ,
1107 3652 1220 3706 sive
1252 3651 1302 3705 in
1336 3653 1587 3721 Angelis.
1619 3667 1845 3722 quorum

263 3761 517 3799 numerus
547 3745 822 3815 ignoratur
863 3761 890 3797 τι
934 3744 1122 3812 nobis,
1154 3745 1268 3802 sive
1313 3745 1364 3799 in
1410 3745 1618 3800 duobus
1665 3747 1848 3816 primis

263 3833 589 3902 hominibus,
623 3839 752 3891 satis
777 3835 976 3892 dictum
1005 3847 1106 3906 est,
1135 3839 1243 3908 jam
1275 3837 1399 3893 mihi
1429 3838 1636 3893 videtur
1664 3855 1846 3892 earum

261 3931 652 4001 aggrediendns
700 3949 992 3995 excursus,
1041 3951 1104 3987 ex
1156 3951 1261 4003 quo
1315 3936 1384 3986 illi
1432 3934 1536 3986 duo
1587 3947 1850 4002 generare

261 4033 559 4092 coeperunt,
592 4021 762 4076 donec
795 4023 1036 4078 homines
1081 4041 1335 4093 gem-rare
1380 4026 1686 4079 t't‘Sstthtlttt.
1741 4027 1849 4080 lloc

260 4119 398 4171 enim
433 4117 742 4170 universum
775 4127 1004 4186 tempus.
1054 4121 1166 4171 sive
1196 4099 1474 4177 satrittlum.
1523 4120 1574 4172 in
1622 4137 1726 4188 quo
1756 4137 1846 4174 cn.-

262 4208 389 4262 dnnt
439 4209 768 4274 morientes,
809 4208 1206 4278 succedutuqne
1257 4223 1576 4276 Itastftfllles,
1629 4211 1849 4264 idat-um

261 4299 482 4356 duarum
519 4301 828 4366 civitatum,
859 4301 927 4356 de
971 4302 1162 4408 qﬁbus
1199 4302 1560 4372 disputamus,
1593 4320 1850 4358 excursus

261 4401 360 4446 est.

331 4487 386 4541 2.
419 4486 588 4541 Natus
613 4495 696 4542 est
723 4487 880 4558 igitur
910 4487 1051 4557 prior
1076 4487 1204 4542 Cain
1234 4503 1296 4541 ex
1329 4487 1431 4540 illis
1458 4487 1664 4542 duobus
1689 4505 1852 4558 geno-

263 4567 340 4634 ris
363 4579 587 4633 humani
635 4579 974 4648 parentibus,
1009 4581 1280 4649 pertinens
1310 4579 1374 4633 ad
1416 4581 1688 4634 hominum
1716 4584 1848 4634 rivi-

265 4679 464 4737 tatcm;
498 4672 766 4742 posterior
791 4671 943 4734 Abel,
975 4671 1040 4725 ad
1067 4673 1334 4726 civitatem
1367 4673 1478 4725 Dei.
1520 4673 1669 4727 Sicut
1706 4674 1846 4726 enim

265 4763 316 4817 in
345 4781 452 4818 uno
479 4765 718 4824 homine.
749 4762 889 4832 quod
918 4763 1050 4817 dixit
1071 4763 1376 4832 Apostolus,
1401 4765 1708 4832 experimur
1728 4764 1848 4833 quia

263 4869 363 4906 non
405 4853 630 4924 primunt
671 4854 806 4924 quod
848 4855 1111 4921 spirituule
1157 4865 1250 4920 est,
1300 4855 1388 4908 sed
1432 4853 1568 4922 quod
1609 4856 1848 4920 ouiumle,

264 4957 434 5013 postea
463 4943 736 5016 spirituule
763 4943 818 5014 (Ι
846 4945 962 4998 Cor.
991 4961 1078 5008 XV,
1107 4945 1212 5014 46)
1245 4963 1257 4999 :
1291 4946 1434 4998 unde
1467 4945 1847 5014 unusquisque,

261 5039 514 5106 quoniam
542 5055 604 5090 ex
639 5037 888 5090 damnata
915 5037 935 5068 ³
961 5039 1246 5108 propagine
1284 5039 1553 5102 exoritur,
1586 5039 1758 5108 primo
1786 5039 1852 5092 sit

265 5145 484 5182 necesse
524 5139 603 5183 est
651 5145 714 5181 i-x
745 5129 911 5182 Adam
941 5131 1111 5182 malus
1149 5141 1307 5197 atque
1337 5131 1602 5195 earnalis;
1635 5131 1775 5198 qtt:-tl
1808 5131 1850 5184 si

263 5237 316 5275 tn
344 5221 617 5276 Christum
644 5221 664 5251 ⁵
697 5221 1024 5275 renaseendo
1057 5221 1375 5292 profecerit,
1408 5234 1528 5292 post
1555 5223 1655 5276 erit
1685 5223 1853 5276 bonus

261 5321 315 5366 et
355 5313 652 5384 spiritualis
681 5331 694 5367 :
727 5312 806 5366 sic
836 5311 886 5366 itt
921 5313 1168 5404 universo
1215 5329 1412 5384 genere
1457 5313 1691 5368 humane
1731 5331 1850 5367 cum

321 5493 340 5524 ‘
379 5493 538 5542 Codex
559 5491 670 5550 τῖε,
689 5491 958 5555 scriptitarit.
1025 5501 1080 5555 \_t.

320 5557 344 5586 ²
367 5563 510 5619 tota,
529 5557 614 5619 _de
647 5553 878 5606 utiliore!
913 5553 1110 5619 dog/ine
1147 5553 1332 5604 mundi.
1359 5555 1531 5619 Abest.
1555 5555 1634 5619 de_
1655 5553 1772 5619 ﬁne,
1797 5556 1858 5606 ab

259 5617 408 5680 editis
426 5617 558 5666 Vind.
587 5627 688 5666 Αιιι.
715 5624 787 5680 εν.
825 5625 876 5666 et
901 5615 1182 5667 melioribus
1213 5618 1576 5680 manuscriptis,
1605 5615 1858 5680 debetque

255 5679 458 5788 abcesse,
481 5693 593 5728 cum
617 5681 680 5728 de
706 5678 802 5727 liae
837 5680 1131 5742 Augustinus
1156 5687 1262 5742 post
1283 5677 1578 5743 loquendum
1601 5693 1713 5730 esse
1745 5677 1858 5731 mox

289 5748 405 5788 ιξῖιι.

289 5748 405 5788 Ital.

323 5803 344 5834 ³
383 5801 596 5852 Nonnulli
621 5812 746 5860 uss,
768 5815 831 5852 ea:
859 5803 1154 5852 adamanta.

321 5864 344 5894 ⁸
377 5863 481 5915 Sola
501 5867 652 5916 editio
674 5875 804 5924 ιω..
819 5863 868 5915 in
889 5864 1096 5916 Christo.

1947 1238 2174 1308 primum
2195 1239 2316 1294 dure
2341 1240 2454 1294 ista:
2479 1251 2761 1310 cmperunt
2781 1243 3052 1298 nascendo
3075 1254 3232 1313 atque
3253 1247 3530 1302 moriendo

1947 1347 2260 1398 procurrere
2285 1333 2551 1402 civitates,
2601 1335 2746 1404 prior
2787 1343 2874 1390 est
2901 1346 3056 1390 natus
3079 1337 3152 1391 cii
3167 1338 3210 1391 is
3239 1337 3396 1406 hujus
3421 1353 3528 1392 sa:-

1945 1424 2084 1488 ruli;
2120 1425 2382 1492 posterior
2407 1435 2586 1480 autem
2629 1427 2732 1482 isto
2777 1427 3090 1498 peregrinus
3131 1429 3182 1483 in
3223 1431 3447 1494 san-nlo,
3477 1442 3536 1484 et.

1947 1516 2220 1584 [N‘l'littCllS
2265 1517 2334 1570 ad
2377 1519 2646 1574 civitatem
2697 1519 2828 1585 Dei,
2877 1520 3050 1591 gratia
3095 1521 3528 1590 pra-destinatus.

1941 1608 2108 1676 gratia
2157 1609 2392 1676 electus,
2439 1613 2614 1680 gratia
2657 1613 2972 1682 peregrinus
3019 1613 3312 1680 deorsum,
3363 1619 3530 1684 gratia

1943 1700 2076 1754 civis
2119 1716 2352 1756 sursum.
2403 1702 2536 1758 Nam
2587 1713 2842 1774 quantum
2881 1704 2948 1760 ad
2995 1705 3168 1774 ipsum
3209 1706 3434 1770 attinet,
3465 1721 3532 1760 ex

1945 1793 2132 1848 eadem
2163 1810 2340 1850 massa
2372 1797 2543 1850 oritur
2563 1837 2578 1860 ,
2605 1813 2724 1868 qua:
2761 1798 3092 1866 originaliter
3119 1809 3204 1854 est
3245 1809 3352 1853 tota
3379 1799 3534 1852 datu-

1948 1896 2066 1940 nata
2097 1904 2110 1940 :
2139 1887 2234 1942 sed
2265 1897 2514 1959 tanquam
2539 1890 2734 1960 ligulas
2757 1889 2894 1944 Dens
2925 1889 3084 1962 (hanc
3109 1891 3254 1946 enim
3279 1891 3534 1944 similitn-

1943 1976 2121 2034 dinem
2151 1995 2256 2034 non
2286 1981 2676 2050 imprudenter,
2705 1981 2797 2036 sed
2824 1983 3118 2052 prudenter
3143 1983 3434 2038 introducit
3453 1983 3540 2052 (α)

1945 2069 2254 2138 Apostolus)
2297 2086 2362 2124 ex
2393 2071 2578 2126 eadem
2609 2087 2784 2126 massa
2817 2072 2940 2126 fecit
2979 2071 3124 2126 aliud
3153 2087 3247 2126 vas
3275 2073 3324 2126 in
3357 2072 3538 2126 bono--

1945 2175 2082 2228 rem,
2110 2162 2252 2216 aliud
2285 2163 2334 2216 in
2363 2163 2740 2218 contumeliam
2777 2163 2950 2235 (Rom.
2981 2181 3054 2230 Iv,
3083 2163 3210 2236 21).
3255 2164 3408 2219 Prius
3431 2181 3534 2220 an»

1947 2263 2052 2306 teut
2073 2251 2264 2306 factum
2285 2263 2368 2308 est
2396 2270 2488 2309 vas
2515 2255 2566 2310 in
2593 2257 2993 2320 contumeliam,
3023 2266 3144 2328 post
3159 2273 3285 2311 vero
3305 2258 3542 2312 alterum

1946 2344 1998 2396 in
2049 2343 2306 2399 honorem
2337 2363 2352 2399 :
2385 2348 2508 2417 quia
2555 2357 2610 2402 et
2653 2347 2708 2402 in
2755 2348 2868 2418 ipso
2901 2365 3039 2416 uno,
3086 2348 3226 2402 sicut
3260 2349 3372 2416 jam
3401 2348 3536 2416 disi,

1947 2436 2182 2500 homine,
2215 2439 2364 2506 prius
2391 2448 2476 2494 est
2515 2439 2825 2508 reprobum,
2855 2437 3002 2494 unde
3037 2453 3260 2494 necesse
3287 2449 3374 2494 est
3401 2439 3537 2494 inri-

1949 2527 2174 2596 piantus,
2221 2537 2270 2582 et
2319 2529 2406 2582 ubi
2456 2547 2560 2582 non
2609 2538 2692 2584 est
2747 2544 2968 2584 necesse
3015 2541 3072 2583 ut
3115 2545 3534 2592 remaneamus;

1949 2621 2216 2692 posterius
2246 2637 2374 2676 vero
2417 2622 2638 2692 probum
2661 2663 2676 2685 ,
2723 2637 2829 2693 quo
2869 2623 3207 2692 proficientes
3237 2622 3536 2686 veniamus,

1949 2721 2004 2766 et
2029 2727 2136 2782 quo
2163 2713 2544 2781 pervenientes
2570 2729 2902 2768 mani-amns.
2932 2714 3160 2768 Proinde
3187 2731 3294 2768 non
3323 2713 3552 2784 quidem.

1949 2805 2124 2859 omnis
2153 2804 2314 2860 homo
2345 2806 2516 2860 malus
2545 2805 2650 2860 erit
2674 2805 2848 2862 bonus
2869 2847 2884 2870 ,
2917 2821 3076 2861 nemo
3105 2815 3282 2861 tamen
3316 2805 3417 2860 erit
3447 2803 3543 2857 bo-

1949 2913 2050 2952 nus
2078 2897 2168 2966 qni
2199 2913 2308 2952 non
2353 2907 2473 2954 erat
2517 2899 2692 2953 malus
2720 2917 2735 2954 :
2763 2898 2858 2953 sed
2889 2909 3090 2968 quanto
3117 2899 3342 2968 quisque
3383 2897 3543 2952 citius

1949 2997 2188 3042 mutatur
2219 2988 2270 3042 itt
2303 2989 2529 3054 melius,
2575 2992 2678 3044 hoc
2725 2989 2776 3044 in
2823 3005 2881 3044 se
2925 2988 3049 3042 facit
3089 2989 3350 3044 nominari
3399 2987 3558 3057 quod:

1951 3079 2306 3150 apprehendit
2333 3080 2564 3136 celerius
2583 3119 2602 3146 ,
2633 3090 2688 3134 et
2715 3082 3012 3150 posteriore
3039 3082 3280 3150 coeperit
3309 3079 3542 3134 vacabu-

1951 3167 2060 3224 lunt
2094 3169 2259 3238 prius.
2289 3169 2558 3240 Scriptura
2589 3180 2672 3226 est
2699 3171 2880 3240 itaque
2905 3169 2974 3224 de
2999 3170 3149 3234 Cain,
3181 3169 3324 3239 quod
3351 3169 3542 3224 condi-

1951 3259 2090 3316 derit
2117 3261 2389 3316 civitatetn
2429 3258 2598 3333 (Gen.
2627 3277 2702 3328 tv,
2733 3259 2834 3330 17)
2861 3278 2878 3316 :
2909 3261 3044 3314 Abel
3073 3271 3252 3314 autem
3287 3255 3548 3330 tanqnan't-

1956 3350 2268 3422 peregrinus
2312 3367 2416 3406 non
2465 3351 2723 3408 condidit.
2767 3351 3005 3420 Superna
3034 3362 3118 3406 est
3143 3351 3284 3406 enim
3325 3360 3542 3405 sancto-

1956 3459 2075 3498 rnm
2103 3443 2316 3510 civitas,
2343 3443 2585 3514 quamvis
2611 3442 2700 3498 hic
2727 3443 2892 3514 pariat
2919 3443 3090 3510 cives,
3117 3441 3170 3497 in
3197 3441 3388 3513 quibus
3415 3459 3546 3512 per-

1954 3537 2264 3608 egrinatur,
2308 3537 2482 3592 donec
2527 3537 2676 3607 regni
2721 3539 2838 3606 ejus
2871 3546 3082 3606 tempus
3107 3534 3391 3598 adveniat,
3417 3550 3540 3590 cum

1955 3640 2338 3700 congregatum
2365 3645 2450 3684 εει
2475 3643 2664 3684 omnes
2690 3629 2742 3682 in
2770 3628 2882 3682 suis
2907 3627 3223 3697 corporibus
3251 3641 3544 3696 resurgen-

1961 3730 2062 3785 tes,
2091 3721 2306 3790 quando
2331 3721 2412 3775 eis
2441 3719 2760 3790 promissum
2787 3717 3002 3774 dabitur
3030 3733 3276 3787 regnum,
3307 3717 3394 3770 ubi
3419 3732 3550 3771 cum

1958 3827 2058 3870 suo
2087 3813 2326 3884 principe
2357 3814 2500 3885 [tege
2523 3813 2844 3868 szrculorum
2869 3813 2988 3868 sine
3015 3811 3124 3866 ullo
3155 3813 3410 3882 temporis
3439 3811 3550 3866 ﬁne

1959 3903 2280 3976 regnabunt.

1991 4015 2224 4076 CAPUT
2251 4016 2316 4075 tl.
2339 4045 2406 4060 —
2433 4015 2512 4074 De
2538 4015 2660 4090 ﬁliis
2691 4015 2882 4087 carnis,
2910 4025 2958 4075 et
2982 4015 3108 4090 ﬁliis
3135 4013 3512 4114 promissionis.

2031 4133 2232 4188 Umbra
2263 4147 2392 4186 sane
2417 4129 2662 4201 quzedam
2693 4131 2921 4186 civitatis
2951 4129 3108 4202 hujus
3143 4139 3196 4186 et
3221 4131 3397 4201 imago
3427 4147 3550 4202 pru-

1957 4225 2163 4296 pbetica
2213 4225 2260 4278 ei
2313 4223 2675 4293 signiﬁcandze
2729 4224 2900 4294 potius
2946 4239 3104 4294 quam
3156 4223 3547 4294 pmsetttanda:

1961 4317 2180 4373 servivit
2229 4317 2280 4370 in
2337 4317 2530 4378 terris,
2579 4331 2687 4384 quo
2735 4331 2854 4369 eam
2904 4323 3144 4384 tempore
3189 4315 3549 4370 demoostrari

1962 4409 2272 4478 oportebat,
2301 4419 2354 4460 ct
2391 4407 2528 4459 dicta
2562 4415 2645 4459 est
2669 4405 2830 4460 etiam
2863 4405 2975 4474 ipsa
3004 4405 3190 4459 civitas
3216 4415 3398 4460 sancta
3431 4421 3546 4460 meo

1959 4501 2060 4552 ritu
2085 4497 2431 4568 signiﬁcantis
2461 4497 2726 4566 imaginis,
2755 4513 2858 4550 non
2884 4513 3182 4566 expressaa.
3207 4497 3343 4552 sicut
3373 4497 3550 4554 futura

1957 4601 2074 4654 est,
2105 4589 2362 4644 veritatis.
2395 4589 2473 4643 De
2517 4589 2613 4644 hac
2660 4590 2887 4658 imagine
2931 4591 3198 4645 serviente
3219 4633 3234 4657 ,
3265 4601 3318 4645 et
3347 4593 3412 4644 de
3457 4592 3548 4646 illa

1957 4699 2116 4753 quam
2147 4682 2408 4751 signiﬁcat.
2446 4681 2614 4734 libera
2641 4681 2853 4734 civitate
2873 4721 2888 4746 ,
2922 4679 3000 4735 sic
3027 4682 3319 4750 Apostolus
3349 4681 3414 4736 ad
3440 4681 3546 4737 Gai-

1961 4775 2097 4830 latas
2139 4774 2374 4844 loquitur
2401 4789 2414 4825 ε
2443 4771 2612 4825 Dicite
2649 4771 2807 4837 mihi,
2837 4772 3008 4841 inquit
3027 4814 3041 4837 ,
3071 4773 3162 4828 sub
3193 4775 3300 4844 lege
3327 4774 3546 4827 volatiles

1961 4883 2066 4922 esse
2088 4909 2102 4932 ,
2142 4867 2300 4936 legem
2345 4881 2444 4919 non
2487 4865 2700 4919 audietis
2723 4865 2782 4918 ‘i
2837 4865 3099 4936 Scriptura
3139 4875 3212 4919 est
3251 4865 3384 4919 enim
3412 4867 3549 4932 quod

1959 4959 2216 5014 Abraham
2241 4959 2368 5012 duos
2396 4956 2530 5026 lilio:
2553 4957 2728 5012 [tabuit
2747 4999 2762 5024 ,
2795 4973 2951 5010 unum
2981 4957 3046 5010 de
3071 4957 3282 5023 ancilla,
3309 4965 3356 5009 et
3385 4971 3545 5010 unum

1959 5053 2022 5106 de
2062 5052 2236 5106 libera.
2287 5049 2394 5104 Sed
2421 5050 2510 5104 ille
2535 5049 2738 5118 quidem
2781 5049 2867 5116 qui
2908 5048 2972 5100 de
3006 5046 3230 5111 ancilla,
3271 5046 3548 5102 secundum

1959 5161 2162 5198 carnem
2191 5154 2338 5196 natus
2359 5152 2468 5204 est;
2495 5142 2582 5205 qui
2609 5152 2780 5194 autem
2799 5141 2864 5192 de
2885 5141 3060 5200 libera,
3086 5155 3174 5208 per
3197 5141 3549 5210 repromissio-

1959 5253 2073 5290 uem
2097 5253 2117 5290 :
2145 5251 2258 5304 qua:
2285 5244 2402 5288 sunt
2443 5235 2494 5288 in
2523 5233 2768 5302 allegoria
2803 5232 2902 5302 (ὁ).
2951 5228 3078 5283 Hinc
3115 5231 3248 5286 enim
3287 5244 3402 5286 sunt
3440 5233 3556 5288 duo.

2027 5495 2042 5525 ε
2074 5492 2267 5554 sliquot
2301 5489 2612 5554 manuscripti
2652 5487 2792 5548 juxta
2815 5485 3094 5554 \‘ulgatam,
3121 5487 3272 5552 legem
3299 5502 3394 5540 non
3431 5487 3551 5552 legi.

1962 5553 2087 5606 stis?
2111 5547 2194 5601 Alii
2219 5567 2326 5601 eum
2353 5551 2518 5614 editis,
2539 5547 2692 5614 legent
2713 5561 2806 5614 non
2823 5547 3026 5600 audistis
3045 5547 3146 5614 2⁷η)Δ
3163 5547 3328 5614 'grzeeo
3351 5561 3444 5608 est.
3469 5547 3550 5601 ian

1963 5629 2131 5668 nomon
2155 5627 2242 5663 onc
2267 5621 2489 5672 urouete;
2513 5609 2604 5662 hoc
2628 5619 2724 5672 est,
2743 5610 2892 5672 legem
2913 5623 3006 5660 non
3029 5609 3233 5662 audiriis
3251 5611 3274 5662 ?
3295 5640 3356 5649 —
3377 5620 3442 5662 lix
3467 5627 3550 5662 no-

1964 5679 2095 5736 stris,
2119 5686 2196 5726 ;\.'S.
2223 5675 2342 5725 2030
2357 5671 2489 5722 solus
2509 5687 2618 5722 cum
2645 5671 2840 5736 \ulgata
2860 5675 3120 5723 consentit.
3185 5680 3240 5722 M.

2029 5735 2100 5802 (α)
2124 5742 2234 5802 sive
2259 5739 2414 5798 potius
2437 5743 2684 5786 mutuatus
2700 5735 2778 5784 est
2799 5735 2862 5784 ab
2884 5736 3022 5798 Isaia,
3045 5750 3151 5796 xw,
3176 5736 3228 5794 9,
3251 5743 3304 5786 ct
3320 5741 3547 5794 terentia,

1965 5801 2100 5853 Xvnu
2123 5801 2154 5849 5
2171 5811 2308 5860 seqq.
2328 5807 2570 5860 (uomens.

2034 5861 2109 5926 (ὁ)
2131 5857 2260 5912 Cotti
2281 5857 2362 5910 hic
2378 5857 2464 5908 lib.
2484 5860 2540 5908 15
2561 5860 2626 5908 de
2643 5859 2834 5918 Trinil.,
2859 5871 2909 5906 n.
2933 5857 3005 5908 lii.
