4054 6534
430 431 538 489 639

433 553 764 610 testamenta;
789 558 944 598 unum
969 540 1171 612 quidem
1195 556 1227 594 a
1255 548 1426 594 monte
1454 539 1586 595 Sina
1610 541 1626 572 ί
1654 541 1708 595 in
1734 541 2019 595 servitutem

434 649 679 709 generatis
699 673 713 699 ,
739 633 876 703 quod
899 642 970 687 est
993 631 1129 703 Agar
1149 632 1190 683 ².
1220 630 1352 686 Sina
1380 631 1511 684 enim
1538 639 1610 684 est
1635 645 1779 686 mons
1805 632 1856 682 in
1884 629 2022 682 Ara-

435 725 540 791 bia,
570 726 655 796 qui
679 725 974 795 conjunctus
1000 733 1073 776 est
1101 732 1121 763 ³
1151 723 1266 776 huic
1293 737 1407 794 qua!
1434 739 1566 776 nunc
1592 733 1664 776 est
1689 721 1976 776 Jerusalem
2003 738 2023 776 :

438 818 586 880 servit
614 815 746 870 enim
774 831 890 868 cum
916 815 1038 882 ﬁliis
1078 815 1206 867 suis.
1255 814 1383 880 Qua:
1405 825 1578 867 autem
1601 829 1803 866 sursum
1831 823 1902 866 est
1927 811 2024 865 Je-

435 906 657 962 rusalem
675 947 692 971 ,
717 905 874 960 libera
899 916 995 971 est,
1023 921 1138 976 qua
1171 915 1244 960 est
1286 916 1447 959 uniter
1471 905 1696 958 omnium
1722 915 1949 958 nostrum
1975 903 2019 958 ⁸.

437 998 697 1071 Scriptum
723 1009 798 1053 εει
825 1000 957 1054 enim
978 1041 993 1066 ,
1025 998 1257 1066 Licture,
1298 998 1520 1064 sterilis,
1558 1013 1671 1068 qua:
1711 1015 1810 1052 non
1842 998 1978 1067 paris
2004 1011 2026 1060 ,°

435 1108 643 1161 erumpe
671 1101 718 1146 et
745 1093 909 1146 clama
931 1131 947 1154 ,
990 1107 1105 1160 (nite
1149 1108 1249 1145 non
1296 1092 1519 1162 parturis
1550 1106 1570 1146 :
1595 1092 1834 1162 quoniam
1881 1091 2026 1144 multi

437 1184 535 1252 ﬁlii
560 1183 792 1250 desertae,
837 1184 1000 1256 magis
1045 1200 1196 1254 quam
1224 1184 1332 1254 ejus
1375 1199 1489 1254 qua
1529 1183 1674 1236 habet
1704 1184 1882 1237 virum.
1914 1179 2026 1237 Νυε

436 1285 628 1345 unum,
653 1277 855 1347 fratres,
876 1279 1152 1332 secundum
1177 1276 1199 1329 Ι
1207 1292 1326 1330 sane
1347 1275 1690 1346 promissionis
1711 1276 1806 1343 ﬁlii
1828 1291 2024 1328 sumus.

443 1369 550 1423 Sed
572 1369 700 1424 sicut
729 1380 851 1423 tunc
875 1370 964 1440 qui
987 1368 1264 1424 secundum
1290 1383 1494 1422 carnem
1521 1377 1670 1421 natus
1696 1369 1880 1438 fuerat,
1914 1381 2030 1436 per-

440 1460 741 1530 sequebatur
769 1477 881 1515 eum
919 1461 1006 1531 qui
1048 1460 1326 1516 secundum
1355 1460 1632 1530 spiritum;
1669 1459 1744 1513 ita
1787 1468 1833 1512 et
1872 1473 2025 1512 nunc.

445 1548 552 1605 Sed
577 1550 700 1616 quid
725 1551 846 1604 dicit
867 1551 1136 1622 Scriptura
1153 1551 1179 1604 7
1207 1550 1349 1620 l'Ijice
1371 1551 1612 1604 ancillam
1631 1560 1678 1605 et
1701 1550 1863 1620 ﬁlium
1888 1551 1995 1621 ejus
2009 1565 2029 1604 :

442 1660 546 1698 non
571 1645 705 1698 enim
731 1644 892 1698 limes
917 1645 1010 1698 erit
1035 1644 1174 1712 ﬁlius
1197 1642 1404 1697 ancilla:
1422 1658 1536 1696 cum
1564 1643 1673 1711 ﬁlio
1699 1641 1889 1696 liberte.
1917 1641 2030 1696 Nos

443 1746 644 1801 autem,
676 1741 860 1810 fratres
882 1777 898 1803 ,
945 1753 1046 1791 non
1087 1752 1260 1790 sumus
1306 1735 1509 1790 ancillis
1537 1736 1674 1804 ﬁlii,
1717 1735 1808 1790 sed
1838 1736 2027 1801 liberte,

444 1844 547 1891 qua
573 1826 800 1883 libertate
825 1826 1053 1881 Christus
1082 1843 1172 1881 nos
1200 1825 1425 1879 liberavit
1457 1824 1664 1896 (Galat.
1695 1842 1766 1892 tv,
1794 1825 1956 1880 2|~5l
1983 1824 2027 1894 ).

447 1918 575 1974 "me
601 1918 764 1973 forma
797 1917 1120 1988 intelligendi
1161 1917 1229 1972 de
1253 1916 1544 1986 apestolica
1582 1919 1896 1971 auctoritate
1933 1916 2032 1970 de-

445 2010 709 2064 scendens
739 2009 913 2065 locum
958 2009 1111 2062 nobis
1151 2008 1361 2078 aperit,
1393 2008 1838 2076 quemadmodum
1883 2007 2030 2062 Scri-

446 2111 630 2170 pturas
658 2101 888 2156 duorum
915 2100 1401 2165 Testamentorum,
1425 2100 1628 2156 Veteris
1659 2110 1712 2154 et
1736 2099 1865 2155 Novi
1895 2101 2032 2155 acci-

445 2209 574 2264 pere
597 2194 909 2250 debeamus.
944 2195 1070 2248 Pars
1099 2195 1240 2249 enim
1271 2194 1513 2265 quaedam
1546 2203 1773 2249 terrena:
1803 2193 2032 2248 civitatis

446 2287 623 2356 imago
651 2289 886 2342 caelestis
915 2288 1146 2342 civitatis
1191 2288 1380 2343 effecta
1411 2298 1531 2353 est,
1579 2302 1685 2342 non
1729 2303 1790 2342 se
1834 2287 2037 2357 signiﬁ-

446 2379 641 2446 cando,
671 2379 764 2436 sed
795 2380 1016 2434 alteram
1043 2397 1058 2444 ;
1086 2391 1136 2436 et
1166 2380 1286 2435 ideo
1311 2382 1573 2436 serviens.
1607 2380 1720 2434 Non
1748 2381 1890 2436 enim
1919 2397 2034 2451 pro-

447 2478 568 2540 pter
592 2486 652 2524 se
697 2469 902 2541 ipsam,
947 2469 1040 2525 scd
1075 2481 1291 2542 propter
1318 2471 1475 2524 aliaat
1527 2469 1924 2540 significandam
1956 2479 2038 2526 est

450 2561 728 2627 instituta;
780 2573 834 2618 et
864 2563 1197 2632 pra-cedente
1241 2562 1343 2616 alia
1393 2563 1783 2631 signiﬁcatione
1827 2573 1880 2616 et
1923 2562 2035 2632 ipsa

447 2653 795 2725 prtcﬁgttrans
842 2654 1174 2727 pra-ﬁgurata
1220 2667 1322 2709 est.
1376 2654 1617 2725 Namque
1659 2655 1803 2724 Agar
1849 2654 2037 2708 ancilla

449 2743 652 2810 Same,
683 2745 906 2816 ejusque
932 2744 1101 2809 ﬁlius,
1132 2747 1306 2813 imago
1329 2746 1572 2817 qua-dam
1606 2746 1762 2815 hujus
1797 2745 2038 2816 imaginis

449 2835 568 2892 fuit.
605 2837 670 2893 Et
717 2839 967 2909 quoniam
1013 2838 1316 2894 transitura:
1354 2847 1509 2893 erant
1543 2839 1747 2893 umhrzc
1795 2839 1910 2892 luce
1946 2854 2039 2893 ve-

452 2931 656 3000 niente,
689 2931 810 2988 ideo
840 2932 972 2986 dixit
1004 2932 1166 2988 libera
1193 2933 1375 2997 Sarra,
1403 2947 1519 3002 qua!
1550 2931 1882 3000 signiﬁcabat
1910 2930 2042 2985 libe-

452 3037 569 3078 ram
615 3023 922 3087 civitatem,
963 3023 1049 3078 cui
1092 3036 1280 3077 rursus
1323 3022 1428 3076 alio
1475 3022 1636 3077 modo
1682 3021 2042 3092 signiﬁcanda:

453 3114 618 3170 etiam
646 3115 733 3170 illa
767 3114 952 3169 umbra
978 3114 1244 3168 serviebat
1275 3131 1290 3167 :
1324 3113 1468 3181 Ejice
1493 3112 1734 3166 ancillam
1755 3154 1770 3176 ,
1802 3122 1849 3168 et
1879 3113 2043 3181 ﬁlium

454 3207 604 3278 ejus;
632 3221 732 3260 non
767 3208 900 3259 enim
930 3205 1088 3259 lateres
1114 3205 1205 3258 erit
1246 3205 1383 3273 ﬁlius
1419 3203 1623 3257 ancilla:
1650 3220 1762 3257 cum
1793 3203 1901 3272 ﬁlio
1930 3217 2041 3256 meo

457 3286 625 3364 fsaac,
648 3296 788 3368 quod
815 3297 890 3350 ait
915 3297 1222 3365 Apostolus,
1247 3312 1360 3348 cum
1382 3294 1492 3364 ﬁlio
1519 3295 1706 3350 liberte.
1739 3295 2042 3349 Invenimus

457 3406 586 3461 ergo
625 3392 674 3444 in
721 3399 932 3446 terrena
977 3390 1192 3445 civitate
1235 3388 1369 3442 duas
1413 3387 1653 3451 formas;
1704 3404 1860 3441 unam
1891 3400 2042 3440 suam

457 3482 793 3553 praesentiam
833 3481 1312 3542 dctnonstrautem.
1341 3480 1563 3534 alteram
1599 3479 1804 3534 cmlesti
1835 3478 2032 3533 civitati

458 3572 822 3644 signiﬁcanda:
861 3586 955 3627 sua
998 3572 1278 3642 prasentia
1310 3572 1652 3626 servientem.
1687 3571 1832 3626 Parit
1868 3580 2044 3624 autem

459 3664 607 3720 cives
634 3673 860 3719 terrena:
885 3663 1116 3718 civitatis
1145 3674 1366 3734 peccato
1391 3663 1574 3717 vitiata
1613 3673 1799 3717 natura
1827 3677 1842 3726 ;
1885 3663 2048 3717 coale-

460 3755 560 3810 stis
585 3769 715 3810 vero
743 3755 974 3810 civitatis
1001 3755 1144 3810 cives
1169 3757 1309 3824 parit
1332 3771 1361 3808 a
1395 3763 1612 3822 peccato
1638 3762 1884 3807 naturam
1914 3753 2048 3808 liheo

461 3862 590 3902 rans
613 3847 783 3917 gratia
814 3864 828 3900 :
863 3847 1002 3901 nmle
1029 3847 1116 3901 illa
1146 3854 1404 3900 vocantur
1431 3860 1558 3899 vasa
1585 3845 1717 3909 irae;
1760 3846 1856 3899 ista
1877 3887 1892 3910 ,
1925 3859 2048 3897 vasa

463 3936 845 3992 misericordia:
871 3935 1045 4007 (Itoni.
1074 3952 1149 4003 ix,
1177 3935 1270 3998 22,
1297 3934 1416 4004 25).
1446 3934 1809 4004 Signiﬁcatum
1835 3943 1918 3989 est
1945 3934 2047 3989 hoc

465 4029 626 4083 etiam
657 4028 711 4082 in
741 4026 948 4082 duobus
979 4025 1102 4082 ﬁliis
1129 4024 1381 4090 Abrahae,
1403 4025 1552 4094 ,quod
1581 4040 1717 4078 unus
1741 4024 1809 4078 de
1833 4023 2049 4087 ancilla,

464 4116 906 4189 quie‘dicebatur
949 4118 1124 4186 Agar,
1171 4115 1464 4170 secundum
1510 4130 1724 4170 carnem
1773 4126 1928 4170 natus
1969 4097 2054 4170 est

466 4205 676 4267 lsmacl,
711 4207 844 4260 alter
871 4217 1046 4260 autem
1075 4205 1144 4260 de
1171 4203 1331 4260 Sarra
1361 4205 1524 4260 libera
1551 4205 1841 4260 secundum
1871 4222 2055 4276 repro-

468 4296 777 4351 missionem
824 4307 979 4351 natus
1008 4295 1174 4350 Isaac.
1220 4295 1456 4367 Uterque
1500 4297 1714 4367 quidem
1753 4298 1821 4352 de
1851 4299 2054 4353 semine

468 4389 700 4445 Abralnc
731 4408 744 4444 :
778 4387 872 4444 sed
905 4389 1052 4444 illum
1078 4390 1263 4460 genuit
1303 4388 1679 4446 dentonstrans
1723 4391 2053 4445 consuetudo

470 4488 737 4544 naturam,
767 4479 925 4534 istum
952 4494 1080 4532 vero
1117 4477 1264 4534 dedit
1289 4479 1573 4548 promissio
1599 4478 1904 4549 signiﬁcans
1931 4495 2053 4547 gra-

472 4573 621 4628 tiam.
654 4572 726 4628 lbi
772 4571 1035 4626 humanus
1066 4586 1192 4626 usus
1218 4571 1557 4639 ostenditur,
1589 4571 1677 4627 bic
1703 4571 1938 4627 divinum
1964 4571 2058 4627 bc-

473 4663 721 4719 neﬁcium
751 4661 1174 4718 commendatur.
1929 4651 1938 4663 ’

471 4776 699 4834 CAPUT
725 4776 813 4832 Ill.
840 4807 910 4818 ——
939 4775 1017 4831 De
1059 4777 1322 4832 sterilitate
1349 4775 1560 4846 Same,
1584 4793 1738 4847 quam
1764 4776 1857 4830 Dei
1891 4777 2059 4847 gratia

1107 4867 1418 4939 fecundavit.

543 4981 706 5038 Sarra
734 4982 930 5052 quippe
956 4981 1154 5036 sterilis
1177 4989 1331 5047 erat,
1375 4991 1429 5035 et
1457 4980 1831 5050 desperatione
1872 4982 2056 5051 prolis,

475 5072 663 5126 saltem
691 5072 760 5127 de
796 5072 986 5127 ancilla
1015 5086 1112 5126 sua
1150 5071 1537 5141 concupiscens
1568 5071 1788 5136 habere,
1821 5072 1960 5142 quod
1993 5074 2060 5128 de

476 5178 536 5218 se
572 5162 684 5233 ipsa
714 5177 820 5217 non
850 5176 910 5217 se
954 5176 1114 5232 posse
1139 5143 1428 5228 cernebat,
1454 5161 1602 5217 dedit
1630 5177 1748 5216 eam
1793 5161 2058 5218 fetandam

475 5255 620 5320 viro,
648 5254 720 5311 de
757 5270 862 5325 quo
889 5268 1080 5325 parere
1109 5255 1384 5320 voluerat,
1431 5269 1531 5309 nec
1561 5263 1826 5324 potuerat.
1871 5253 2062 5325 Exegit

538 5404 560 5444 '
592 5416 661 5461 tta
693 5422 871 5474 omnes
908 5409 1045 5474 editi,
1078 5412 1218 5474 juxta
1252 5422 1484 5474 grtecum,
1508 5422 1601 5474 apo
1621 5421 1762 5474 orcus
1797 5407 1909 5474 Sinti
1933 5422 1945 5457 :
1969 5422 2062 5458 nec

471 5471 617 5523 aliter
638 5472 947 5536 manuscripti
966 5474 1008 5536 si
1043 5470 1218 5535 paucos
1241 5470 1636 5535 e'xceperis,'qui
1651 5473 1791 5536 juxta
1815 5470 2063 5534 Vulgatam

473 5536 676 5595 habent,
699 5532 752 5584 in
766 5532 919 5581 mante
936 5532 1063 5582 Sina:

535 5599 572 5658 '_
588 5597 662 5646 sic
683 5605 786 5644 Mss.
803 5595 919 5644 mliti
945 5609 1079 5658 vero,
1099 5607 1208 5658 qua:
1228 5600 1297 5644 est
1323 5606 1461 5657 agar.

537 5656 573 5692 ³·
591 5665 722 5717 I.ov._,
756 5668 868 5719 quae
887 5652 1139 5718 conjuncta
1161 5664 1230 5708 εει
1243 5671 1262 5720 ;
1285 5652 1687 5708 disScutientibus
1718 5654 1861 5705 editis
1883 5652 1990 5702 aliis
2013 5661 2064 5704 et

472 5719 721 5784 plerisque
743 5719 1095 5784 ntattuscriptis.

536 5783 559 5856 ξ
586 5780 838 5856 sic__\'iud.
871 5787 938 5856 et
975 5780 1161 5856 aliquot
1183 5780 1511 5856 manuscrirvli
1545 5780 1684 5856 ll“?
1707 5791 1953 5856 sfw“:
1975 5784 2063 5856 ίτῖδ

471 5844 560 5896 esti
583 5845 731 5898 métér
768 5843 942 5910 pautbn
964 5843 1116 5897 émdn.
1145 5853 1200 5894 Al.
1229 5850 1298 5892 Er.
1328 5851 1379 5892 et
1403 5850 1531 5904 t.ov.,
1561 5853 1670 5904 quin
1693 5849 1760 5890 cst
1801 5852 1954 5889 muter
1976 5852 2062 5888 no-

471 5914 588 5960 sim.

1489 425 1578 482 DE
1615 424 1938 483 Ctvm'rt:
1974 427 2105 486 DEI.
2146 425 2203 482 s.
2236 407 2602 482 sucus’rtst

3605 434 3715 494 μυ

2132 541 2310 612 itaque
2333 544 2492 595 etiam
2541 540 2617 594 sic
2659 538 2895 593 debitum
2923 539 2990 594 de
3017 540 3230 607 marito,
3276 551 3431 597 utens
3462 546 3585 613 jure
3611 559 3717 597 suo

2132 629 2183 685 in
2216 641 2368 686 utero
2395 632 2591 687 alieno.
2622 631 2784 685 Natus
2808 641 2890 686 cst
2914 647 3042 703 ergo
3068 631 3281 698 lsmael,
3316 635 3453 688 sicut
3484 650 3720 690 nascuno

2134 731 2220 776 tur
2249 721 2493 777 homines
2516 763 2532 788 ,
2564 722 2918 792 permixtione
2965 738 3124 778 sexus
3167 725 3475 794 utriusque,
3521 729 3715 780 usitata

2132 814 2252 886 lege
2280 826 2502 869 natura}.
2534 817 2656 870 Ideo
2684 817 2882 870 dictum
2911 826 2993 870 est
3020 818 3294 870 secundum
3324 833 3527 872 carnem
3558 835 3577 874 :
3606 837 3717 874 non

2130 905 2269 975 quod
2297 906 2394 960 ista
2426 907 2678 961 beneficia
2713 907 2803 961 Dei
2837 923 2944 961 tton
2973 907 3116 970 .sint,
3145 917 3237 961 aut
3269 924 3372 962 non
3405 908 3496 963 illa
3520 925 3722 978 Opere-

2131 1005 2217 1051 tur
2247 999 2405 1063 Deus,
2437 1000 2588 1070 cujus
2616 999 2792 1070 opifex
2841 1000 3102 1069 sapientia
3134 1001 3356 1071 attingit,
3406 1003 3542 1057 sicut
3583 1003 3719 1056 scri~

2132 1099 2280 1161 plum
2307 1101 2428 1157 est,
2467 1108 2498 1143 a
2527 1093 2628 1160 ﬁne
2653 1107 2811 1163 usque
2839 1093 2906 1144 ad
2951 1094 3100 1160 finem
3131 1094 3360 1164 fortiter,
3406 1105 3452 1147 et
3493 1094 3719 1163 disponit

2132 1184 2302 1236 omnia
2330 1185 2548 1238 suaviter
2578 1185 2735 1254 (δίη).
2768 1202 2878 1250 vttt,
2908 1175 2931 1240 l
2963 1189 2981 1257 )
3011 1205 3024 1240 :
3058 1187 3156 1240 sed
3185 1187 3273 1240 ubi
3302 1187 3718 1255 signiﬁcandum

2134 1273 2306 1330 fuerat
2334 1274 2426 1330 Dei
2450 1275 2682 1343 donum,
2713 1277 2854 1347 quod
2888 1277 3181 1332 indebitum
3215 1279 3520 1333 hominibus
3548 1280 3726 1350 gratis

2133 1366 2299 1436 gratia
2331 1366 2644 1436 largiretur,
2676 1369 2752 1423 sic
2797 1370 3033 1437 Oportuit
3075 1369 3188 1422 dari
3224 1367 3412 1434 lilimn,
3455 1370 3725 1439 quemad-

2138 1459 2354 1515 modum
2405 1469 2612 1515 natum-
2661 1475 2764 1514 non
2815 1461 3112 1516 debebatur
3161 1461 3496 1516 excursibus.
3550 1460 3726 1531 Negat

2134 1551 2277 1606 enim
2331 1561 2520 1607 natura
2563 1550 2673 1621 jam
2723 1551 2860 1606 ﬁlios
2909 1553 2998 1606 tali
3048 1551 3413 1606 commixtioui
3459 1551 3621 1606 maris
3667 1561 3728 1606 et

2135 1645 2367 1711 feminae,
2394 1645 2566 1716 qualis
2609 1659 2730 1700 esse
2767 1653 2977 1713 poterat
2997 1644 3226 1699 Abrahae
3259 1652 3314 1698 et
3340 1643 3515 1698 Same
3543 1643 3596 1697 in
3627 1642 3727 1699 illa

2129 1738 2238 1809 jam
2265 1747 2444 1804 :etate,
2487 1738 2648 1792 etiam
2681 1737 2919 1793 mulieris
2947 1736 3236 1792 accedente
3262 1736 3568 1813 sterilitate,
3596 1750 3727 1805 qua:

2137 1842 2234 1884 nec
2260 1838 2384 1883 tunc
2411 1843 2598 1897 parere
2626 1832 2815 1896 patuit,
2847 1827 3061 1898 quando
3090 1845 3194 1881 non
3225 1837 3356 1881 tetas
3381 1826 3726 1892 fecunditati,

2115 1920 2228 1974 sed
2259 1922 2402 1973 artati
2451 1919 2750 1974 fecunditas
2795 1918 2982 1973 defuit.
3031 1918 3182 1986 Quod
3233 1933 3363 1987 ergo
3413 1927 3616 1971 natura:
3643 1917 3729 1972 sic

2137 2008 2345 2065 ali‘ectte
2375 2008 2580 2064 fructus
2621 2010 2948 2080 posteritatis
2978 2024 3087 2063 non
3115 2008 3431 2076 debebatur,
3460 2009 3729 2080 signiﬁcat

2137 2104 2279 2173 quod
2310 2109 2499 2155 natura
2529 2103 2740 2172 generis
2768 2101 2984 2156 humani
3031 2113 3250 2171 peccato
3277 2102 3457 2155 vitiata
3485 2143 3499 2166 ,
3531 2116 3598 2156 ac
3628 2115 3730 2171 per

2139 2191 2241 2248 hoc
2262 2193 2383 2262 jure
2407 2193 2656 2247 damnata
2677 2236 2692 2259 ,
2722 2194 2854 2248 nihil
2896 2209 3034 2248 vera:
3065 2194 3330 2248 fclicitatis
3365 2194 3416 2246 in
3449 2202 3728 2262 posterum

2138 2287 2468 2343 merebatur.-
2511 2288 2675 2342 Recte
2720 2288 2879 2356 igitur
2915 2288 3179 2355 signiﬁcat
3225 2285 3368 2339 Isaac
3396 2301 3491 2355 per
3533 2299 3731 2354 repro-

2141 2380 2446 2434 missionem
2475 2387 2629 2432 natus
2674 2378 2812 2431 ﬁlios
2836 2377 3048 2446 gratim,
3087 2377 3232 2431 cives
3259 2375 3490 2430 civitatis
3515 2374 3728 2440 liberas,

2139 2471 2315 2524 socios
2357 2470 2502 2539 pacis
2530 2478 2768 2534 aderam,
2801 2468 2891 2522 ubi
2933 2467 3004 2522 sit
3047 2483 3151 2521 non
3193 2483 3346 2521 amor
3390 2467 3619 2537 propria:
3661 2480 3734 2520 ac

2141 2564 2359 2632 privata:
2407 2564 2804 2634 quodannnmlo
2830 2563 3140 2631 voluntatis,
3190 2562 3284 2617 sed
3327 2561 3597 2616 communi
3634 2577 3735 2616 eo-

2140 2655 2370 2724 demque
2401 2655 2718 2709 itnmntabili
2759 2655 2902 2709 bono
2942 2654 3199 2725 gaudens,
3232 2665 3392 2724 atque
3436 2669 3499 2708 ex
3547 2652 3734 2707 multis

2145 2763 2304 2801 nnqu
2333 2762 2429 2801 cor
2451 2749 2672 2813 faciens,
2698 2748 2748 2802 id
2779 2759 2862 2804 est
2893 2747 3128 2818 perfecte
3152 2762 3378 2802 concors
3401 2749 3443 2815 ¹,
3471 2745 3734 2804 obedien—

2146 2842 2214 2894 tia
2243 2840 2540 2896 charitatis.

2143 2975 2369 3032 C.\l‘U'l‘
2399 2976 2486 3032 IV.
2513 3006 2585 3016 —
2613 2975 2690 3030 De
2727 2985 2936 3031 terrena:
2964 2977 3178 3031 civitatis
3221 2974 3300 3030 vel
3334 2975 3734 3042 concertatione,

2807 3068 2884 3122 uel
2917 3083 3060 3137 pace.

2219 3160 2456 3215 Terrena
2499 3173 2666 3230 porro
2707 3158 2926 3222 civitas,
2957 3174 3075 3227 quae
3109 3159 3432 3226 sempiterna
3486 3171 3591 3211 non
3631 3156 3744 3211 erit.

2149 3249 2344 3324 (neque
2373 3251 2513 3305 cnim
2549 3267 2669 3305 cum
2713 3251 2764 3304 in
2789 3259 3033 3306 extremo
3059 3249 3322 3320 supplicio
3341 3249 3590 3304 damnata
3622 3248 3744 3303 fue-

2151 3345 2219 3398 rit
2244 3386 2260 3412 ,
2281 3344 2391 3414 jam
2420 3344 2611 3400 civitas
2640 3343 2764 3414 erit)
2790 3385 2804 3409 ,
2830 3343 2915 3398 hic
2945 3342 3106 3397 habet
3132 3342 3331 3422 bonum.
3354 3356 3544 3408 suum,
3581 3340 3743 3410 cujus

2147 3437 2406 3490 societate
2433 3435 2676 3500 iuuatur,
2706 3435 2879 3504 qualis
2906 3449 3025 3490 esse
3050 3435 3118 3488 de
3149 3433 3340 3488 talibus
3374 3433 3531 3488 rebus
3553 3431 3744 3487 lmtitia

2152 3535 2340 3598 puti-st.
2378 3527 2444 3582 Et
2489 3527 2738 3597 quoniam
2785 3543 2890 3580 non
2939 3535 3022 3580 est
3063 3525 3166 3582 tale
3196 3525 3392 3578 bonttm
3419 3566 3432 3581 .
3463 3530 3524 3577 ut
3564 3523 3746 3577 nullas

2151 3623 2420 3690 angustias
2466 3619 2622 3674 faciat
2659 3619 2987 3673 amatoribus
3039 3617 3190 3680 sitis,
3223 3617 3344 3670 ideo
3399 3615 3592 3670 civitas
3639 3615 3745 3668 ista

2151 3714 2406 3768 adversus
2431 3730 2490 3768 se
2520 3715 2686 3782 ipsam
2713 3713 3027 3782 plerumque
3054 3710 3305 3765 dividitur
3326 3708 3602 3778 litigando,
3625 3707 3747 3763 bel-

2154 3804 2310 3858 lando
2334 3847 2349 3871 ,
2381 3813 2543 3874 atque
2571 3804 2851 3874 pugnando
2871 3843 2886 3867 ,
2910 3812 2958 3855 ct
2991 3813 3083 3856 aut
3105 3800 3410 3855 mortiferas
3429 3843 3444 3867 ,
3471 3809 3562 3852 aut
3589 3809 3746 3854 certe

2155 3897 2408 3966 mortales
2438 3896 2687 3949 victorias
2734 3894 3078 3964 requirendo.
3119 3893 3248 3948 Nam
3291 3909 3356 3946 ex
3407 3905 3749 3962 quacumque

2155 3992 2234 4044 sui
2269 4001 2420 4060 parte
2445 3990 2698 4042 adversus
2723 3988 2945 4041 alteram
2989 3987 3069 4039 sui
3098 3996 3300 4055 partem
3341 3983 3587 4039 bellando
3626 3998 3753 4036 sur-

2158 4081 2346 4136 rexerit
2372 4120 2386 4144 ,
2413 4080 2600 4148 qna'rit
2629 4092 2749 4132 esse
2777 4078 2960 4132 victrix
2987 4077 3246 4146 gentium,
3271 4091 3391 4128 cum
3431 4076 3501 4127 sit
3529 4073 3747 4143 captiva

2158 4172 2426 4224 vitiorum.
2453 4169 2518 4223 Et
2548 4169 2590 4222 si
2621 4169 2834 4239 quidem
2860 4184 2980 4222 cmn
3009 4167 3197 4221 vicerit
3222 4208 3235 4229 ,
3263 4165 3544 4233 superbius
3571 4164 3752 4217 cxtol-

2159 4263 2304 4325 litur,
2327 4260 2485 4314 etiam
2517 4258 2786 4314 mortifera
2815 4261 2871 4324 ';
2903 4259 2947 4313 si
2968 4273 3098 4312 vero
3123 4255 3481 4311 comlitioncm
3505 4256 3752 4325 euigilans

2159 4366 2421 4418 casusque
2449 4365 2764 4405 communes
2783 4389 2798 4414 ,
2826 4343 3100 4419 magisque
3123 4347 3370 4401 accidere
3399 4355 3620 4414 possunt
3649 4344 3750 4399 ad-

2160 4443 2330 4497 versis
2357 4443 2567 4512 angitur
2586 4483 2601 4509 ,
2629 4457 2787 4511 quam
2819 4441 2898 4495 eis
2922 4456 3040 4508 qua:
3080 4437 3424 4508 prmenerint
3449 4436 3469 4466 ³
3497 4436 3753 4490 secundis

2160 4534 2320 4588 rebus
2345 4534 2578 4598 inﬂatur,
2612 4531 2977 4588 tantummodo
3005 4531 3245 4584 mortalis
3265 4538 3346 4582 est
3376 4529 3472 4583 ista
3503 4527 3751 4582 victoria.

2161 4625 2341 4696 Neque
2379 4627 2520 4680 enim
2563 4640 2778 4694 semper
2819 4623 3082 4677 dominari
3140 4621 3333 4689 poterit
3385 4619 3755 4689 permanendo

2162 4718 2240 4772 eis
2290 4733 2425 4788 quos
2471 4717 2700 4786 potuerit
2753 4715 3034 4785 subjugare
3081 4712 3362 4767 vincendo.
3403 4710 3517 4765 Non
3569 4723 3754 4765 autem

2162 4828 2309 4874 recte
2346 4816 2698 4871 dicuntur-ea
2738 4814 2876 4867 bona
2923 4827 3027 4866 non
3074 4825 3193 4864 esse
3217 4850 3232 4872 ,
3259 4825 3377 4878 qnze
3422 4807 3757 4874 concupiscit

2164 4909 2279 4964 hare
2317 4909 2503 4964 civitas
2529 4948 2543 4971 ,
2576 4906 2789 4975 quando
2825 4913 2909 4959 est
2947 4913 3001 4957 et
3051 4902 3161 4970 ipsa
3193 4903 3244 4955 in
3300 4915 3397 4954 suo
3424 4913 3620 4970 genere
3652 4898 3756 4950 lm-

2166 5015 2324 5053 mano
2370 4999 2578 5053 n‘telior.
2610 4995 2947 5066 Concupiscit
2977 4994 3116 5047 enim
3160 5003 3423 5046 terrenam
3464 4987 3757 5058 quamdam

2167 5106 2263 5162 pro
2293 5092 2449 5146 rebus
2479 5089 2676 5144 inﬁmis
2701 5103 2880 5157 pacem
2914 5104 2926 5139 :
2962 5087 3024 5138 ad
3053 5101 3171 5140 eam
3219 5096 3448 5151 namque
3477 5080 3760 5133 desiderat

2167 5183 2446 5255 pervenire
2479 5180 2744 5234 bellando.
2774 5178 3035 5245 Quoniam
3064 5177 3105 5228 si
3137 5175 3320 5228 τίνει-11
3347 5213 3361 5232 ,
3386 5181 3440 5226 ιι
3476 5171 3564 5241 qui
3611 5170 3762 5224 resi-

2166 5283 2272 5327 stat
2299 5289 2403 5327 non
2447 5271 2625 5338 fuerit,
2656 5286 2757 5342 pax
2788 5268 2927 5332 erit,
2955 5283 3113 5339 quant
3137 5282 3239 5320 non
3273 5264 3537 5318 habebant
3576 5272 3764 5331 partes

2169 5365 2399 5419 invicem
2426 5363 2809 5422 adversantes,
2840 5371 2894 5414 et
2946 5365 3048 5429 pro
3085 5357 3168 5411 Itis
3203 5359 3361 5410 rebus
3413 5368 3546 5424 quas
3595 5353 3761 5406 simul

2168 5457 2367 5511 habere
2395 5472 2498 5509 non
2530 5463 2773 5524 poterant
2803 5452 2998 5507 infelici
3026 5457 3263 5519 egestate
3288 5454 3584 5501 certantes.
3607 5443 3764 5498 llanc

2170 5565 2354 5620 pacem
2409 5549 2684 5618 requirunt
2730 5545 2992 5599 laboriosa
3045 5541 3387 5607 bella;bane
3437 5537 3766 5608 adipiscitur

2171 5657 2290 5713 qua:
2317 5639 2785 5712 putatur-gloriosa
2811 5635 3050 5690 victoria.
3078 5633 3302 5702 Quando
3326 5641 3502 5685 autent
3533 5630 3765 5684 vincunt

2233 5776 2251 5806 ί
2285 5775 2420 5823 Vind.
2445 5782 2543 5822 Am.
2571 5779 2624 5824 et
2647 5779 2740 5835 tua,
2763 5772 2970 5835 perfecte
2984 5769 3115 5835 facta
3131 5779 3342 5835 concors.

2233 5839 2252 5867 ²
2288 5837 2403 5884 nlui
2421 5869 2437 5895 ,
2458 5835 2601 5886 etiam
2623 5834 2692 5884 sic
2710 5828 2970 5895 mortifera.
2984 5828 3140 5882 'Abest
3155 5865 3170 5892 ,
3186 5830 3274 5891 sic,
3298 5843 3324 5878 a
3345 5828 3602 5890 maruscri;
3616 5832 3703 5878 us.

2237 5901 2258 5931 ⁸
2291 5905 2370 5947 its.
2398 5898 2533 5958 2051,
2559 5903 2892 5963 provenerunt.
2959 5903 3012 5944 tt.
