4054 6496
210 404 302 460 ιιι

218 519 307 590 qui
330 531 496 572 causa
520 516 752 587 justiore
782 516 1082 582 pugnabant
1108 558 1122 581 ,
1155 516 1269 585 quis
1295 516 1500 571 dubitet
1530 518 1801 587 gratulan-

224 613 336 662 tlam
366 625 492 662 esse
525 610 832 671 victoriam,
854 619 909 662 et
932 608 1246 677 provenisse
1273 609 1557 678 optabilem
1590 607 1809 679 pacem?

223 698 339 753 llaec
359 698 500 751 bona
524 708 672 760 sunt,
701 710 754 752 et
780 699 896 752 sine
922 698 1084 752 dubio
1116 699 1210 752 Dei
1241 698 1377 752 dona
1421 711 1565 753 sunt.
1591 700 1694 754 Sed
1724 700 1767 752 si
1790 736 1808 764 ,

225 794 480 863 neglectis
533 793 885 857 melioribus,
932 809 1051 858 mue
1098 792 1163 846 ad
1212 808 1497 862 supernam
1547 793 1814 862 pertinent

225 884 497 938 civitatem
528 926 543 947 ,
572 885 658 937 tibi
690 890 791 937 erit
816 884 1035 937 vii-toria
1070 884 1120 937 in
1147 894 1344 938 :vterna
1374 894 1428 938 ct
1454 901 1657 939 summa
1686 897 1814 952 pace

226 989 432 1038 secura,
465 975 605 1027 bona
640 976 736 1029 ista
767 975 843 1027 sic
863 975 1332 1041 concupiscuntur,
1361 984 1420 1028 ut
1445 975 1524 1028 vel
1552 975 1663 1027 sola
1692 988 1816 1028 esse

227 1065 549 1130 credantur,
584 1068 666 1119 vel
697 1066 781 1119 his
814 1083 933 1135 qua:
979 1067 1198 1119 meliora
1238 1066 1548 1131 creduntur,
1585 1065 1816 1135 amplius

228 1159 516 1227 diligantur
540 1174 555 1220 ;
586 1173 806 1212 necesse
826 1168 906 1212 est
931 1157 1146 1212 miseria
1171 1166 1528 1227 consequatur
1551 1198 1566 1222 ,
1595 1164 1651 1210 et
1690 1170 1812 1225 quin

232 1249 397 1304 inerat
423 1260 704 1318 augeatur.

231 1363 453 1419 CAPUT
490 1361 553 1415 Υ.
582 1392 655 1403 -
681 1362 758 1415 De
787 1364 949 1431 primo
977 1372 1187 1415 terrena!
1224 1362 1436 1416 civitatis
1475 1370 1681 1414 auctore
1709 1364 1819 1432 {ra-

300 1458 488 1512 tririda
508 1498 525 1522 ,
557 1458 701 1527 cujus
731 1456 976 1526 impietati
1006 1454 1253 1510 Romana:
1278 1455 1417 1509 urbis
1452 1456 1682 1509 conditor
1710 1470 1824 1524 ger-

299 1554 436 1603 mani
470 1550 609 1603 crede
646 1550 977 1621 responderit.

301 1661 513 1715 Primus
553 1662 732 1729 itaque
777 1658 873 1713 fuit
901 1669 1130 1715 terrente
1161 1660 1390 1716 civitatis
1426 1660 1672 1715 conditor
1712 1657 1824 1712 fra-

236 1752 416 1806 trieida
446 1770 461 1805 :
495 1767 616 1804 nam
647 1766 802 1804 suum
834 1750 1048 1805 fratrem
1077 1753 1247 1805 civem
1278 1751 1505 1804 civitatis
1527 1758 1741 1804 :etern:c
1772 1750 1822 1802 in

236 1846 331 1898 bac
380 1854 521 1899 terra
572 1846 995 1914 peregrinantem
1047 1845 1333 1899 invidentia
1384 1845 1555 1899 victus
1606 1843 1819 1898 occidit.

237 1935 386 1991 Unde
411 1936 713 1989 mirandum
743 1952 849 1989 nou
879 1946 961 1989 est
986 1977 1000 2001 ,
1031 1936 1170 2006 quod
1201 1946 1347 1990 tanto
1375 1946 1494 2006 post
1524 1936 1573 1989 in
1605 1951 1664 1989 ea
1689 1935 1823 1990 civi-

239 2038 344 2082 tate
368 2027 650 2081 condenda
677 2070 692 2091 ,
724 2043 841 2097 qua:
877 2026 1049 2081 fuerat
1088 2027 1244 2096 hujus
1284 2037 1510 2081 terrena:
1554 2026 1781 2081 civitatis
1806 2067 1822 2092 ,

233 2119 299 2171 de
324 2134 427 2188 qua
480 2118 767 2188 loquitnur,
793 2129 947 2189 caput
980 2117 1175 2185 futura,
1204 2129 1257 2172 et
1306 2128 1411 2171 tam
1469 2120 1648 2172 nmltis
1693 2136 1824 2189 gett-

236 2209 374 2261 tibus
422 2219 740 2278 regnatura,
773 2208 896 2262 huic
926 2210 1094 2278 primo
1141 2210 1387 2278 exemplo
1433 2218 1522 2273 et,
1566 2218 1624 2263 ut
1653 2209 1824 2265 Graeci

235 2302 544 2372 appellant,
574 2305 825 2373 ἀρχετύπῳ
853 2302 1093 2372 quaedam
1126 2303 1207 2355 sui
1257 2303 1468 2373 generis
1514 2302 1687 2372 imago
1738 2317 1825 2357 re-

238 2394 473 2464 spondit.
509 2393 639 2447 Nam
688 2402 741 2448 et
785 2394 924 2459 illic,
960 2395 1100 2448 sicut
1150 2395 1320 2463 ipsum
1369 2394 1573 2449 facinus
1611 2395 1825 2465 quidam

236 2494 387 2555 poeta
419 2485 867 2538 connnemoravit
898 2484 1106 2538 illorum
1132 2524 1148 2550 ,

417 2582 651 2627 Fraterno
674 2576 811 2637 primi
836 2576 1123 2625 maduerunt
1146 2576 1383 2637 sanguine
1408 2576 1551 2627 nutri.

673 2641 869 2700 (Lucan.
887 2637 972 2687 lib.
999 2638 1018 2686 i
1044 2637 1287 2697 λύωνται,
1314 2650 1358 2687 υ.
1382 2638 1486 2700 95.)

236 2720 319 2776 Sic
347 2721 493 2775 enim
519 2721 731 2774 condita
760 2730 843 2775 est
868 2719 1033 2773 Roma
1051 2762 1065 2785 ,
1093 2719 1304 2789 quando
1345 2721 1581 2773 occisum
1604 2718 1827 2771 Renutm

238 2831 267 2868 a
293 2815 459 2869 fratre
488 2813 718 2867 Romulo
748 2812 1226 2866 llomamtestatur
1253 2812 1469 2867 historia
1496 2830 1508 2865 :
1543 2812 1645 2866 nisi
1687 2811 1827 2881 quod

237 2907 317 2959 isti
349 2915 584 2958 terrena:
605 2904 835 2958 civitatis
859 2904 1018 2956 ambo
1040 2904 1184 2957 cives
1211 2912 1383 2958 erant.
1411 2904 1583 2957 Ambo
1606 2904 1827 2972 gloriam

236 2998 300 3053 de
329 2997 592 3051 Romana:
631 2994 940 3063 reipublicze
985 2995 1317 3049 institutione
1358 2995 1705 3064 qiuerebaot:
1736 2981 1832 3048 sed

237 3090 391 3143 ambo
419 3104 544 3143 eam
600 3097 823 3152 tantam,
855 3097 1107 3157 quantam
1130 3129 1144 3153 ,
1175 3088 1220 3141 si
1253 3102 1389 3140 unus
1421 3096 1599 3153 esset,
1634 3087 1831 3141 habere

241 3196 336 3234 non
367 3190 643 3250 poterant.
674 3181 774 3246 Qui
803 3182 945 3235 enim
972 3181 1187 3235 volebat
1222 3180 1551 3233 dominando
1577 3180 1827 3249 gloriari,

241 3272 409 3325 minus
439 3272 626 3340 utique
652 3271 1041 3335 dominaretur,
1069 3272 1113 3325 si
1144 3272 1260 3339 ejus
1289 3281 1523 3340 potestas
1550 3272 1670 3325 vivo
1697 3286 1831 3324 con-

240 3370 375 3415 sortc
404 3362 758 3415 minueretur.
786 3360 853 3415 Ut
874 3377 1001 3431 ergo
1025 3371 1188 3414 totam
1218 3362 1639 3416 dominationem
1670 3361 1833 3414 habe-

243 3461 315 3506 ret
362 3468 545 3519 unus,
575 3452 783 3506 ablatus
826 3461 911 3506 est
960 3454 1173 3507 socius:
1204 3464 1259 3508 et
1306 3454 1509 3508 scelere
1559 3454 1727 3508 crevit
1779 3454 1829 3505 iu

242 3546 427 3613 pejus,
459 3542 606 3613 quod
645 3545 947 3598 innocentia
993 3545 1167 3598 minus
1210 3554 1352 3598 esset
1406 3555 1460 3598 et
1503 3544 1714 3599 melius.
1766 3543 1830 3598 lli

243 3648 413 3691 autem
447 3638 646 3691 fratres
671 3636 801 3690 Cain
829 3647 882 3690 et
914 3638 1043 3691 Abel
1078 3653 1182 3690 non
1210 3637 1479 3690 habebant
1505 3637 1665 3692 ambo
1695 3638 1834 3691 inter

244 3744 299 3784 se
345 3730 580 3783 similem
628 3746 806 3783 rerum
858 3740 1187 3784 terrenarum
1230 3729 1605 3797 cupiditatem;
1639 3744 1736 3784 nec
1781 3730 1830 3783 itt

246 3818 342 3875 hoc
385 3821 529 3875 alter
567 3820 723 3874 alteri
757 3821 977 3884 invidit,
1003 3819 1144 3889 quod
1189 3822 1309 3888 ejus
1346 3820 1653 3873 dominatus
1683 3819 1836 3874 fieret

245 3916 555 3982 angustior,
613 3913 701 3982 qui
755 3913 981 3966 alterum
1026 3912 1259 3976 occidit,
1295 3913 1338 3966 si
1389 3913 1547 3965 atubo
1585 3912 1832 3965 domina-

245 4019 427 4063 rentur
458 4006 623 4076 (Abel
675 4008 869 4075 quippe
932 4022 1037 4059 non
1088 4006 1361 4074 qu:erel)at
1414 4004 1832 4059 dominationem

245 4099 294 4152 in
321 4115 382 4153 ea
408 4100 659 4160 civitate,
703 4113 821 4167 mue
863 4096 1195 4151 roudebatur
1223 4111 1251 4148 a
1282 4098 1442 4149 lhtre
1468 4097 1487 4164 )
1517 4112 1532 4149 :
1564 4095 1658 4149 sed
1702 4096 1837 4149 invi-

245 4192 417 4246 dentia
455 4192 547 4245 illa
575 4190 859 4253 diabolica,
893 4205 996 4259 qua
1041 4189 1281 4242 invident
1311 4189 1465 4243 bouis
1506 4189 1660 4253 tttali,
1693 4188 1835 4242 nulla

248 4284 345 4338 alia
369 4298 539 4337 musa
568 4284 584 4314 ¹
613 4323 628 4346 ,
660 4282 760 4335 nisi
795 4282 918 4351 quia
953 4282 1024 4333 illi
1056 4280 1179 4333 boni
1212 4289 1377 4345 sunt,
1412 4280 1481 4333 illi
1509 4280 1657 4333 mali.
1684 4279 1837 4333 Nullo

246 4378 381 4431 cutim
411 4376 578 4429 modo
605 4376 660 4426 tit
692 4376 865 4427 minor
896 4373 1184 4428 accedente
1210 4388 1304 4427 seu
1333 4380 1679 4443 permanente
1703 4387 1834 4427 con-

246 4478 389 4523 sorte
437 4466 710 4535 tmssessio
760 4466 1045 4528 bonitatis;
1090 4466 1197 4518 imo
1257 4464 1525 4533 possessio
1588 4463 1835 4525 bonitas,

247 4577 403 4631 quam
438 4569 593 4615 tanto
637 4560 824 4624 latius,
854 4568 1051 4629 quanto
1094 4559 1413 4613 concordins
1457 4556 1722 4611 individua
1752 4570 1839 4609 so-

246 4654 448 4706 ciorum
508 4651 748 4721 possidet
797 4650 1031 4704 cbaritas
1074 4652 1117 4703 ³.
1170 4650 1285 4703 Νοη
1343 4649 1557 4703 habebit
1608 4648 1839 4716 denique

247 4742 398 4796 istam
444 4743 872 4813 possessionem,
902 4740 993 4810 qui
1038 4755 1155 4795 eam
1201 4739 1432 4794 noluerit
1472 4739 1666 4792 habere
1693 4754 1843 4791 com-

248 4850 459 4889 omnem
489 4851 505 4897 ;
535 4842 592 4887 e'.
625 4841 775 4886 tanto
826 4848 943 4885 eam
988 4834 1223 4903 reperiet
1265 4832 1578 4900 ampliorem
1600 4873 1613 4895 ,
1642 4839 1841 4900 quanto

206 4928 473 5007 ~amplius
523 4925 595 4979 ibi
642 4924 875 4993 potuerit
919 4938 1101 4977 amare
1146 4932 1471 4976 consortem.
1508 4921 1637 4974 Illud
1685 4922 1842 4990 igitur

211 5014 221 5093 ξ
246 5020 385 5087 quod
414 5019 560 5072 inter
589 5016 817 5070 Remum
845 5025 899 5070 et
925 5015 1210 5068 Romulum
1239 5021 1483 5067 exortum
1514 5024 1625 5075 est,
1650 5027 1839 5081 quem-

216 5105 537 5175 iadmodnm
564 5108 821 5162 adversus
845 5121 904 5161 se
944 5107 1110 5175 ipsam
1155 5114 1367 5160 terrena
1408 5104 1596 5157 civitas
1626 5102 1836 5157 divida-

216 5154 351 5287 itur,
380 5198 621 5254 ostendit
648 5214 663 5250 :
691 5195 832 5266 quod
877 5154 1057 5249 anth
1090 5196 1229 5249 inter
1268 5194 1399 5248 Cain
1440 5203 1494 5248 et
1522 5192 1675 5269 Abel,
1706 5194 1843 5246 inter

219 5284 380 5355 fdaas
422 5291 571 5360 ipsas
627 5289 906 5351 civitates,
941 5288 1033 5341 Dei
1069 5296 1125 5341 et
1174 5286 1481 5349 hominum,
1537 5284 1841 5339 inimicitias

222 5364 663 5438 (demonstravit.
696 5379 941 5448 Pugnant
963 5392 1091 5448 ergo
1136 5380 1274 5431 inter
1319 5391 1379 5430 se
1425 5375 1549 5430 mali
1579 5385 1633 5430 et
1667 5376 1790 5429 mali
1825 5394 1839 5429 :

213 5470 223 5541 ἓ
308 5527 324 5558 ¹
362 5524 504 5573 Vind.
536 5529 638 5569 Am.
663 5527 755 5579 En,
779 5515 915 5567 nulla
945 5516 1043 5567 alia
1070 5530 1217 5565 causa
1241 5520 1325 5566 est.
1351 5515 1587 5579 verbum,
1610 5522 1709 5579 est,
1736 5528 1847 5579 per-

248 5600 419 5647 peram
438 5588 682 5642 additum;
709 5575 819 5647 nam
841 5578 1115 5647 auferendi.
1131 5590 1246 5628 casu
1280 5578 1433 5647 posita
1456 5578 1741 5647 suntlvet'ha
1765 5575 1845 5625 illa

247 5636 528 5713 superiora,
550 5636 816 5699 ittvidentia
835 5641 922 5692 illa
938 5639 1175 5713 diabolica
1198 5653 1215 5713 ,f
1236 5636 1430 5713 supple,
1453 5636 1644 5713 inpluit.

308 5698 327 5743 ⁵
348 5698 441 5760 ‘Sic
461 5698 637 5759 omnes
659 5721 809 5770 prope
827 5714 939 5770 uss.
966 5710 1018 5751 At
1035 5702 1172 5750 Vind.
1194 5698 1370 5770 Anu-et.
1389 5708 1483 5756 tir.,
1504 5698 1848 5770 ittw'possesiio

250 5757 714 5833 bonitatis
748 5757 910 5833 latior,
935 5770 1111 5826 quanto
1143 5761 1425 5812 concordior
1454 5772 1562 5829 crint
1596 5757 1848 5833 indiuidua

245 5820 739 5896 exierinupmsiiiet
774 5820 999 5879 Charitas.
1041 5821 1671 5896 Iov....mionpossessiouent
1712 5820 1845 5872 boui-

246 5897 358 5950 lutt's
379 5885 715 5954 tanto'latius,
732 5898 906 5956 aturato
926 5888 1208 5942 micordius
1230 5885 1499 5947 individua,
1524 5890 1621 5933 etc.

1416 401 1611 460 LIBER
1643 400 1944 472 QUINTUS
1986 403 2296 461 DECIMUS.
2316 434 2319 437 -

3390 398 3494 455 ΗΞ

1922 520 2045 575 item
2087 529 2318 592 pugnant
2366 522 2505 577 inter
2553 535 2611 578 sc
2665 521 2789 577 boni
2842 529 2895 577 et
2940 520 3086 576 mali.
3118 519 3249 577 Boni
3278 535 3409 578 vero
3442 530 3500 579 et

1912 612 2037 666 boni
2063 655 2078 677 ,
2106 615 2147 667 si
2177 612 2392 681 perfecti
2420 623 2564 676 sunt,
2594 614 2730 667 inter
2755 629 2814 667 se
2840 628 3074 683 pugnare
3100 628 3207 667 non
3234 619 3498 682 possunt:

1913 706 2456 776 prolicientesauteut
2483 706 2822 773 nondumque
2864 705 3082 775 perfecti
3124 706 3191 759 ita
3236 712 3507 774 possunt,

1917 807 1977 853 ut
1996 799 2167 851 bonus
2192 799 2417 868 quisque
2441 812 2507 851 ex
2533 813 2593 850 ea
2618 810 2764 866 parte
2792 807 2984 866 pugnet
3010 805 3199 851 eontra
3247 796 3500 856 alterum,

1918 906 2019 959 qua
2049 891 2209 945 etiam
2238 899 2422 944 contra
2450 889 2816 957 semetipsum.
2853 889 2921 943 Et
2950 890 2999 941 in
3039 903 3148 942 uno
3176 888 3375 958 quippe
3407 887 3506 939 ho-

1920 982 2065 1036 mine
2111 997 2231 1034 caro
2280 980 2590 1047 concupiscit
2638 980 2879 1033 adversus
2918 981 3193 1049 spiritum,
3219 989 3267 1032 et
3295 978 3507 1049 spiritus

1921 1073 2162 1126 adversus
2207 1088 2409 1125 carnem
2441 1069 2638 1141 (Galat.
2672 1086 2725 1135 ν,
2758 1070 2870 1141 Π).
2898 1066 3337 1141 Concupiscentia
3374 1062 3509 1137 ergo
3530 1056 3543 1067 ’

1922 1164 2216 1233 spiritualis
2244 1172 2431 1217 contra
2482 1163 2701 1217 alterius
2731 1172 2908 1231 potest
2938 1177 3173 1232 pugnare
3197 1163 3466 1217 carnalem
3505 1200 3521 1223 ,

1922 1256 2007 1312 vel
2033 1256 2465 1325 concupiscentia
2495 1254 2725 1309 carnalis
2761 1263 2947 1309 contra
2991 1255 3212 1308 alterius
3250 1254 3509 1323 spiritua-

1925 1351 2028 1405 lem
2049 1391 2065 1417 ,
2099 1349 2239 1404 sicut
2263 1351 2403 1404 inter
2428 1364 2483 1403 se
2511 1357 2746 1418 pugnant
2796 1348 2920 1401 boni
2961 1356 3017 1401 et
3056 1347 3179 1399 mali
3206 1363 3219 1399 :
3249 1346 3327 1399 vel
3360 1355 3509 1399 certe

1926 1442 2055 1510 ipsa:
2077 1442 2529 1511 concupiscentiae
2557 1440 2803 1493 carnales
2835 1439 2976 1492 inter
3003 1452 3061 1491 se
3087 1436 3313 1490 duorum
3342 1436 3513 1488 hono-

1926 1548 2085 1596 rum,
2129 1531 2365 1585 nondum
2426 1531 2607 1598 utique
2658 1528 3013 1598 perfecturum
3040 1567 3054 1591 ,
3096 1526 3233 1579 sicut
3277 1525 3415 1578 inter
3449 1536 3511 1577 se

1929 1630 2164 1693 pugnant
2189 1622 2316 1676 mali
2340 1630 2395 1677 et
2432 1621 2555 1675 tnali
2580 1662 2595 1686 ,
2628 1622 2800 1675 donec
2824 1634 3009 1675 eorum
3034 1619 3122 1689 qui
3160 1626 3417 1672 curantur
3438 1616 3505 1669 ad

1930 1713 2169 1767 ultimam
2201 1711 2478 1766 victoriam
2506 1711 2705 1764 sanitas
2741 1709 3082 1780 perducatur.

1928 1824 2154 1880 CAPUT
2185 1824 2269 1878 Vl.
2292 1854 2361 1863 —
2379 1822 2455 1878 De
2489 1821 2813 1895 languoribus
2836 1863 2851 1887 ,
2890 1836 3016 1892 quos
3045 1835 3108 1872 ea:
3137 1832 3283 1888 pinna
3328 1817 3515 1888 peccati

2000 1918 2150 1972 etiam
2178 1919 2306 1972 cives
2326 1917 2539 1971 civitatis
2578 1914 2674 1967 Dei
2700 1915 2751 1967 in
2782 1914 2934 1985 hujus
2965 1913 3079 1966 vita
3118 1910 3518 1981 peregrinatione

2001 2010 2280 2079 patiuntur,
2310 2017 2356 2061 ct
2381 2024 2411 2061 α
2443 2006 2620 2077 quibus
2649 2003 2755 2058 Deo
2780 2004 3003 2057 medeute
3034 2011 3298 2055 sanantur.

2001 2118 2247 2189 Languor
2273 2128 2355 2173 est
2377 2118 2570 2187 quippe
2598 2118 2715 2179 iste,
2748 2116 2797 2169 id
2828 2124 2911 2169 est
2942 2114 3027 2168 illa
3049 2112 3425 2173 inobcdientia,
3447 2110 3518 2165 de

1930 2227 2032 2282 qua
2064 2211 2115 2265 in
2156 2212 2290 2264 libro
2329 2209 2725 2280 quartodecimo
2767 2207 3113 2262 disseruimus
3141 2205 3328 2277 (Capp.
3361 2205 3410 2267 Ι,
3443 2204 3505 2259 Η

1931 2314 1978 2356 et
2005 2303 2172 2374 alibi),
2199 2305 2380 2371 priuue
2403 2299 2775 2355 inobedicntise
2806 2299 3120 2369 supplicium
3144 2314 3158 2361 ;
3187 2306 3241 2351 et
3262 2296 3379 2349 ideo
3407 2310 3516 2348 non

1932 2405 2117 2449 natura
2141 2436 2155 2456 ,
2188 2393 2279 2448 sed
2314 2393 2494 2446 vitiutn
2527 2408 2541 2445 :
2580 2400 2795 2461 propter
2823 2389 2963 2459 quod
3006 2388 3199 2442 dicitur
3232 2386 3515 2455 prolicien-

1934 2487 2074 2541 tibus
2104 2487 2289 2550 bonis,
2319 2494 2373 2539 et
2396 2501 2461 2539 ex
2491 2483 2595 2538 [ide
2637 2484 2686 2536 in
2720 2482 2818 2535 hac
2863 2480 3285 2550 peregrinatione
3328 2479 3516 2531 viven-

1934 2578 2074 2633 tibus
2093 2619 2107 2642 ,
2135 2577 2357 2629 Invicem
2385 2592 2537 2629 onera
2562 2582 2723 2627 uestra
2749 2582 2943 2643 portate
2962 2612 2975 2631 ,
3004 2582 3049 2624 et
3081 2572 3153 2623 sic
3176 2569 3518 2638 adimplebitis

1932 2668 2089 2736 legent
2118 2666 2301 2720 Christi
2330 2664 2526 2733 (Gulut.
2554 2678 2627 2721 vt.
2650 2660 2709 2729 2)
2732 2664 2829 2730 (ιι).
2856 2660 2981 2714 Item
3005 2660 3125 2712 alibi
3147 2660 3371 2713 dicitur:
3396 2657 3523 2711 Cor-

1932 2759 2080 2827 ripit:
2102 2758 2348 2825 inquietos
2366 2797 2381 2820 ,
2411 2754 2744 2809 cousolumiui
2776 2751 3121 2820 pusillanimes
3142 2792 3157 2814 ,
3185 2750 3419 2819 suscipite
3440 2748 3522 2801 in-

1934 2850 2129 2917 ﬁrmos,
2153 2850 2394 2917 patientes
2422 2856 2573 2899 estote
2598 2845 2665 2897 ad
2694 2861 2885 2897 omnes.
2918 2840 3091 2895 Videte
3111 2856 3172 2893 ne
3194 2840 3306 2909 quis
3332 2839 3523 2892 malum

1934 2958 2026 3009 pro
2056 2940 2188 2992 malo
2208 2938 2365 2991 alicui
2398 2939 2575 2990 reddat
2598 2935 2651 3007 (Ι
2678 2934 2853 2989 Thess.
2880 2950 2932 2997 v,
2967 2933 3030 2986 l4
3051 2943 3097 2985 et
3124 2931 3233 3001 15).
3268 2930 3395 2985 Item
3416 2931 3524 2984 alio

1936 3033 2051 3086 loco
2079 3048 2091 3083 :
2129 3030 2189 3083 Si
2227 3038 2607 3100 prteoccupatus
2652 3026 2802 3096 fuerit
2842 3026 2991 3077 homo
3017 3024 3070 3075 in
3099 3022 3267 3088 aliqua
3297 3020 3478 3075 delicto
3502 3058 3521 3085 ,

1934 3140 2018 3177 uos
2059 3123 2144 3193 qui
2181 3120 2471 3189 spirituales
2499 3119 2644 3182 estis,
2668 3117 2899 3169 iustruite
2930 3114 3222 3183 hujusnwrli
3249 3114 3301 3165 iu
3336 3112 3522 3178 spiritu

1934 3212 2366 3274 nimisuetudiuis,
2414 3208 2674 3262 intendens
2716 3218 2762 3259 te
2798 3207 3003 3274 ipsum,
3036 3221 3098 3258 ne
3144 3213 3191 3256 et
3242 3213 3295 3255 tu
3321 3204 3533 3257 tentoria.

1940 3306 2133 3378 (Calui.
2172 3321 2245 3368 Vl,
2275 3304 2342 3374 l).
2385 3302 2450 3356 Et
2480 3302 2603 3354 alibi
2635 3317 2649 3353 :
2682 3300 2775 3353 Sol
2802 3315 2901 3351 non
2927 3297 3120 3350 occidat
3146 3311 3298 3363 super
3320 3294 3525 3346 iracun-

1935 3399 2072 3450 diam
2113 3407 2326 3449 vestrum
2364 3391 2581 3462 (Ephes.
2633 3405 2709 3451 tv,
2737 3389 2850 3457 E6).
2886 3388 2948 3441 Et
3001 3388 3054 3441 in
3100 3384 3384 3453 Evangelia
3417 3400 3431 3437 :
3460 3380 3524 3436 Si

1939 3490 2212 3559 peccaverit
2235 3489 2285 3540 in
2315 3498 2360 3539 te
2386 3489 2541 3555 frater
2562 3494 2697 3547 tuus,
2716 3482 2912 3551 corripe
2932 3496 3043 3533 eum
3063 3479 3192 3531 inter
3214 3488 3259 3529 te
3282 3486 3328 3529 et
3356 3476 3524 3545 ipsum

1935 3580 2099 3635 solum
2131 3583 2145 3610 ⁸
2182 3578 2389 3647 (Matth.
2415 3591 2564 3638 xvut,
2592 3575 2699 3643 l5).
2736 3574 2862 3627 Item
2912 3571 2979 3623 de
3025 3566 3274 3638 peccatis,
3304 3566 3355 3618 in
3404 3564 3526 3633 qui-

1940 3674 2037 3727 bus
2086 3670 2372 3723 multormn
2428 3676 2646 3721 cavetur
2698 3664 2957 3725 offensio,
3012 3658 3297 3729 Apostolus
3350 3656 3518 3709 dicit:

1938 3765 2211 3830 Peccantes
2236 3777 2407 3813 coram
2453 3758 2683 3811 omnibus
2703 3772 2857 3823 argue
2876 3796 2891 3818 ,
2939 3763 2991 3805 ut
3022 3761 3066 3805 et
3100 3750 3265 3804 ca‘teri
3291 3749 3520 3801 timorem

1939 3856 2151 3909 habeant
2174 3853 2213 3921 (I
2241 3851 2371 3905 Tim.
2401 3866 2455 3915 v,
2478 3848 2592 3918 20).
2623 3847 2843 3915 Propter
2878 3844 2978 3897 hoc
3010 3852 3066 3897 et
3103 3841 3170 3896 de
3206 3840 3361 3895 venia
3389 3838 3526 3893 invi-

1937 3962 2054 4001 Cetn
2102 3943 2271 3998 danda
2298 3982 2313 4007 ,
2345 3942 2509 3995 multa
2565 3938 2975 4009 pr:ccipiuntur,
3019 3942 3073 3987 et
3116 3947 3303 4001 tnagna
3348 3944 3474 3983 cura
3502 3969 3520 3996 ,

1941 4048 2156 4107 pr0pter
2188 4034 2468 4090 tenendam
2500 4046 2682 4101 pacem
2709 4070 2724 4093 ,
2758 4028 2874 4081 sine
2903 4043 3001 4096 qua
3037 4040 3193 4078 nemo
3226 4023 3419 4092 poterit
3446 4022 3525 4074 vi-

1940 4130 2067 4184 dere
2114 4124 2328 4194 Deum(
2364 4122 2521 4177 Hebr.
2573 4137 2680 4185 stt,
2742 4120 2805 4173 l4
2836 4115 2854 4189 )
2881 4135 2894 4172 :
2925 4117 3011 4172 ubi
3058 4113 3144 4169 ille
3185 4121 3523 4181 terrorest,

1941 4220 2154 4291 quando
2192 4217 2409 4286 jubetur
2452 4230 2638 4270 servus
2687 4212 2871 4264 decem
2922 4208 3144 4261 millium
3202 4204 3524 4259 talentorum

1943 4313 2167 4368 reddere
2193 4310 2367 4365 debita
2389 4351 2403 4372 ,
2434 4323 2553 4376 qua:
2590 4306 2659 4360 illi
2710 4303 2918 4357 fuerant
2963 4302 3195 4355 relaxata
3219 4339 3235 4364 ,
3274 4298 3525 4367 quoniam

1942 4406 2177 4461 debitum
2204 4403 2546 4458 denariormn
2582 4407 2793 4451 centum
2834 4408 3096 4448 conservo
3141 4406 3238 4443 suo
3284 4404 3389 4443 non
3436 4401 3523 4440 re-

1944 4498 2156 4552 laxavit.
2203 4496 2315 4561 Qna
2357 4491 2703 4547 similitudine
2743 4487 3009 4557 proposita
3032 4526 3047 4549 ,
3081 4483 3334 4537 Dominus
3370 4480 3525 4534 Jesus

1942 4593 2171 4661 adjecit,
2214 4599 2371 4657 atque
2418 4587 2525 4648 ait,
2574 4583 2663 4638 Sic
2705 4592 2751 4634 et
2798 4578 2931 4632 vobis
2984 4578 3133 4647 faciet
3174 4573 3326 4628 Pater
3370 4580 3528 4625 vester

1943 4686 2189 4748 celestis,
2220 4682 2262 4735 si
2294 4697 2393 4734 nou
2420 4675 2709 4730 dimiseritis
2755 4670 3096 4739 unusquisque
3140 4668 3287 4736 fratri
3330 4680 3421 4718 suo
3464 4662 3528 4716 de

1943 4776 2177 4832 cordibus
2199 4773 2374 4827 vestris
2400 4768 2615 4839 (Matth.
2642 4781 2787 4829 svnt,
2817 4763 2927 4833 55).
2948 4762 3058 4816 lloc
3089 4759 3247 4813 modo
3274 4765 3529 4811 curantur

1944 4871 2087 4924 cives
2121 4864 2350 4919 civitatis
2387 4861 2478 4915 Dei
2524 4860 2576 4913 in
2623 4858 2720 4910 hac
2766 4864 2904 4909 terra
2930 4855 2951 4884 ³
2986 4852 3419 4921 peregrinantes,
3475 4853 3532 4897 et

1946 4962 2060 5031 paci
2111 4970 2357 5026 superna:
2411 4952 2594 5021 patria:
2652 4949 3003 5017 suspirantes.
3060 4941 3527 5031 Spiritus‘aute-m

1946 5062 2163 5106 sanctus
2188 5055 2439 5116 operatur
2467 5043 2823 5103 intrinsecus,
2846 5047 2905 5090 ut
2936 5035 3107 5087 valeat
3132 5026 3331 5096 aliquid
3358 5025 3531 5080 medi-

1947 5143 2063 5197 cina
2092 5184 2108 5206 ,
2135 5115 2254 5209 qua:
2305 5136 2590 5190 adhibetur
2639 5131 2992 5184 extrinsecus.
3024 5120 3270 5188 Alioquin
3320 5115 3532 5171 etiamsi

1950 5236 2089 5288 Deus
2115 5206 2229 5301 ipse
2260 5239 2414 5283 utens
2438 5232 2678 5278 creatura
2708 5218 2807 5271 sibi
2832 5215 3040 5269 subdita
3071 5212 3121 5264 in
3152 5209 3327 5277 aliqua
3356 5206 3535 5274 specie

1948 5327 2176 5381 lnnnaua
2204 5336 2393 5377 sensus
2414 5318 2711 5384 alloquatur
2731 5313 2991 5364 humanos
3009 5348 3023 5372 ,
3047 5305 3159 5358 sive
3180 5304 3311 5357 istos
3339 5314 3535 5369 corpo-

1948 5417 2022 5472 ris
2042 5457 2057 5481 ,
2090 5415 2201 5468 sive
2230 5411 2348 5464 illos
2372 5422 2509 5477 quos
2542 5404 2655 5458 istis
2684 5398 2982 5455 simillimos
3004 5394 3265 5449 habemus
3296 5393 3347 5445 in
3387 5404 3534 5443 som-

1952 5510 2032 5563 nis
2055 5550 2069 5571 ,
2100 5520 2201 5559 nec
2230 5501 2479 5557 interiore
2507 5495 2672 5567 gratia
2698 5502 2929 5547 mentem
2980 5496 3131 5558 regat
3174 5494 3336 5555 atque
3377 5488 3532 5571 agat,

1952 5566 2084 5653 nihil
2114 5594 2329 5666 prodest
2359 5566 2562 5643 homini
2584 5584 2758 5639 omnis
2780 5577 3089 5653 praedicatio
3110 5574 3366 5632 veritatis.
3380 5566 3538 5627 Facit

2018 5761 2032 5791 ι
2073 5757 2234 5808 Abest,
2256 5749 2427 5805 solum,
2451 5758 2479 5795 a
2502 5741 2854 5808 manuscriptis.

2016 5824 2034 5851 ³
2067 5817 2171 5867 sola
2194 5804 2341 5863 editio
2368 5804 2501 5865 t.0v.,
2524 5805 2575 5855 iu
2596 5804 2916 5867 lutcgterreng.

2017 5864 2088 5943 (ιι)
2104 5864 2237 5927 ωας.
2262 5875 2341 5924 lib.
2366 5872 2432 5922 de
2455 5864 2630 5931 Quaest.
2654 5865 2733 5926 83,
2757 5877 2840 5927 qu.
2864 5864 2942 5914 ιιι.
