4054 6478
497 377 604 432 M5

498 499 677 544 autem
724 489 826 543 boc
873 490 1010 545 Deus
1034 505 1063 543 a
1096 490 1235 544 vasis
1274 488 1650 545 miscricordize
1691 488 1784 540 ira:
1818 502 1939 539 Vrsa
1969 485 2084 539 dis-

499 597 762 648 cernens,
810 581 1205 652 dispensatinne
1245 598 1346 649 qua
1393 582 1505 650 ipse
1547 581 1694 634 novit
1732 581 1957 633 multum
1994 592 2086 631 oc-

500 679 639 730 culta
660 716 676 741 ,
704 677 795 732 sed
838 686 1012 729 tamen
1039 675 1202 744 justa.
1237 673 1355 743 Ipso
1378 675 1572 743 quippe
1611 673 1894 742 adjuvante
1922 672 2086 724 mira—

502 769 695 824 bilibus
745 777 798 822 et
850 766 1134 820 latentibus
1180 766 1384 830 niodis,
1433 781 1554 819 cum
1608 763 2082 833 peccatum,quod

504 859 708 912 babitat
755 859 807 912 in
855 859 1110 913 membris
1157 859 1526 928 nostris,qtne
1551 858 1728 928 potius
1774 857 1883 924 jam
1931 871 2084 925 pinna

503 951 702 1019 precati
728 960 811 1004 est
836 990 854 1015 ,
884 952 1022 1004 sicut
1051 951 1336 1018 Apostolus
1369 950 1647 1020 praecipit,
1679 965 1782 1002 non
1811 958 1993 1018 regnat
2031 949 2082 1001 in

503 1051 688 1096 nostro
733 1044 944 1096 mortali
997 1059 1223 1113 corpore
1286 1043 1352 1098 ad
1401 1041 1755 1098 obedicndum
1808 1039 2086 1094 desideriis

503 1137 619 1196 ejus
647 1174 664 1198 ,
694 1148 795 1188 nec
824 1135 873 1186 ei
914 1133 1152 1188 membra
1201 1145 1382 1189 nostra
1413 1135 1558 1188 velut
1606 1132 1894 1199 iniquitatis
1938 1147 2084 1183 arma

505 1223 825 1280 exbgbcmus
863 1225 1039 1293 (Rom.
1063 1242 1144 1291 vi,
1180 1226 1266 1290 12,
1299 1227 1424 1295 t5),
1456 1226 1788 1280 convertitur
1829 1224 1894 1277 ad
1935 1240 2086 1279 meu-

507 1325 612 1368 Iem
644 1332 749 1371 non
783 1317 886 1373 sibi
921 1319 986 1372 ad
1015 1319 1149 1372 mala
1171 1359 1185 1383 ,
1219 1319 1328 1374 Deo
1353 1329 1596 1389 regente,
1625 1319 2082 1379 consentientem;

504 1416 559 1459 et
590 1423 708 1459 eam
766 1417 1036 1477 regentem
1069 1410 1394 1478 tranquillius
1439 1424 1578 1462 num:
1617 1407 1852 1470 habebit,
1900 1419 2086 1478 postea

505 1497 734 1550 sanitate
762 1500 991 1566 perfecta
1016 1501 1031 1530 ί
1061 1510 1220 1568 atque
1243 1500 1634 1553 immortalitate
1652 1509 1898 1569 percepta
1927 1502 2087 1553 bquo

509 1589 627 1642 sine
655 1589 762 1644 ullo
795 1600 1012 1659 peccato
1043 1591 1094 1644 in
1125 1601 1325 1645 aeterna
1355 1607 1484 1662 pace
1511 1591 1772 1661 regnabit.

505 1764 729 1820 CAPUT
761 1765 869 1820 Vll.
900 1796 969 1805 —
999 1765 1074 1820 De
1111 1782 1266 1818 causa
1309 1774 1354 1818 et
1386 1767 1662 1835 pertinacia
1701 1765 1900 1820 sceleris
1939 1764 2086 1830 Cain,

573 1875 719 1926 quem
742 1875 773 1910 α
799 1859 1022 1928 facinore
1045 1868 1283 1926 concepto
1309 1875 1396 1911 nec
1423 1856 1516 1910 Dei
1541 1875 1704 1912 sermo
1733 1858 1994 1910 revocarit.

577 2014 626 2065 l.
654 2011 755 2066 Sed
779 2012 880 2067 boc
904 2012 1096 2081 ipsum,
1121 2013 1259 2083 quod
1285 2013 1696 2084 sieutpotuinms
1721 2016 2085 2084 exposuimus,

502 2119 621 2155 cum
653 2102 791 2157 Deus
820 2104 1026 2158 locutus
1054 2115 1196 2158 esset
1233 2105 1297 2158 ad
1324 2105 1452 2159 Cain
1481 2121 1546 2159 co
1591 2121 1738 2160 more
1757 2109 1802 2172 ’,
1829 2122 1934 2177 quo
1963 2123 2085 2162 cum

503 2195 688 2263 primis
718 2197 1020 2250 hominibus
1052 2213 1146 2266 per
1169 2207 1464 2252 creaturam
1493 2199 1786 2268 subjectum
1817 2200 1958 2254 velut
1990 2216 2084 2254 co-

501 2302 620 2340 rum
659 2289 834 2342 socius
881 2290 1044 2342 forma
1091 2306 1323 2360 congrua
1367 2292 1676 2360 loquebatur
1722 2291 1820 2363 (a),
1867 2293 1989 2362 quid
2039 2293 2086 2347 ci

501 2377 739 2445 profuit?
779 2395 956 2434 nonne
991 2391 1305 2450 conceptum
1354 2383 1528 2436 scelus
1573 2383 1625 2436 iu
1656 2384 1894 2436 necando
1925 2384 2087 2438 fratre

500 2469 660 2523 etiam
709 2481 826 2540 post
876 2472 1096 2525 verbum
1147 2474 1340 2527 divina:
1383 2474 1761 2528 admonitionis
1813 2475 2088 2546 implevit?

501 2563 632 2616 Nam
675 2580 797 2618 cum
845 2565 1101 2620 Sacrificia
1139 2566 1477 2621 discrevisset
1515 2569 1816 2627 amborum.
1866 2569 1914 2622 in
1947 2569 2088 2622 illius

502 2655 816 2723 respiciens,
863 2654 1018 2722 hujus
1064 2656 1383 2726 despiciens,
1433 2659 1706 2727 quodnon
1738 2660 2083 2712 dubitamlum

501 2761 580 2798 es!
617 2747 849 2814 potuisse
875 2751 1122 2817 cognosci
1154 2751 1306 2818 signo
1333 2751 1509 2820 aliquo
1539 2760 1824 2805 attestante
1853 2753 2042 2805 visibili
2071 2769 2084 2815 ;

501 2846 554 2887 et
587 2836 684 2888 boc
713 2837 830 2890 ideo
857 2839 1069 2892 fecisset
1101 2841 1258 2905 lli-us,
1309 2844 1427 2910 quia
1463 2842 1598 2894 mala
1623 2853 1770 2896 erant
1794 2859 1954 2912 Opera
1986 2843 2086 2895 liu-

497 2929 605 2996 jus,
659 2927 834 2982 fratris
881 2946 1007 2983 vero
1053 2931 1171 3000 ejus
1219 2932 1401 2986 bona:
1447 2935 1788 2988 contristatus
1833 2947 1914 2989 est
1955 2937 2084 2990 Cain

501 3020 671 3083 valde,
704 3031 754 3074 et
783 3024 1016 3076 concidit
1041 3023 1201 3079 facies
1228 3025 1362 3093 ejus.
1398 3025 1489 3080 Sic
1512 3028 1652 3080 enim
1683 3029 1937 3098 scriptum
1960 3039 2042 3084 est
2068 3047 2082 3082 :

505 3109 567 3162 Et
611 3111 740 3164 dixit
773 3111 1017 3167 Dominus
1059 3118 1124 3168 ad
1153 3114 1299 3179 Cain,
1356 3118 1524 3184 Quare
1553 3120 1710 3173 tristis
1737 3125 1901 3190 fartus
1924 3140 1996 3187 es,
2039 3134 2085 3176 et

499 3217 654 3261 quare
675 3205 894 3257 concidit
927 3206 1080 3273 facies
1105 3219 1190 3260 tua
1209 3209 1234 3261 ἱ)
1273 3207 1457 3262 Nonne
1484 3211 1528 3263 si
1553 3223 1682 3266 recte
1716 3213 1921 3280 o/feras,
1954 3228 2086 3270 recte

498 3303 663 3344 autent
689 3310 788 3346 non
813 3295 1027 3361 dividas,
1071 3300 1330 3367 peccasti?
1361 3300 1570 3365 Quiesce
1596 3321 1614 3356 :
1644 3304 1712 3356 ad
1737 3314 1782 3356 te
1807 3309 1938 3358 enim
1965 3323 2084 3361 con—

499 3385 658 3437 versio
686 3387 814 3456 ejus,
847 3399 892 3439 et
921 3397 970 3439 tu
999 3391 1332 3445 dominaberis
1360 3394 1498 3446 illius
1527 3393 1675 3464 και-ιι.
1709 3413 1776 3455 iv,
1813 3399 1864 3459 6.
1894 3401 1945 3461 7,
1979 3417 2079 3454 sec.

503 3477 687 3547 LXX).
740 3479 793 3532 In
846 3481 943 3534 bac
969 3481 1328 3536 admonitione
1373 3500 1528 3553 quam
1582 3487 1718 3540 Deus
1761 3491 1979 3556 protulit
2015 3492 2078 3544 ad

498 3568 649 3633 Cain,
705 3570 833 3624 illud
861 3573 1073 3641 quidem
1102 3575 1240 3642 quod
1266 3576 1464 3630 dictum
1495 3590 1596 3642 est,
1652 3578 1836 3634 Nonne
1874 3583 1916 3634 si
1953 3596 2084 3636 recte

499 3659 702 3725 offeras.
737 3675 868 3716 recte
909 3675 1078 3718 autem
1122 3683 1219 3718 non
1253 3668 1466 3731 dividas,
1498 3671 1754 3737 peccasti?
1807 3673 1926 3742 quia
1976 3691 2079 3728 non

499 3753 672 3807 elucet
694 3770 787 3807 cur
814 3755 891 3808 \el
925 3757 1062 3810 unde
1083 3757 1149 3810 sit
1179 3758 1399 3824 dictum,
1427 3763 1618 3816 inultus
1650 3782 1840 3819 sensus
1879 3771 2083 3836 peperit

497 3842 614 3909 ejus
629 3845 944 3914 obscuritas,
973 3863 1092 3900 cum
1113 3849 1410 3904 divinarum
1435 3853 1826 3922 Scripturarum
1858 3861 2081 3928 quisque

501 3944 751 3988 tractator
779 3936 1075 3992 secundum
1117 3941 1236 3994 fidei
1261 3945 1491 4010 regulam
1523 3947 1570 3997 id
1593 3958 1816 4001 conatur
1841 3966 2081 4018 eXpoue-

500 4041 576 4080 re.
595 4027 757 4082 Recte
776 4045 970 4099 qtuppe
987 4031 1207 4085 offertur
1221 4033 1558 4099 sacrificium,
1585 4052 1705 4090 cum
1729 4038 1948 4092 offertur
1973 4043 2080 4094 l)eo

497 4133 648 4184 vero,
673 4121 754 4173 cui
781 4125 865 4174 uni
893 4125 1256 4177 tantummodo
1285 4126 1688 4182 sacrificandum
1713 4142 1814 4184 est.
1844 4133 1958 4186 Non
1986 4152 2079 4189 au-

501 4217 606 4263 tem
648 4221 789 4264 recte
814 4213 1084 4278 dividitur,
1129 4215 1252 4269 dum
1287 4233 1389 4270 non
1421 4220 1796 4277 discernuntur
1825 4239 1965 4281 recte
1997 4231 2078 4283 vel

500 4300 635 4363 loca,
656 4303 734 4356 vel
760 4312 1018 4370 tempora,
1041 4307 1122 4360 vel
1151 4323 1235 4361 res
1260 4309 1386 4376 ipsa:
1411 4327 1528 4378 quze
1545 4312 1859 4379 offeruntur,
1887 4320 1967 4372 vel
1989 4321 2079 4388 qui

499 4393 673 4455 offert,
727 4408 776 4448 et
806 4399 889 4450 cui
923 4397 1162 4464 offertur,
1221 4401 1304 4456 vel
1349 4402 1397 4455 lii
1426 4404 1618 4472 quibus
1660 4408 1723 4460 ad
1754 4413 2076 4466 Vt‘SCClltillllI

498 4482 833 4539 distribuitur
875 4489 1014 4557 quod
1065 4490 1297 4544 oblatum
1349 4503 1472 4546 est:
1529 4505 1586 4548 ut
1636 4497 1947 4553 divisionem
1997 4503 2081 4557 hic

496 4575 869 4630 discretionem
902 4577 1253 4650 intelligamus
1278 4599 1291 4647 ;
1314 4582 1426 4637 sive
1445 4601 1564 4638 cum
1590 4587 1830 4654 oll'crtur,
1863 4591 1953 4643 ubi
1973 4608 2076 4647 non

495 4673 726 4734 oportet,
752 4677 841 4720 aut
863 4669 1001 4737 quod
1026 4685 1131 4724 non
1155 4670 1246 4734 ibi,
1271 4672 1363 4726 sed
1390 4674 1512 4728 alibi
1541 4685 1751 4745 oportet
1779 4695 1791 4743 ;
1821 4680 1932 4733 sive
1957 4697 2076 4736 cum

496 4757 735 4821 offertur,
764 4759 974 4827 quando
1006 4777 1108 4813 non
1138 4773 1367 4830 oportet,
1397 4780 1480 4817 aut
1511 4767 1650 4836 quod
1684 4785 1786 4821 non
1809 4780 1950 4835 tunc,
1984 4773 2075 4826 sed

496 4848 626 4903 alias
651 4861 898 4918 oportet;
928 4855 1040 4906 sive
1065 4870 1184 4907 cum
1213 4856 1261 4907 id
1293 4857 1532 4921 offertur,
1566 4861 1704 4928 quod
1735 4877 1994 4933 nusquam
2025 4877 2078 4920 et

496 4958 764 5013 nunquam
813 4947 1020 5014 penitus
1063 4946 1282 5010 debuit;
1338 4952 1452 5004 sive
1508 4969 1627 5006 cum
1675 4955 1926 5012 electiora
1975 4962 2074 5015 sibi

493 5035 731 5102 ejusdem
781 5042 989 5108 generis
1035 5059 1209 5095 rerum
1258 5053 1402 5118 tenet
1437 5045 1626 5112 homo,
1673 5066 1830 5119 quam
1859 5065 1981 5107 sunt
2013 5070 2074 5108 ea

491 5144 610 5195 qua:
639 5129 794 5183 oll'ert
819 5131 950 5195 Deo;
980 5132 1095 5186 sive
1124 5149 1244 5188 cum
1275 5135 1388 5203 ejus
1420 5139 1492 5192 rei
1525 5154 1642 5208 qua:
1670 5142 1843 5196 oblata
1872 5154 1972 5207 est.
2019 5145 2077 5200 fit

494 5219 758 5287 particeps
781 5222 1046 5288 profanus,
1071 5236 1160 5278 aut
1181 5227 1402 5295 quilibet
1426 5246 1581 5298 quem
1609 5234 1684 5284 fas
1713 5245 1914 5290 nonest
1937 5237 2069 5291 fieri.

493 5303 550 5359 ln
570 5321 676 5375 quo
700 5321 875 5364 autem
908 5312 1094 5368 borum
1122 5316 1231 5371 Deo
1254 5317 1580 5388 displicuerit
1606 5322 1756 5388 Cain,
1789 5324 1938 5380 facile
1966 5343 2070 5382 non

555 5499 593 5575 ί.
608 5499 744 5575 vind.
768 5509 823 5575 et
845 5509 962 5564 Am.,
986 5513 1160 5575 etcum
1184 5524 1349 5574 regens
1385 5515 1687 5575 tranquillius
1726 5532 1851 5568 nunc
1886 5520 2075 5574 habebit

507 5570 1219 5644 mefrmtfmycrfectmn.
1234 5570 1386 5623 'i'aulo
1421 5570 1530 5638 post
1553 5578 1674 5639 loco,
1699 5583 1949 5644 regnabit;
1972 5570 2072 5634 solii

509 5624 600 5694 ".0
615 5623 772 5694 Fidi?"
788 5633 895 5676 ιον·
920 5622 1082 5689 ίίειυέιν
1109 5622 1399 5694 regnantem.
1421 5622 1442 5638 ’Ἴ
1459 5622 1528 5626 m
1553 5622 1674 5690 ’ΜΤ
1699 5622 1911 5672 '."'"“""
1930 5622 1945 5645 ’

557 5687 578 5716 ³
614 5685 746 5736 Vind.
773 5697 869 5736 Am.
895 5696 969 5738 Er.
993 5701 1044 5741 et
1060 5685 1242 5756 aliqiiot
1266 5685 1463 5758 Mss.,eo
1479 5705 1637 5755 modo.

494 5769 630 5882 ﬂigi.)
655 5770 786 5822 00rd.
814 5772 898 5823 lib.
928 5775 960 5822 8
980 5775 1044 5824 de
1074 5784 1190 5827 Uea.
1215 5784 1274 5832 ad
1299 5786 1400 5836 Litt.
1418 5820 1433 5847 ,
1464 5801 1514 5836 n.
1535 5790 1615 5848 57,
1655 5797 1705 5839 et
1733 5788 1820 5842 lib.
1841 5792 1902 5853 9,
1940 5807 2018 5842 na.
2044 5792 2074 5842 5

1552 375 1640 430 DE
1677 374 1999 430 CIVITATI'Z
2044 372 2176 436 DEI,
2211 373 2269 429 8.
2313 373 2677 430 AUGUSTI)"

3674 373 3773 424 ιιι

2197 494 2370 554 potest
2396 487 2644 541 inveniri.
2674 485 2777 540 Sed
2804 487 3054 556 quoniam
3078 485 3312 540 .Inanues
3330 486 3628 556 apostolus.
3657 499 3782 539 cum

2190 577 2257 632 dc
2289 576 2369 630 bis
2395 576 2646 631 fratribus
2677 576 3003 646 Impierctnr,
3054 575 3177 630 Non
3219 577 3346 630 sicut
3392 574 3536 640 Cain,
3585 576 3782 644 inquit.

2190 669 2276 737 qui
2303 685 2365 722 ex
2394 670 2615 739 maligno
2641 677 2768 731 erat,
2815 678 2860 721 et
2894 668 3074 720 occidit
3102 670 3312 740 fratrem
3339 683 3487 720 suum
3515 681 3538 719 :
3561 674 3610 720 et
3633 663 3786 732 ιιι-ἰαί

2190 760 2262 812 rei
2284 760 2447 829 gratia
2463 760 2645 813 occidit
2671 777 2783 813 eum
2805 761 2828 813 ἶ)
2850 760 2982 824 Quia
3007 777 3158 826 opera
3177 758 3315 812 illius
3337 758 3560 829 maligna
3577 762 3786 828 fuerunt

2193 851 2368 921 fratris
2393 862 2564 904 autem
2593 851 2730 904 illius
2748 852 2891 920 justa
2922 850 2961 921 (I
2986 849 3146 903 Joan.
3176 865 3256 910 Ill,
3287 848 3376 918 12)
3405 867 3418 902 :
3447 850 3604 903 datur
3628 839 3812 902 intelU

2191 943 2276 1012 ligi
2315 953 2593 1012 propterea
2623 944 2786 997 Deum
2829 958 2935 997 non
2989 943 3292 1012 respexisse
3323 942 3374 994 in
3403 955 3598 995 munus
3643 941 3787 1009 ejus,

2189 1037 2310 1104 quia
2341 1036 2440 1090 hoc
2469 1037 2584 1104 ipso
2613 1035 2751 1089 male
2776 1034 3063 1098 dividebat,
3089 1035 3224 1088 dans
3250 1034 3359 1087 Deo
3379 1032 3577 1102 aliquid
3599 1047 3783 1094 suum,

2191 1128 2290 1181 sibi
2321 1135 2501 1183 autem
2545 1143 2604 1182 se
2642 1129 2812 1196 ipsum
2891 1126 3045 1193 Quod
3076 1141 3263 1181 omnes
3293 1124 3492 1179 faciunt
3537 1125 3628 1194 qui
3675 1139 3819 1176 lttlnt

2194 1220 2307 1283 Dei,
2337 1220 2429 1274 sed
2457 1235 2606 1274 suam
2628 1227 2894 1273 sectantes
2916 1220 3260 1280 voluntatem,
3288 1217 3337 1270 id
3361 1225 3460 1278 est,
3481 1231 3587 1272 ιοιι
3611 1225 3786 1275 recto,

2192 1311 2286 1365 sed
2313 1327 2562 1379 perverso
2589 1311 2750 1365 corde
2781 1311 3041 1372 viventes,
3072 1310 3304 1364 offerunt
3329 1319 3505 1362 tamen
3536 1308 3790 1360 [temnu-

2194 1419 2315 1464 nus,
2349 1417 2455 1472 quo
2484 1411 2674 1472 putant
2702 1417 2822 1456 eum
2875 1401 3087 1465 redimi,
3121 1411 3178 1453 ιιι
3206 1415 3393 1454 eorum
3425 1414 3530 1452 non
3558 1397 3789 1466 opitule-

2195 1505 2278 1549 tur
2324 1496 2573 1549 sanandis
2609 1494 2784 1563 pravis
2823 1494 3219 1562 cupiditatibus,
3249 1493 3341 1546 sed
3369 1490 3664 1560 expleudis.
3721 1489 3788 1542 lit

2196 1589 2298 1642 hoc
2344 1598 2425 1642 est
2467 1588 2741 1656 proprium
2777 1597 3000 1640 terretur
3030 1585 3280 1649 civitatis,
3332 1585 3494 1637 Deum
3536 1583 3619 1636 vel
3653 1581 3790 1635 deos

2193 1678 2389 1742 colere,
2442 1679 2634 1748 quibus
2684 1677 3060 1746 adjuvantilms
3113 1687 3302 1746 regnet
3350 1680 3400 1730 in
3453 1675 3689 1729 victoriis
3739 1684 3792 1730 2t

2197 1787 2324 1839 pace
2375 1781 2609 1837 terrena,
2670 1787 2775 1824 non
2825 1769 3084 1824 cbaritatc
3109 1769 3439 1831 consulendi,
3498 1767 3591 1822 sed
3618 1766 3793 1820 domi-

2197 1862 2356 1915 nandi
2387 1861 2701 1931 cnpiditale.
2733 1862 2862 1915 Boni
2883 1863 3079 1930 quippe
3103 1859 3293 1931 adtlioc
3321 1867 3537 1911 utuntur
3563 1857 3790 1922 mundo,

2196 1965 2250 2008 ut
2273 1952 2519 2007 fruantur
2540 1952 2645 2006 Deo
2662 1971 2673 2005 :
2691 1953 2812 2005 mali
2831 1965 3006 2005 autem
3020 1922 3223 2013 conm:
3243 1948 3791 2011 utfruauturmundo,

2196 2045 2270 2098 uti
2302 2045 2488 2098 volunt
2521 2045 2660 2110 Deo;
2694 2045 2781 2113 qui
2811 2055 2986 2098 tamen
3020 2059 3141 2096 cum
3170 2043 3251 2096 vel
3280 2031 3535 2104 esse,-vel
3566 2055 3655 2095 res
3687 2041 3792 2092 Ini-

2196 2152 2379 2190 manas
2405 2152 2591 2190 curare
2615 2136 2722 2203 jam
2746 2135 2988 2190 credunt.
3038 2137 3174 2190 Sunt
3197 2135 3336 2188 enim
3363 2134 3524 2187 multo
3552 2133 3791 2186 deterio-

2195 2243 2299 2293 res,
2333 2226 2421 2297 qui
2445 2242 2541 2280 nec
2569 2226 2667 2280 hoc
2695 2226 2904 2296 quidem
2933 2226 3173 2280 credunt.
3206 2225 3428 2295 Cognito
3456 2224 3634 2293 itaque
3657 2221 3792 2283 Cain

2193 2317 2334 2388 quod
2369 2333 2528 2386 super
2551 2317 2664 2386 ejus
2689 2318 2924 2387 germani
2957 2316 3298 2378 sacrificium,
3330 2331 3427 2369 nec
3452 2331 3611 2384 super
3629 2331 3790 2370 suum

2195 2417 2509 2476 respexerat
2536 2408 2692 2474 Deus,
2724 2411 2902 2478 utique
2933 2409 3147 2462 fratrem
3179 2401 3374 2470 bonum
3403 2416 3634 2460 mutatus
3664 2407 3794 2460 imi-

2196 2501 2314 2565 tari,
2347 2517 2450 2554 non
2478 2501 2646 2554 elatus
2672 2501 2852 2554 debuit
2883 2500 3138 2553 a-inulari.
3181 2499 3285 2554 Sed
3313 2498 3655 2553 contristatus
3679 2513 3791 2562 est,

2193 2600 2246 2641 et
2271 2591 2502 2644 concidit
2544 2591 2703 2645 facies
2738 2590 2873 2659 ejus.
2903 2589 3014 2644 llnc
3047 2599 3318 2660 peccatum
3360 2591 3588 2644 maxime
3616 2590 3798 2659 arguit

2199 2681 2358 2743 Deus,
2389 2681 2654 2734 tristitiam
2682 2680 2750 2736 de
2787 2682 3003 2734 alterius
3043 2680 3299 2740 bonitate.
3353 2690 3407 2733 et
3456 2680 3556 2733 hoc
3586 2679 3794 2733 fratris.

2196 2773 2308 2827 lloc
2333 2773 2527 2842 quippe
2555 2772 2827 2842 arguendo
2855 2773 3196 2842 interrogavit
3225 2771 3431 2831 dicens,
3463 2769 3634 2835 Quare
3666 2786 3796 2822 con-

2195 2867 2420 2920 tristatus
2449 2883 2520 2929 es,
2563 2875 2609 2918 et
2646 2883 2803 2934 quare
2841 2866 3058 2919 concidit
3097 2865 3252 2936 facies
3287 2864 3421 2917 tua?
3468 2863 3599 2929 Quia
3644 2862 3796 2916 enim

2194 2958 2218 3012 f
2241 2959 2340 3012 atri
2373 2959 2663 3022 invidebat,
2696 2958 2838 3011 Deus
2869 2957 3103 3021 videbat,
3133 2965 3186 3009 et
3227 2955 3326 3010 hoc
3351 2955 3623 3023 arguebat.
3655 2953 3794 3007 Nam

2197 3049 2517 3111 hominibus,
2546 3050 2738 3117 quibus
2765 3047 3136 3102 abscmulitum
3163 3055 3246 3099 est
3266 3061 3360 3099 cor
3389 3045 3632 3105 alterius,
3667 3060 3798 3099 esse

2195 3151 2373 3209 posset
2415 3140 2740 3208 amlziguum,
2788 3149 2840 3191 et
2877 3152 3094 3204 prersns
3137 3137 3424 3200 incertum,
3473 3146 3649 3188 uirum
3699 3135 3794 3188 illa

2195 3234 2402 3286 tristitia
2424 3232 2805 3300 malignitatem
2830 3245 3002 3293 suam,
3035 3231 3084 3281 in
3111 3245 3212 3296 qua
3237 3243 3295 3281 se
3324 3229 3431 3280 Deo
3453 3226 3798 3296 displicuisse

2193 3325 2468 3388 didicerat,
2519 3340 2585 3378 an
2633 3324 2811 3378 fratris
2861 3323 3090 3376 doluerit
3141 3322 3450 3380 bonitatem.
3506 3335 3625 3388 qua:
3677 3318 3797 3374 De.

2193 3417 2409 3485 placuit,
2436 3432 2556 3470 cum
2589 3416 2640 3470 iu
2661 3415 2980 3469 sacrificium
3005 3414 3122 3483 ejus
3143 3415 3366 3482 aspexit.
3398 3411 3502 3466 Sed
3526 3412 3793 3465 rationem

2195 3509 2333 3564 bons
2361 3507 2607 3568 reddens,
2635 3523 2730 3560 cur
2757 3507 2874 3574 ejus
2903 3506 3228 3559 oblationem
3257 3503 3502 3571 accipere
3528 3503 3792 3564 uoluerit,

2192 3612 2248 3655 ut
2283 3602 2380 3656 sibi
2413 3601 2526 3669 ipse
2569 3602 2741 3670 potus
2771 3600 2982 3659 merito,
3031 3613 3189 3667 quam
3226 3597 3275 3650 ei
3317 3597 3479 3648 frater
3521 3594 3796 3647 immerito

2192 3693 2552 3762 displiceret‘,
2583 3707 2703 3745 cum
2733 3701 2872 3744 esset
2905 3689 3130 3758 injustas
3167 3703 3272 3739 non
3306 3683 3793 3748 recte'dividendu,

2192 3783 2292 3838 boc
2318 3794 2400 3837 est
2427 3801 2528 3836 non
2558 3791 2700 3837 recte
2723 3780 2968 3842 vivemlo,
2992 3790 3040 3833 et
3073 3778 3318 3848 indignus
3347 3777 3498 3845 cujus
3523 3777 3796 3844 approba-

2193 3889 2336 3929 retur
2361 3875 2578 3936 oblatio,
2612 3891 2679 3942 qu
2701 3889 2767 3924 un
2793 3883 2933 3925 esset
2963 3871 3227 3937 iujustior,
3273 3869 3412 3938 quod
3441 3871 3659 3923 fratrem
3693 3867 3791 3937 ju-

2190 3975 2327 4018 stum
2355 3965 2516 4030 gratis
2541 3964 2763 4024 odiSscl,
2797 3962 3053 4016 ostendit.

2258 4057 2312 4110 2.
2344 4056 2456 4110 Non
2487 4067 2660 4109 tamen
2691 4072 2812 4114 cun
2849 4056 3120 4109 dimittens
3147 4053 3264 4108 sine
3291 4052 3539 4107 mandato
3564 4061 3800 4116 sancto,

2185 4147 2330 4216 justo
2371 4157 2426 4201 ct
2453 4147 2612 4209 bono,
2661 4146 2890 4211 Quiesce,
2921 4145 3125 4214 inquit;
3169 4145 3236 4196 ad
3275 4155 3322 4196 te
3363 4145 3495 4196 enim
3525 4148 3790 4198 conversio

2189 4241 2298 4310 ejus
2317 4281 2331 4302 ,
2361 4249 2404 4292 et
2431 4249 2485 4292 tu
2510 4239 2845 4291 dominaberis
2873 4238 3030 4290 illius.
3065 4234 3328 4304 Numquid
3356 4234 3580 4288 fratris?
3606 4235 3786 4290 Absit.

2189 4331 2350 4400 Cujus
2402 4331 2579 4400 igitur,
2612 4331 2711 4384 nisi
2756 4329 2998 4398 peccati?
3047 4328 3259 4382 Dixerat
3301 4327 3466 4389 enim,
3511 4324 3787 4382 Pet-casti:

2189 4431 2300 4476 tum
2327 4421 2521 4476 deinde
2544 4421 2761 4485 addidit,
2791 4420 3032 4487 Quiesce;
3055 4418 3123 4471 ad
3144 4428 3192 4472 te
3216 4419 3350 4470 enim
3367 4417 3625 4470 conversio
3643 4418 3786 4486 ejus,

2188 4523 2234 4567 et
2255 4524 2306 4566 tu
2333 4512 2668 4567 dominaberis
2693 4512 2831 4564 illius
2887 4511 3065 4563 Potest
3103 4507 3320 4578 quidem
3353 4509 3420 4561 ita
3465 4507 3685 4577 intelligi
3713 4510 3785 4564 ad

2191 4607 2361 4676 ipsum
2393 4606 2661 4659 hominem
2701 4603 3111 4658 conversionem
3152 4615 3271 4655 esse
3309 4599 3507 4654 debere
3550 4601 3785 4668 peccati.

2191 4707 2248 4752 ut
2269 4699 2396 4752 nulli
2419 4698 2508 4752 alii
2535 4711 2694 4767 quam
2715 4695 2814 4750 sibi
2842 4694 2978 4748 sciat
3009 4694 3240 4747 tribucre
3269 4692 3464 4745 debere
3487 4689 3628 4759 quod
3660 4707 3790 4757 pec-

2187 4802 2292 4846 cat.
2321 4791 2443 4845 Haec
2479 4799 2563 4844 est
2605 4792 2746 4844 enim
2791 4788 3018 4841 salubris
3049 4785 3377 4856 paunileulia:
3415 4782 3703 4847 medicina,
3731 4798 3782 4836 ei

2187 4885 2357 4939 venia:
2391 4884 2572 4952 petitio
2600 4898 2707 4937 nou
2750 4883 3071 4949 incongrua.
3111 4889 3168 4933 ut
3207 4880 3294 4931 ubi
3337 4879 3432 4941 ait,
3465 4877 3545 4930 Ad
3574 4887 3621 4929 te
3647 4879 3788 4931 enim

2185 4977 2438 5030 conversio
2460 4978 2588 5046 ejus.
2621 4991 2724 5029 non
2753 4974 3116 5033 subaudiatur,
3143 4973 3253 5025 Erit
3277 4989 3290 5035 ;
3335 4971 3453 5034 sed,
3481 4970 3595 5030 Sit;
3639 4986 3788 5040 pra--

2185 5068 2430 5136 cipientis
2451 5066 2712 5130 videlicet,
2745 5080 2847 5118 non
2882 5062 3216 5133 pr:cdice.utis
3246 5061 3426 5114 modo.
3456 5059 3608 5114 Tunc
3633 5064 3786 5116 enim

2187 5159 2542 5212 dominabitur
2559 5159 2782 5227 quisque
2804 5163 3042 5225 peccato,
3062 5155 3104 5206 si
3125 5153 3174 5206 id
3191 5153 3290 5207 sibi
3313 5168 3419 5206 non
3437 5150 3784 5206 defendendo

2188 5251 2553 5320 praeposuerit,
2585 5249 2677 5303 sed
2719 5247 3024 5317 ptenitendo
3059 5244 3342 5313 subjeeerit
3390 5258 3405 5295 :
3461 5241 3697 5313 alioquin
3723 5254 3786 5299 et

2187 5344 2260 5396 illi
2289 5343 2483 5397 serviet
2507 5341 2823 5405 dominanti,
2853 5344 2895 5394 si
2927 5338 3276 5407 patrocinium
3306 5334 3611 5389 adhibuerit
3630 5338 3748 5388 aeci

2185 5435 2393 5488 denti'.
2425 5433 2527 5488 Sed
2566 5443 2621 5485 ut
2661 5443 2933 5502 peccatum
2977 5429 3299 5498 intelligatur
3342 5425 3785 5494 concupiscentia

2187 5525 2294 5595 ipsa
2322 5525 2572 5588 carnalis,
2602 5524 2669 5578 de
2699 5539 2798 5591 qua
2829 5523 2954 5576 dicit
2985 5520 3290 5589 Apostolus,
3316 5519 3445 5573 Caro
3469 5519 3788 5586 concupiscit

2183 5617 2423 5670 adversus
2451 5616 2680 5685 spiritum
2707 5614 2900 5684 (Gatat.
2933 5629 2984 5678 v,
3019 5612 3140 5681 t'i);
3191 5611 3243 5664 in
3269 5611 3422 5680 cujus
3447 5611 3627 5664 carnis
3666 5610 3787 5664 fru-

2250 5733 2266 5762 ί
2300 5732 2373 5780 sic
2396 5733 2544 5781 nostri
2580 5730 2788 5780 codices.
2815 5735 2865 5778 tn
2903 5734 2974 5788 Β..
2997 5740 3141 5790 quam
3160 5725 3206 5778 ei
3227 5725 3462 5778 inumrito
3498 5727 3654 5789 frater
3679 5725 3786 5779 dio-

2186 5790 2402 5854 νῆσιν-ει.
2590 5799 2644 5840 δι.

2256 5858 2274 5885 ²
2310 5861 2438 5916 t.ov.,
2463 5853 2721 5905 arcularii.
2753 5853 2834 5903 Alii
2859 5851 2986 5914 libri,
3005 5849 3258 5902 accidenti.
