  <div class='ocr_page' id='page_1' title='image "/cluster/home/n/w/nwhite01/storage/ocr_20150623/41/hvd.32044015706344/228.png"; bbox 0 0 4054 6488; ppageno 0'>
   <div class='ocr_carea' id='block_1_1' title="bbox 227 405 324 463">
    <p class='ocr_par' dir='ltr' id='par_1_1' title="bbox 227 405 324 463">
     <span class='ocr_line' id='line_1_1' title="bbox 227 405 324 463; baseline 0 0"><span class='ocrx_word' id='word_1_1' title='bbox 227 405 324 463; x_wconf 66' lang='grc' dir='ltr'>ιιδ</span> 
     </span>
    </p>
   </div>
   <div class='ocr_carea' id='block_1_2' title="bbox 233 523 1822 600">
    <p class='ocr_par' dir='ltr' id='par_1_2' title="bbox 233 523 1822 600">
     <span class='ocr_line' id='line_1_2' title="bbox 233 523 1822 600; baseline 0.004 -25"><span class='ocrx_word' id='word_1_2' title='bbox 233 523 396 577; x_wconf 72' lang='lat' dir='ltr'><strong>cultus</strong></span> <span class='ocrx_word' id='word_1_3' title='bbox 427 531 482 577; x_wconf 88' lang='lat' dir='ltr'><strong>et</strong></span> <span class='ocrx_word' id='word_1_4' title='bbox 507 524 765 582; x_wconf 75' lang='lat' dir='ltr'><strong>invidiam</strong></span> <span class='ocrx_word' id='word_1_5' title='bbox 793 537 1198 592; x_wconf 82' lang='lat' dir='ltr'><strong>commemorat,</strong></span> <span class='ocrx_word' id='word_1_6' title='bbox 1226 545 1328 600; x_wconf 75' lang='lat' dir='ltr'><strong>qua</strong></span> <span class='ocrx_word' id='word_1_7' title='bbox 1361 530 1540 600; x_wconf 88' lang='lat' dir='ltr'><strong>utique</strong></span> <span class='ocrx_word' id='word_1_8' title='bbox 1565 529 1694 584; x_wconf 89' lang='lat' dir='ltr'><strong>Cain</strong></span> <span class='ocrx_word' id='word_1_9' title='bbox 1727 531 1822 582; x_wconf 89' lang='lat' dir='ltr'><strong>sti-</strong></span> 
     </span>
    </p>
   </div>
   <div class='ocr_carea' id='block_1_3' title="bbox 237 613 1828 679">
    <p class='ocr_par' dir='ltr' id='par_1_3' title="bbox 237 613 1828 679">
     <span class='ocr_line' id='line_1_3' title="bbox 237 613 1828 679; baseline 0.003 -11"><span class='ocrx_word' id='word_1_10' title='bbox 237 613 558 679; x_wconf 84' lang='lat' dir='ltr'><strong>mulabatur,</strong></span> <span class='ocrx_word' id='word_1_11' title='bbox 596 625 655 673; x_wconf 82' lang='lat' dir='ltr'><strong>et</strong></span> <span class='ocrx_word' id='word_1_12' title='bbox 677 620 1069 674; x_wconf 79' lang='lat' dir='ltr'><strong>accendebatur</strong></span> <span class='ocrx_word' id='word_1_13' title='bbox 1108 621 1160 674; x_wconf 95' lang='lat' dir='ltr'><strong>in</strong></span> <span class='ocrx_word' id='word_1_14' title='bbox 1188 619 1366 675; x_wconf 76' lang='lat' dir='ltr'><strong>fratris</strong></span> <span class='ocrx_word' id='word_1_15' title='bbox 1393 621 1610 676; x_wconf 75' lang='lat' dir='ltr'><strong>exitium</strong></span> <span class='ocrx_word' id='word_1_16' title='bbox 1645 637 1659 672; x_wconf 90' lang='lat'>:</span> <span class='ocrx_word' id='word_1_17' title='bbox 1693 620 1828 674; x_wconf 84' lang='lat' dir='ltr'><strong>bene</strong></span> 
     </span>
    </p>
   </div>
   <div class='ocr_carea' id='block_1_4' title="bbox 240 705 1826 780">
    <p class='ocr_par' dir='ltr' id='par_1_4' title="bbox 240 705 1826 780">
     <span class='ocr_line' id='line_1_4' title="bbox 240 705 1826 780; baseline 0.004 -24"><span class='ocrx_word' id='word_1_18' title='bbox 240 705 581 772; x_wconf 79' lang='lat' dir='ltr'><strong>subauditur,</strong></span> <span class='ocrx_word' id='word_1_19' title='bbox 607 708 744 774; x_wconf 84' lang='lat' dir='ltr'><strong>Erit,</strong></span> <span class='ocrx_word' id='word_1_20' title='bbox 771 710 946 778; x_wconf 89' lang='lat' dir='ltr'><strong>idest,</strong></span> <span class='ocrx_word' id='word_1_21' title='bbox 976 711 1056 765; x_wconf 81' lang='lat' dir='ltr'><strong>Ad</strong></span> <span class='ocrx_word' id='word_1_22' title='bbox 1081 721 1129 765; x_wconf 86' lang='lat' dir='ltr'><strong>te</strong></span> <span class='ocrx_word' id='word_1_23' title='bbox 1148 711 1281 765; x_wconf 87' lang='lat' dir='ltr'><strong>enim</strong></span> <span class='ocrx_word' id='word_1_24' title='bbox 1299 712 1555 765; x_wconf 74' lang='lat' dir='ltr'><strong>conversio</strong></span> <span class='ocrx_word' id='word_1_25' title='bbox 1573 711 1684 780; x_wconf 86' lang='lat' dir='ltr'><strong>ejus</strong></span> <span class='ocrx_word' id='word_1_26' title='bbox 1705 711 1826 774; x_wconf 80' lang='lat' dir='ltr'><strong>erit,</strong></span> 
     </span>
    </p>
   </div>
   <div class='ocr_carea' id='block_1_5' title="bbox 237 796 1830 873">
    <p class='ocr_par' dir='ltr' id='par_1_5' title="bbox 237 796 1830 873">
     <span class='ocr_line' id='line_1_5' title="bbox 237 796 1830 873; baseline 0.006 -27"><span class='ocrx_word' id='word_1_27' title='bbox 237 806 277 847; x_wconf 82' lang='lat' dir='ltr'><strong>et</strong></span> <span class='ocrx_word' id='word_1_28' title='bbox 296 807 347 848; x_wconf 90' lang='lat' dir='ltr'><strong>tu</strong></span> <span class='ocrx_word' id='word_1_29' title='bbox 368 796 717 855; x_wconf 79' lang='lat' dir='ltr'><strong>dominaberis</strong></span> <span class='ocrx_word' id='word_1_30' title='bbox 736 802 894 856; x_wconf 86' lang='lat' dir='ltr'><strong>illius.</strong></span> <span class='ocrx_word' id='word_1_31' title='bbox 921 803 1057 858; x_wconf 87' lang='lat' dir='ltr'><strong>Cum</strong></span> <span class='ocrx_word' id='word_1_32' title='bbox 1081 804 1223 858; x_wconf 91' lang='lat' dir='ltr'><strong>enim</strong></span> <span class='ocrx_word' id='word_1_33' title='bbox 1245 812 1509 858; x_wconf 78' lang='lat' dir='ltr'><strong>Commota</strong></span> <span class='ocrx_word' id='word_1_34' title='bbox 1537 803 1689 858; x_wconf 88' lang='lat' dir='ltr'><strong>fuerit</strong></span> <span class='ocrx_word' id='word_1_35' title='bbox 1707 818 1830 873; x_wconf 87' lang='lat' dir='ltr'><strong>pars</strong></span> 
     </span>
    </p>
   </div>
   <div class='ocr_carea' id='block_1_6' title="bbox 236 890 1828 968">
    <p class='ocr_par' dir='ltr' id='par_1_6' title="bbox 236 890 1828 968">
     <span class='ocr_line' id='line_1_6' title="bbox 236 890 1828 968; baseline 0.005 -26"><span class='ocrx_word' id='word_1_36' title='bbox 236 890 342 956; x_wconf 51' lang='lat' dir='ltr'><strong>ipsa</strong></span> <span class='ocrx_word' id='word_1_37' title='bbox 375 893 634 956; x_wconf 78' lang='lat' dir='ltr'><strong>earnalis,</strong></span> <span class='ocrx_word' id='word_1_38' title='bbox 659 911 816 965; x_wconf 92' lang='lat' dir='ltr'><strong>quam</strong></span> <span class='ocrx_word' id='word_1_39' title='bbox 849 907 1120 962; x_wconf 88' lang='lat' dir='ltr'><strong>peccatum</strong></span> <span class='ocrx_word' id='word_1_40' title='bbox 1144 898 1380 968; x_wconf 83' lang='lat' dir='ltr'><strong>appellat</strong></span> <span class='ocrx_word' id='word_1_41' title='bbox 1403 899 1708 968; x_wconf 75' lang='lat' dir='ltr'><strong>Apostolus,</strong></span> <span class='ocrx_word' id='word_1_42' title='bbox 1743 898 1828 950; x_wconf 88' lang='lat' dir='ltr'><strong>ubi</strong></span> 
     </span>
    </p>
   </div>
   <div class='ocr_carea' id='block_1_7' title="bbox 232 978 1831 1060">
    <p class='ocr_par' dir='ltr' id='par_1_7' title="bbox 232 978 1831 1060">
     <span class='ocr_line' id='line_1_7' title="bbox 232 978 1831 1060; baseline 0.009 -30"><span class='ocrx_word' id='word_1_43' title='bbox 232 978 376 1042; x_wconf 84' lang='lat' dir='ltr'><strong>dicit,</strong></span> <span class='ocrx_word' id='word_1_44' title='bbox 432 980 558 1035; x_wconf 63' lang='lat' dir='ltr'><strong>Non</strong></span> <span class='ocrx_word' id='word_1_45' title='bbox 589 1001 682 1054; x_wconf 75' lang='lat' dir='ltr'><strong>ego</strong></span> <span class='ocrx_word' id='word_1_46' title='bbox 725 1003 906 1057; x_wconf 86' lang='lat' dir='ltr'><strong>operor</strong></span> <span class='ocrx_word' id='word_1_47' title='bbox 949 990 1098 1054; x_wconf 80' lang='lat' dir='ltr'><strong>illud,</strong></span> <span class='ocrx_word' id='word_1_48' title='bbox 1149 989 1238 1044; x_wconf 81' lang='lat' dir='ltr'><strong>sed</strong></span> <span class='ocrx_word' id='word_1_49' title='bbox 1265 990 1401 1060; x_wconf 84' lang='lat' dir='ltr'><strong>quod</strong></span> <span class='ocrx_word' id='word_1_50' title='bbox 1436 990 1626 1043; x_wconf 80' lang='lat' dir='ltr'><strong>habitat</strong></span> <span class='ocrx_word' id='word_1_51' title='bbox 1661 989 1713 1042; x_wconf 87' lang='lat' dir='ltr'><strong>in</strong></span> <span class='ocrx_word' id='word_1_52' title='bbox 1754 1006 1831 1044; x_wconf 87' lang='lat' dir='ltr'><strong>me</strong></span> 
     </span>
    </p>
   </div>
   <div class='ocr_carea' id='block_1_8' title="bbox 235 1072 1828 1152">
    <p class='ocr_par' dir='ltr' id='par_1_8' title="bbox 235 1072 1828 1152">
     <span class='ocr_line' id='line_1_8' title="bbox 235 1072 1828 1152; baseline 0.008 -32"><span class='ocrx_word' id='word_1_53' title='bbox 235 1079 492 1134; x_wconf 80' lang='lat' dir='ltr'><strong>peccatum</strong></span> <span class='ocrx_word' id='word_1_54' title='bbox 537 1072 714 1146; x_wconf 87' lang='lat' dir='ltr'><strong>(Rom.</strong></span> <span class='ocrx_word' id='word_1_55' title='bbox 751 1093 842 1141; x_wconf 85' lang='lat' dir='ltr'><strong>vn,</strong></span> <span class='ocrx_word' id='word_1_56' title='bbox 876 1080 964 1150; x_wconf 80' lang='lat' dir='ltr'><strong>l7)</strong></span> <span class='ocrx_word' id='word_1_57' title='bbox 997 1098 1010 1133; x_wconf 86' lang='lat'><strong>:</strong></span> <span class='ocrx_word' id='word_1_58' title='bbox 1057 1097 1216 1150; x_wconf 89' lang='lat' dir='ltr'><strong>quam</strong></span> <span class='ocrx_word' id='word_1_59' title='bbox 1245 1091 1446 1152; x_wconf 86' lang='lat' dir='ltr'><strong>partem</strong></span> <span class='ocrx_word' id='word_1_60' title='bbox 1476 1080 1637 1134; x_wconf 90' lang='lat' dir='ltr'><strong>animi</strong></span> <span class='ocrx_word' id='word_1_61' title='bbox 1669 1081 1828 1133; x_wconf 87' lang='lat' dir='ltr'><strong>etiam</strong></span> 
     </span>
    </p>
   </div>
   <div class='ocr_carea' id='block_1_9' title="bbox 236 1157 1829 1242">
    <p class='ocr_par' dir='ltr' id='par_1_9' title="bbox 236 1157 1829 1242">
     <span class='ocr_line' id='line_1_9' title="bbox 236 1157 1829 1242; baseline 0.009 -33"><span class='ocrx_word' id='word_1_62' title='bbox 236 1157 539 1230; x_wconf 75' lang='lat' dir='ltr'><strong>philosophi</strong></span> <span class='ocrx_word' id='word_1_63' title='bbox 594 1165 779 1221; x_wconf 86' lang='lat' dir='ltr'><strong>dicunt</strong></span> <span class='ocrx_word' id='word_1_64' title='bbox 825 1184 947 1224; x_wconf 90' lang='lat' dir='ltr'><strong>esse</strong></span> <span class='ocrx_word' id='word_1_65' title='bbox 997 1170 1261 1238; x_wconf 89' lang='lat' dir='ltr'><strong>vitiosam,</strong></span> <span class='ocrx_word' id='word_1_66' title='bbox 1306 1188 1410 1226; x_wconf 90' lang='lat' dir='ltr'><strong>non</strong></span> <span class='ocrx_word' id='word_1_67' title='bbox 1449 1188 1568 1242; x_wconf 70' lang='lat' dir='ltr'><strong>qua:</strong></span> <span class='ocrx_word' id='word_1_68' title='bbox 1599 1180 1829 1226; x_wconf 90' lang='lat' dir='ltr'><strong>mentem</strong></span> 
     </span>
    </p>
   </div>
   <div class='ocr_carea' id='block_1_10' title="bbox 236 1251 1830 1333">
    <p class='ocr_par' dir='ltr' id='par_1_10' title="bbox 236 1251 1830 1333">
     <span class='ocr_line' id='line_1_10' title="bbox 236 1251 1830 1333; baseline 0.009 -30"><span class='ocrx_word' id='word_1_69' title='bbox 236 1251 428 1306; x_wconf 80' lang='lat' dir='ltr'><strong>debeat</strong></span> <span class='ocrx_word' id='word_1_70' title='bbox 459 1255 698 1324; x_wconf 91' lang='lat' dir='ltr'><strong>trahere,</strong></span> <span class='ocrx_word' id='word_1_71' title='bbox 741 1262 832 1314; x_wconf 91' lang='lat' dir='ltr'><strong>sed</strong></span> <span class='ocrx_word' id='word_1_72' title='bbox 859 1266 942 1316; x_wconf 92' lang='lat' dir='ltr'><strong>cui</strong></span> <span class='ocrx_word' id='word_1_73' title='bbox 973 1279 1124 1318; x_wconf 91' lang='lat' dir='ltr'><strong>mens</strong></span> <span class='ocrx_word' id='word_1_74' title='bbox 1150 1265 1342 1319; x_wconf 88' lang='lat' dir='ltr'><strong>debeat</strong></span> <span class='ocrx_word' id='word_1_75' title='bbox 1369 1266 1654 1333; x_wconf 89' lang='lat' dir='ltr'><strong>imperare,</strong></span> <span class='ocrx_word' id='word_1_76' title='bbox 1686 1280 1830 1320; x_wconf 84' lang='lat' dir='ltr'><strong>eam-</strong></span> 
     </span>
    </p>
   </div>
   <div class='ocr_carea' id='block_1_11' title="bbox 235 1349 1832 1426">
    <p class='ocr_par' dir='ltr' id='par_1_11' title="bbox 235 1349 1832 1426">
     <span class='ocr_line' id='line_1_11' title="bbox 235 1349 1832 1426; baseline 0.009 -31"><span class='ocrx_word' id='word_1_77' title='bbox 235 1359 334 1412; x_wconf 91' lang='lat' dir='ltr'><strong>que</strong></span> <span class='ocrx_word' id='word_1_78' title='bbox 372 1349 443 1401; x_wconf 89' lang='lat' dir='ltr'><strong>ab</strong></span> <span class='ocrx_word' id='word_1_79' title='bbox 465 1349 669 1406; x_wconf 83' lang='lat' dir='ltr'><strong>illicitis</strong></span> <span class='ocrx_word' id='word_1_80' title='bbox 705 1355 954 1423; x_wconf 80' lang='lat' dir='ltr'><strong>operibus</strong></span> <span class='ocrx_word' id='word_1_81' title='bbox 983 1356 1186 1411; x_wconf 81' lang='lat' dir='ltr'><strong>ratione</strong></span> <span class='ocrx_word' id='word_1_82' title='bbox 1215 1359 1467 1412; x_wconf 83' lang='lat' dir='ltr'><strong>cohibere</strong></span> <span class='ocrx_word' id='word_1_83' title='bbox 1497 1375 1508 1410; x_wconf 91' lang='lat'>:</span> <span class='ocrx_word' id='word_1_84' title='bbox 1541 1373 1662 1412; x_wconf 91' lang='lat' dir='ltr'><strong>cum</strong></span> <span class='ocrx_word' id='word_1_85' title='bbox 1705 1371 1832 1426; x_wconf 82' lang='lat' dir='ltr'><strong>ergo</strong></span> 
     </span>
    </p>
   </div>
   <div class='ocr_carea' id='block_1_12' title="bbox 237 1442 1828 1520">
    <p class='ocr_par' dir='ltr' id='par_1_12' title="bbox 237 1442 1828 1520">
     <span class='ocr_line' id='line_1_12' title="bbox 237 1442 1828 1520; baseline 0.006 -28"><span class='ocrx_word' id='word_1_86' title='bbox 237 1453 503 1495; x_wconf 80' lang='lat' dir='ltr'><strong>commota</strong></span> <span class='ocrx_word' id='word_1_87' title='bbox 535 1442 695 1499; x_wconf 88' lang='lat' dir='ltr'><strong>fuerit</strong></span> <span class='ocrx_word' id='word_1_88' title='bbox 728 1447 791 1501; x_wconf 88' lang='lat' dir='ltr'><strong>ad</strong></span> <span class='ocrx_word' id='word_1_89' title='bbox 822 1448 1017 1518; x_wconf 88' lang='lat' dir='ltr'><strong>aliquid</strong></span> <span class='ocrx_word' id='word_1_90' title='bbox 1059 1466 1337 1520; x_wconf 81' lang='lat' dir='ltr'><strong>perperam</strong></span> <span class='ocrx_word' id='word_1_91' title='bbox 1366 1451 1828 1516; x_wconf 90' lang='lat' dir='ltr'><strong>committendum,</strong></span> 
     </span>
    </p>
   </div>
   <div class='ocr_carea' id='block_1_13' title="bbox 237 1531 1832 1613">
    <p class='ocr_par' dir='ltr' id='par_1_13' title="bbox 237 1531 1832 1613">
     <span class='ocr_line' id='line_1_13' title="bbox 237 1531 1832 1613; baseline 0.008 -29"><span class='ocrx_word' id='word_1_92' title='bbox 237 1531 278 1585; x_wconf 83' lang='lat' dir='ltr'><strong>si</strong></span> <span class='ocrx_word' id='word_1_93' title='bbox 303 1536 618 1602; x_wconf 84' lang='lat' dir='ltr'><strong>quiescatur</strong></span> <span class='ocrx_word' id='word_1_94' title='bbox 641 1539 657 1570; x_wconf 90' lang='grc'>¹</span> <span class='ocrx_word' id='word_1_95' title='bbox 691 1547 742 1594; x_wconf 91' lang='lat' dir='ltr'><strong>et</strong></span> <span class='ocrx_word' id='word_1_96' title='bbox 770 1541 1168 1612; x_wconf 89' lang='lat' dir='ltr'><strong>obtemperetur</strong></span> <span class='ocrx_word' id='word_1_97' title='bbox 1189 1542 1383 1599; x_wconf 84' lang='lat' dir='ltr'><strong>dicenti</strong></span> <span class='ocrx_word' id='word_1_98' title='bbox 1412 1545 1685 1613; x_wconf 83' lang='lat' dir='ltr'><strong>Apostolo,</strong></span> <span class='ocrx_word' id='word_1_99' title='bbox 1723 1541 1832 1596; x_wconf 75' lang='lat' dir='ltr'><strong>Nec</strong></span> 
     </span>
    </p>
   </div>
   <div class='ocr_carea' id='block_1_14' title="bbox 237 1623 1828 1706">
    <p class='ocr_par' dir='ltr' id='par_1_14' title="bbox 237 1623 1828 1706">
     <span class='ocr_line' id='line_1_14' title="bbox 237 1623 1828 1706; baseline 0.01 -30"><span class='ocrx_word' id='word_1_100' title='bbox 237 1623 568 1680; x_wconf 74' lang='lat' dir='ltr'><strong>exltibueritis</strong></span> <span class='ocrx_word' id='word_1_101' title='bbox 599 1631 818 1684; x_wconf 87' lang='lat' dir='ltr'><strong>ntembra</strong></span> <span class='ocrx_word' id='word_1_102' title='bbox 845 1643 1004 1685; x_wconf 77' lang='lat' dir='ltr'><strong>vestra</strong></span> <span class='ocrx_word' id='word_1_103' title='bbox 1029 1651 1173 1688; x_wconf 88' lang='lat' dir='ltr'><strong>arma</strong></span> <span class='ocrx_word' id='word_1_104' title='bbox 1198 1635 1473 1706; x_wconf 78' lang='lat' dir='ltr'><strong>iniquitatis</strong></span> <span class='ocrx_word' id='word_1_105' title='bbox 1499 1645 1700 1706; x_wconf 83' lang='lat' dir='ltr'><strong>peccato</strong></span> <span class='ocrx_word' id='word_1_106' title='bbox 1719 1634 1768 1706; x_wconf 94' lang='grc'><strong>(1</strong></span> <span class='ocrx_word' id='word_1_107' title='bbox 1775 1638 1828 1692; x_wconf 76' lang='grc' dir='ltr'>ιι.</span> 
     </span>
    </p>
   </div>
   <div class='ocr_carea' id='block_1_15' title="bbox 238 1718 1830 1794">
    <p class='ocr_par' dir='ltr' id='par_1_15' title="bbox 238 1718 1830 1794">
     <span class='ocr_line' id='line_1_15' title="bbox 238 1718 1830 1794; baseline 0.011 -28"><span class='ocrx_word' id='word_1_108' title='bbox 238 1729 308 1778; x_wconf 72' lang='lat' dir='ltr'><strong>Vl,</strong></span> <span class='ocrx_word' id='word_1_109' title='bbox 343 1718 472 1787; x_wconf 68' lang='lat'><strong>£5);</strong></span> <span class='ocrx_word' id='word_1_110' title='bbox 525 1721 592 1772; x_wconf 90' lang='lat' dir='ltr'><strong>ad</strong></span> <span class='ocrx_word' id='word_1_111' title='bbox 635 1733 866 1778; x_wconf 85' lang='lat' dir='ltr'><strong>mentem</strong></span> <span class='ocrx_word' id='word_1_112' title='bbox 908 1726 1104 1780; x_wconf 89' lang='lat' dir='ltr'><strong>domita</strong></span> <span class='ocrx_word' id='word_1_113' title='bbox 1139 1737 1193 1782; x_wconf 90' lang='lat' dir='ltr'><strong>et</strong></span> <span class='ocrx_word' id='word_1_114' title='bbox 1223 1728 1356 1782; x_wconf 85' lang='lat' dir='ltr'><strong>victa</strong></span> <span class='ocrx_word' id='word_1_115' title='bbox 1383 1730 1729 1794; x_wconf 77' lang='lat' dir='ltr'><strong>convertitur,</strong></span> <span class='ocrx_word' id='word_1_116' title='bbox 1773 1740 1830 1783; x_wconf 87' lang='lat' dir='ltr'><strong>ut</strong></span> 
     </span>
    </p>
   </div>
   <div class='ocr_carea' id='block_1_16' title="bbox 238 1809 1829 1892">
    <p class='ocr_par' dir='ltr' id='par_1_16' title="bbox 238 1809 1829 1892">
     <span class='ocr_line' id='line_1_16' title="bbox 238 1809 1829 1892; baseline 0.009 -30"><span class='ocrx_word' id='word_1_117' title='bbox 238 1809 466 1864; x_wconf 69' lang='lat' dir='ltr'><strong>subdita:</strong></span> <span class='ocrx_word' id='word_1_118' title='bbox 493 1815 632 1868; x_wconf 86' lang='lat' dir='ltr'><strong>ratio</strong></span> <span class='ocrx_word' id='word_1_119' title='bbox 654 1815 976 1873; x_wconf 89' lang='lat' dir='ltr'><strong>dominetur.</strong></span> <span class='ocrx_word' id='word_1_120' title='bbox 1003 1819 1115 1875; x_wconf 90' lang='lat' dir='ltr'><strong>Iloc</strong></span> <span class='ocrx_word' id='word_1_121' title='bbox 1137 1822 1388 1891; x_wconf 72' lang='lat' dir='ltr'><strong>prmcepit</strong></span> <span class='ocrx_word' id='word_1_122' title='bbox 1416 1821 1554 1876; x_wconf 90' lang='lat' dir='ltr'><strong>Deus</strong></span> <span class='ocrx_word' id='word_1_123' title='bbox 1577 1821 1718 1886; x_wconf 84' lang='lat' dir='ltr'><strong>huic,</strong></span> <span class='ocrx_word' id='word_1_124' title='bbox 1738 1823 1829 1892; x_wconf 77' lang='lat' dir='ltr'><strong>qt_ti</strong></span> 
     </span>
    </p>
   </div>
   <div class='ocr_carea' id='block_1_17' title="bbox 243 1884 1828 1984">
    <p class='ocr_par' dir='ltr' id='par_1_17' title="bbox 243 1884 1828 1984">
     <span class='ocr_line' id='line_1_17' title="bbox 243 1884 1828 1984; baseline 0.009 -30"><span class='ocrx_word' id='word_1_125' title='bbox 243 1902 440 1956; x_wconf 49' lang='lat' dir='ltr'><strong>facibus</strong></span> <span class='ocrx_word' id='word_1_126' title='bbox 478 1904 698 1960; x_wconf 70' lang='lat' dir='ltr'><strong>invidia:</strong></span> <span class='ocrx_word' id='word_1_127' title='bbox 740 1884 1169 1966; x_wconf 75' lang='lat' dir='ltr'><strong>inflanmtabatur</strong></span> <span class='ocrx_word' id='word_1_128' title='bbox 1215 1913 1266 1966; x_wconf 93' lang='lat' dir='ltr'><strong>in</strong></span> <span class='ocrx_word' id='word_1_129' title='bbox 1315 1884 1555 1980; x_wconf 83' lang='lat' dir='ltr'><strong>fratrem,</strong></span> <span class='ocrx_word' id='word_1_130' title='bbox 1595 1884 1828 1984; x_wconf 92' lang='lat' dir='ltr'><strong>ct</strong></span> 
     </span>
    </p>
   </div>
   <div class='ocr_carea' id='block_1_18' title="bbox 238 1992 1827 2077">
    <p class='ocr_par' dir='ltr' id='par_1_18' title="bbox 238 1992 1827 2077">
     <span class='ocr_line' id='line_1_18' title="bbox 238 1992 1827 2077; baseline 0.013 -35"><span class='ocrx_word' id='word_1_131' title='bbox 238 1992 498 2048; x_wconf 84' lang='lat' dir='ltr'><strong>delmerat</strong></span> <span class='ocrx_word' id='word_1_132' title='bbox 541 1997 757 2067; x_wconf 89' lang='lat' dir='ltr'><strong>imitari,</strong></span> <span class='ocrx_word' id='word_1_133' title='bbox 805 2003 1049 2071; x_wconf 88' lang='lat' dir='ltr'><strong>cupiebat</strong></span> <span class='ocrx_word' id='word_1_134' title='bbox 1076 2004 1295 2060; x_wconf 85' lang='lat' dir='ltr'><strong>auferri.</strong></span> <span class='ocrx_word' id='word_1_135' title='bbox 1345 2007 1572 2074; x_wconf 80' lang='lat' dir='ltr'><strong>Quiesce,</strong></span> <span class='ocrx_word' id='word_1_136' title='bbox 1620 2007 1827 2077; x_wconf 89' lang='lat' dir='ltr'><strong>inquit:</strong></span> 
     </span>
    </p>
   </div>
   <div class='ocr_carea' id='block_1_19' title="bbox 241 2087 1828 2170">
    <p class='ocr_par' dir='ltr' id='par_1_19' title="bbox 241 2087 1828 2170">
     <span class='ocr_line' id='line_1_19' title="bbox 241 2087 1828 2170; baseline 0.013 -35"><span class='ocrx_word' id='word_1_137' title='bbox 241 2100 424 2139; x_wconf 82' lang='lat' dir='ltr'><strong>manus</strong></span> <span class='ocrx_word' id='word_1_138' title='bbox 461 2087 533 2141; x_wconf 88' lang='lat' dir='ltr'><strong>ab</strong></span> <span class='ocrx_word' id='word_1_139' title='bbox 572 2094 778 2147; x_wconf 72' lang='lat' dir='ltr'><strong>scelere</strong></span> <span class='ocrx_word' id='word_1_140' title='bbox 818 2097 1064 2160; x_wconf 90' lang='lat' dir='ltr'><strong>contine;</strong></span> <span class='ocrx_word' id='word_1_141' title='bbox 1115 2114 1218 2152; x_wconf 90' lang='lat' dir='ltr'><strong>non</strong></span> <span class='ocrx_word' id='word_1_142' title='bbox 1260 2108 1445 2170; x_wconf 80' lang='lat' dir='ltr'><strong>regnet</strong></span> <span class='ocrx_word' id='word_1_143' title='bbox 1474 2112 1744 2169; x_wconf 82' lang='lat' dir='ltr'><strong>peccatum</strong></span> <span class='ocrx_word' id='word_1_144' title='bbox 1778 2103 1828 2156; x_wconf 92' lang='lat' dir='ltr'><strong>in</strong></span> 
     </span>
    </p>
   </div>
   <div class='ocr_carea' id='block_1_20' title="bbox 241 2182 1828 2261">
    <p class='ocr_par' dir='ltr' id='par_1_20' title="bbox 241 2182 1828 2261">
     <span class='ocr_line' id='line_1_20' title="bbox 241 2182 1828 2261; baseline 0.012 -32"><span class='ocrx_word' id='word_1_145' title='bbox 241 2189 326 2230; x_wconf 92' lang='lat' dir='ltr'><strong>tuo</strong></span> <span class='ocrx_word' id='word_1_146' title='bbox 363 2182 578 2237; x_wconf 85' lang='lat' dir='ltr'><strong>mortali</strong></span> <span class='ocrx_word' id='word_1_147' title='bbox 617 2200 842 2256; x_wconf 91' lang='lat' dir='ltr'><strong>corpore</strong></span> <span class='ocrx_word' id='word_1_148' title='bbox 881 2189 946 2242; x_wconf 90' lang='lat' dir='ltr'><strong>ad</strong></span> <span class='ocrx_word' id='word_1_149' title='bbox 975 2189 1334 2247; x_wconf 88' lang='lat' dir='ltr'><strong>obediendum</strong></span> <span class='ocrx_word' id='word_1_150' title='bbox 1365 2193 1646 2248; x_wconf 89' lang='lat' dir='ltr'><strong>desideriis</strong></span> <span class='ocrx_word' id='word_1_151' title='bbox 1689 2194 1828 2261; x_wconf 84' lang='lat' dir='ltr'><strong>ejus,</strong></span> 
     </span>
    </p>
   </div>
   <div class='ocr_carea' id='block_1_21' title="bbox 241 2271 1826 2353">
    <p class='ocr_par' dir='ltr' id='par_1_21' title="bbox 241 2271 1826 2353">
     <span class='ocr_line' id='line_1_21' title="bbox 241 2271 1826 2353; baseline 0.012 -33"><span class='ocrx_word' id='word_1_152' title='bbox 241 2284 334 2322; x_wconf 80' lang='lat' dir='ltr'><strong>nec</strong></span> <span class='ocrx_word' id='word_1_153' title='bbox 379 2271 641 2328; x_wconf 76' lang='lat' dir='ltr'><strong>exhibeas</strong></span> <span class='ocrx_word' id='word_1_154' title='bbox 672 2280 906 2332; x_wconf 90' lang='lat' dir='ltr'><strong>membra</strong></span> <span class='ocrx_word' id='word_1_155' title='bbox 952 2288 1036 2334; x_wconf 89' lang='lat' dir='ltr'><strong>tua</strong></span> <span class='ocrx_word' id='word_1_156' title='bbox 1076 2282 1367 2352; x_wconf 74' lang='lat' dir='ltr'><strong>iniquitatis</strong></span> <span class='ocrx_word' id='word_1_157' title='bbox 1401 2299 1548 2338; x_wconf 83' lang='lat' dir='ltr'><strong>arma</strong></span> <span class='ocrx_word' id='word_1_158' title='bbox 1585 2295 1826 2353; x_wconf 86' lang='lat' dir='ltr'><strong>peccato.</strong></span> 
     </span>
    </p>
   </div>
   <div class='ocr_carea' id='block_1_22' title="bbox 238 2359 1827 2442">
    <p class='ocr_par' dir='ltr' id='par_1_22' title="bbox 238 2359 1827 2442">
     <span class='ocr_line' id='line_1_22' title="bbox 238 2359 1827 2442; baseline 0.011 -33"><span class='ocrx_word' id='word_1_159' title='bbox 238 2359 315 2410; x_wconf 76' lang='grc' dir='ltr'>Αιι</span> <span class='ocrx_word' id='word_1_160' title='bbox 343 2369 392 2412; x_wconf 71' lang='lat' dir='ltr'><strong>te</strong></span> <span class='ocrx_word' id='word_1_161' title='bbox 420 2363 556 2414; x_wconf 86' lang='lat' dir='ltr'><strong>enim</strong></span> <span class='ocrx_word' id='word_1_162' title='bbox 596 2368 850 2420; x_wconf 66' lang='lat' dir='ltr'><strong>conversio</strong></span> <span class='ocrx_word' id='word_1_163' title='bbox 891 2371 999 2440; x_wconf 86' lang='lat' dir='ltr'><strong>ejus</strong></span> <span class='ocrx_word' id='word_1_164' title='bbox 1029 2387 1047 2424; x_wconf 90' lang='lat'><em>:</em></span> <span class='ocrx_word' id='word_1_165' title='bbox 1091 2371 1218 2427; x_wconf 89' lang='lat' dir='ltr'><strong>dttm</strong></span> <span class='ocrx_word' id='word_1_166' title='bbox 1277 2389 1382 2428; x_wconf 89' lang='lat' dir='ltr'><strong>non</strong></span> <span class='ocrx_word' id='word_1_167' title='bbox 1427 2374 1706 2442; x_wconf 87' lang='lat' dir='ltr'><strong>adjuvatur</strong></span> <span class='ocrx_word' id='word_1_168' title='bbox 1743 2391 1827 2428; x_wconf 84' lang='lat' dir='ltr'><strong>re.-</strong></span> 
     </span>
    </p>
   </div>
   <div class='ocr_carea' id='block_1_23' title="bbox 239 2451 1829 2526">
    <p class='ocr_par' dir='ltr' id='par_1_23' title="bbox 239 2451 1829 2526">
     <span class='ocr_line' id='line_1_23' title="bbox 239 2451 1829 2526; baseline 0.009 -20"><span class='ocrx_word' id='word_1_169' title='bbox 239 2451 490 2518; x_wconf 71' lang='lat' dir='ltr'><strong>Inxaudo,</strong></span> <span class='ocrx_word' id='word_1_170' title='bbox 534 2455 629 2509; x_wconf 80' lang='lat' dir='ltr'><strong>sed</strong></span> <span class='ocrx_word' id='word_1_171' title='bbox 659 2456 984 2526; x_wconf 77' lang='lat' dir='ltr'><strong>quiescendo</strong></span> <span class='ocrx_word' id='word_1_172' title='bbox 1011 2460 1270 2518; x_wconf 80' lang='lat' dir='ltr'><strong>frenatur.</strong></span> <span class='ocrx_word' id='word_1_173' title='bbox 1312 2463 1380 2518; x_wconf 79' lang='lat' dir='ltr'><strong>Et</strong></span> <span class='ocrx_word' id='word_1_174' title='bbox 1410 2475 1462 2518; x_wconf 84' lang='lat' dir='ltr'><strong>tu</strong></span> <span class='ocrx_word' id='word_1_175' title='bbox 1492 2465 1829 2520; x_wconf 88' lang='lat' dir='ltr'><strong>dominaberis</strong></span> 
     </span>
    </p>
   </div>
   <div class='ocr_carea' id='block_1_24' title="bbox 238 2542 1829 2626">
    <p class='ocr_par' dir='ltr' id='par_1_24' title="bbox 238 2542 1829 2626">
     <span class='ocr_line' id='line_1_24' title="bbox 238 2542 1829 2626; baseline 0.014 -33"><span class='ocrx_word' id='word_1_176' title='bbox 238 2542 369 2596; x_wconf 80' lang='lat' dir='ltr'><strong>illius</strong></span> <span class='ocrx_word' id='word_1_177' title='bbox 391 2561 413 2598; x_wconf 89' lang='lat'><strong><em>:</em></strong></span> <span class='ocrx_word' id='word_1_178' title='bbox 442 2555 645 2601; x_wconf 81' lang='lat' dir='ltr'><strong>utrum</strong></span> <span class='ocrx_word' id='word_1_179' title='bbox 675 2549 967 2607; x_wconf 69' lang='lat' dir='ltr'><strong>forinsecus</strong></span> <span class='ocrx_word' id='word_1_180' title='bbox 990 2571 1092 2609; x_wconf 76' lang='lat' dir='ltr'><strong>non</strong></span> <span class='ocrx_word' id='word_1_181' title='bbox 1123 2557 1446 2625; x_wconf 88' lang='lat' dir='ltr'><strong>permittitur</strong></span> <span class='ocrx_word' id='word_1_182' title='bbox 1473 2559 1704 2626; x_wconf 83' lang='lat' dir='ltr'><strong>Operari,</strong></span> <span class='ocrx_word' id='word_1_183' title='bbox 1731 2559 1829 2612; x_wconf 85' lang='lat' dir='ltr'><strong>sub</strong></span> 
     </span>
    </p>
   </div>
   <div class='ocr_carea' id='block_1_25' title="bbox 239 2641 1831 2712">
    <p class='ocr_par' dir='ltr' id='par_1_25' title="bbox 239 2641 1831 2712">
     <span class='ocr_line' id='line_1_25' title="bbox 239 2641 1831 2712; baseline 0.012 -30"><span class='ocrx_word' id='word_1_184' title='bbox 239 2645 502 2700; x_wconf 80' lang='lat' dir='ltr'><strong>potestate</strong></span> <span class='ocrx_word' id='word_1_185' title='bbox 546 2641 741 2694; x_wconf 87' lang='lat' dir='ltr'><strong>mentis</strong></span> <span class='ocrx_word' id='word_1_186' title='bbox 772 2645 1004 2712; x_wconf 78' lang='lat' dir='ltr'><strong>regentis</strong></span> <span class='ocrx_word' id='word_1_187' title='bbox 1052 2655 1106 2699; x_wconf 91' lang='lat' dir='ltr'><strong>et</strong></span> <span class='ocrx_word' id='word_1_188' title='bbox 1145 2645 1512 2700; x_wconf 75' lang='lat' dir='ltr'><strong>benevolentis</strong></span> <span class='ocrx_word' id='word_1_189' title='bbox 1557 2657 1831 2701; x_wconf 84' lang='lat' dir='ltr'><strong>assuescat</strong></span> 
     </span>
    </p>
   </div>
   <div class='ocr_carea' id='block_1_26' title="bbox 235 2725 1826 2808">
    <p class='ocr_par' dir='ltr' id='par_1_26' title="bbox 235 2725 1826 2808">
     <span class='ocr_line' id='line_1_26' title="bbox 235 2725 1826 2808; baseline 0.01 -32"><span class='ocrx_word' id='word_1_190' title='bbox 235 2725 390 2778; x_wconf 80' lang='lat' dir='ltr'><strong>etiam</strong></span> <span class='ocrx_word' id='word_1_191' title='bbox 420 2728 743 2784; x_wconf 76' lang='lat' dir='ltr'><strong>intrinsecus</strong></span> <span class='ocrx_word' id='word_1_192' title='bbox 768 2751 868 2786; x_wconf 88' lang='lat' dir='ltr'><strong>non</strong></span> <span class='ocrx_word' id='word_1_193' title='bbox 903 2737 1122 2792; x_wconf 76' lang='lat' dir='ltr'><strong>moveri.</strong></span> <span class='ocrx_word' id='word_1_194' title='bbox 1156 2737 1356 2792; x_wconf 82' lang='lat' dir='ltr'><strong>Dictum</strong></span> <span class='ocrx_word' id='word_1_195' title='bbox 1387 2749 1468 2792; x_wconf 90' lang='lat' dir='ltr'><strong>est</strong></span> <span class='ocrx_word' id='word_1_196' title='bbox 1498 2738 1602 2792; x_wconf 86' lang='lat' dir='ltr'><strong>tale</strong></span> <span class='ocrx_word' id='word_1_197' title='bbox 1631 2738 1826 2808; x_wconf 87' lang='lat' dir='ltr'><strong>aliquid</strong></span> 
     </span>
    </p>
   </div>
   <div class='ocr_carea' id='block_1_27' title="bbox 238 2815 1827 2906">
    <p class='ocr_par' dir='ltr' id='par_1_27' title="bbox 238 2815 1827 2906">
     <span class='ocr_line' id='line_1_27' title="bbox 238 2815 1827 2906; baseline 0.01 -38"><span class='ocrx_word' id='word_1_198' title='bbox 238 2815 286 2868; x_wconf 87' lang='lat' dir='ltr'><strong>iu</strong></span> <span class='ocrx_word' id='word_1_199' title='bbox 311 2817 502 2906; x_wconf 79' lang='lat' dir='ltr'><strong>eodem</strong></span> <span class='ocrx_word' id='word_1_200' title='bbox 529 2821 711 2877; x_wconf 88' lang='lat' dir='ltr'><strong>divino</strong></span> <span class='ocrx_word' id='word_1_201' title='bbox 735 2825 866 2878; x_wconf 89' lang='lat' dir='ltr'><strong>libro</strong></span> <span class='ocrx_word' id='word_1_202' title='bbox 885 2837 933 2881; x_wconf 92' lang='lat' dir='ltr'><strong>et</strong></span> <span class='ocrx_word' id='word_1_203' title='bbox 958 2827 1024 2882; x_wconf 93' lang='lat' dir='ltr'><strong>de</strong></span> <span class='ocrx_word' id='word_1_204' title='bbox 1056 2830 1293 2891; x_wconf 84' lang='lat' dir='ltr'><strong>muliere,</strong></span> <span class='ocrx_word' id='word_1_205' title='bbox 1323 2831 1534 2900; x_wconf 82' lang='lat' dir='ltr'><strong>quando</strong></span> <span class='ocrx_word' id='word_1_206' title='bbox 1559 2840 1678 2900; x_wconf 90' lang='lat' dir='ltr'><strong>post</strong></span> <span class='ocrx_word' id='word_1_207' title='bbox 1703 2845 1827 2899; x_wconf 89' lang='lat' dir='ltr'><strong>pec-</strong></span> 
     </span>
    </p>
   </div>
   <div class='ocr_carea' id='block_1_28' title="bbox 236 2911 1827 2989">
    <p class='ocr_par' dir='ltr' id='par_1_28' title="bbox 236 2911 1827 2989">
     <span class='ocr_line' id='line_1_28' title="bbox 236 2911 1827 2989; baseline 0.011 -31"><span class='ocrx_word' id='word_1_208' title='bbox 236 2917 407 2962; x_wconf 78' lang='lat' dir='ltr'><strong>catum</strong></span> <span class='ocrx_word' id='word_1_209' title='bbox 443 2911 555 2964; x_wconf 90' lang='lat' dir='ltr'><strong>Deo</strong></span> <span class='ocrx_word' id='word_1_210' title='bbox 596 2913 952 2984; x_wconf 75' lang='lat' dir='ltr'><strong>interrogante</strong></span> <span class='ocrx_word' id='word_1_211' title='bbox 981 2929 1138 2989; x_wconf 88' lang='lat' dir='ltr'><strong>atque</strong></span> <span class='ocrx_word' id='word_1_212' title='bbox 1174 2920 1446 2989; x_wconf 89' lang='lat' dir='ltr'><strong>judicante</strong></span> <span class='ocrx_word' id='word_1_213' title='bbox 1471 2921 1827 2975; x_wconf 83' lang='lat' dir='ltr'><strong>damnationis</strong></span> 
     </span>
    </p>
   </div>
   <div class='ocr_carea' id='block_1_29' title="bbox 236 3003 1827 3079">
    <p class='ocr_par' dir='ltr' id='par_1_29' title="bbox 236 3003 1827 3079">
     <span class='ocr_line' id='line_1_29' title="bbox 236 3003 1827 3079; baseline 0.011 -30"><span class='ocrx_word' id='word_1_214' title='bbox 236 3003 529 3056; x_wconf 70' lang='lat' dir='ltr'><strong>sententias</strong></span> <span class='ocrx_word' id='word_1_215' title='bbox 569 3019 907 3076; x_wconf 84' lang='lat' dir='ltr'><strong>acceperunt,</strong></span> <span class='ocrx_word' id='word_1_216' title='bbox 963 3009 1013 3063; x_wconf 92' lang='lat' dir='ltr'><strong>in</strong></span> <span class='ocrx_word' id='word_1_217' title='bbox 1043 3022 1294 3079; x_wconf 83' lang='lat' dir='ltr'><strong>serpente</strong></span> <span class='ocrx_word' id='word_1_218' title='bbox 1315 3012 1578 3078; x_wconf 88' lang='lat' dir='ltr'><strong>diabolus,</strong></span> <span class='ocrx_word' id='word_1_219' title='bbox 1607 3023 1658 3066; x_wconf 90' lang='lat' dir='ltr'><strong>et</strong></span> <span class='ocrx_word' id='word_1_220' title='bbox 1686 3012 1735 3065; x_wconf 91' lang='lat' dir='ltr'><strong>in</strong></span> <span class='ocrx_word' id='word_1_221' title='bbox 1767 3028 1827 3067; x_wconf 88' lang='lat' dir='ltr'><strong>se</strong></span> 
     </span>
    </p>
   </div>
   <div class='ocr_carea' id='block_1_30' title="bbox 237 3091 1828 3175">
    <p class='ocr_par' dir='ltr' id='par_1_30' title="bbox 237 3091 1828 3175">
     <span class='ocr_line' id='line_1_30' title="bbox 237 3091 1828 3175; baseline 0.009 -31"><span class='ocrx_word' id='word_1_222' title='bbox 237 3091 360 3160; x_wconf 63' lang='lat' dir='ltr'><strong>ipsis</strong></span> <span class='ocrx_word' id='word_1_223' title='bbox 391 3095 482 3147; x_wconf 91' lang='lat' dir='ltr'><strong>illa</strong></span> <span class='ocrx_word' id='word_1_224' title='bbox 513 3105 567 3149; x_wconf 88' lang='lat' dir='ltr'><strong>et</strong></span> <span class='ocrx_word' id='word_1_225' title='bbox 597 3099 838 3155; x_wconf 88' lang='lat' dir='ltr'><strong>maritus.</strong></span> <span class='ocrx_word' id='word_1_226' title='bbox 869 3102 1001 3156; x_wconf 79' lang='lat' dir='ltr'><strong>Cum</strong></span> <span class='ocrx_word' id='word_1_227' title='bbox 1037 3105 1178 3158; x_wconf 90' lang='lat' dir='ltr'><strong>enim</strong></span> <span class='ocrx_word' id='word_1_228' title='bbox 1218 3105 1443 3159; x_wconf 81' lang='lat' dir='ltr'><strong>dixisset</strong></span> <span class='ocrx_word' id='word_1_229' title='bbox 1471 3106 1542 3166; x_wconf 90' lang='lat' dir='ltr'><strong>ei,</strong></span> <span class='ocrx_word' id='word_1_230' title='bbox 1576 3103 1828 3175; x_wconf 79' lang='lat' dir='ltr'><strong>Multipli-</strong></span> 
     </span>
    </p>
   </div>
   <div class='ocr_carea' id='block_1_31' title="bbox 237 3186 1826 3264">
    <p class='ocr_par' dir='ltr' id='par_1_31' title="bbox 237 3186 1826 3264">
     <span class='ocr_line' id='line_1_31' title="bbox 237 3186 1826 3264; baseline 0.011 -30"><span class='ocrx_word' id='word_1_231' title='bbox 237 3201 351 3239; x_wconf 71' lang='grc' dir='ltr'>(ιιιιε</span> <span class='ocrx_word' id='word_1_232' title='bbox 381 3186 734 3259; x_wconf 82' lang='lat' dir='ltr'><strong>multiplicabo</strong></span> <span class='ocrx_word' id='word_1_233' title='bbox 761 3195 988 3248; x_wconf 73' lang='lat' dir='ltr'><strong>tristitiae</strong></span> <span class='ocrx_word' id='word_1_234' title='bbox 1024 3207 1135 3249; x_wconf 89' lang='lat' dir='ltr'><strong>tuas</strong></span> <span class='ocrx_word' id='word_1_235' title='bbox 1161 3207 1206 3250; x_wconf 88' lang='lat' dir='ltr'><strong>et</strong></span> <span class='ocrx_word' id='word_1_236' title='bbox 1234 3199 1472 3263; x_wconf 80' lang='lat' dir='ltr'><strong>gemitum</strong></span> <span class='ocrx_word' id='word_1_237' title='bbox 1501 3207 1665 3264; x_wconf 86' lang='lat' dir='ltr'><strong>tuum,</strong></span> <span class='ocrx_word' id='word_1_238' title='bbox 1698 3207 1745 3251; x_wconf 89' lang='lat' dir='ltr'><strong>et</strong></span> <span class='ocrx_word' id='word_1_239' title='bbox 1774 3199 1826 3251; x_wconf 88' lang='lat' dir='ltr'><strong>in</strong></span> 
     </span>
    </p>
   </div>
   <div class='ocr_carea' id='block_1_32' title="bbox 238 3277 1826 3351">
    <p class='ocr_par' dir='ltr' id='par_1_32' title="bbox 238 3277 1826 3351">
     <span class='ocr_line' id='line_1_32' title="bbox 238 3277 1826 3351; baseline 0.011 -26"><span class='ocrx_word' id='word_1_240' title='bbox 238 3277 449 3332; x_wconf 85' lang='lat' dir='ltr'><strong>tristitiis</strong></span> <span class='ocrx_word' id='word_1_241' title='bbox 479 3282 648 3349; x_wconf 80' lang='lat' dir='ltr'><strong>paries</strong></span> <span class='ocrx_word' id='word_1_242' title='bbox 677 3283 810 3351; x_wconf 66' lang='lat' dir='ltr'><strong>ﬁiios</strong></span> <span class='ocrx_word' id='word_1_243' title='bbox 826 3301 845 3338; x_wconf 90' lang='lat'><strong><em>:</em></strong></span> <span class='ocrx_word' id='word_1_244' title='bbox 864 3285 1056 3341; x_wconf 87' lang='lat' dir='ltr'><strong>deinde</strong></span> <span class='ocrx_word' id='word_1_245' title='bbox 1087 3288 1310 3350; x_wconf 87' lang='lat' dir='ltr'><strong>addidit,</strong></span> <span class='ocrx_word' id='word_1_246' title='bbox 1334 3287 1396 3341; x_wconf 78' lang='lat' dir='ltr'><strong>Et</strong></span> <span class='ocrx_word' id='word_1_247' title='bbox 1418 3289 1487 3341; x_wconf 84' lang='lat' dir='ltr'><strong>ad</strong></span> <span class='ocrx_word' id='word_1_248' title='bbox 1507 3290 1665 3341; x_wconf 78' lang='lat' dir='ltr'><strong>virum</strong></span> <span class='ocrx_word' id='word_1_249' title='bbox 1686 3298 1826 3342; x_wconf 84' lang='lat' dir='ltr'><strong>tuum</strong></span> 
     </span>
    </p>
   </div>
   <div class='ocr_carea' id='block_1_33' title="bbox 237 3372 1820 3453">
    <p class='ocr_par' dir='ltr' id='par_1_33' title="bbox 237 3372 1820 3453">
     <span class='ocr_line' id='line_1_33' title="bbox 237 3372 1820 3453; baseline 0.01 -34"><span class='ocrx_word' id='word_1_250' title='bbox 237 3372 487 3426; x_wconf 73' lang='lat' dir='ltr'><strong>conversio</strong></span> <span class='ocrx_word' id='word_1_251' title='bbox 514 3383 621 3439; x_wconf 81' lang='lat' dir='ltr'><strong>tua,</strong></span> <span class='ocrx_word' id='word_1_252' title='bbox 673 3387 719 3428; x_wconf 90' lang='lat' dir='ltr'><strong>et</strong></span> <span class='ocrx_word' id='word_1_253' title='bbox 759 3378 868 3448; x_wconf 86' lang='lat' dir='ltr'><strong>ipse</strong></span> <span class='ocrx_word' id='word_1_254' title='bbox 908 3380 1251 3434; x_wconf 84' lang='lat' dir='ltr'><strong>dominabitur</strong></span> <span class='ocrx_word' id='word_1_255' title='bbox 1279 3383 1353 3435; x_wconf 80' lang='grc' dir='ltr'>ιιιὶ</span> <span class='ocrx_word' id='word_1_256' title='bbox 1388 3381 1540 3453; x_wconf 79' lang='lat' dir='ltr'><strong>(Gen.</strong></span> <span class='ocrx_word' id='word_1_257' title='bbox 1581 3399 1660 3443; x_wconf 83' lang='grc' dir='ltr'>ιιι.</span> <span class='ocrx_word' id='word_1_258' title='bbox 1712 3383 1820 3450; x_wconf 85' lang='lat' dir='ltr'><strong>I6).</strong></span> 
     </span>
    </p>
   </div>
   <div class='ocr_carea' id='block_1_34' title="bbox 238 3461 1824 3542">
    <p class='ocr_par' dir='ltr' id='par_1_34' title="bbox 238 3461 1824 3542">
     <span class='ocr_line' id='line_1_34' title="bbox 238 3461 1824 3542; baseline 0.009 -27"><span class='ocrx_word' id='word_1_259' title='bbox 238 3461 381 3528; x_wconf 83' lang='lat' dir='ltr'><strong>Quod</strong></span> <span class='ocrx_word' id='word_1_260' title='bbox 413 3464 618 3520; x_wconf 88' lang='lat' dir='ltr'><strong>dictum</strong></span> <span class='ocrx_word' id='word_1_261' title='bbox 662 3480 743 3522; x_wconf 88' lang='lat' dir='ltr'><strong>est</strong></span> <span class='ocrx_word' id='word_1_262' title='bbox 779 3470 843 3524; x_wconf 89' lang='lat' dir='ltr'><strong>ad</strong></span> <span class='ocrx_word' id='word_1_263' title='bbox 884 3469 1012 3526; x_wconf 90' lang='lat' dir='ltr'><strong>Cain</strong></span> <span class='ocrx_word' id='word_1_264' title='bbox 1053 3473 1120 3526; x_wconf 88' lang='lat' dir='ltr'><strong>de</strong></span> <span class='ocrx_word' id='word_1_265' title='bbox 1149 3487 1387 3542; x_wconf 88' lang='lat' dir='ltr'><strong>peccato,</strong></span> <span class='ocrx_word' id='word_1_266' title='bbox 1434 3477 1513 3529; x_wconf 91' lang='lat' dir='ltr'><strong>vel</strong></span> <span class='ocrx_word' id='word_1_267' title='bbox 1541 3476 1610 3531; x_wconf 89' lang='lat' dir='ltr'><strong>de</strong></span> <span class='ocrx_word' id='word_1_268' title='bbox 1637 3476 1824 3530; x_wconf 64' lang='lat' dir='ltr'><strong>vitiosa</strong></span> 
     </span>
    </p>
   </div>
   <div class='ocr_carea' id='block_1_35' title="bbox 237 3558 1823 3636">
    <p class='ocr_par' dir='ltr' id='par_1_35' title="bbox 237 3558 1823 3636">
     <span class='ocr_line' id='line_1_35' title="bbox 237 3558 1823 3636; baseline 0.01 -30"><span class='ocrx_word' id='word_1_269' title='bbox 237 3558 407 3609; x_wconf 80' lang='lat' dir='ltr'><strong>carnis</strong></span> <span class='ocrx_word' id='word_1_270' title='bbox 435 3559 890 3627; x_wconf 75' lang='lat' dir='ltr'><strong>Concupiscentia,</strong></span> <span class='ocrx_word' id='word_1_271' title='bbox 928 3563 1028 3618; x_wconf 90' lang='lat' dir='ltr'><strong>hoc</strong></span> <span class='ocrx_word' id='word_1_272' title='bbox 1057 3565 1158 3619; x_wconf 92' lang='lat' dir='ltr'><strong>isto</strong></span> <span class='ocrx_word' id='word_1_273' title='bbox 1181 3566 1299 3619; x_wconf 92' lang='lat' dir='ltr'><strong>loco</strong></span> <span class='ocrx_word' id='word_1_274' title='bbox 1325 3567 1392 3621; x_wconf 92' lang='lat' dir='ltr'><strong>de</strong></span> <span class='ocrx_word' id='word_1_275' title='bbox 1420 3569 1715 3636; x_wconf 84' lang='lat' dir='ltr'><strong>peccatrice</strong></span> <span class='ocrx_word' id='word_1_276' title='bbox 1743 3569 1823 3622; x_wconf 84' lang='lat' dir='ltr'><strong>fe-</strong></span> 
     </span>
    </p>
   </div>
   <div class='ocr_carea' id='block_1_36' title="bbox 240 3645 1824 3742">
    <p class='ocr_par' dir='ltr' id='par_1_36' title="bbox 240 3645 1824 3742">
     <span class='ocr_line' id='line_1_36' title="bbox 240 3645 1824 3742; baseline 0.011 -46"><span class='ocrx_word' id='word_1_277' title='bbox 240 3661 268 3696; x_wconf 92' lang='lat' dir='ltr'><strong>n</strong></span> <span class='ocrx_word' id='word_1_278' title='bbox 290 3645 373 3699; x_wconf 89' lang='lat' dir='ltr'><strong>ina</strong></span> <span class='ocrx_word' id='word_1_279' title='bbox 425 3664 439 3699; x_wconf 92' lang='lat'><strong>:</strong></span> <span class='ocrx_word' id='word_1_280' title='bbox 511 3649 598 3742; x_wconf 66' lang='lat' dir='ltr'><strong>ubi</strong></span> <span class='ocrx_word' id='word_1_281' title='bbox 644 3650 1038 3722; x_wconf 80' lang='lat' dir='ltr'><strong>intelligendum</strong></span> <span class='ocrx_word' id='word_1_282' title='bbox 1074 3665 1156 3710; x_wconf 86' lang='lat' dir='ltr'><strong>est</strong></span> <span class='ocrx_word' id='word_1_283' title='bbox 1200 3658 1369 3710; x_wconf 90' lang='lat' dir='ltr'><strong>virum</strong></span> <span class='ocrx_word' id='word_1_284' title='bbox 1423 3659 1488 3711; x_wconf 92' lang='lat' dir='ltr'><strong>ad</strong></span> <span class='ocrx_word' id='word_1_285' title='bbox 1539 3659 1824 3728; x_wconf 85' lang='lat' dir='ltr'><strong>regendam</strong></span> 
     </span>
    </p>
   </div>
   <div class='ocr_carea' id='block_1_37' title="bbox 241 3741 1822 3821">
    <p class='ocr_par' dir='ltr' id='par_1_37' title="bbox 241 3741 1822 3821">
     <span class='ocr_line' id='line_1_37' title="bbox 241 3741 1822 3821; baseline 0.013 -36"><span class='ocrx_word' id='word_1_286' title='bbox 241 3751 474 3802; x_wconf 84' lang='lat' dir='ltr'><strong>uxorem,</strong></span> <span class='ocrx_word' id='word_1_287' title='bbox 501 3741 682 3794; x_wconf 74' lang='lat' dir='ltr'><strong>animo</strong></span> <span class='ocrx_word' id='word_1_288' title='bbox 698 3759 913 3797; x_wconf 90' lang='lat' dir='ltr'><strong>carnem</strong></span> <span class='ocrx_word' id='word_1_289' title='bbox 939 3747 1139 3816; x_wconf 84' lang='lat' dir='ltr'><strong>regenti</strong></span> <span class='ocrx_word' id='word_1_290' title='bbox 1161 3749 1388 3802; x_wconf 88' lang='lat' dir='ltr'><strong>similent</strong></span> <span class='ocrx_word' id='word_1_291' title='bbox 1410 3765 1530 3805; x_wconf 85' lang='lat' dir='ltr'><strong>esse</strong></span> <span class='ocrx_word' id='word_1_292' title='bbox 1554 3762 1822 3821; x_wconf 85' lang='lat' dir='ltr'><strong>nportcre.</strong></span> 
     </span>
    </p>
   </div>
   <div class='ocr_carea' id='block_1_38' title="bbox 242 3825 1826 3911">
    <p class='ocr_par' dir='ltr' id='par_1_38' title="bbox 242 3825 1826 3911">
     <span class='ocr_line' id='line_1_38' title="bbox 242 3825 1826 3911; baseline 0.011 -34"><span class='ocrx_word' id='word_1_293' title='bbox 242 3825 461 3895; x_wconf 86' lang='lat' dir='ltr'><strong>I&#39;ropter</strong></span> <span class='ocrx_word' id='word_1_294' title='bbox 477 3831 620 3898; x_wconf 90' lang='lat' dir='ltr'><strong>quod</strong></span> <span class='ocrx_word' id='word_1_295' title='bbox 644 3832 1068 3905; x_wconf 69' lang='lat' dir='ltr'><strong>dicitApostolus</strong></span> <span class='ocrx_word' id='word_1_296' title='bbox 1090 3857 1103 3894; x_wconf 91' lang='lat'><strong>:</strong></span> <span class='ocrx_word' id='word_1_297' title='bbox 1125 3840 1224 3906; x_wconf 83' lang='lat' dir='ltr'><strong>Qui</strong></span> <span class='ocrx_word' id='word_1_298' title='bbox 1248 3841 1413 3911; x_wconf 81' lang='lat' dir='ltr'><strong>diligit</strong></span> <span class='ocrx_word' id='word_1_299' title='bbox 1436 3858 1641 3895; x_wconf 75' lang='lat' dir='ltr'><strong>uxorem</strong></span> <span class='ocrx_word' id='word_1_300' title='bbox 1658 3860 1826 3908; x_wconf 87' lang='lat' dir='ltr'><strong>suum,</strong></span> 
     </span>
    </p>
   </div>
   <div class='ocr_carea' id='block_1_39' title="bbox 241 3919 1826 4000">
    <p class='ocr_par' dir='ltr' id='par_1_39' title="bbox 241 3919 1826 4000">
     <span class='ocr_line' id='line_1_39' title="bbox 241 3919 1826 4000; baseline 0.013 -32"><span class='ocrx_word' id='word_1_301' title='bbox 241 3933 288 3968; x_wconf 81' lang='lat' dir='ltr'><strong>se</strong></span> <span class='ocrx_word' id='word_1_302' title='bbox 310 3919 478 3987; x_wconf 82' lang='lat' dir='ltr'><strong>ipsum</strong></span> <span class='ocrx_word' id='word_1_303' title='bbox 504 3921 670 3992; x_wconf 87' lang='lat' dir='ltr'><strong>diligit</strong></span> <span class='ocrx_word' id='word_1_304' title='bbox 694 3939 713 3978; x_wconf 89' lang='lat'><strong><em>:</em></strong></span> <span class='ocrx_word' id='word_1_305' title='bbox 742 3942 885 3978; x_wconf 83' lang='lat' dir='ltr'><strong>nemo</strong></span> <span class='ocrx_word' id='word_1_306' title='bbox 909 3929 1041 3980; x_wconf 89' lang='lat' dir='ltr'><strong>enim</strong></span> <span class='ocrx_word' id='word_1_307' title='bbox 1069 3947 1288 4000; x_wconf 84' lang='lat' dir='ltr'><strong>unquam</strong></span> <span class='ocrx_word' id='word_1_308' title='bbox 1312 3949 1512 3986; x_wconf 86' lang='lat' dir='ltr'><strong>carnem</strong></span> <span class='ocrx_word' id='word_1_309' title='bbox 1538 3950 1684 3987; x_wconf 87' lang='lat' dir='ltr'><strong>suam</strong></span> <span class='ocrx_word' id='word_1_310' title='bbox 1710 3935 1826 3989; x_wconf 89' lang='lat' dir='ltr'><strong>odio</strong></span> 
     </span>
    </p>
   </div>
   <div class='ocr_carea' id='block_1_40' title="bbox 242 4008 1822 4111">
    <p class='ocr_par' dir='ltr' id='par_1_40' title="bbox 242 4008 1822 4111">
     <span class='ocr_line' id='line_1_40' title="bbox 242 4008 1822 4111; baseline 0.012 -51"><span class='ocrx_word' id='word_1_311' title='bbox 242 4008 407 4111; x_wconf 72' lang='lat' dir='ltr'><strong>habuit</strong></span> <span class='ocrx_word' id='word_1_312' title='bbox 452 4010 672 4082; x_wconf 80' lang='lat' dir='ltr'><strong>(Ep/tes.</strong></span> <span class='ocrx_word' id='word_1_313' title='bbox 713 4031 764 4080; x_wconf 88' lang='lat' dir='ltr'><strong>v,</strong></span> <span class='ocrx_word' id='word_1_314' title='bbox 803 4016 872 4072; x_wconf 72' lang='lat'><strong>28</strong></span> <span class='ocrx_word' id='word_1_315' title='bbox 893 4028 937 4071; x_wconf 90' lang='lat' dir='ltr'><strong>et</strong></span> <span class='ocrx_word' id='word_1_316' title='bbox 957 4020 1334 4088; x_wconf 73' lang='lat' dir='ltr'><strong>29).Sananda</strong></span> <span class='ocrx_word' id='word_1_317' title='bbox 1360 4033 1481 4078; x_wconf 89' lang='lat' dir='ltr'><strong>sunt</strong></span> <span class='ocrx_word' id='word_1_318' title='bbox 1514 4024 1655 4078; x_wconf 89' lang='lat' dir='ltr'><strong>enim</strong></span> <span class='ocrx_word' id='word_1_319' title='bbox 1687 4025 1822 4088; x_wconf 73' lang='lat' dir='ltr'><strong>lia-c,</strong></span> 
     </span>
    </p>
   </div>
   <div class='ocr_carea' id='block_1_41' title="bbox 241 4109 1824 4177">
    <p class='ocr_par' dir='ltr' id='par_1_41' title="bbox 241 4109 1824 4177">
     <span class='ocr_line' id='line_1_41' title="bbox 241 4109 1824 4177; baseline 0.013 -27"><span class='ocrx_word' id='word_1_320' title='bbox 241 4109 367 4154; x_wconf 80' lang='lat' dir='ltr'><strong>sicut</strong></span> <span class='ocrx_word' id='word_1_321' title='bbox 393 4113 612 4168; x_wconf 86' lang='lat' dir='ltr'><strong>nostra;</strong></span> <span class='ocrx_word' id='word_1_322' title='bbox 645 4122 748 4161; x_wconf 91' lang='lat' dir='ltr'><strong>non</strong></span> <span class='ocrx_word' id='word_1_323' title='bbox 779 4109 910 4163; x_wconf 85' lang='lat' dir='ltr'><strong>sicut</strong></span> <span class='ocrx_word' id='word_1_324' title='bbox 943 4111 1137 4177; x_wconf 86' lang='lat' dir='ltr'><strong>aliena,</strong></span> <span class='ocrx_word' id='word_1_325' title='bbox 1169 4113 1490 4169; x_wconf 87' lang='lat' dir='ltr'><strong>damnanda.</strong></span> <span class='ocrx_word' id='word_1_326' title='bbox 1545 4115 1648 4171; x_wconf 89' lang='lat' dir='ltr'><strong>Sed</strong></span> <span class='ocrx_word' id='word_1_327' title='bbox 1699 4118 1824 4172; x_wconf 90' lang='lat' dir='ltr'><strong>illud</strong></span> 
     </span>
    </p>
   </div>
   <div class='ocr_carea' id='block_1_42' title="bbox 245 4189 1827 4274">
    <p class='ocr_par' dir='ltr' id='par_1_42' title="bbox 245 4189 1827 4274">
     <span class='ocr_line' id='line_1_42' title="bbox 245 4189 1827 4274; baseline 0.009 -30"><span class='ocrx_word' id='word_1_328' title='bbox 245 4189 327 4244; x_wconf 88' lang='lat' dir='ltr'><strong>Dei</strong></span> <span class='ocrx_word' id='word_1_329' title='bbox 360 4204 686 4263; x_wconf 67' lang='lat' dir='ltr'><strong>prmeeptum</strong></span> <span class='ocrx_word' id='word_1_330' title='bbox 717 4199 843 4252; x_wconf 86' lang='lat' dir='ltr'><strong>Cain</strong></span> <span class='ocrx_word' id='word_1_331' title='bbox 887 4199 1024 4254; x_wconf 84' lang='lat' dir='ltr'><strong>sicut</strong></span> <span class='ocrx_word' id='word_1_332' title='bbox 1063 4202 1439 4270; x_wconf 69' lang='lat' dir='ltr'><strong>praevaricator</strong></span> <span class='ocrx_word' id='word_1_333' title='bbox 1472 4208 1699 4274; x_wconf 86' lang='lat' dir='ltr'><strong>accepit.</strong></span> <span class='ocrx_word' id='word_1_334' title='bbox 1740 4206 1827 4258; x_wconf 84' lang='lat' dir='ltr'><strong>ln-</strong></span> 
     </span>
    </p>
   </div>
   <div class='ocr_carea' id='block_1_43' title="bbox 239 4281 1825 4355">
    <p class='ocr_par' dir='ltr' id='par_1_43' title="bbox 239 4281 1825 4355">
     <span class='ocr_line' id='line_1_43' title="bbox 239 4281 1825 4355; baseline 0.013 -26"><span class='ocrx_word' id='word_1_335' title='bbox 239 4281 542 4338; x_wconf 80' lang='lat' dir='ltr'><strong>valescente</strong></span> <span class='ocrx_word' id='word_1_336' title='bbox 577 4286 773 4355; x_wconf 86' lang='lat' dir='ltr'><strong>quippe</strong></span> <span class='ocrx_word' id='word_1_337' title='bbox 804 4287 1107 4344; x_wconf 78' lang='lat' dir='ltr'><strong>invidentia:</strong></span> <span class='ocrx_word' id='word_1_338' title='bbox 1135 4293 1282 4353; x_wconf 86' lang='lat' dir='ltr'><strong>vitio,</strong></span> <span class='ocrx_word' id='word_1_339' title='bbox 1312 4292 1530 4348; x_wconf 80' lang='lat' dir='ltr'><strong>fratrem</strong></span> <span class='ocrx_word' id='word_1_340' title='bbox 1558 4297 1578 4326; x_wconf 84' lang='grc'>²</span> <span class='ocrx_word' id='word_1_341' title='bbox 1604 4295 1825 4350; x_wconf 86' lang='lat' dir='ltr'><strong>insidia-</strong></span> 
     </span>
    </p>
   </div>
   <div class='ocr_carea' id='block_1_44' title="bbox 243 4374 1823 4441">
    <p class='ocr_par' dir='ltr' id='par_1_44' title="bbox 243 4374 1823 4441">
     <span class='ocr_line' id='line_1_44' title="bbox 243 4374 1823 4441; baseline 0.013 -20"><span class='ocrx_word' id='word_1_342' title='bbox 243 4379 322 4424; x_wconf 88' lang='lat' dir='ltr'><strong>tus</strong></span> <span class='ocrx_word' id='word_1_343' title='bbox 361 4374 580 4427; x_wconf 90' lang='lat' dir='ltr'><strong>occidit.</strong></span> <span class='ocrx_word' id='word_1_344' title='bbox 635 4374 780 4430; x_wconf 80' lang='lat' dir='ltr'><strong>Talis</strong></span> <span class='ocrx_word' id='word_1_345' title='bbox 827 4389 943 4432; x_wconf 86' lang='lat' dir='ltr'><strong>erat</strong></span> <span class='ocrx_word' id='word_1_346' title='bbox 993 4390 1218 4436; x_wconf 86' lang='lat' dir='ltr'><strong>terrenae</strong></span> <span class='ocrx_word' id='word_1_347' title='bbox 1274 4383 1523 4438; x_wconf 90' lang='lat' dir='ltr'><strong>conditor</strong></span> <span class='ocrx_word' id='word_1_348' title='bbox 1575 4386 1823 4441; x_wconf 84' lang='lat' dir='ltr'><strong>civitatis.</strong></span> 
     </span>
    </p>
   </div>
   <div class='ocr_carea' id='block_1_45' title="bbox 241 4461 1826 4550">
    <p class='ocr_par' dir='ltr' id='par_1_45' title="bbox 241 4461 1826 4550">
     <span class='ocr_line' id='line_1_45' title="bbox 241 4461 1826 4550; baseline 0.013 -36"><span class='ocrx_word' id='word_1_349' title='bbox 241 4461 516 4526; x_wconf 82' lang='lat' dir='ltr'><strong>Quomodo</strong></span> <span class='ocrx_word' id='word_1_350' title='bbox 535 4478 710 4522; x_wconf 86' lang='lat' dir='ltr'><strong>autem</strong></span> <span class='ocrx_word' id='word_1_351' title='bbox 741 4469 1116 4540; x_wconf 78' lang='lat' dir='ltr'><strong>significaverit</strong></span> <span class='ocrx_word' id='word_1_352' title='bbox 1138 4475 1296 4529; x_wconf 90' lang='lat' dir='ltr'><strong>etiam</strong></span> <span class='ocrx_word' id='word_1_353' title='bbox 1318 4475 1549 4543; x_wconf 69' lang='lat' dir='ltr'><strong>JUtIJPttS,</strong></span> <span class='ocrx_word' id='word_1_354' title='bbox 1584 4494 1612 4531; x_wconf 91' lang='lat' dir='ltr'><strong>a</strong></span> <span class='ocrx_word' id='word_1_355' title='bbox 1635 4481 1826 4550; x_wconf 84' lang='lat' dir='ltr'><strong>quibus</strong></span> 
     </span>
    </p>
   </div>
   <div class='ocr_carea' id='block_1_46' title="bbox 241 4553 1824 4642">
    <p class='ocr_par' dir='ltr' id='par_1_46' title="bbox 241 4553 1824 4642">
     <span class='ocr_line' id='line_1_46' title="bbox 241 4553 1824 4642; baseline 0.014 -36"><span class='ocrx_word' id='word_1_356' title='bbox 241 4553 477 4611; x_wconf 75' lang='lat' dir='ltr'><strong>Christus</strong></span> <span class='ocrx_word' id='word_1_357' title='bbox 505 4560 716 4615; x_wconf 88' lang='lat' dir='ltr'><strong>occisus</strong></span> <span class='ocrx_word' id='word_1_358' title='bbox 757 4572 840 4616; x_wconf 86' lang='lat' dir='ltr'><strong>est</strong></span> <span class='ocrx_word' id='word_1_359' title='bbox 885 4574 1064 4632; x_wconf 83' lang='lat' dir='ltr'><strong>pastor</strong></span> <span class='ocrx_word' id='word_1_360' title='bbox 1102 4568 1280 4622; x_wconf 91' lang='lat' dir='ltr'><strong>ovium</strong></span> <span class='ocrx_word' id='word_1_361' title='bbox 1311 4569 1609 4635; x_wconf 89' lang='lat' dir='ltr'><strong>hominum,</strong></span> <span class='ocrx_word' id='word_1_362' title='bbox 1666 4591 1824 4642; x_wconf 84' lang='lat' dir='ltr'><strong>quem</strong></span> 
     </span>
    </p>
   </div>
   <div class='ocr_carea' id='block_1_47' title="bbox 239 4651 1825 4730">
    <p class='ocr_par' dir='ltr' id='par_1_47' title="bbox 239 4651 1825 4730">
     <span class='ocr_line' id='line_1_47' title="bbox 239 4651 1825 4730; baseline 0.013 -31"><span class='ocrx_word' id='word_1_363' title='bbox 239 4657 419 4714; x_wconf 81' lang='lat' dir='ltr'><strong>pastor</strong></span> <span class='ocrx_word' id='word_1_364' title='bbox 471 4651 650 4705; x_wconf 90' lang='lat' dir='ltr'><strong>ovium</strong></span> <span class='ocrx_word' id='word_1_365' title='bbox 701 4667 949 4721; x_wconf 90' lang='lat' dir='ltr'><strong>pecorum</strong></span> <span class='ocrx_word' id='word_1_366' title='bbox 1000 4657 1370 4726; x_wconf 73' lang='lat' dir='ltr'><strong>pra-figurabat</strong></span> <span class='ocrx_word' id='word_1_367' title='bbox 1403 4662 1556 4724; x_wconf 83' lang='lat' dir='ltr'><strong>Abel,</strong></span> <span class='ocrx_word' id='word_1_368' title='bbox 1611 4666 1732 4730; x_wconf 89' lang='lat' dir='ltr'><strong>quia</strong></span> <span class='ocrx_word' id='word_1_369' title='bbox 1775 4667 1825 4720; x_wconf 91' lang='lat' dir='ltr'><strong>in</strong></span> 
     </span>
    </p>
   </div>
   <div class='ocr_carea' id='block_1_48' title="bbox 236 4738 1828 4821">
    <p class='ocr_par' dir='ltr' id='par_1_48' title="bbox 236 4738 1828 4821">
     <span class='ocr_line' id='line_1_48' title="bbox 236 4738 1828 4821; baseline 0.017 -35"><span class='ocrx_word' id='word_1_370' title='bbox 236 4738 484 4809; x_wconf 76' lang='lat' dir='ltr'><strong>allegoria</strong></span> <span class='ocrx_word' id='word_1_371' title='bbox 517 4743 830 4812; x_wconf 86' lang='lat' dir='ltr'><strong>prophetica</strong></span> <span class='ocrx_word' id='word_1_372' title='bbox 877 4763 964 4803; x_wconf 86' lang='lat' dir='ltr'><strong>res</strong></span> <span class='ocrx_word' id='word_1_373' title='bbox 1005 4760 1106 4814; x_wconf 90' lang='lat' dir='ltr'><strong>est,</strong></span> <span class='ocrx_word' id='word_1_374' title='bbox 1157 4767 1316 4820; x_wconf 89' lang='lat' dir='ltr'><strong>parco</strong></span> <span class='ocrx_word' id='word_1_375' title='bbox 1359 4769 1497 4808; x_wconf 91' lang='lat' dir='ltr'><strong>nunc</strong></span> <span class='ocrx_word' id='word_1_376' title='bbox 1527 4755 1724 4821; x_wconf 89' lang='lat' dir='ltr'><strong>dicere,</strong></span> <span class='ocrx_word' id='word_1_377' title='bbox 1773 4767 1828 4814; x_wconf 88' lang='lat' dir='ltr'><strong>et</strong></span> 
     </span>
    </p>
   </div>
   <div class='ocr_carea' id='block_1_49' title="bbox 235 4832 1826 4906">
    <p class='ocr_par' dir='ltr' id='par_1_49' title="bbox 235 4832 1826 4906">
     <span class='ocr_line' id='line_1_49' title="bbox 235 4832 1826 4906; baseline 0.015 -25"><span class='ocrx_word' id='word_1_378' title='bbox 235 4832 480 4898; x_wconf 59' lang='lat' dir='ltr'><strong>qua‘dam</strong></span> <span class='ocrx_word' id='word_1_379' title='bbox 516 4834 641 4888; x_wconf 91' lang='lat' dir='ltr'><strong>hinc</strong></span> <span class='ocrx_word' id='word_1_380' title='bbox 668 4835 928 4893; x_wconf 89' lang='lat' dir='ltr'><strong>adversus</strong></span> <span class='ocrx_word' id='word_1_381' title='bbox 958 4840 1212 4896; x_wconf 85' lang='lat' dir='ltr'><strong>Faustum</strong></span> <span class='ocrx_word' id='word_1_382' title='bbox 1241 4844 1590 4901; x_wconf 76' lang='lat' dir='ltr'><strong>Manichzeum</strong></span> <span class='ocrx_word' id='word_1_383' title='bbox 1627 4849 1826 4906; x_wconf 79' lang='lat' dir='ltr'><strong>dixisse</strong></span> 
     </span>
    </p>
   </div>
   <div class='ocr_carea' id='block_1_50' title="bbox 238 4927 649 4999">
    <p class='ocr_par' dir='ltr' id='par_1_50' title="bbox 238 4927 649 4999">
     <span class='ocr_line' id='line_1_50' title="bbox 238 4927 649 4999; baseline 0.019 -25"><span class='ocrx_word' id='word_1_384' title='bbox 238 4939 324 4976; x_wconf 88' lang='lat' dir='ltr'><strong>me</strong></span> <span class='ocrx_word' id='word_1_385' title='bbox 349 4927 530 4980; x_wconf 86' lang='lat' dir='ltr'><strong>recolo</strong></span> <span class='ocrx_word' id='word_1_386' title='bbox 551 4927 649 4999; x_wconf 78' lang='grc' dir='ltr'><strong>(α).</strong></span> 
     </span>
    </p>
   </div>
   <div class='ocr_carea' id='block_1_51' title="bbox 234 5055 1827 5144">
    <p class='ocr_par' dir='ltr' id='par_1_51' title="bbox 234 5055 1827 5144">
     <span class='ocr_line' id='line_1_51' title="bbox 234 5055 1827 5144; baseline 0.014 -37"><span class='ocrx_word' id='word_1_387' title='bbox 234 5055 460 5114; x_wconf 74' lang='lat' dir='ltr'><strong>CAPUT</strong></span> <span class='ocrx_word' id='word_1_388' title='bbox 495 5059 628 5113; x_wconf 73' lang='lat' dir='ltr'>VIII.</span> <span class='ocrx_word' id='word_1_389' title='bbox 659 5093 728 5100; x_wconf 95' lang='lat'><em>—</em></span> <span class='ocrx_word' id='word_1_390' title='bbox 758 5063 885 5130; x_wconf 70' lang='lat' dir='ltr'><strong>Quae</strong></span> <span class='ocrx_word' id='word_1_391' title='bbox 925 5067 1054 5119; x_wconf 83' lang='lat' dir='ltr'><strong>ratio</strong></span> <span class='ocrx_word' id='word_1_392' title='bbox 1093 5071 1263 5139; x_wconf 77' lang='lat' dir='ltr'><strong>fuerit,</strong></span> <span class='ocrx_word' id='word_1_393' title='bbox 1295 5080 1351 5124; x_wconf 87' lang='lat' dir='ltr'><strong>ut</strong></span> <span class='ocrx_word' id='word_1_394' title='bbox 1379 5071 1504 5126; x_wconf 86' lang='lat' dir='ltr'><strong>Cain</strong></span> <span class='ocrx_word' id='word_1_395' title='bbox 1532 5073 1659 5127; x_wconf 80' lang='lat' dir='ltr'><strong>inter</strong></span> <span class='ocrx_word' id='word_1_396' title='bbox 1685 5076 1827 5144; x_wconf 83' lang='lat' dir='ltr'><strong>prin-</strong></span> 
     </span>
    </p>
   </div>
   <div class='ocr_carea' id='block_1_52' title="bbox 457 5152 1610 5222">
    <p class='ocr_par' dir='ltr' id='par_1_52' title="bbox 457 5152 1610 5222">
     <span class='ocr_line' id='line_1_52' title="bbox 457 5152 1610 5222; baseline 0.013 -20"><span class='ocrx_word' id='word_1_397' title='bbox 457 5152 594 5220; x_wconf 84' lang='lat' dir='ltr'><strong>cipia</strong></span> <span class='ocrx_word' id='word_1_398' title='bbox 618 5156 815 5222; x_wconf 79' lang='lat' dir='ltr'><strong>generis</strong></span> <span class='ocrx_word' id='word_1_399' title='bbox 845 5158 1050 5210; x_wconf 81' lang='lat' dir='ltr'><strong>humani</strong></span> <span class='ocrx_word' id='word_1_400' title='bbox 1081 5165 1312 5214; x_wconf 80' lang='lat' dir='ltr'><strong>conderet</strong></span> <span class='ocrx_word' id='word_1_401' title='bbox 1339 5164 1610 5218; x_wconf 86' lang='lat' dir='ltr'><strong>civitatem.</strong></span> 
     </span>
    </p>
   </div>
   <div class='ocr_carea' id='block_1_53' title="bbox 304 5260 1824 5343">
    <p class='ocr_par' dir='ltr' id='par_1_53' title="bbox 304 5260 1824 5343">
     <span class='ocr_line' id='line_1_53' title="bbox 304 5260 1824 5343; baseline 0.01 -29"><span class='ocrx_word' id='word_1_402' title='bbox 304 5260 358 5314; x_wconf 73' lang='grc'><strong>1.</strong></span> <span class='ocrx_word' id='word_1_403' title='bbox 390 5260 544 5316; x_wconf 85' lang='lat' dir='ltr'><strong>Nunc</strong></span> <span class='ocrx_word' id='word_1_404' title='bbox 577 5275 757 5317; x_wconf 90' lang='lat' dir='ltr'><strong>autem</strong></span> <span class='ocrx_word' id='word_1_405' title='bbox 796 5266 1131 5324; x_wconf 81' lang='lat' dir='ltr'><strong>defendenda</strong></span> <span class='ocrx_word' id='word_1_406' title='bbox 1176 5271 1303 5324; x_wconf 88' lang='lat' dir='ltr'><strong>tnihi</strong></span> <span class='ocrx_word' id='word_1_407' title='bbox 1347 5273 1554 5327; x_wconf 87' lang='lat' dir='ltr'><strong>videtur</strong></span> <span class='ocrx_word' id='word_1_408' title='bbox 1580 5274 1824 5343; x_wconf 89' lang='lat' dir='ltr'><strong>historia,</strong></span> 
     </span>
    </p>
   </div>
   <div class='ocr_carea' id='block_1_54' title="bbox 229 5351 1826 5428">
    <p class='ocr_par' dir='ltr' id='par_1_54' title="bbox 229 5351 1826 5428">
     <span class='ocr_line' id='line_1_54' title="bbox 229 5351 1826 5428; baseline 0.011 -26"><span class='ocrx_word' id='word_1_409' title='bbox 229 5363 302 5403; x_wconf 88' lang='lat' dir='ltr'><strong>ne</strong></span> <span class='ocrx_word' id='word_1_410' title='bbox 333 5351 400 5404; x_wconf 89' lang='lat' dir='ltr'><strong>sit</strong></span> <span class='ocrx_word' id='word_1_411' title='bbox 427 5353 703 5422; x_wconf 88' lang='lat' dir='ltr'><strong>Scriptura</strong></span> <span class='ocrx_word' id='word_1_412' title='bbox 734 5356 1080 5424; x_wconf 89' lang='lat' dir='ltr'><strong>incredibilis,</strong></span> <span class='ocrx_word' id='word_1_413' title='bbox 1111 5377 1229 5428; x_wconf 68' lang='lat' dir='ltr'><strong>qua:</strong></span> <span class='ocrx_word' id='word_1_414' title='bbox 1256 5363 1382 5417; x_wconf 84' lang='lat' dir='ltr'><strong>dicit</strong></span> <span class='ocrx_word' id='word_1_415' title='bbox 1413 5365 1726 5420; x_wconf 80' lang='lat' dir='ltr'><strong>:rdificatam</strong></span> <span class='ocrx_word' id='word_1_416' title='bbox 1759 5369 1826 5419; x_wconf 88' lang='lat' dir='ltr'><strong>ab</strong></span> 
     </span>
    </p>
   </div>
   <div class='ocr_carea' id='block_1_55' title="bbox 229 5443 1826 5526">
    <p class='ocr_par' dir='ltr' id='par_1_55' title="bbox 229 5443 1826 5526">
     <span class='ocr_line' id='line_1_55' title="bbox 229 5443 1826 5526; baseline 0.013 -34"><span class='ocrx_word' id='word_1_417' title='bbox 229 5455 342 5495; x_wconf 87' lang='lat' dir='ltr'><strong>uno</strong></span> <span class='ocrx_word' id='word_1_418' title='bbox 387 5443 606 5498; x_wconf 90' lang='lat' dir='ltr'><strong>homine</strong></span> <span class='ocrx_word' id='word_1_419' title='bbox 657 5446 925 5501; x_wconf 89' lang='lat' dir='ltr'><strong>civitatem</strong></span> <span class='ocrx_word' id='word_1_420' title='bbox 974 5465 1041 5505; x_wconf 92' lang='lat' dir='ltr'><strong>eo</strong></span> <span class='ocrx_word' id='word_1_421' title='bbox 1081 5463 1337 5521; x_wconf 83' lang='lat' dir='ltr'><strong>tempore,</strong></span> <span class='ocrx_word' id='word_1_422' title='bbox 1387 5471 1492 5524; x_wconf 90' lang='lat' dir='ltr'><strong>quo</strong></span> <span class='ocrx_word' id='word_1_423' title='bbox 1547 5473 1651 5510; x_wconf 90' lang='lat' dir='ltr'><strong>non</strong></span> <span class='ocrx_word' id='word_1_424' title='bbox 1705 5459 1826 5526; x_wconf 89' lang='lat' dir='ltr'><strong>plus</strong></span> 
     </span>
    </p>
   </div>
   <div class='ocr_carea' id='block_1_56' title="bbox 226 5537 1823 5617">
    <p class='ocr_par' dir='ltr' id='par_1_56' title="bbox 226 5537 1823 5617">
     <span class='ocr_line' id='line_1_56' title="bbox 226 5537 1823 5617; baseline 0.009 -29"><span class='ocrx_word' id='word_1_425' title='bbox 226 5549 390 5605; x_wconf 81' lang='lat' dir='ltr'><strong>quam</strong></span> <span class='ocrx_word' id='word_1_426' title='bbox 409 5537 506 5591; x_wconf 86' lang='lat' dir='ltr'><strong>viri</strong></span> <span class='ocrx_word' id='word_1_427' title='bbox 530 5548 779 5607; x_wconf 83' lang='lat' dir='ltr'><strong>quatuor,</strong></span> <span class='ocrx_word' id='word_1_428' title='bbox 798 5540 880 5594; x_wconf 86' lang='lat' dir='ltr'><strong>vel</strong></span> <span class='ocrx_word' id='word_1_429' title='bbox 899 5542 1074 5610; x_wconf 90' lang='lat' dir='ltr'><strong>potius</strong></span> <span class='ocrx_word' id='word_1_430' title='bbox 1092 5551 1220 5610; x_wconf 91' lang='lat' dir='ltr'><strong>tres,</strong></span> <span class='ocrx_word' id='word_1_431' title='bbox 1243 5554 1583 5617; x_wconf 84' lang='lat' dir='ltr'><strong>posteaquam</strong></span> <span class='ocrx_word' id='word_1_432' title='bbox 1608 5547 1823 5604; x_wconf 84' lang='lat' dir='ltr'><strong>fratrem</strong></span> 
     </span>
    </p>
   </div>
   <div class='ocr_carea' id='block_1_57' title="bbox 291 5711 1231 5778">
    <p class='ocr_par' dir='ltr' id='par_1_57' title="bbox 291 5711 1231 5778">
     <span class='ocr_line' id='line_1_57' title="bbox 291 5711 1231 5778; baseline 0.012 -21"><span class='ocrx_word' id='word_1_433' title='bbox 291 5713 313 5778; x_wconf 67' lang='grc' dir='ltr'><strong>ξ</strong></span> <span class='ocrx_word' id='word_1_434' title='bbox 352 5711 424 5778; x_wconf 68' lang='lat' dir='ltr'><strong>sic</strong></span> <span class='ocrx_word' id='word_1_435' title='bbox 449 5721 554 5761; x_wconf 69' lang='lat' dir='ltr'><strong>Mss.</strong></span> <span class='ocrx_word' id='word_1_436' title='bbox 581 5713 699 5763; x_wconf 81' lang='lat' dir='ltr'><strong>Editi</strong></span> <span class='ocrx_word' id='word_1_437' title='bbox 725 5727 862 5778; x_wconf 75' lang='lat' dir='ltr'><strong>vero,</strong></span> <span class='ocrx_word' id='word_1_438' title='bbox 881 5715 1060 5778; x_wconf 84' lang='lat' dir='ltr'><strong>acquie.</strong></span> <span class='ocrx_word' id='word_1_439' title='bbox 1077 5726 1231 5768; x_wconf 82' lang='lat' dir='ltr'><strong>catur.</strong></span> 
     </span>
    </p>
   </div>
   <div class='ocr_carea' id='block_1_58' title="bbox 291 5773 869 5838">
    <p class='ocr_par' dir='ltr' id='par_1_58' title="bbox 291 5773 869 5838">
     <span class='ocr_line' id='line_1_58' title="bbox 291 5773 869 5838; baseline 0.005 -15"><span class='ocrx_word' id='word_1_440' title='bbox 291 5774 316 5804; x_wconf 80' lang='grc'><em>³</em></span> <span class='ocrx_word' id='word_1_441' title='bbox 348 5773 538 5838; x_wconf 79' lang='lat' dir='ltr'><strong>Aliquot</strong></span> <span class='ocrx_word' id='word_1_442' title='bbox 559 5781 689 5834; x_wconf 65' lang='lat' dir='ltr'><strong>Mss,</strong></span> <span class='ocrx_word' id='word_1_443' title='bbox 709 5775 869 5837; x_wconf 80' lang='lat' dir='ltr'><strong>fratri.</strong></span> 
     </span>
    </p>
   </div>
   <div class='ocr_carea' id='block_1_59' title="bbox 291 5856 1230 5927">
    <p class='ocr_par' dir='ltr' id='par_1_59' title="bbox 291 5856 1230 5927">
     <span class='ocr_line' id='line_1_59' title="bbox 291 5856 1230 5927; baseline 0.011 -25"><span class='ocrx_word' id='word_1_444' title='bbox 291 5857 374 5920; x_wconf 77' lang='grc' dir='ltr'>(ιι)</span> <span class='ocrx_word' id='word_1_445' title='bbox 396 5856 586 5909; x_wconf 78' lang='lat' dir='ltr'><strong>scilicet</strong></span> <span class='ocrx_word' id='word_1_446' title='bbox 611 5857 696 5907; x_wconf 85' lang='lat' dir='ltr'><strong>lib.</strong></span> <span class='ocrx_word' id='word_1_447' title='bbox 730 5859 803 5917; x_wconf 69' lang='lat' dir='ltr'><strong>I2,</strong></span> <span class='ocrx_word' id='word_1_448' title='bbox 832 5874 936 5924; x_wconf 82' lang='lat' dir='ltr'><strong>cap.</strong></span> <span class='ocrx_word' id='word_1_449' title='bbox 961 5861 993 5912; x_wconf 86' lang='lat'><strong>9</strong></span> <span class='ocrx_word' id='word_1_450' title='bbox 1017 5869 1068 5916; x_wconf 88' lang='lat' dir='ltr'><strong>cl</strong></span> <span class='ocrx_word' id='word_1_451' title='bbox 1089 5877 1230 5927; x_wconf 77' lang='lat' dir='ltr'><strong>seqq.</strong></span> 
     </span>
    </p>
   </div>
   <div class='ocr_carea' id='block_1_60' title="bbox 1417 410 2301 482">
    <p class='ocr_par' dir='ltr' id='par_1_60' title="bbox 1417 410 2301 482">
     <span class='ocr_line' id='line_1_60' title="bbox 1417 410 2301 482; baseline 0.005 -12"><span class='ocrx_word' id='word_1_452' title='bbox 1417 414 1617 470; x_wconf 72' lang='lat' dir='ltr'>LIBER</span> <span class='ocrx_word' id='word_1_453' title='bbox 1656 410 1952 482; x_wconf 74' lang='lat' dir='ltr'><strong>QUINTUS</strong></span> <span class='ocrx_word' id='word_1_454' title='bbox 1991 414 2301 476; x_wconf 75' lang='lat' dir='ltr'><strong>DECIMUS.</strong></span> 
     </span>
    </p>
   </div>
   <div class='ocr_carea' id='block_1_61' title="bbox 3415 419 3522 475">
    <p class='ocr_par' dir='ltr' id='par_1_61' title="bbox 3415 419 3522 475">
     <span class='ocr_line' id='line_1_61' title="bbox 3415 419 3522 475; baseline 0 -2"><span class='ocrx_word' id='word_1_455' title='bbox 3415 419 3522 475; x_wconf 68' lang='grc' dir='ltr'>ιισ</span> 
     </span>
    </p>
   </div>
   <div class='ocr_carea' id='block_1_62' title="bbox 1934 529 3518 600">
    <p class='ocr_par' dir='ltr' id='par_1_62' title="bbox 1934 529 3518 600">
     <span class='ocr_line' id='line_1_62' title="bbox 1934 529 3518 600; baseline 0.004 -19"><span class='ocrx_word' id='word_1_456' title='bbox 1934 529 2093 582; x_wconf 87' lang='lat' dir='ltr'><strong>frater</strong></span> <span class='ocrx_word' id='word_1_457' title='bbox 2118 531 2329 599; x_wconf 83' lang='lat' dir='ltr'><strong>occidit,</strong></span> <span class='ocrx_word' id='word_1_458' title='bbox 2372 532 2531 588; x_wconf 87' lang='lat' dir='ltr'><strong>fuisse</strong></span> <span class='ocrx_word' id='word_1_459' title='bbox 2553 533 2798 589; x_wconf 86' lang='lat' dir='ltr'><strong>videntur</strong></span> <span class='ocrx_word' id='word_1_460' title='bbox 2827 533 2880 588; x_wconf 91' lang='lat' dir='ltr'><strong>in</strong></span> <span class='ocrx_word' id='word_1_461' title='bbox 2913 543 3079 600; x_wconf 84' lang='lat' dir='ltr'><strong>terra;</strong></span> <span class='ocrx_word' id='word_1_462' title='bbox 3113 531 3160 586; x_wconf 92' lang='lat' dir='ltr'><strong>id</strong></span> <span class='ocrx_word' id='word_1_463' title='bbox 3185 541 3284 596; x_wconf 85' lang='lat' dir='ltr'><strong>est,</strong></span> <span class='ocrx_word' id='word_1_464' title='bbox 3316 533 3518 591; x_wconf 80' lang='lat' dir='ltr'><strong>primus</strong></span> 
     </span>
    </p>
   </div>
   <div class='ocr_carea' id='block_1_63' title="bbox 1935 620 3523 695">
    <p class='ocr_par' dir='ltr' id='par_1_63' title="bbox 1935 620 3523 695">
     <span class='ocr_line' id='line_1_63' title="bbox 1935 620 3523 695; baseline 0.006 -25"><span class='ocrx_word' id='word_1_465' title='bbox 1935 620 2092 672; x_wconf 87' lang='lat' dir='ltr'><strong>homo</strong></span> <span class='ocrx_word' id='word_1_466' title='bbox 2147 631 2294 690; x_wconf 84' lang='lat' dir='ltr'><strong>pater</strong></span> <span class='ocrx_word' id='word_1_467' title='bbox 2342 624 2600 689; x_wconf 80' lang='lat' dir='ltr'><strong>ouiuium,</strong></span> <span class='ocrx_word' id='word_1_468' title='bbox 2635 635 2690 680; x_wconf 87' lang='lat' dir='ltr'><strong>et</strong></span> <span class='ocrx_word' id='word_1_469' title='bbox 2743 627 2856 695; x_wconf 89' lang='lat' dir='ltr'><strong>ipse</strong></span> <span class='ocrx_word' id='word_1_470' title='bbox 2901 625 3054 692; x_wconf 89' lang='lat' dir='ltr'><strong>Cain,</strong></span> <span class='ocrx_word' id='word_1_471' title='bbox 3110 633 3162 679; x_wconf 88' lang='lat' dir='ltr'><strong>et</strong></span> <span class='ocrx_word' id='word_1_472' title='bbox 3209 624 3324 694; x_wconf 87' lang='lat' dir='ltr'><strong>ejus</strong></span> <span class='ocrx_word' id='word_1_473' title='bbox 3383 625 3523 680; x_wconf 81' lang='lat' dir='ltr'><strong>films</strong></span> 
     </span>
    </p>
   </div>
   <div class='ocr_carea' id='block_1_64' title="bbox 1935 710 3522 786">
    <p class='ocr_par' dir='ltr' id='par_1_64' title="bbox 1935 710 3522 786">
     <span class='ocr_line' id='line_1_64' title="bbox 1935 710 3522 786; baseline 0.005 -24"><span class='ocrx_word' id='word_1_474' title='bbox 1935 710 2139 776; x_wconf 80' lang='lat' dir='ltr'><strong>Enoch,</strong></span> <span class='ocrx_word' id='word_1_475' title='bbox 2190 727 2255 766; x_wconf 78' lang='lat' dir='ltr'><strong>ex</strong></span> <span class='ocrx_word' id='word_1_476' title='bbox 2299 714 2450 780; x_wconf 68' lang='lat' dir='ltr'><strong>cujus</strong></span> <span class='ocrx_word' id='word_1_477' title='bbox 2482 715 2697 770; x_wconf 90' lang='lat' dir='ltr'><strong>nomine</strong></span> <span class='ocrx_word' id='word_1_478' title='bbox 2729 718 2839 786; x_wconf 87' lang='lat' dir='ltr'><strong>ipsa</strong></span> <span class='ocrx_word' id='word_1_479' title='bbox 2873 716 3057 771; x_wconf 84' lang='lat' dir='ltr'><strong>civitas</strong></span> <span class='ocrx_word' id='word_1_480' title='bbox 3087 727 3389 786; x_wconf 86' lang='lat' dir='ltr'><strong>nuncupata</strong></span> <span class='ocrx_word' id='word_1_481' title='bbox 3419 727 3522 770; x_wconf 65' lang='lat' dir='ltr'><strong>est.</strong></span> 
     </span>
    </p>
   </div>
   <div class='ocr_carea' id='block_1_65' title="bbox 1933 802 3526 877">
    <p class='ocr_par' dir='ltr' id='par_1_65' title="bbox 1933 802 3526 877">
     <span class='ocr_line' id='line_1_65' title="bbox 1933 802 3526 877; baseline 0.004 -22"><span class='ocrx_word' id='word_1_482' title='bbox 1933 802 2037 856; x_wconf 81' lang='lat' dir='ltr'><strong>Sed</strong></span> <span class='ocrx_word' id='word_1_483' title='bbox 2068 802 2169 858; x_wconf 90' lang='lat' dir='ltr'><strong>hoc</strong></span> <span class='ocrx_word' id='word_1_484' title='bbox 2193 819 2325 873; x_wconf 90' lang='lat' dir='ltr'><strong>quos</strong></span> <span class='ocrx_word' id='word_1_485' title='bbox 2351 815 2546 869; x_wconf 86' lang='lat' dir='ltr'><strong>movet,</strong></span> <span class='ocrx_word' id='word_1_486' title='bbox 2592 823 2777 877; x_wconf 91' lang='lat' dir='ltr'><strong>parum</strong></span> <span class='ocrx_word' id='word_1_487' title='bbox 2807 809 3172 875; x_wconf 50' lang='lat' dir='ltr'><strong>considerant,</strong></span> <span class='ocrx_word' id='word_1_488' title='bbox 3201 824 3306 862; x_wconf 92' lang='lat' dir='ltr'><strong>non</strong></span> <span class='ocrx_word' id='word_1_489' title='bbox 3337 824 3526 862; x_wconf 78' lang='lat' dir='ltr'><strong>omnes</strong></span> 
     </span>
    </p>
   </div>
   <div class='ocr_carea' id='block_1_66' title="bbox 1935 894 3526 970">
    <p class='ocr_par' dir='ltr' id='par_1_66' title="bbox 1935 894 3526 970">
     <span class='ocr_line' id='line_1_66' title="bbox 1935 894 3526 970; baseline 0.005 -24"><span class='ocrx_word' id='word_1_490' title='bbox 1935 894 2199 962; x_wconf 86' lang='lat' dir='ltr'><strong>homines,</strong></span> <span class='ocrx_word' id='word_1_491' title='bbox 2239 897 2328 965; x_wconf 89' lang='lat' dir='ltr'><strong>qui</strong></span> <span class='ocrx_word' id='word_1_492' title='bbox 2360 905 2485 951; x_wconf 91' lang='lat' dir='ltr'><strong>tunc</strong></span> <span class='ocrx_word' id='word_1_493' title='bbox 2517 912 2638 952; x_wconf 87' lang='lat' dir='ltr'><strong>esse</strong></span> <span class='ocrx_word' id='word_1_494' title='bbox 2675 907 2979 968; x_wconf 86' lang='lat' dir='ltr'><strong>potuerunt,</strong></span> <span class='ocrx_word' id='word_1_495' title='bbox 3012 901 3326 970; x_wconf 89' lang='lat' dir='ltr'><strong>scriptorem</strong></span> <span class='ocrx_word' id='word_1_496' title='bbox 3357 915 3526 954; x_wconf 61' lang='lat' dir='ltr'><strong>sacra.</strong></span> 
     </span>
    </p>
   </div>
   <div class='ocr_carea' id='block_1_67' title="bbox 1934 985 3526 1057">
    <p class='ocr_par' dir='ltr' id='par_1_67' title="bbox 1934 985 3526 1057">
     <span class='ocr_line' id='line_1_67' title="bbox 1934 985 3526 1057; baseline 0.003 -18"><span class='ocrx_word' id='word_1_497' title='bbox 1934 985 2088 1054; x_wconf 88' lang='lat' dir='ltr'><strong>hujus</strong></span> <span class='ocrx_word' id='word_1_498' title='bbox 2116 987 2352 1042; x_wconf 76' lang='lat' dir='ltr'><strong>historia:</strong></span> <span class='ocrx_word' id='word_1_499' title='bbox 2400 1005 2620 1043; x_wconf 86' lang='lat' dir='ltr'><strong>necesse.</strong></span> <span class='ocrx_word' id='word_1_500' title='bbox 2652 990 2901 1046; x_wconf 88' lang='lat' dir='ltr'><strong>habuisse</strong></span> <span class='ocrx_word' id='word_1_501' title='bbox 2939 993 3249 1057; x_wconf 88' lang='lat' dir='ltr'><strong>nomioare;</strong></span> <span class='ocrx_word' id='word_1_502' title='bbox 3295 991 3391 1046; x_wconf 88' lang='lat' dir='ltr'><strong>sed</strong></span> <span class='ocrx_word' id='word_1_503' title='bbox 3431 1007 3526 1045; x_wconf 89' lang='lat' dir='ltr'><strong>eos</strong></span> 
     </span>
    </p>
   </div>
   <div class='ocr_carea' id='block_1_68' title="bbox 1933 1079 3534 1154">
    <p class='ocr_par' dir='ltr' id='par_1_68' title="bbox 1933 1079 3534 1154">
     <span class='ocr_line' id='line_1_68' title="bbox 1933 1079 3534 1154; baseline 0.004 -24"><span class='ocrx_word' id='word_1_504' title='bbox 1933 1079 2096 1142; x_wconf 79' lang='lat' dir='ltr'><strong>Solos,</strong></span> <span class='ocrx_word' id='word_1_505' title='bbox 2127 1096 2261 1150; x_wconf 86' lang='lat' dir='ltr'><strong>quos</strong></span> <span class='ocrx_word' id='word_1_506' title='bbox 2284 1082 2463 1151; x_wconf 89' lang='lat' dir='ltr'><strong>operis</strong></span> <span class='ocrx_word' id='word_1_507' title='bbox 2493 1082 2724 1151; x_wconf 89' lang='lat' dir='ltr'><strong>suscepti</strong></span> <span class='ocrx_word' id='word_1_508' title='bbox 2756 1085 2889 1136; x_wconf 87' lang='lat' dir='ltr'><strong>ratio</strong></span> <span class='ocrx_word' id='word_1_509' title='bbox 2920 1085 3237 1154; x_wconf 86' lang='lat' dir='ltr'><strong>postulabat.</strong></span> <span class='ocrx_word' id='word_1_510' title='bbox 3271 1085 3534 1154; x_wconf 80' lang='lat' dir='ltr'><strong>Proposi-‘</strong></span> 
     </span>
    </p>
   </div>
   <div class='ocr_carea' id='block_1_69' title="bbox 1935 1176 3523 1248">
    <p class='ocr_par' dir='ltr' id='par_1_69' title="bbox 1935 1176 3523 1248">
     <span class='ocr_line' id='line_1_69' title="bbox 1935 1176 3523 1248; baseline 0.003 -21"><span class='ocrx_word' id='word_1_511' title='bbox 1935 1183 2044 1229; x_wconf 92' lang='lat' dir='ltr'><strong>tum</strong></span> <span class='ocrx_word' id='word_1_512' title='bbox 2075 1176 2268 1244; x_wconf 88' lang='lat' dir='ltr'><strong>quippe</strong></span> <span class='ocrx_word' id='word_1_513' title='bbox 2306 1177 2589 1246; x_wconf 85' lang='lat' dir='ltr'><strong>scriptoris</strong></span> <span class='ocrx_word' id='word_1_514' title='bbox 2624 1177 2767 1230; x_wconf 90' lang='lat' dir='ltr'><strong>illius</strong></span> <span class='ocrx_word' id='word_1_515' title='bbox 2816 1176 2930 1239; x_wconf 89' lang='lat' dir='ltr'><strong>fuit,</strong></span> <span class='ocrx_word' id='word_1_516' title='bbox 2981 1194 3075 1248; x_wconf 85' lang='lat' dir='ltr'><strong>per</strong></span> <span class='ocrx_word' id='word_1_517' title='bbox 3103 1195 3261 1248; x_wconf 85' lang='lat' dir='ltr'><strong>quem</strong></span> <span class='ocrx_word' id='word_1_518' title='bbox 3292 1179 3523 1248; x_wconf 87' lang='lat' dir='ltr'><strong>Spiritus</strong></span> 
     </span>
    </p>
   </div>
   <div class='ocr_carea' id='block_1_70' title="bbox 1933 1267 3522 1338">
    <p class='ocr_par' dir='ltr' id='par_1_70' title="bbox 1933 1267 3522 1338">
     <span class='ocr_line' id='line_1_70' title="bbox 1933 1267 3522 1338; baseline 0.001 -21"><span class='ocrx_word' id='word_1_519' title='bbox 1933 1277 2148 1319; x_wconf 90' lang='lat' dir='ltr'><strong>sanctus</strong></span> <span class='ocrx_word' id='word_1_520' title='bbox 2176 1267 2225 1320; x_wconf 89' lang='lat' dir='ltr'><strong>id</strong></span> <span class='ocrx_word' id='word_1_521' title='bbox 2257 1269 2470 1336; x_wconf 86' lang='lat' dir='ltr'><strong>agebat,</strong></span> <span class='ocrx_word' id='word_1_522' title='bbox 2503 1283 2599 1336; x_wconf 91' lang='lat' dir='ltr'><strong>per</strong></span> <span class='ocrx_word' id='word_1_523' title='bbox 2625 1268 2994 1321; x_wconf 80' lang='lat' dir='ltr'><strong>successiones</strong></span> <span class='ocrx_word' id='word_1_524' title='bbox 3014 1279 3276 1321; x_wconf 85' lang='lat' dir='ltr'><strong>certarum</strong></span> <span class='ocrx_word' id='word_1_525' title='bbox 3302 1285 3522 1338; x_wconf 82' lang='lat' dir='ltr'><strong>genera-</strong></span> 
     </span>
    </p>
   </div>
   <div class='ocr_carea' id='block_1_71' title="bbox 1935 1357 3524 1428">
    <p class='ocr_par' dir='ltr' id='par_1_71' title="bbox 1935 1357 3524 1428">
     <span class='ocr_line' id='line_1_71' title="bbox 1935 1357 3524 1428; baseline 0.001 -19"><span class='ocrx_word' id='word_1_526' title='bbox 1935 1357 2133 1411; x_wconf 91' lang='lat' dir='ltr'><strong>tionum</strong></span> <span class='ocrx_word' id='word_1_527' title='bbox 2168 1373 2234 1411; x_wconf 82' lang='lat' dir='ltr'><strong>ex</strong></span> <span class='ocrx_word' id='word_1_528' title='bbox 2279 1373 2385 1412; x_wconf 92' lang='lat' dir='ltr'><strong>uno</strong></span> <span class='ocrx_word' id='word_1_529' title='bbox 2425 1359 2640 1412; x_wconf 88' lang='lat' dir='ltr'><strong>homine</strong></span> <span class='ocrx_word' id='word_1_530' title='bbox 2677 1367 3082 1428; x_wconf 88' lang='lat' dir='ltr'><strong>propagatartun</strong></span> <span class='ocrx_word' id='word_1_531' title='bbox 3134 1359 3411 1426; x_wconf 81' lang='lat' dir='ltr'><strong>pervenire</strong></span> <span class='ocrx_word' id='word_1_532' title='bbox 3455 1358 3524 1411; x_wconf 88' lang='lat' dir='ltr'><strong>ad</strong></span> 
     </span>
    </p>
   </div>
   <div class='ocr_carea' id='block_1_72' title="bbox 1937 1447 3519 1518">
    <p class='ocr_par' dir='ltr' id='par_1_72' title="bbox 1937 1447 3519 1518">
     <span class='ocr_line' id='line_1_72' title="bbox 1937 1447 3519 1518; baseline -0.001 -18"><span class='ocrx_word' id='word_1_533' title='bbox 1937 1448 2227 1513; x_wconf 75' lang='lat' dir='ltr'><strong>Abraham,</strong></span> <span class='ocrx_word' id='word_1_534' title='bbox 2257 1465 2318 1503; x_wconf 89' lang='lat' dir='ltr'><strong>ac</strong></span> <span class='ocrx_word' id='word_1_535' title='bbox 2346 1449 2538 1503; x_wconf 86' lang='lat' dir='ltr'><strong>deinde</strong></span> <span class='ocrx_word' id='word_1_536' title='bbox 2562 1464 2627 1503; x_wconf 77' lang='lat' dir='ltr'><strong>ex</strong></span> <span class='ocrx_word' id='word_1_537' title='bbox 2658 1450 2774 1518; x_wconf 88' lang='lat' dir='ltr'><strong>ejus</strong></span> <span class='ocrx_word' id='word_1_538' title='bbox 2803 1449 3006 1503; x_wconf 87' lang='lat' dir='ltr'><strong>semine</strong></span> <span class='ocrx_word' id='word_1_539' title='bbox 3026 1447 3089 1501; x_wconf 88' lang='lat' dir='ltr'><strong>ad</strong></span> <span class='ocrx_word' id='word_1_540' title='bbox 3115 1449 3366 1517; x_wconf 90' lang='lat' dir='ltr'><strong>populum</strong></span> <span class='ocrx_word' id='word_1_541' title='bbox 3387 1448 3478 1502; x_wconf 90' lang='lat' dir='ltr'><strong>Dei</strong></span> <span class='ocrx_word' id='word_1_542' title='bbox 3505 1465 3519 1498; x_wconf 90' lang='lat'><strong>:</strong></span> 
     </span>
    </p>
   </div>
   <div class='ocr_carea' id='block_1_73' title="bbox 1936 1539 3525 1610">
    <p class='ocr_par' dir='ltr' id='par_1_73' title="bbox 1936 1539 3525 1610">
     <span class='ocr_line' id='line_1_73' title="bbox 1936 1539 3525 1610; baseline -0.001 -19"><span class='ocrx_word' id='word_1_543' title='bbox 1936 1539 1986 1591; x_wconf 92' lang='lat' dir='ltr'><strong>in</strong></span> <span class='ocrx_word' id='word_1_544' title='bbox 2010 1555 2114 1609; x_wconf 91' lang='lat' dir='ltr'><strong>quo</strong></span> <span class='ocrx_word' id='word_1_545' title='bbox 2144 1541 2392 1594; x_wconf 89' lang='lat' dir='ltr'><strong>distincto</strong></span> <span class='ocrx_word' id='word_1_546' title='bbox 2417 1556 2444 1592; x_wconf 64' lang='grc' dir='ltr'><strong><em>Α</em></strong></span> <span class='ocrx_word' id='word_1_547' title='bbox 2476 1542 2684 1594; x_wconf 85' lang='lat' dir='ltr'><strong>ca-teris</strong></span> <span class='ocrx_word' id='word_1_548' title='bbox 2703 1541 2948 1610; x_wconf 86' lang='lat' dir='ltr'><strong>gentibus</strong></span> <span class='ocrx_word' id='word_1_549' title='bbox 2977 1541 3444 1608; x_wconf 77' lang='lat' dir='ltr'><strong>pr;elignr.ireutur</strong></span> <span class='ocrx_word' id='word_1_550' title='bbox 3469 1544 3525 1591; x_wconf 83' lang='lat' dir='ltr'><strong>et</strong></span> 
     </span>
    </p>
   </div>
   <div class='ocr_carea' id='block_1_74' title="bbox 1934 1630 3526 1701">
    <p class='ocr_par' dir='ltr' id='par_1_74' title="bbox 1934 1630 3526 1701">
     <span class='ocr_line' id='line_1_74' title="bbox 1934 1630 3526 1701; baseline 0.001 -20"><span class='ocrx_word' id='word_1_551' title='bbox 1934 1633 2421 1699; x_wconf 56' lang='lat' dir='ltr'><strong>prteuuutiarcntnr</strong></span> <span class='ocrx_word' id='word_1_552' title='bbox 2455 1634 2632 1686; x_wconf 87' lang='lat' dir='ltr'><strong>omnia</strong></span> <span class='ocrx_word' id='word_1_553' title='bbox 2675 1648 2794 1701; x_wconf 75' lang='lat' dir='ltr'><strong>qna.-</strong></span> <span class='ocrx_word' id='word_1_554' title='bbox 2826 1632 2892 1686; x_wconf 89' lang='lat' dir='ltr'><strong>dc</strong></span> <span class='ocrx_word' id='word_1_555' title='bbox 2927 1632 3162 1694; x_wconf 78' lang='lat' dir='ltr'><strong>civitate,</strong></span> <span class='ocrx_word' id='word_1_556' title='bbox 3193 1630 3346 1698; x_wconf 91' lang='lat' dir='ltr'><strong>cujus</strong></span> <span class='ocrx_word' id='word_1_557' title='bbox 3369 1637 3526 1682; x_wconf 66' lang='lat' dir='ltr'><strong>aster-</strong></span> 
     </span>
    </p>
   </div>
   <div class='ocr_carea' id='block_1_75' title="bbox 1935 1717 3524 1794">
    <p class='ocr_par' dir='ltr' id='par_1_75' title="bbox 1935 1717 3524 1794">
     <span class='ocr_line' id='line_1_75' title="bbox 1935 1717 3524 1794; baseline -0.004 -18"><span class='ocrx_word' id='word_1_558' title='bbox 1935 1740 2058 1776; x_wconf 93' lang='lat' dir='ltr'><strong>num</strong></span> <span class='ocrx_word' id='word_1_559' title='bbox 2085 1724 2185 1777; x_wconf 88' lang='lat' dir='ltr'><strong>erit</strong></span> <span class='ocrx_word' id='word_1_560' title='bbox 2213 1739 2451 1794; x_wconf 87' lang='lat' dir='ltr'><strong>regnum,</strong></span> <span class='ocrx_word' id='word_1_561' title='bbox 2497 1734 2547 1777; x_wconf 89' lang='lat' dir='ltr'><strong>et</strong></span> <span class='ocrx_word' id='word_1_562' title='bbox 2582 1723 2648 1776; x_wconf 86' lang='lat' dir='ltr'><strong>de</strong></span> <span class='ocrx_word' id='word_1_563' title='bbox 2682 1726 2820 1792; x_wconf 72' lang='lat' dir='ltr'><strong>ltcge</strong></span> <span class='ocrx_word' id='word_1_564' title='bbox 2859 1723 2974 1789; x_wconf 84' lang='lat' dir='ltr'><strong>ejus</strong></span> <span class='ocrx_word' id='word_1_565' title='bbox 3009 1721 3304 1788; x_wconf 88' lang='lat' dir='ltr'><strong>eodemque</strong></span> <span class='ocrx_word' id='word_1_566' title='bbox 3334 1717 3524 1773; x_wconf 80' lang='lat' dir='ltr'><strong>Condi-</strong></span> 
     </span>
    </p>
   </div>
   <div class='ocr_carea' id='block_1_76' title="bbox 1936 1815 3522 1886">
    <p class='ocr_par' dir='ltr' id='par_1_76' title="bbox 1936 1815 3522 1886">
     <span class='ocr_line' id='line_1_76' title="bbox 1936 1815 3522 1886; baseline -0.004 -16"><span class='ocrx_word' id='word_1_567' title='bbox 1936 1828 2049 1871; x_wconf 86' lang='lat' dir='ltr'><strong>tore</strong></span> <span class='ocrx_word' id='word_1_568' title='bbox 2074 1816 2287 1871; x_wconf 84' lang='lat' dir='ltr'><strong>Christo</strong></span> <span class='ocrx_word' id='word_1_569' title='bbox 2325 1818 2375 1870; x_wconf 91' lang='lat' dir='ltr'><strong>in</strong></span> <span class='ocrx_word' id='word_1_570' title='bbox 2422 1816 2626 1886; x_wconf 84' lang='lat' dir='ltr'><strong>Spiritu</strong></span> <span class='ocrx_word' id='word_1_571' title='bbox 2660 1815 3086 1885; x_wconf 73' lang='lat' dir='ltr'><strong>prtcvidchaulur</strong></span> <span class='ocrx_word' id='word_1_572' title='bbox 3112 1829 3232 1868; x_wconf 86' lang='lat' dir='ltr'><strong>esse</strong></span> <span class='ocrx_word' id='word_1_573' title='bbox 3259 1820 3481 1867; x_wconf 86' lang='lat' dir='ltr'><strong>ventura</strong></span> <span class='ocrx_word' id='word_1_574' title='bbox 3506 1827 3522 1873; x_wconf 84' lang='lat'><strong>;</strong></span> 
     </span>
    </p>
   </div>
   <div class='ocr_carea' id='block_1_77' title="bbox 1935 1906 3521 1967">
    <p class='ocr_par' dir='ltr' id='par_1_77' title="bbox 1935 1906 3521 1967">
     <span class='ocr_line' id='line_1_77' title="bbox 1935 1906 3521 1967; baseline -0.004 -3"><span class='ocrx_word' id='word_1_575' title='bbox 1935 1913 2002 1964; x_wconf 88' lang='lat' dir='ltr'><strong>ita</strong></span> <span class='ocrx_word' id='word_1_576' title='bbox 2056 1920 2114 1964; x_wconf 92' lang='lat' dir='ltr'><strong>ut</strong></span> <span class='ocrx_word' id='word_1_577' title='bbox 2162 1926 2259 1964; x_wconf 89' lang='lat' dir='ltr'><strong>nec</strong></span> <span class='ocrx_word' id='word_1_578' title='bbox 2303 1910 2369 1965; x_wconf 90' lang='lat' dir='ltr'><strong>de</strong></span> <span class='ocrx_word' id='word_1_579' title='bbox 2407 1909 2572 1964; x_wconf 86' lang='lat' dir='ltr'><strong>altera</strong></span> <span class='ocrx_word' id='word_1_580' title='bbox 2625 1909 2879 1963; x_wconf 72' lang='lat' dir='ltr'><strong>SliCit‘iﬂie</strong></span> <span class='ocrx_word' id='word_1_581' title='bbox 2918 1906 3189 1960; x_wconf 90' lang='lat' dir='ltr'><strong>hominum</strong></span> <span class='ocrx_word' id='word_1_582' title='bbox 3235 1914 3521 1967; x_wconf 89' lang='lat' dir='ltr'><strong>taceretur,</strong></span> 
     </span>
    </p>
   </div>
   <div class='ocr_carea' id='block_1_78' title="bbox 1933 1997 3524 2069">
    <p class='ocr_par' dir='ltr' id='par_1_78' title="bbox 1933 1997 3524 2069">
     <span class='ocr_line' id='line_1_78' title="bbox 1933 1997 3524 2069; baseline -0.003 -17"><span class='ocrx_word' id='word_1_583' title='bbox 1933 2018 2092 2069; x_wconf 89' lang='lat' dir='ltr'><strong>quam</strong></span> <span class='ocrx_word' id='word_1_584' title='bbox 2129 2013 2395 2055; x_wconf 79' lang='lat' dir='ltr'><strong>terrenam</strong></span> <span class='ocrx_word' id='word_1_585' title='bbox 2427 2000 2656 2054; x_wconf 88' lang='lat' dir='ltr'><strong>dicimus</strong></span> <span class='ocrx_word' id='word_1_586' title='bbox 2678 2000 2968 2062; x_wconf 84' lang='lat' dir='ltr'><strong>civitatem,</strong></span> <span class='ocrx_word' id='word_1_587' title='bbox 3000 2007 3254 2068; x_wconf 88' lang='lat' dir='ltr'><strong>quantum</strong></span> <span class='ocrx_word' id='word_1_588' title='bbox 3289 1997 3337 2050; x_wconf 90' lang='lat' dir='ltr'><strong>ei</strong></span> <span class='ocrx_word' id='word_1_589' title='bbox 3377 2010 3524 2049; x_wconf 86' lang='lat' dir='ltr'><strong>com-</strong></span> 
     </span>
    </p>
   </div>
   <div class='ocr_carea' id='block_1_79' title="bbox 1935 2085 3520 2156">
    <p class='ocr_par' dir='ltr' id='par_1_79' title="bbox 1935 2085 3520 2156">
     <span class='ocr_line' id='line_1_79' title="bbox 1935 2085 3520 2156; baseline -0.005 -8"><span class='ocrx_word' id='word_1_590' title='bbox 1935 2093 2292 2148; x_wconf 78' lang='lat' dir='ltr'><strong>memoranda:</strong></span> <span class='ocrx_word' id='word_1_591' title='bbox 2320 2095 2450 2147; x_wconf 83' lang='lat' dir='ltr'><strong>satis</strong></span> <span class='ocrx_word' id='word_1_592' title='bbox 2477 2101 2639 2156; x_wconf 89' lang='lat' dir='ltr'><strong>esset,</strong></span> <span class='ocrx_word' id='word_1_593' title='bbox 2692 2102 2746 2144; x_wconf 86' lang='grc' dir='ltr'><strong>ιιι</strong></span> <span class='ocrx_word' id='word_1_594' title='bbox 2771 2091 2957 2145; x_wconf 86' lang='lat' dir='ltr'><strong>civitas</strong></span> <span class='ocrx_word' id='word_1_595' title='bbox 2981 2089 3073 2143; x_wconf 86' lang='lat' dir='ltr'><strong>Dei</strong></span> <span class='ocrx_word' id='word_1_596' title='bbox 3101 2089 3258 2142; x_wconf 87' lang='lat' dir='ltr'><strong>etiam</strong></span> <span class='ocrx_word' id='word_1_597' title='bbox 3287 2103 3396 2141; x_wconf 74' lang='lat' dir='ltr'><strong>sua:</strong></span> <span class='ocrx_word' id='word_1_598' title='bbox 3423 2085 3520 2140; x_wconf 88' lang='lat' dir='ltr'><strong>ad-</strong></span> 
     </span>
    </p>
   </div>
   <div class='ocr_carea' id='block_1_80' title="bbox 1933 2178 3519 2254">
    <p class='ocr_par' dir='ltr' id='par_1_80' title="bbox 1933 2178 3519 2254">
     <span class='ocr_line' id='line_1_80' title="bbox 1933 2178 3519 2254; baseline -0.004 -18"><span class='ocrx_word' id='word_1_599' title='bbox 1933 2187 2180 2238; x_wconf 84' lang='lat' dir='ltr'><strong>versari:c</strong></span> <span class='ocrx_word' id='word_1_600' title='bbox 2204 2186 2598 2254; x_wconf 86' lang='lat' dir='ltr'><strong>comparatione</strong></span> <span class='ocrx_word' id='word_1_601' title='bbox 2622 2182 2898 2237; x_wconf 88' lang='lat' dir='ltr'><strong>clarescat.</strong></span> <span class='ocrx_word' id='word_1_602' title='bbox 2919 2181 3051 2235; x_wconf 80' lang='lat' dir='ltr'><strong>Cum</strong></span> <span class='ocrx_word' id='word_1_603' title='bbox 3071 2179 3227 2249; x_wconf 84' lang='lat' dir='ltr'><strong>igitur</strong></span> <span class='ocrx_word' id='word_1_604' title='bbox 3247 2178 3519 2247; x_wconf 87' lang='lat' dir='ltr'><strong>Scriptura</strong></span> 
     </span>
    </p>
   </div>
   <div class='ocr_carea' id='block_1_81' title="bbox 1932 2271 3521 2343">
    <p class='ocr_par' dir='ltr' id='par_1_81' title="bbox 1932 2271 3521 2343">
     <span class='ocr_line' id='line_1_81' title="bbox 1932 2271 3521 2343; baseline -0.003 -13"><span class='ocrx_word' id='word_1_605' title='bbox 1932 2278 2130 2340; x_wconf 86' lang='lat' dir='ltr'><strong>divina,</strong></span> <span class='ocrx_word' id='word_1_606' title='bbox 2172 2276 2259 2331; x_wconf 84' lang='lat' dir='ltr'><strong>tibi</strong></span> <span class='ocrx_word' id='word_1_607' title='bbox 2303 2290 2353 2331; x_wconf 91' lang='lat' dir='ltr'><strong>et</strong></span> <span class='ocrx_word' id='word_1_608' title='bbox 2385 2291 2666 2330; x_wconf 90' lang='lat' dir='ltr'><strong>numerum</strong></span> <span class='ocrx_word' id='word_1_609' title='bbox 2697 2290 2976 2334; x_wconf 86' lang='lat' dir='ltr'><strong>annorum,</strong></span> <span class='ocrx_word' id='word_1_610' title='bbox 3008 2290 3146 2343; x_wconf 87' lang='lat' dir='ltr'><strong>qttos</strong></span> <span class='ocrx_word' id='word_1_611' title='bbox 3172 2273 3247 2326; x_wconf 86' lang='lat' dir='ltr'><strong>illi</strong></span> <span class='ocrx_word' id='word_1_612' title='bbox 3277 2271 3521 2328; x_wconf 85' lang='lat' dir='ltr'><strong>homines</strong></span> 
     </span>
    </p>
   </div>
   <div class='ocr_carea' id='block_1_82' title="bbox 1935 2358 3522 2432">
    <p class='ocr_par' dir='ltr' id='par_1_82' title="bbox 1935 2358 3522 2432">
     <span class='ocr_line' id='line_1_82' title="bbox 1935 2358 3522 2432; baseline 0 -14"><span class='ocrx_word' id='word_1_613' title='bbox 1935 2370 2197 2432; x_wconf 81' lang='lat' dir='ltr'><strong>vixerunt,</strong></span> <span class='ocrx_word' id='word_1_614' title='bbox 2251 2358 2658 2432; x_wconf 87' lang='lat' dir='ltr'><strong>commemorat,</strong></span> <span class='ocrx_word' id='word_1_615' title='bbox 2710 2367 2780 2421; x_wconf 89' lang='lat' dir='ltr'><strong>ita</strong></span> <span class='ocrx_word' id='word_1_616' title='bbox 2819 2365 3121 2429; x_wconf 89' lang='lat' dir='ltr'><strong>concludat,</strong></span> <span class='ocrx_word' id='word_1_617' title='bbox 3174 2375 3230 2418; x_wconf 91' lang='lat' dir='ltr'><strong>ut</strong></span> <span class='ocrx_word' id='word_1_618' title='bbox 3275 2365 3418 2418; x_wconf 89' lang='lat' dir='ltr'><strong>dicat</strong></span> <span class='ocrx_word' id='word_1_619' title='bbox 3453 2361 3522 2418; x_wconf 82' lang='lat' dir='ltr'><strong>de</strong></span> 
     </span>
    </p>
   </div>
   <div class='ocr_carea' id='block_1_83' title="bbox 1933 2454 3522 2528">
    <p class='ocr_par' dir='ltr' id='par_1_83' title="bbox 1933 2454 3522 2528">
     <span class='ocr_line' id='line_1_83' title="bbox 1933 2454 3522 2528; baseline -0.003 -17"><span class='ocrx_word' id='word_1_620' title='bbox 1933 2459 2023 2512; x_wconf 93' lang='lat' dir='ltr'><strong>illo</strong></span> <span class='ocrx_word' id='word_1_621' title='bbox 2073 2457 2142 2511; x_wconf 88' lang='lat' dir='ltr'><strong>de</strong></span> <span class='ocrx_word' id='word_1_622' title='bbox 2186 2474 2291 2528; x_wconf 89' lang='lat' dir='ltr'><strong>quo</strong></span> <span class='ocrx_word' id='word_1_623' title='bbox 2337 2458 2676 2524; x_wconf 81' lang='lat' dir='ltr'><strong>loquebatur,</strong></span> <span class='ocrx_word' id='word_1_624' title='bbox 2722 2455 2790 2511; x_wconf 82' lang='lat' dir='ltr'><strong>Et</strong></span> <span class='ocrx_word' id='word_1_625' title='bbox 2827 2455 2996 2526; x_wconf 75' lang='lat' dir='ltr'><strong>genuit</strong></span> <span class='ocrx_word' id='word_1_626' title='bbox 3032 2455 3168 2525; x_wconf 81' lang='lat' dir='ltr'><strong>ﬁlios</strong></span> <span class='ocrx_word' id='word_1_627' title='bbox 3208 2464 3253 2507; x_wconf 85' lang='lat' dir='ltr'><strong>et</strong></span> <span class='ocrx_word' id='word_1_628' title='bbox 3283 2454 3437 2522; x_wconf 76' lang='lat' dir='ltr'><strong>filias,</strong></span> <span class='ocrx_word' id='word_1_629' title='bbox 3474 2462 3522 2507; x_wconf 80' lang='lat' dir='ltr'><strong>et</strong></span> 
     </span>
    </p>
   </div>
   <div class='ocr_carea' id='block_1_84' title="bbox 1934 2544 3521 2618">
    <p class='ocr_par' dir='ltr' id='par_1_84' title="bbox 1934 2544 3521 2618">
     <span class='ocr_line' id='line_1_84' title="bbox 1934 2544 3521 2618; baseline -0.004 -16"><span class='ocrx_word' id='word_1_630' title='bbox 1934 2552 2138 2618; x_wconf 78' lang='lat' dir='ltr'><strong>[nerunt</strong></span> <span class='ocrx_word' id='word_1_631' title='bbox 2187 2567 2357 2603; x_wconf 82' lang='lat' dir='ltr'><strong>omnes</strong></span> <span class='ocrx_word' id='word_1_632' title='bbox 2387 2550 2495 2603; x_wconf 86' lang='lat' dir='ltr'><strong>dies</strong></span> <span class='ocrx_word' id='word_1_633' title='bbox 2524 2549 2688 2614; x_wconf 90' lang='lat' dir='ltr'><strong>illius,</strong></span> <span class='ocrx_word' id='word_1_634' title='bbox 2733 2548 2817 2602; x_wconf 88' lang='lat' dir='ltr'><strong>vel</strong></span> <span class='ocrx_word' id='word_1_635' title='bbox 2850 2548 3010 2611; x_wconf 81' lang='lat' dir='ltr'><strong>illitis,</strong></span> <span class='ocrx_word' id='word_1_636' title='bbox 3055 2561 3188 2615; x_wconf 86' lang='lat' dir='ltr'><strong>quos</strong></span> <span class='ocrx_word' id='word_1_637' title='bbox 3213 2545 3363 2609; x_wconf 80' lang='lat' dir='ltr'><strong>vixit,</strong></span> <span class='ocrx_word' id='word_1_638' title='bbox 3395 2559 3442 2596; x_wconf 81' lang='lat' dir='ltr'><strong>ai</strong></span> <span class='ocrx_word' id='word_1_639' title='bbox 3467 2544 3521 2597; x_wconf 90' lang='lat' dir='ltr'><strong>ni</strong></span> 
     </span>
    </p>
   </div>
   <div class='ocr_carea' id='block_1_85' title="bbox 1935 2635 3522 2713">
    <p class='ocr_par' dir='ltr' id='par_1_85' title="bbox 1935 2635 3522 2713">
     <span class='ocr_line' id='line_1_85' title="bbox 1935 2635 3522 2713; baseline -0.004 -19"><span class='ocrx_word' id='word_1_640' title='bbox 1935 2653 2028 2706; x_wconf 89' lang='lat' dir='ltr'><strong>tot,</strong></span> <span class='ocrx_word' id='word_1_641' title='bbox 2062 2653 2106 2696; x_wconf 86' lang='lat' dir='ltr'><strong>et</strong></span> <span class='ocrx_word' id='word_1_642' title='bbox 2134 2651 2361 2695; x_wconf 85' lang='lat' dir='ltr'><strong>mortuus</strong></span> <span class='ocrx_word' id='word_1_643' title='bbox 2391 2653 2460 2694; x_wconf 89' lang='lat' dir='ltr'><strong>est</strong></span> <span class='ocrx_word' id='word_1_644' title='bbox 2507 2640 2662 2713; x_wconf 77' lang='lat' dir='ltr'><strong>(Gen.</strong></span> <span class='ocrx_word' id='word_1_645' title='bbox 2693 2657 2746 2705; x_wconf 88' lang='lat' dir='ltr'><strong>v,</strong></span> <span class='ocrx_word' id='word_1_646' title='bbox 2771 2643 2826 2705; x_wconf 69' lang='grc'><strong>4,</strong></span> <span class='ocrx_word' id='word_1_647' title='bbox 2854 2640 2908 2704; x_wconf 81' lang='lat'><strong>5,</strong></span> <span class='ocrx_word' id='word_1_648' title='bbox 2949 2648 2993 2692; x_wconf 91' lang='lat' dir='ltr'><strong>et</strong></span> <span class='ocrx_word' id='word_1_649' title='bbox 3022 2637 3164 2708; x_wconf 81' lang='lat' dir='ltr'><strong>alibi)</strong></span> <span class='ocrx_word' id='word_1_650' title='bbox 3200 2653 3213 2689; x_wconf 90' lang='lat'>:</span> <span class='ocrx_word' id='word_1_651' title='bbox 3267 2635 3522 2706; x_wconf 85' lang='lat' dir='ltr'><strong>numquid</strong></span> 
     </span>
    </p>
   </div>
   <div class='ocr_carea' id='block_1_86' title="bbox 1932 2727 3521 2805">
    <p class='ocr_par' dir='ltr' id='par_1_86' title="bbox 1932 2727 3521 2805">
     <span class='ocr_line' id='line_1_86' title="bbox 1932 2727 3521 2805; baseline -0.007 -17"><span class='ocrx_word' id='word_1_652' title='bbox 1932 2736 2053 2805; x_wconf 85' lang='lat' dir='ltr'><strong>quia</strong></span> <span class='ocrx_word' id='word_1_653' title='bbox 2092 2735 2309 2788; x_wconf 64' lang='lat' dir='ltr'><strong>eosdem</strong></span> <span class='ocrx_word' id='word_1_654' title='bbox 2346 2734 2481 2788; x_wconf 79' lang='lat' dir='ltr'><strong>lilios</strong></span> <span class='ocrx_word' id='word_1_655' title='bbox 2507 2742 2560 2787; x_wconf 87' lang='lat' dir='ltr'><strong>cl.</strong></span> <span class='ocrx_word' id='word_1_656' title='bbox 2589 2734 2720 2787; x_wconf 87' lang='lat' dir='ltr'><strong>filias</strong></span> <span class='ocrx_word' id='word_1_657' title='bbox 2751 2749 2853 2786; x_wconf 87' lang='lat' dir='ltr'><strong>tton</strong></span> <span class='ocrx_word' id='word_1_658' title='bbox 2885 2730 3140 2791; x_wconf 82' lang='lat' dir='ltr'><strong>nominat,</strong></span> <span class='ocrx_word' id='word_1_659' title='bbox 3179 2728 3296 2781; x_wconf 82' lang='lat' dir='ltr'><strong>ideo</strong></span> <span class='ocrx_word' id='word_1_660' title='bbox 3324 2727 3521 2781; x_wconf 86' lang='lat' dir='ltr'><strong>ittthli-</strong></span> 
     </span>
    </p>
   </div>
   <div class='ocr_carea' id='block_1_87' title="bbox 1930 2817 3522 2896">
    <p class='ocr_par' dir='ltr' id='par_1_87' title="bbox 1930 2817 3522 2896">
     <span class='ocr_line' id='line_1_87' title="bbox 1930 2817 3522 2896; baseline -0.006 -18"><span class='ocrx_word' id='word_1_661' title='bbox 1930 2841 2054 2896; x_wconf 85' lang='lat' dir='ltr'><strong>gere</strong></span> <span class='ocrx_word' id='word_1_662' title='bbox 2077 2843 2180 2878; x_wconf 86' lang='lat' dir='ltr'><strong>non</strong></span> <span class='ocrx_word' id='word_1_663' title='bbox 2213 2825 2466 2877; x_wconf 84' lang='lat' dir='ltr'><strong>debemus</strong></span> <span class='ocrx_word' id='word_1_664' title='bbox 2491 2840 2581 2890; x_wconf 88' lang='lat' dir='ltr'><strong>per</strong></span> <span class='ocrx_word' id='word_1_665' title='bbox 2613 2832 2716 2875; x_wconf 72' lang='lat' dir='ltr'><strong>tam</strong></span> <span class='ocrx_word' id='word_1_666' title='bbox 2745 2822 2938 2875; x_wconf 85' lang='lat' dir='ltr'><strong>multos</strong></span> <span class='ocrx_word' id='word_1_667' title='bbox 2963 2833 3152 2882; x_wconf 86' lang='lat' dir='ltr'><strong>annos,</strong></span> <span class='ocrx_word' id='word_1_668' title='bbox 3185 2817 3374 2886; x_wconf 87' lang='lat' dir='ltr'><strong>quibus</strong></span> <span class='ocrx_word' id='word_1_669' title='bbox 3396 2827 3522 2869; x_wconf 90' lang='lat' dir='ltr'><strong>tunc</strong></span> 
     </span>
    </p>
   </div>
   <div class='ocr_carea' id='block_1_88' title="bbox 1934 2909 3526 2986">
    <p class='ocr_par' dir='ltr' id='par_1_88' title="bbox 1934 2909 3526 2986">
     <span class='ocr_line' id='line_1_88' title="bbox 1934 2909 3526 2986; baseline -0.006 -15"><span class='ocrx_word' id='word_1_670' title='bbox 1934 2919 1984 2971; x_wconf 89' lang='lat' dir='ltr'><strong>in</strong></span> <span class='ocrx_word' id='word_1_671' title='bbox 2019 2917 2198 2972; x_wconf 51' lang='lat' dir='ltr'><strong>sa‘culi</strong></span> <span class='ocrx_word' id='word_1_672' title='bbox 2237 2917 2392 2986; x_wconf 87' lang='lat' dir='ltr'><strong>hujus</strong></span> <span class='ocrx_word' id='word_1_673' title='bbox 2423 2917 2588 2985; x_wconf 90' lang='lat' dir='ltr'><strong>pritna</strong></span> <span class='ocrx_word' id='word_1_674' title='bbox 2618 2925 2777 2969; x_wconf 74' lang='lat' dir='ltr'><strong>:elatc</strong></span> <span class='ocrx_word' id='word_1_675' title='bbox 2815 2913 3079 2977; x_wconf 82' lang='lat' dir='ltr'><strong>vivebant,</strong></span> <span class='ocrx_word' id='word_1_676' title='bbox 3117 2911 3259 2965; x_wconf 88' lang='lat' dir='ltr'><strong>nasci</strong></span> <span class='ocrx_word' id='word_1_677' title='bbox 3289 2909 3526 2980; x_wconf 85' lang='lat' dir='ltr'><strong>potuisse</strong></span> 
     </span>
    </p>
   </div>
   <div class='ocr_carea' id='block_1_89' title="bbox 1933 3002 3524 3078">
    <p class='ocr_par' dir='ltr' id='par_1_89' title="bbox 1933 3002 3524 3078">
     <span class='ocr_line' id='line_1_89' title="bbox 1933 3002 3524 3078; baseline -0.008 -14"><span class='ocrx_word' id='word_1_678' title='bbox 1933 3011 2187 3078; x_wconf 78' lang='lat' dir='ltr'><strong>plurimos</strong></span> <span class='ocrx_word' id='word_1_679' title='bbox 2235 3009 2505 3070; x_wconf 80' lang='lat' dir='ltr'><strong>homines,</strong></span> <span class='ocrx_word' id='word_1_680' title='bbox 2556 3024 2780 3076; x_wconf 87' lang='lat' dir='ltr'><strong>quorum</strong></span> <span class='ocrx_word' id='word_1_681' title='bbox 2825 3006 3048 3060; x_wconf 71' lang='lat' dir='ltr'><strong>cmtihus</strong></span> <span class='ocrx_word' id='word_1_682' title='bbox 3092 3002 3246 3056; x_wconf 88' lang='lat' dir='ltr'><strong>condi</strong></span> <span class='ocrx_word' id='word_1_683' title='bbox 3307 3011 3524 3070; x_wconf 84' lang='lat' dir='ltr'><strong>possent</strong></span> 
     </span>
    </p>
   </div>
   <div class='ocr_carea' id='block_1_90' title="bbox 1930 3094 3524 3169">
    <p class='ocr_par' dir='ltr' id='par_1_90' title="bbox 1930 3094 3524 3169">
     <span class='ocr_line' id='line_1_90' title="bbox 1930 3094 3524 3169; baseline -0.006 -16"><span class='ocrx_word' id='word_1_684' title='bbox 1930 3103 2086 3154; x_wconf 88' lang='lat' dir='ltr'><strong>etiam</strong></span> <span class='ocrx_word' id='word_1_685' title='bbox 2119 3101 2358 3169; x_wconf 73' lang='lat' dir='ltr'><strong>plurima:</strong></span> <span class='ocrx_word' id='word_1_686' title='bbox 2383 3100 2622 3153; x_wconf 84' lang='lat' dir='ltr'><strong>civitates</strong></span> <span class='ocrx_word' id='word_1_687' title='bbox 2643 3099 2667 3148; x_wconf 87' lang='lat'><strong>?</strong></span> <span class='ocrx_word' id='word_1_688' title='bbox 2704 3097 2795 3151; x_wconf 84' lang='lat' dir='ltr'><strong>sed</strong></span> <span class='ocrx_word' id='word_1_689' title='bbox 2827 3098 3074 3164; x_wconf 85' lang='lat' dir='ltr'><strong>pertinuit</strong></span> <span class='ocrx_word' id='word_1_690' title='bbox 3101 3094 3166 3147; x_wconf 90' lang='lat' dir='ltr'><strong>ad</strong></span> <span class='ocrx_word' id='word_1_691' title='bbox 3201 3095 3386 3157; x_wconf 90' lang='lat' dir='ltr'><strong>Detnu,</strong></span> <span class='ocrx_word' id='word_1_692' title='bbox 3415 3106 3524 3160; x_wconf 90' lang='lat' dir='ltr'><strong>quo</strong></span> 
     </span>
    </p>
   </div>
   <div class='ocr_carea' id='block_1_91' title="bbox 1931 3184 3524 3262">
    <p class='ocr_par' dir='ltr' id='par_1_91' title="bbox 1931 3184 3524 3262">
     <span class='ocr_line' id='line_1_91' title="bbox 1931 3184 3524 3262; baseline -0.009 -14"><span class='ocrx_word' id='word_1_693' title='bbox 1931 3195 2028 3248; x_wconf 54' lang='lat' dir='ltr'><strong>ista</strong></span> <span class='ocrx_word' id='word_1_694' title='bbox 2060 3195 2350 3262; x_wconf 80' lang='lat' dir='ltr'><strong>inspirante</strong></span> <span class='ocrx_word' id='word_1_695' title='bbox 2401 3192 2698 3258; x_wconf 78' lang='lat' dir='ltr'><strong>conscripta</strong></span> <span class='ocrx_word' id='word_1_696' title='bbox 2745 3199 2889 3252; x_wconf 81' lang='lat' dir='ltr'><strong>sunt,</strong></span> <span class='ocrx_word' id='word_1_697' title='bbox 2939 3185 3032 3239; x_wconf 90' lang='lat' dir='ltr'><strong>has</strong></span> <span class='ocrx_word' id='word_1_698' title='bbox 3065 3185 3196 3238; x_wconf 84' lang='lat' dir='ltr'><strong>duas</strong></span> <span class='ocrx_word' id='word_1_699' title='bbox 3240 3184 3524 3236; x_wconf 84' lang='lat' dir='ltr'><strong>societates</strong></span> 
     </span>
    </p>
   </div>
   <div class='ocr_carea' id='block_1_92' title="bbox 1929 3275 3523 3353">
    <p class='ocr_par' dir='ltr' id='par_1_92' title="bbox 1929 3275 3523 3353">
     <span class='ocr_line' id='line_1_92' title="bbox 1929 3275 3523 3353; baseline -0.009 -14"><span class='ocrx_word' id='word_1_700' title='bbox 1929 3288 2039 3339; x_wconf 83' lang='lat' dir='ltr'><strong>suis</strong></span> <span class='ocrx_word' id='word_1_701' title='bbox 2064 3286 2292 3338; x_wconf 77' lang='lat' dir='ltr'><strong>diversis</strong></span> <span class='ocrx_word' id='word_1_702' title='bbox 2321 3281 2750 3353; x_wconf 83' lang='lat' dir='ltr'><strong>generationibus</strong></span> <span class='ocrx_word' id='word_1_703' title='bbox 2791 3278 3028 3347; x_wconf 81' lang='lat' dir='ltr'><strong>primitus</strong></span> <span class='ocrx_word' id='word_1_704' title='bbox 3065 3275 3307 3344; x_wconf 84' lang='lat' dir='ltr'><strong>digerere</strong></span> <span class='ocrx_word' id='word_1_705' title='bbox 3363 3284 3523 3340; x_wconf 87' lang='lat' dir='ltr'><strong>atque</strong></span> 
     </span>
    </p>
   </div>
   <div class='ocr_carea' id='block_1_93' title="bbox 1929 3363 3519 3445">
    <p class='ocr_par' dir='ltr' id='par_1_93' title="bbox 1929 3363 3519 3445">
     <span class='ocr_line' id='line_1_93' title="bbox 1929 3363 3519 3445; baseline -0.009 -18"><span class='ocrx_word' id='word_1_706' title='bbox 1929 3379 2256 3445; x_wconf 73' lang='lat' dir='ltr'><strong>distinguere</strong></span> <span class='ocrx_word' id='word_1_707' title='bbox 2282 3393 2296 3428; x_wconf 86' lang='lat'><strong>:</strong></span> <span class='ocrx_word' id='word_1_708' title='bbox 2326 3383 2380 3427; x_wconf 87' lang='grc' dir='ltr'>ιιι</span> <span class='ocrx_word' id='word_1_709' title='bbox 2417 3388 2656 3427; x_wconf 87' lang='lat' dir='ltr'><strong>seorsum</strong></span> <span class='ocrx_word' id='word_1_710' title='bbox 2689 3369 3099 3433; x_wconf 88' lang='lat' dir='ltr'><strong>homitutm,hoc</strong></span> <span class='ocrx_word' id='word_1_711' title='bbox 3123 3375 3201 3419; x_wconf 88' lang='lat' dir='ltr'><strong>est</strong></span> <span class='ocrx_word' id='word_1_712' title='bbox 3228 3363 3519 3418; x_wconf 89' lang='lat' dir='ltr'><strong>secundum</strong></span> 
     </span>
    </p>
   </div>
   <div class='ocr_carea' id='block_1_94' title="bbox 1932 3452 3518 3526">
    <p class='ocr_par' dir='ltr' id='par_1_94' title="bbox 1932 3452 3518 3526">
     <span class='ocr_line' id='line_1_94' title="bbox 1932 3452 3518 3526; baseline -0.009 -6"><span class='ocrx_word' id='word_1_713' title='bbox 1932 3468 2200 3520; x_wconf 79' lang='lat' dir='ltr'><strong>hominem</strong></span> <span class='ocrx_word' id='word_1_714' title='bbox 2234 3466 2543 3526; x_wconf 83' lang='lat' dir='ltr'><strong>viventium,</strong></span> <span class='ocrx_word' id='word_1_715' title='bbox 2571 3477 2812 3516; x_wconf 83' lang='lat' dir='ltr'><strong>Seorsum</strong></span> <span class='ocrx_word' id='word_1_716' title='bbox 2840 3469 3015 3513; x_wconf 91' lang='lat' dir='ltr'><strong>autem</strong></span> <span class='ocrx_word' id='word_1_717' title='bbox 3050 3457 3275 3510; x_wconf 84' lang='lat' dir='ltr'><strong>filiorum</strong></span> <span class='ocrx_word' id='word_1_718' title='bbox 3315 3455 3426 3516; x_wconf 83' lang='lat' dir='ltr'><strong>Dei,</strong></span> <span class='ocrx_word' id='word_1_719' title='bbox 3467 3452 3518 3506; x_wconf 92' lang='lat' dir='ltr'><strong>id</strong></span> 
     </span>
    </p>
   </div>
   <div class='ocr_carea' id='block_1_95' title="bbox 1930 3550 3521 3620">
    <p class='ocr_par' dir='ltr' id='par_1_95' title="bbox 1930 3550 3521 3620">
     <span class='ocr_line' id='line_1_95' title="bbox 1930 3550 3521 3620; baseline -0.009 -6"><span class='ocrx_word' id='word_1_720' title='bbox 1930 3572 2011 3614; x_wconf 66' lang='lat' dir='ltr'><strong>est</strong></span> <span class='ocrx_word' id='word_1_721' title='bbox 2034 3561 2304 3614; x_wconf 87' lang='lat' dir='ltr'><strong>hmnintnn</strong></span> <span class='ocrx_word' id='word_1_722' title='bbox 2320 3558 2611 3612; x_wconf 73' lang='lat' dir='ltr'><strong>secundum</strong></span> <span class='ocrx_word' id='word_1_723' title='bbox 2634 3556 2797 3609; x_wconf 79' lang='lat' dir='ltr'><strong>Deum</strong></span> <span class='ocrx_word' id='word_1_724' title='bbox 2821 3554 3128 3614; x_wconf 87' lang='lat' dir='ltr'><strong>viventium,</strong></span> <span class='ocrx_word' id='word_1_725' title='bbox 3151 3550 3521 3620; x_wconf 79' lang='lat' dir='ltr'><strong>generationes</strong></span> 
     </span>
    </p>
   </div>
   <div class='ocr_carea' id='block_1_96' title="bbox 1929 3642 3520 3719">
    <p class='ocr_par' dir='ltr' id='par_1_96' title="bbox 1929 3642 3520 3719">
     <span class='ocr_line' id='line_1_96' title="bbox 1929 3642 3520 3719; baseline -0.008 -14"><span class='ocrx_word' id='word_1_726' title='bbox 1929 3664 2521 3719; x_wconf 71' lang='lat' dir='ltr'><strong>eontexerenturustjue</strong></span> <span class='ocrx_word' id='word_1_727' title='bbox 2544 3650 2610 3703; x_wconf 86' lang='lat' dir='ltr'><strong>ad</strong></span> <span class='ocrx_word' id='word_1_728' title='bbox 2636 3648 2912 3713; x_wconf 86' lang='lat' dir='ltr'><strong>diluvium,</strong></span> <span class='ocrx_word' id='word_1_729' title='bbox 2939 3647 3024 3700; x_wconf 86' lang='lat' dir='ltr'><strong>ubi</strong></span> <span class='ocrx_word' id='word_1_730' title='bbox 3047 3645 3320 3698; x_wconf 88' lang='lat' dir='ltr'><strong>ambarum</strong></span> <span class='ocrx_word' id='word_1_731' title='bbox 3343 3642 3520 3694; x_wconf 81' lang='lat' dir='ltr'><strong>socie-</strong></span> 
     </span>
    </p>
   </div>
   <div class='ocr_carea' id='block_1_97' title="bbox 1932 3732 3521 3809">
    <p class='ocr_par' dir='ltr' id='par_1_97' title="bbox 1932 3732 3521 3809">
     <span class='ocr_line' id='line_1_97' title="bbox 1932 3732 3521 3809; baseline -0.008 -13"><span class='ocrx_word' id='word_1_732' title='bbox 1932 3757 2094 3798; x_wconf 88' lang='lat' dir='ltr'><strong>latum</strong></span> <span class='ocrx_word' id='word_1_733' title='bbox 2163 3744 2413 3798; x_wconf 77' lang='lat' dir='ltr'><strong>discretio</strong></span> <span class='ocrx_word' id='word_1_734' title='bbox 2467 3742 2845 3809; x_wconf 87' lang='lat' dir='ltr'><strong>concretioquc</strong></span> <span class='ocrx_word' id='word_1_735' title='bbox 2906 3745 3148 3791; x_wconf 90' lang='lat' dir='ltr'><strong>narratur</strong></span> <span class='ocrx_word' id='word_1_736' title='bbox 3199 3752 3212 3789; x_wconf 89' lang='lat'><strong>:</strong></span> <span class='ocrx_word' id='word_1_737' title='bbox 3269 3732 3521 3786; x_wconf 86' lang='lat' dir='ltr'><strong>discretio</strong></span> 
     </span>
    </p>
   </div>
   <div class='ocr_carea' id='block_1_98' title="bbox 1929 3826 3518 3904">
    <p class='ocr_par' dir='ltr' id='par_1_98' title="bbox 1929 3826 3518 3904">
     <span class='ocr_line' id='line_1_98' title="bbox 1929 3826 3518 3904; baseline -0.008 -18"><span class='ocrx_word' id='word_1_738' title='bbox 1929 3836 2162 3903; x_wconf 80' lang='lat' dir='ltr'><strong>qttidettt,</strong></span> <span class='ocrx_word' id='word_1_739' title='bbox 2197 3836 2344 3904; x_wconf 87' lang='lat' dir='ltr'><strong>quod</strong></span> <span class='ocrx_word' id='word_1_740' title='bbox 2366 3833 2640 3887; x_wconf 85' lang='lat' dir='ltr'><strong>ambarum</strong></span> <span class='ocrx_word' id='word_1_741' title='bbox 2666 3829 2950 3900; x_wconf 88' lang='lat' dir='ltr'><strong>separatim</strong></span> <span class='ocrx_word' id='word_1_742' title='bbox 2981 3826 3348 3896; x_wconf 84' lang='lat' dir='ltr'><strong>generatiOues</strong></span> <span class='ocrx_word' id='word_1_743' title='bbox 3366 3836 3518 3876; x_wconf 81' lang='lat' dir='ltr'><strong>com-</strong></span> 
     </span>
    </p>
   </div>
   <div class='ocr_carea' id='block_1_99' title="bbox 1932 3913 3523 3986">
    <p class='ocr_par' dir='ltr' id='par_1_99' title="bbox 1932 3913 3523 3986">
     <span class='ocr_line' id='line_1_99' title="bbox 1932 3913 3523 3986; baseline -0.008 -7"><span class='ocrx_word' id='word_1_744' title='bbox 1932 3936 2312 3986; x_wconf 85' lang='lat' dir='ltr'><strong>memorantur,</strong></span> <span class='ocrx_word' id='word_1_745' title='bbox 2338 3925 2492 3978; x_wconf 89' lang='lat' dir='ltr'><strong>unius</strong></span> <span class='ocrx_word' id='word_1_746' title='bbox 2515 3923 2795 3977; x_wconf 74' lang='lat' dir='ltr'><strong>fratricidm</strong></span> <span class='ocrx_word' id='word_1_747' title='bbox 2815 3919 2964 3980; x_wconf 87' lang='lat' dir='ltr'><strong>Cain,</strong></span> <span class='ocrx_word' id='word_1_748' title='bbox 2993 3918 3209 3972; x_wconf 85' lang='lat' dir='ltr'><strong>alterius</strong></span> <span class='ocrx_word' id='word_1_749' title='bbox 3229 3923 3403 3967; x_wconf 90' lang='lat' dir='ltr'><strong>autem</strong></span> <span class='ocrx_word' id='word_1_750' title='bbox 3425 3913 3523 3982; x_wconf 86' lang='lat' dir='ltr'><strong>qui</strong></span> 
     </span>
    </p>
   </div>
   <div class='ocr_carea' id='block_1_100' title="bbox 1931 4007 3523 4085">
    <p class='ocr_par' dir='ltr' id='par_1_100' title="bbox 1931 4007 3523 4085">
     <span class='ocr_line' id='line_1_100' title="bbox 1931 4007 3523 4085; baseline -0.011 -13"><span class='ocrx_word' id='word_1_751' title='bbox 1931 4020 2216 4072; x_wconf 84' lang='lat' dir='ltr'><strong>vocabatur</strong></span> <span class='ocrx_word' id='word_1_752' title='bbox 2243 4017 2405 4079; x_wconf 62' lang='lat' dir='ltr'><strong>86th;</strong></span> <span class='ocrx_word' id='word_1_753' title='bbox 2435 4024 2588 4070; x_wconf 89' lang='lat' dir='ltr'><strong>natus</strong></span> <span class='ocrx_word' id='word_1_754' title='bbox 2609 4015 2802 4085; x_wconf 86' lang='lat' dir='ltr'><strong>quippe</strong></span> <span class='ocrx_word' id='word_1_755' title='bbox 2825 4011 2992 4066; x_wconf 84' lang='lat' dir='ltr'><strong>fuerat</strong></span> <span class='ocrx_word' id='word_1_756' title='bbox 3023 4018 3076 4064; x_wconf 88' lang='lat' dir='ltr'><strong>et</strong></span> <span class='ocrx_word' id='word_1_757' title='bbox 3101 4009 3211 4077; x_wconf 58' lang='lat' dir='ltr'><strong>ipse</strong></span> <span class='ocrx_word' id='word_1_758' title='bbox 3231 4007 3299 4060; x_wconf 88' lang='lat' dir='ltr'><strong>de</strong></span> <span class='ocrx_word' id='word_1_759' title='bbox 3325 4007 3523 4067; x_wconf 75' lang='lat' dir='ltr'><strong>Adam,</strong></span> 
     </span>
    </p>
   </div>
   <div class='ocr_carea' id='block_1_101' title="bbox 1933 4096 3526 4182">
    <p class='ocr_par' dir='ltr' id='par_1_101' title="bbox 1933 4096 3526 4182">
     <span class='ocr_line' id='line_1_101' title="bbox 1933 4096 3526 4182; baseline -0.011 -19"><span class='ocrx_word' id='word_1_760' title='bbox 1933 4127 2028 4182; x_wconf 89' lang='lat' dir='ltr'><strong>pro</strong></span> <span class='ocrx_word' id='word_1_761' title='bbox 2057 4113 2144 4164; x_wconf 89' lang='lat' dir='ltr'><strong>illo</strong></span> <span class='ocrx_word' id='word_1_762' title='bbox 2173 4127 2331 4181; x_wconf 86' lang='lat' dir='ltr'><strong>quem</strong></span> <span class='ocrx_word' id='word_1_763' title='bbox 2372 4111 2533 4163; x_wconf 82' lang='lat' dir='ltr'><strong>frater</strong></span> <span class='ocrx_word' id='word_1_764' title='bbox 2560 4107 2755 4161; x_wconf 83' lang='lat' dir='ltr'><strong>occidit</strong></span> <span class='ocrx_word' id='word_1_765' title='bbox 2786 4122 2800 4158; x_wconf 90' lang='lat'><strong>:</strong></span> <span class='ocrx_word' id='word_1_766' title='bbox 2845 4102 3113 4157; x_wconf 90' lang='lat' dir='ltr'><strong>concretio</strong></span> <span class='ocrx_word' id='word_1_767' title='bbox 3142 4108 3342 4162; x_wconf 89' lang='lat' dir='ltr'><strong>autem,</strong></span> <span class='ocrx_word' id='word_1_768' title='bbox 3373 4096 3526 4165; x_wconf 68' lang='lat' dir='ltr'><strong>quia,</strong></span> 
     </span>
    </p>
   </div>
   <div class='ocr_carea' id='block_1_102' title="bbox 1933 4186 3524 4259">
    <p class='ocr_par' dir='ltr' id='par_1_102' title="bbox 1933 4186 3524 4259">
     <span class='ocr_line' id='line_1_102' title="bbox 1933 4186 3524 4259; baseline -0.011 -4"><span class='ocrx_word' id='word_1_769' title='bbox 1933 4203 2084 4255; x_wconf 85' lang='lat' dir='ltr'><strong>bonis</strong></span> <span class='ocrx_word' id='word_1_770' title='bbox 2115 4203 2166 4255; x_wconf 94' lang='lat' dir='ltr'><strong>in</strong></span> <span class='ocrx_word' id='word_1_771' title='bbox 2205 4200 2442 4254; x_wconf 80' lang='lat' dir='ltr'><strong>deterius</strong></span> <span class='ocrx_word' id='word_1_772' title='bbox 2487 4195 2898 4259; x_wconf 87' lang='lat' dir='ltr'><strong>declinantibus,</strong></span> <span class='ocrx_word' id='word_1_773' title='bbox 2944 4194 3076 4246; x_wconf 87' lang='lat' dir='ltr'><strong>tales</strong></span> <span class='ocrx_word' id='word_1_774' title='bbox 3119 4189 3353 4244; x_wconf 86' lang='lat' dir='ltr'><strong>universi</strong></span> <span class='ocrx_word' id='word_1_775' title='bbox 3398 4186 3524 4240; x_wconf 87' lang='lat' dir='ltr'><strong>facti</strong></span> 
     </span>
    </p>
   </div>
   <div class='ocr_carea' id='block_1_103' title="bbox 1933 4284 3521 4356">
    <p class='ocr_par' dir='ltr' id='par_1_103' title="bbox 1933 4284 3521 4356">
     <span class='ocr_line' id='line_1_103' title="bbox 1933 4284 3521 4356; baseline -0.006 -10"><span class='ocrx_word' id='word_1_776' title='bbox 1933 4295 2160 4356; x_wconf 88' lang='lat' dir='ltr'><strong>fuerant,</strong></span> <span class='ocrx_word' id='word_1_777' title='bbox 2194 4304 2246 4346; x_wconf 88' lang='lat' dir='ltr'><strong>ut</strong></span> <span class='ocrx_word' id='word_1_778' title='bbox 2275 4292 2476 4345; x_wconf 86' lang='lat' dir='ltr'><strong>diluvio</strong></span> <span class='ocrx_word' id='word_1_779' title='bbox 2504 4290 2831 4354; x_wconf 86' lang='lat' dir='ltr'><strong>delerentur,</strong></span> <span class='ocrx_word' id='word_1_780' title='bbox 2863 4297 3086 4355; x_wconf 78' lang='lat' dir='ltr'><strong>excepto</strong></span> <span class='ocrx_word' id='word_1_781' title='bbox 3116 4301 3220 4338; x_wconf 91' lang='lat' dir='ltr'><strong>uno</strong></span> <span class='ocrx_word' id='word_1_782' title='bbox 3245 4284 3408 4353; x_wconf 89' lang='lat' dir='ltr'><strong>justo,</strong></span> <span class='ocrx_word' id='word_1_783' title='bbox 3432 4285 3521 4340; x_wconf 89' lang='lat' dir='ltr'><strong>cui</strong></span> 
     </span>
    </p>
   </div>
   <div class='ocr_carea' id='block_1_104' title="bbox 1933 4377 3518 4451">
    <p class='ocr_par' dir='ltr' id='par_1_104' title="bbox 1933 4377 3518 4451">
     <span class='ocr_line' id='line_1_104' title="bbox 1933 4377 3518 4451; baseline -0.006 -13"><span class='ocrx_word' id='word_1_784' title='bbox 1933 4401 2124 4438; x_wconf 70' lang='lat' dir='ltr'><strong>trunca</strong></span> <span class='ocrx_word' id='word_1_785' title='bbox 2153 4394 2268 4438; x_wconf 88' lang='lat' dir='ltr'><strong>erat</strong></span> <span class='ocrx_word' id='word_1_786' title='bbox 2296 4383 2422 4444; x_wconf 80' lang='lat' dir='ltr'><strong>Noe,</strong></span> <span class='ocrx_word' id='word_1_787' title='bbox 2457 4391 2511 4436; x_wconf 90' lang='lat' dir='ltr'><strong>et</strong></span> <span class='ocrx_word' id='word_1_788' title='bbox 2533 4381 2650 4451; x_wconf 90' lang='lat' dir='ltr'><strong>ejus</strong></span> <span class='ocrx_word' id='word_1_789' title='bbox 2675 4379 2916 4448; x_wconf 86' lang='lat' dir='ltr'><strong>conjuge,</strong></span> <span class='ocrx_word' id='word_1_790' title='bbox 2947 4389 2999 4432; x_wconf 89' lang='lat' dir='ltr'><strong>et</strong></span> <span class='ocrx_word' id='word_1_791' title='bbox 3027 4378 3194 4431; x_wconf 91' lang='lat' dir='ltr'><strong>tribus</strong></span> <span class='ocrx_word' id='word_1_792' title='bbox 3223 4377 3361 4439; x_wconf 88' lang='lat' dir='ltr'><strong>filiis,</strong></span> <span class='ocrx_word' id='word_1_793' title='bbox 3393 4377 3518 4430; x_wconf 76' lang='lat' dir='ltr'><strong>toti-</strong></span> 
     </span>
    </p>
   </div>
   <div class='ocr_carea' id='block_1_105' title="bbox 1931 4466 3520 4546">
    <p class='ocr_par' dir='ltr' id='par_1_105' title="bbox 1931 4466 3520 4546">
     <span class='ocr_line' id='line_1_105' title="bbox 1931 4466 3520 4546; baseline -0.005 -16"><span class='ocrx_word' id='word_1_794' title='bbox 1931 4477 2158 4546; x_wconf 84' lang='lat' dir='ltr'><strong>deniqne</strong></span> <span class='ocrx_word' id='word_1_795' title='bbox 2215 4475 2450 4538; x_wconf 88' lang='lat' dir='ltr'><strong>uurilms,</strong></span> <span class='ocrx_word' id='word_1_796' title='bbox 2494 4473 2580 4543; x_wconf 85' lang='lat' dir='ltr'><strong>qui</strong></span> <span class='ocrx_word' id='word_1_797' title='bbox 2624 4472 2864 4524; x_wconf 87' lang='lat' dir='ltr'><strong>homines</strong></span> <span class='ocrx_word' id='word_1_798' title='bbox 2898 4478 3019 4523; x_wconf 90' lang='lat' dir='ltr'><strong>octo</strong></span> <span class='ocrx_word' id='word_1_799' title='bbox 3054 4485 3120 4523; x_wconf 77' lang='lat' dir='ltr'><strong>ex</strong></span> <span class='ocrx_word' id='word_1_800' title='bbox 3156 4468 3243 4522; x_wconf 90' lang='lat' dir='ltr'><strong>illa</strong></span> <span class='ocrx_word' id='word_1_801' title='bbox 3281 4466 3520 4522; x_wconf 89' lang='lat' dir='ltr'><strong>omnium</strong></span> 
     </span>
    </p>
   </div>
   <div class='ocr_carea' id='block_1_106' title="bbox 1934 4559 3519 4632">
    <p class='ocr_par' dir='ltr' id='par_1_106' title="bbox 1934 4559 3519 4632">
     <span class='ocr_line' id='line_1_106' title="bbox 1934 4559 3519 4632; baseline -0.006 -12"><span class='ocrx_word' id='word_1_802' title='bbox 1934 4571 2225 4623; x_wconf 82' lang='lat' dir='ltr'><strong>vastatione</strong></span> <span class='ocrx_word' id='word_1_803' title='bbox 2267 4566 2567 4621; x_wconf 88' lang='lat' dir='ltr'><strong>mortalium</strong></span> <span class='ocrx_word' id='word_1_804' title='bbox 2612 4580 2706 4632; x_wconf 86' lang='lat' dir='ltr'><strong>per</strong></span> <span class='ocrx_word' id='word_1_805' title='bbox 2732 4577 2908 4617; x_wconf 87' lang='lat' dir='ltr'><strong>arcam</strong></span> <span class='ocrx_word' id='word_1_806' title='bbox 2935 4559 3162 4614; x_wconf 91' lang='lat' dir='ltr'><strong>evadere</strong></span> <span class='ocrx_word' id='word_1_807' title='bbox 3188 4570 3519 4612; x_wconf 82' lang='lat' dir='ltr'><strong>meruerunt.</strong></span> 
     </span>
    </p>
   </div>
   <div class='ocr_carea' id='block_1_107' title="bbox 2001 4651 3516 4730">
    <p class='ocr_par' dir='ltr' id='par_1_107' title="bbox 2001 4651 3516 4730">
     <span class='ocr_line' id='line_1_107' title="bbox 2001 4651 3516 4730; baseline -0.008 -15"><span class='ocrx_word' id='word_1_808' title='bbox 2001 4661 2058 4715; x_wconf 72' lang='grc'><strong>2.</strong></span> <span class='ocrx_word' id='word_1_809' title='bbox 2085 4661 2236 4726; x_wconf 82' lang='lat' dir='ltr'><strong>Quod</strong></span> <span class='ocrx_word' id='word_1_810' title='bbox 2262 4663 2418 4730; x_wconf 86' lang='lat' dir='ltr'><strong>igitur</strong></span> <span class='ocrx_word' id='word_1_811' title='bbox 2445 4658 2702 4726; x_wconf 91' lang='lat' dir='ltr'><strong>scriptum</strong></span> <span class='ocrx_word' id='word_1_812' title='bbox 2731 4665 2813 4709; x_wconf 90' lang='lat' dir='ltr'><strong>est</strong></span> <span class='ocrx_word' id='word_1_813' title='bbox 2833 4697 2846 4718; x_wconf 91' lang='lat'><strong>,</strong></span> <span class='ocrx_word' id='word_1_814' title='bbox 2876 4653 2943 4707; x_wconf 79' lang='lat' dir='ltr'><strong>Et</strong></span> <span class='ocrx_word' id='word_1_815' title='bbox 2977 4654 3204 4724; x_wconf 87' lang='lat' dir='ltr'><strong>cognovit</strong></span> <span class='ocrx_word' id='word_1_816' title='bbox 3236 4651 3359 4706; x_wconf 88' lang='lat' dir='ltr'><strong>Cain</strong></span> <span class='ocrx_word' id='word_1_817' title='bbox 3388 4669 3516 4704; x_wconf 69' lang='lat' dir='ltr'><strong>uxo-</strong></span> 
     </span>
    </p>
   </div>
   <div class='ocr_carea' id='block_1_108' title="bbox 1931 4743 3516 4818">
    <p class='ocr_par' dir='ltr' id='par_1_108' title="bbox 1931 4743 3516 4818">
     <span class='ocr_line' id='line_1_108' title="bbox 1931 4743 3516 4818; baseline -0.008 -11"><span class='ocrx_word' id='word_1_818' title='bbox 1931 4771 2035 4807; x_wconf 83' lang='lat' dir='ltr'><strong>rem</strong></span> <span class='ocrx_word' id='word_1_819' title='bbox 2065 4769 2206 4806; x_wconf 86' lang='lat' dir='ltr'><strong>suum</strong></span> <span class='ocrx_word' id='word_1_820' title='bbox 2229 4795 2243 4817; x_wconf 93' lang='lat'><strong>,</strong></span> <span class='ocrx_word' id='word_1_821' title='bbox 2275 4764 2319 4804; x_wconf 88' lang='lat' dir='ltr'><strong>et</strong></span> <span class='ocrx_word' id='word_1_822' title='bbox 2347 4749 2630 4818; x_wconf 81' lang='lat' dir='ltr'><strong>concipiens</strong></span> <span class='ocrx_word' id='word_1_823' title='bbox 2657 4748 2844 4816; x_wconf 83' lang='lat' dir='ltr'><strong>peperit</strong></span> <span class='ocrx_word' id='word_1_824' title='bbox 2887 4746 3093 4807; x_wconf 76' lang='lat' dir='ltr'><strong>Eitoclt;</strong></span> <span class='ocrx_word' id='word_1_825' title='bbox 3131 4756 3175 4798; x_wconf 82' lang='lat' dir='ltr'><strong>et</strong></span> <span class='ocrx_word' id='word_1_826' title='bbox 3206 4755 3310 4799; x_wconf 86' lang='lat' dir='ltr'><strong>erat</strong></span> <span class='ocrx_word' id='word_1_827' title='bbox 3349 4743 3516 4808; x_wconf 77' lang='lat' dir='ltr'><strong>redi/i-</strong></span> 
     </span>
    </p>
   </div>
   <div class='ocr_carea' id='block_1_109' title="bbox 1933 4839 3518 4910">
    <p class='ocr_par' dir='ltr' id='par_1_109' title="bbox 1933 4839 3518 4910">
     <span class='ocr_line' id='line_1_109' title="bbox 1933 4839 3518 4910; baseline -0.008 -10"><span class='ocrx_word' id='word_1_828' title='bbox 1933 4865 2056 4901; x_wconf 86' lang='lat' dir='ltr'><strong>cans</strong></span> <span class='ocrx_word' id='word_1_829' title='bbox 2094 4847 2342 4899; x_wconf 84' lang='lat' dir='ltr'><strong>civitatem</strong></span> <span class='ocrx_word' id='word_1_830' title='bbox 2387 4845 2439 4898; x_wconf 88' lang='lat' dir='ltr'><strong>in</strong></span> <span class='ocrx_word' id='word_1_831' title='bbox 2492 4845 2692 4897; x_wconf 84' lang='lat' dir='ltr'><strong>nomine</strong></span> <span class='ocrx_word' id='word_1_832' title='bbox 2739 4841 2833 4910; x_wconf 80' lang='lat' dir='ltr'><strong>ﬁlii</strong></span> <span class='ocrx_word' id='word_1_833' title='bbox 2877 4841 2956 4893; x_wconf 88' lang='lat' dir='ltr'><strong>sui</strong></span> <span class='ocrx_word' id='word_1_834' title='bbox 3004 4839 3176 4892; x_wconf 77' lang='lat' dir='ltr'><strong>Enorlt</strong></span> <span class='ocrx_word' id='word_1_835' title='bbox 3221 4854 3239 4891; x_wconf 90' lang='lat'><strong><em>:</em></strong></span> <span class='ocrx_word' id='word_1_836' title='bbox 3284 4852 3386 4890; x_wconf 91' lang='lat' dir='ltr'><strong>non</strong></span> <span class='ocrx_word' id='word_1_837' title='bbox 3434 4843 3518 4888; x_wconf 76' lang='lat' dir='ltr'><strong>est</strong></span> 
     </span>
    </p>
   </div>
   <div class='ocr_carea' id='block_1_110' title="bbox 1935 4920 3521 5010">
    <p class='ocr_par' dir='ltr' id='par_1_110' title="bbox 1935 4920 3521 5010">
     <span class='ocr_line' id='line_1_110' title="bbox 1935 4920 3521 5010; baseline -0.009 -16"><span class='ocrx_word' id='word_1_838' title='bbox 1935 4940 2148 5010; x_wconf 89' lang='lat' dir='ltr'><strong>quidem</strong></span> <span class='ocrx_word' id='word_1_839' title='bbox 2171 4952 2530 5007; x_wconf 86' lang='lat' dir='ltr'><strong>consequens,</strong></span> <span class='ocrx_word' id='word_1_840' title='bbox 2557 4947 2614 4990; x_wconf 86' lang='grc' dir='ltr'><strong>ιιι</strong></span> <span class='ocrx_word' id='word_1_841' title='bbox 2639 4935 2795 4989; x_wconf 91' lang='lat' dir='ltr'><strong>istum</strong></span> <span class='ocrx_word' id='word_1_842' title='bbox 2826 4933 3055 5002; x_wconf 87' lang='lat' dir='ltr'><strong>primum</strong></span> <span class='ocrx_word' id='word_1_843' title='bbox 3072 4920 3245 4982; x_wconf 75' lang='lat' dir='ltr'><strong>lilium</strong></span> <span class='ocrx_word' id='word_1_844' title='bbox 3267 4927 3521 4996; x_wconf 81' lang='lat' dir='ltr'><strong>genuisse</strong></span> 
     </span>
    </p>
   </div>
   <div class='ocr_carea' id='block_1_111' title="bbox 1933 5017 3516 5099">
    <p class='ocr_par' dir='ltr' id='par_1_111' title="bbox 1933 5017 3516 5099">
     <span class='ocr_line' id='line_1_111' title="bbox 1933 5017 3516 5099; baseline -0.011 -11"><span class='ocrx_word' id='word_1_845' title='bbox 1933 5033 2205 5087; x_wconf 77' lang='lat' dir='ltr'><strong>credatur.</strong></span> <span class='ocrx_word' id='word_1_846' title='bbox 2237 5031 2420 5099; x_wconf 80' lang='lat' dir='ltr'><strong>Neque</strong></span> <span class='ocrx_word' id='word_1_847' title='bbox 2451 5030 2592 5083; x_wconf 83' lang='lat' dir='ltr'><strong>enini</strong></span> <span class='ocrx_word' id='word_1_848' title='bbox 2628 5027 2728 5080; x_wconf 90' lang='lat' dir='ltr'><strong>hoc</strong></span> <span class='ocrx_word' id='word_1_849' title='bbox 2754 5042 2815 5078; x_wconf 74' lang='lat' dir='ltr'><strong>ex</strong></span> <span class='ocrx_word' id='word_1_850' title='bbox 2850 5042 2915 5078; x_wconf 90' lang='lat' dir='ltr'><strong>eo</strong></span> <span class='ocrx_word' id='word_1_851' title='bbox 2946 5021 3231 5094; x_wconf 90' lang='lat' dir='ltr'><strong>putandum</strong></span> <span class='ocrx_word' id='word_1_852' title='bbox 3261 5029 3362 5079; x_wconf 84' lang='lat' dir='ltr'><strong>est,</strong></span> <span class='ocrx_word' id='word_1_853' title='bbox 3391 5017 3516 5087; x_wconf 80' lang='lat' dir='ltr'><strong>quia</strong></span> 
     </span>
    </p>
   </div>
   <div class='ocr_carea' id='block_1_112' title="bbox 1934 5111 3518 5192">
    <p class='ocr_par' dir='ltr' id='par_1_112' title="bbox 1934 5111 3518 5192">
     <span class='ocr_line' id='line_1_112' title="bbox 1934 5111 3518 5192; baseline -0.009 -13"><span class='ocrx_word' id='word_1_854' title='bbox 1934 5126 2109 5180; x_wconf 90' lang='lat' dir='ltr'><strong>dictus</strong></span> <span class='ocrx_word' id='word_1_855' title='bbox 2150 5135 2232 5179; x_wconf 87' lang='lat' dir='ltr'><strong>est</strong></span> <span class='ocrx_word' id='word_1_856' title='bbox 2274 5123 2588 5192; x_wconf 74' lang='lat' dir='ltr'><strong>cognovisse.</strong></span> <span class='ocrx_word' id='word_1_857' title='bbox 2619 5134 2837 5172; x_wconf 79' lang='lat' dir='ltr'><strong>uxorem</strong></span> <span class='ocrx_word' id='word_1_858' title='bbox 2883 5131 3065 5178; x_wconf 86' lang='lat' dir='ltr'><strong>Sll:tll|,</strong></span> <span class='ocrx_word' id='word_1_859' title='bbox 3097 5111 3247 5181; x_wconf 89' lang='lat' dir='ltr'><strong>quasi</strong></span> <span class='ocrx_word' id='word_1_860' title='bbox 3294 5119 3418 5164; x_wconf 88' lang='lat' dir='ltr'><strong>tunc</strong></span> <span class='ocrx_word' id='word_1_861' title='bbox 3455 5124 3518 5166; x_wconf 83' lang='lat' dir='ltr'><strong>se</strong></span> 
     </span>
    </p>
   </div>
   <div class='ocr_carea' id='block_1_113' title="bbox 1936 5202 3514 5287">
    <p class='ocr_par' dir='ltr' id='par_1_113' title="bbox 1936 5202 3514 5287">
     <span class='ocr_line' id='line_1_113' title="bbox 1936 5202 3514 5287; baseline -0.01 -17"><span class='ocrx_word' id='word_1_862' title='bbox 1936 5217 2010 5271; x_wconf 90' lang='lat' dir='ltr'><strong>illi</strong></span> <span class='ocrx_word' id='word_1_863' title='bbox 2037 5215 2283 5287; x_wconf 89' lang='lat' dir='ltr'><strong>primitus</strong></span> <span class='ocrx_word' id='word_1_864' title='bbox 2303 5211 2706 5268; x_wconf 84' lang='lat' dir='ltr'><strong>concumhendo</strong></span> <span class='ocrx_word' id='word_1_865' title='bbox 2733 5207 3048 5262; x_wconf 80' lang='lat' dir='ltr'><strong>miscuisset.</strong></span> <span class='ocrx_word' id='word_1_866' title='bbox 3073 5202 3202 5256; x_wconf 85' lang='lat' dir='ltr'><strong>Nam</strong></span> <span class='ocrx_word' id='word_1_867' title='bbox 3229 5202 3370 5255; x_wconf 90' lang='lat' dir='ltr'><strong>etde</strong></span> <span class='ocrx_word' id='word_1_868' title='bbox 3401 5203 3514 5271; x_wconf 84' lang='lat' dir='ltr'><strong>ipso</strong></span> 
     </span>
    </p>
   </div>
   <div class='ocr_carea' id='block_1_114' title="bbox 1937 5293 3508 5380">
    <p class='ocr_par' dir='ltr' id='par_1_114' title="bbox 1937 5293 3508 5380">
     <span class='ocr_line' id='line_1_114' title="bbox 1937 5293 3508 5380; baseline -0.008 -19"><span class='ocrx_word' id='word_1_869' title='bbox 1937 5319 2086 5380; x_wconf 85' lang='lat' dir='ltr'><strong>patre</strong></span> <span class='ocrx_word' id='word_1_870' title='bbox 2131 5307 2370 5360; x_wconf 88' lang='lat' dir='ltr'><strong>omnium</strong></span> <span class='ocrx_word' id='word_1_871' title='bbox 2419 5303 2585 5358; x_wconf 81' lang='lat' dir='ltr'><strong>Adam</strong></span> <span class='ocrx_word' id='word_1_872' title='bbox 2637 5317 2739 5354; x_wconf 88' lang='lat' dir='ltr'><strong>non</strong></span> <span class='ocrx_word' id='word_1_873' title='bbox 2794 5309 2916 5351; x_wconf 91' lang='lat' dir='ltr'><strong>tunc</strong></span> <span class='ocrx_word' id='word_1_874' title='bbox 2955 5295 3127 5348; x_wconf 91' lang='lat' dir='ltr'><strong>solum</strong></span> <span class='ocrx_word' id='word_1_875' title='bbox 3173 5293 3276 5348; x_wconf 89' lang='lat' dir='ltr'><strong>hoc</strong></span> <span class='ocrx_word' id='word_1_876' title='bbox 3315 5293 3508 5349; x_wconf 85' lang='lat' dir='ltr'><strong>dictum</strong></span> 
     </span>
    </p>
   </div>
   <div class='ocr_carea' id='block_1_115' title="bbox 1933 5383 3504 5466">
    <p class='ocr_par' dir='ltr' id='par_1_115' title="bbox 1933 5383 3504 5466">
     <span class='ocr_line' id='line_1_115' title="bbox 1933 5383 3504 5466; baseline -0.011 -13"><span class='ocrx_word' id='word_1_877' title='bbox 1933 5410 2036 5459; x_wconf 82' lang='lat' dir='ltr'><strong>est,</strong></span> <span class='ocrx_word' id='word_1_878' title='bbox 2067 5395 2280 5466; x_wconf 86' lang='lat' dir='ltr'><strong>quando</strong></span> <span class='ocrx_word' id='word_1_879' title='bbox 2309 5404 2598 5463; x_wconf 88' lang='lat' dir='ltr'><strong>conceptus</strong></span> <span class='ocrx_word' id='word_1_880' title='bbox 2628 5400 2710 5445; x_wconf 90' lang='lat' dir='ltr'><strong>est</strong></span> <span class='ocrx_word' id='word_1_881' title='bbox 2737 5389 2888 5452; x_wconf 80' lang='lat' dir='ltr'><strong>Cain,</strong></span> <span class='ocrx_word' id='word_1_882' title='bbox 2919 5401 3074 5457; x_wconf 87' lang='lat' dir='ltr'><strong>quem</strong></span> <span class='ocrx_word' id='word_1_883' title='bbox 3105 5383 3504 5454; x_wconf 82' lang='lat' dir='ltr'><strong>primogenitmr</strong></span> 
     </span>
    </p>
   </div>
   <div class='ocr_carea' id='block_1_116' title="bbox 1934 5475 3522 5547">
    <p class='ocr_par' dir='ltr' id='par_1_116' title="bbox 1934 5475 3522 5547">
     <span class='ocr_line' id='line_1_116' title="bbox 1934 5475 3522 5547; baseline -0.008 -5"><span class='ocrx_word' id='word_1_884' title='bbox 1934 5491 2142 5544; x_wconf 85' lang='lat' dir='ltr'><strong>videtur</strong></span> <span class='ocrx_word' id='word_1_885' title='bbox 2191 5486 2440 5542; x_wconf 88' lang='lat' dir='ltr'><strong>habuisse</strong></span> <span class='ocrx_word' id='word_1_886' title='bbox 2492 5502 2506 5541; x_wconf 91' lang='lat'><strong>:</strong></span> <span class='ocrx_word' id='word_1_887' title='bbox 2560 5497 2744 5537; x_wconf 85' lang='lat' dir='ltr'><strong>verum</strong></span> <span class='ocrx_word' id='word_1_888' title='bbox 2793 5480 2952 5534; x_wconf 88' lang='lat' dir='ltr'><strong>etiam</strong></span> <span class='ocrx_word' id='word_1_889' title='bbox 3010 5477 3280 5547; x_wconf 89' lang='lat' dir='ltr'><strong>posterius</strong></span> <span class='ocrx_word' id='word_1_890' title='bbox 3328 5475 3522 5530; x_wconf 78' lang='lat' dir='ltr'><strong>eadem</strong></span> 
     </span>
    </p>
   </div>
   <div class='ocr_carea' id='block_1_117' title="bbox 1934 5563 3513 5651">
    <p class='ocr_par' dir='ltr' id='par_1_117' title="bbox 1934 5563 3513 5651">
     <span class='ocr_line' id='line_1_117' title="bbox 1934 5563 3513 5651; baseline -0.013 -15"><span class='ocrx_word' id='word_1_891' title='bbox 1934 5583 2234 5651; x_wconf 80' lang='lat' dir='ltr'><strong>Scriptura,</strong></span> <span class='ocrx_word' id='word_1_892' title='bbox 2251 5577 2511 5647; x_wconf 82' lang='lat' dir='ltr'><strong>Cognovit,</strong></span> <span class='ocrx_word' id='word_1_893' title='bbox 2537 5573 2728 5641; x_wconf 90' lang='lat' dir='ltr'><strong>inquit,</strong></span> <span class='ocrx_word' id='word_1_894' title='bbox 2752 5570 2915 5623; x_wconf 81' lang='lat' dir='ltr'><strong>Adam</strong></span> <span class='ocrx_word' id='word_1_895' title='bbox 2933 5583 3141 5622; x_wconf 75' lang='lat' dir='ltr'><strong>uxorem</strong></span> <span class='ocrx_word' id='word_1_896' title='bbox 3160 5582 3306 5620; x_wconf 84' lang='lat' dir='ltr'><strong>suam</strong></span> <span class='ocrx_word' id='word_1_897' title='bbox 3329 5563 3513 5628; x_wconf 85' lang='lat' dir='ltr'><strong>Evam,</strong></span> 
     </span>
    </p>
   </div>
   <div class='ocr_carea' id='block_1_118' title="bbox 1934 5654 3518 5739">
    <p class='ocr_par' dir='ltr' id='par_1_118' title="bbox 1934 5654 3518 5739">
     <span class='ocr_line' id='line_1_118' title="bbox 1934 5654 3518 5739; baseline -0.012 -12"><span class='ocrx_word' id='word_1_898' title='bbox 1934 5685 1981 5727; x_wconf 74' lang='lat' dir='ltr'><strong>et</strong></span> <span class='ocrx_word' id='word_1_899' title='bbox 2008 5671 2255 5739; x_wconf 78' lang='lat' dir='ltr'><strong>concepit,</strong></span> <span class='ocrx_word' id='word_1_900' title='bbox 2282 5679 2326 5722; x_wconf 90' lang='lat' dir='ltr'><strong>et</strong></span> <span class='ocrx_word' id='word_1_901' title='bbox 2358 5666 2550 5737; x_wconf 78' lang='lat' dir='ltr'><strong>peperit</strong></span> <span class='ocrx_word' id='word_1_902' title='bbox 2580 5663 2742 5733; x_wconf 82' lang='lat' dir='ltr'><strong>ﬁlium</strong></span> <span class='ocrx_word' id='word_1_903' title='bbox 2761 5701 2777 5730; x_wconf 90' lang='lat'><strong>,</strong></span> <span class='ocrx_word' id='word_1_904' title='bbox 2802 5671 2846 5715; x_wconf 87' lang='lat' dir='ltr'><strong>et</strong></span> <span class='ocrx_word' id='word_1_905' title='bbox 2872 5660 3142 5714; x_wconf 80' lang='lat' dir='ltr'><strong>nominavit</strong></span> <span class='ocrx_word' id='word_1_906' title='bbox 3170 5673 3349 5712; x_wconf 83' lang='lat' dir='ltr'><strong>nomen</strong></span> <span class='ocrx_word' id='word_1_907' title='bbox 3379 5654 3518 5709; x_wconf 83' lang='lat' dir='ltr'><strong>illius</strong></span> 
     </span>
    </p>
   </div>
   <div class='ocr_carea' id='block_1_119' title="bbox 1937 5747 3516 5831">
    <p class='ocr_par' dir='ltr' id='par_1_119' title="bbox 1937 5747 3516 5831">
     <span class='ocr_line' id='line_1_119' title="bbox 1937 5747 3516 5831; baseline -0.013 -11"><span class='ocrx_word' id='word_1_908' title='bbox 1937 5763 2061 5820; x_wconf 72' lang='lat' dir='ltr'><strong>Setia</strong></span> <span class='ocrx_word' id='word_1_909' title='bbox 2103 5760 2215 5831; x_wconf 80' lang='lat' dir='ltr'><strong>(Id.</strong></span> <span class='ocrx_word' id='word_1_910' title='bbox 2260 5775 2332 5822; x_wconf 87' lang='lat' dir='ltr'><strong>tv,</strong></span> <span class='ocrx_word' id='word_1_911' title='bbox 2365 5759 2463 5822; x_wconf 81' lang='grc' dir='ltr'><strong>Π,</strong></span> <span class='ocrx_word' id='word_1_912' title='bbox 2508 5755 2622 5826; x_wconf 75' lang='lat'><strong>25).</strong></span> <span class='ocrx_word' id='word_1_913' title='bbox 2673 5753 2828 5810; x_wconf 89' lang='lat' dir='ltr'><strong>Unde</strong></span> <span class='ocrx_word' id='word_1_914' title='bbox 2864 5752 3178 5823; x_wconf 85' lang='lat' dir='ltr'><strong>intelligitur</strong></span> <span class='ocrx_word' id='word_1_915' title='bbox 3221 5750 3292 5803; x_wconf 87' lang='lat' dir='ltr'><strong>ita</strong></span> <span class='ocrx_word' id='word_1_916' title='bbox 3339 5747 3516 5801; x_wconf 73' lang='lat' dir='ltr'><strong>solere</strong></span> 
     </span>
    </p>
   </div>
   <div class='ocr_carea' id='block_1_120' title="bbox 1939 5835 3516 5922">
    <p class='ocr_par' dir='ltr' id='par_1_120' title="bbox 1939 5835 3516 5922">
     <span class='ocr_line' id='line_1_120' title="bbox 1939 5835 3516 5922; baseline -0.012 -12"><span class='ocrx_word' id='word_1_917' title='bbox 1939 5855 2084 5911; x_wconf 85' lang='lat' dir='ltr'><strong>illam</strong></span> <span class='ocrx_word' id='word_1_918' title='bbox 2109 5851 2435 5922; x_wconf 84' lang='lat' dir='ltr'><strong>Scripturam</strong></span> <span class='ocrx_word' id='word_1_919' title='bbox 2465 5846 2639 5918; x_wconf 85' lang='lat' dir='ltr'><strong>loqui,</strong></span> <span class='ocrx_word' id='word_1_920' title='bbox 2673 5843 2918 5914; x_wconf 80' lang='lat' dir='ltr'><strong>quamvis</strong></span> <span class='ocrx_word' id='word_1_921' title='bbox 2942 5859 3048 5900; x_wconf 92' lang='lat' dir='ltr'><strong>non</strong></span> <span class='ocrx_word' id='word_1_922' title='bbox 3077 5853 3289 5900; x_wconf 82' lang='lat' dir='ltr'><strong>semucr</strong></span> <span class='ocrx_word' id='word_1_923' title='bbox 3311 5850 3433 5893; x_wconf 89' lang='lat' dir='ltr'><strong>cum</strong></span> <span class='ocrx_word' id='word_1_924' title='bbox 3460 5835 3516 5891; x_wconf 83' lang='lat' dir='ltr'><strong>in</strong></span> 
     </span>
    </p>
   </div>
  </div>
