4054 6500
496 360 602 418 M7

494 486 560 526 ea
589 470 784 544 legitur
818 470 984 529 l'aetos
1016 471 1287 527 hominum
1316 471 1482 530 fuisse
1506 488 1795 549 conceptus
1814 521 1829 546 ,
1866 496 1971 536 nou
2001 491 2084 535 ta-

499 579 622 618 men
647 563 820 619 solum
845 580 967 619 cum
1004 579 1068 634 pr
1093 580 1237 621 mum
1260 566 1359 621 sibi
1385 583 1546 622 sexus
1564 580 1786 642 uterque
1809 573 2082 629 miscetur.

498 652 611 710 Nec
639 653 767 709 illud
787 654 1094 710 necessario
1115 665 1198 711 est
1221 668 1558 729 argumento,
1587 670 1644 715 ut
1674 662 2084 732 primogenitum

499 748 637 816 patri
684 746 1051 803 existimemus
1080 747 1265 803 Euoch
1285 789 1300 814 ,
1333 750 1472 821 quod
1500 751 1614 821 ejus
1656 754 1875 811 nomine
1901 756 2087 814 civitas

499 826 587 892 illa
630 846 931 907 nuncupata
959 847 1061 893 est.
1111 840 1230 895 Non
1271 843 1413 897 enim
1443 843 1512 897 ab
1536 859 1593 899 re
1632 855 1736 912 est,
1767 856 1823 901 ut
1870 858 2086 920 praptcr

499 928 733 999 aliquam
761 944 1001 998 causam,
1033 947 1155 986 cum
1178 942 1234 987 et
1256 934 1393 990 alios
1421 935 1665 1004 haberet,
1693 939 1935 1010 diligeret
1961 956 2083 996 cum

497 1029 651 1089 pater
677 1021 890 1078 cmteris
927 1010 1175 1095 amplius.
1216 1025 1400 1100 Neque
1428 1032 1570 1085 enim
1600 1042 1654 1086 et
1692 1031 1856 1089 Judas
1883 1035 2088 1105 primm

496 1110 710 1180 genitus
737 1109 860 1178 fuit,
887 1130 916 1168 a
945 1130 1052 1185 quo
1076 1116 1260 1174 Judma
1289 1125 1661 1190 cognominata
1682 1134 1786 1191 est,
1814 1137 1867 1181 et
1890 1126 2081 1184 Judaai.

497 1198 602 1256 Sed
629 1202 837 1259 etiamsi
865 1204 1132 1262 conditori
1162 1210 1395 1264 civitatis
1423 1212 1564 1265 illius
1591 1215 1690 1270 iste
1714 1216 1851 1269 lilins
1882 1218 2084 1287 primus

498 1304 581 1349 est
608 1304 798 1361 natus,
831 1313 937 1353 non
965 1299 1088 1354 ideo
1116 1301 1407 1372 putandum
1440 1312 1522 1359 est
1556 1316 1679 1361 tunc
1705 1322 1736 1361 a
1765 1319 1914 1378 patre
1955 1325 2084 1365 cou-

497 1384 625 1443 dihe
669 1388 871 1444 civitati
910 1405 1105 1446 nomen
1150 1392 1266 1464 ejus
1307 1395 1647 1465 impositum,
1679 1400 1891 1469 quando
1928 1412 2087 1461 natus

498 1489 609 1545 est;
637 1480 760 1550 quia
791 1496 889 1537 nec
914 1483 1166 1539 constitui
1210 1494 1336 1541 tunc
1360 1487 1429 1541 ab
1475 1503 1583 1542 uno
1626 1500 1836 1559 poterat
1872 1493 2080 1565 civitas,

498 1585 618 1642 qua:
649 1571 779 1626 nihil
804 1572 949 1627 aliud
977 1578 1061 1630 est
1087 1591 1245 1646 quam
1280 1576 1552 1633 hominum
1594 1582 1880 1637 multitudo
1904 1585 2084 1655 aliquo

497 1661 774 1719 societatis
810 1664 1025 1720 vinculo
1053 1667 1299 1738 colligata
1330 1686 1346 1724 :
1387 1670 1482 1727 sed
1519 1687 1639 1727 eum
1685 1674 1825 1730 illius
1854 1674 2085 1733 hominis

498 1750 695 1807 familia
724 1764 866 1809 tanta
904 1758 1306 1816 numeriositate
1334 1774 1622 1833 cresceret,
1648 1773 1706 1821 ttt
1735 1767 1955 1823 haberet
1970 1769 2083 1839 jam

497 1845 676 1914 populi
723 1848 1091 1916 quantitatem,
1142 1860 1268 1908 tunc
1306 1855 1478 1923 potttit
1524 1856 1706 1927 utique
1751 1858 1894 1924 lieri,
1945 1869 2086 1917 utet

495 1938 864 2004 Constitueret,
889 1950 941 1994 et
964 1956 1158 1996 nomen
1192 1945 1527 2016 primogeniti
1550 1948 1630 2001 stti
1658 1949 1958 2005 constituta:
1980 1953 2083 2006 itii-

497 2037 718 2096 poneret
742 2029 963 2085 civitati.
993 2032 1122 2087 Tam
1165 2034 1318 2107 longa
1359 2038 1553 2108 quippe
1584 2040 1688 2094 vita
1721 2042 1932 2098 illorum
1979 2042 2079 2099 ho-

496 2116 697 2173 minum
738 2119 868 2189 fuit,
901 2133 957 2177 ut
986 2124 1093 2179 illic
1136 2139 1584 2198 meutoratorum,
1605 2148 1830 2203 quoruut
1860 2146 1914 2190 et
1956 2137 2080 2192 anui

495 2209 638 2264 taciti
666 2227 770 2267 non
794 2222 919 2269 sunt
938 2256 954 2280 ,
982 2217 1071 2287 qui
1099 2218 1375 2275 minimum
1398 2223 1673 2280 vixitaute
1701 2226 1989 2297 diluvium,
2014 2230 2081 2285 ad

492 2301 859 2369 septingentos
896 2309 1277 2379 quinquaginta
1321 2320 1432 2367 tres
1474 2317 1778 2383 perveniret
1810 2317 1909 2390 (a).
1949 2319 2080 2375 Nam

494 2388 675 2458 plures
717 2406 1013 2465 nongentos
1053 2414 1222 2454 annos
1252 2402 1410 2457 etiam
1454 2388 2082 2479 transierunt,quamvis

491 2495 650 2536 nemo
688 2483 756 2537 ad
803 2485 948 2542 mille
992 2490 1313 2557 pervenerit.
1363 2494 1493 2561 Quis
1539 2496 1714 2568 itaque
1760 2499 2083 2560 dubitaverit

492 2586 588 2639 per
627 2574 783 2630 unius
830 2576 1061 2635 hominis
1096 2590 1305 2638 (etatem
1349 2594 1549 2643 tantuut
1598 2592 1938 2662 multiplicari
1981 2612 2078 2667 po-

492 2661 656 2718 tuisse
682 2666 1158 2749 genushumanum
1178 2714 1192 2739 ,
1217 2685 1273 2729 ut
1298 2686 1441 2733 esset
1464 2679 1602 2737 unde
1626 2661 2038 2743 constitueretur
2058 2691 2074 2721 ί

490 2768 599 2808 non
658 2771 791 2821 una,
822 2757 917 2813 sed
958 2762 1200 2831 plurima:
1242 2769 1485 2826 civitates
1528 2772 1823 2844 (b)?t.luod
1862 2794 1926 2834 ex
1976 2779 2079 2836 hoe

488 2845 681 2916 conjici
713 2847 959 2907 facillime
1004 2864 1209 2924 potest,
1243 2860 1366 2928 quia
1396 2878 1461 2915 ex
1508 2879 1613 2918 uno
1655 2868 1924 2927 Abraham
1969 2886 2077 2930 nou

490 2936 661 2993 multo
695 2941 923 3011 amplius
951 2945 1350 3019 quadringentis
1392 2953 1548 3007 anuis
1592 2962 1948 3018 numerositas
1972 2964 2071 3020 He-

487 3026 648 3083 bra‘a:
672 3034 846 3101 gentis
876 3043 1017 3089 tanta
1046 3050 1324 3107 procreata
1351 3051 1469 3110 est,
1502 3056 1559 3103 ut
1582 3048 1636 3104 in
1662 3051 1805 3106 exitu
1836 3052 2073 3123 ejusdem

486 3121 667 3188 populi
707 3135 769 3176 ex
796 3122 1031 3199 Egypto
1075 3140 1328 3190 sexcenta
1364 3136 1528 3192 millia
1553 3137 1829 3198 hominum
1861 3121 1882 3175 ί
1910 3144 2074 3203 fuisse

486 3212 784 3270 referantur
802 3217 1008 3278 bellica:
1030 3218 1324 3294 juventutis
1348 3227 1542 3301 (Exod.
1570 3248 1665 3299 xn,
1692 3235 1804 3304 57),
1832 3246 1888 3290 ιιι
1909 3240 2073 3295 οιιιίι-

486 3316 661 3362 tamus
696 3320 911 3382 gentem
949 3315 1301 3374 ldnma-orum
1347 3336 1453 3378 non
1485 3327 1842 3394 pertinentem
1881 3330 1947 3383 ad
1974 3346 2072 3400 po-

484 3398 667 3468 pulum
709 3402 903 3467 lsrael,
932 3423 1089 3475 quain
1116 3411 1298 3480 genuit
1322 3410 1491 3469 frater
1526 3416 1644 3484 ejus
1688 3417 1865 3485 Esau,
1907 3398 2072 3492 nepos

489 3491 744 3562 Abralne,
772 3507 826 3551 ct
849 3498 980 3553 alias
1011 3497 1086 3574 (ο)
1113 3511 1263 3558 natas
1286 3520 1352 3560 ex
1382 3507 1588 3564 semine
1615 3509 1781 3578 ipsius
1809 3491 2068 3583 Abrahae,

483 3599 589 3638 non
616 3579 712 3654 per
737 3587 951 3665 Sarram
976 3595 1256 3666 eoujugcm
1287 3609 1614 3668 procreatas.

482 3694 712 3754 CAPUT
736 3697 833 3753 IX.
854 3730 927 3740 —-
949 3700 1031 3757 De
1055 3703 1209 3776 longe
1234 3707 1337 3761 vita
1363 3708 1627 3782 hominum
1645 3754 1660 3777 ,
1692 3730 1808 3781 qtae
1831 3718 1929 3787 fuit
1948 3729 2072 3774 ante

551 3788 839 3858 diluvium,
881 3802 930 3848 et
990 3795 1056 3853 de
1099 3798 1349 3869 antpliurc
1409 3800 1751 3860 Ιιιιηιαιιονιιιιι
1794 3823 2070 3879 corporum

556 3881 748 3948 fama.

551 3973 912 4044 Quamobrem
942 3981 1122 4037 nullus
1145 3984 1382 4053 prudens
1409 4002 1590 4045 rerum
1618 3991 1950 4050 existimator
1969 3994 2069 4051 du-

482 4065 767 4136 bitaverit,
810 4070 978 4139 Cain,
1029 4090 1135 4130 non
1166 4077 1339 4135 solum
1379 4079 1651 4151 aliquam,
1686 4099 1871 4140 verum
1902 4088 2065 4145 etiam

481 4173 725 4230 magnam
756 4164 994 4232 potuisse
1019 4167 1254 4225 condere
1285 4170 1560 4229 civitatem
1579 4215 1595 4241 ,
1627 4177 1842 4246 quando
1872 4180 1925 4235 in
1958 4187 2067 4237 tam

480 4250 698 4324 longum
740 4263 949 4326 tempus
989 4261 1405 4328 protendebatur
1446 4268 1551 4324 vita
1594 4271 1896 4328 mortalium
1939 4274 2062 4343 (d):

481 4344 583 4399 nisi
626 4343 760 4401 forte
795 4346 1087 4406 infidelium
1128 4354 1391 4423 quisniam
1430 4372 1498 4413 ex
1528 4359 1642 4429 ipsa
1683 4365 2066 4421 numerositate

481 4449 745 4492 annorum
774 4439 928 4495 nobis
954 4441 1156 4512 ingerat
1177 4448 1550 4518 quaastionem,
1580 4467 1682 4521 qua
1708 4453 1912 4511 vixisse
1941 4465 2066 4511 tune

477 4525 725 4591 homines
750 4530 1003 4602 scriptum
1035 4544 1118 4590 est
1154 4535 1207 4591 in
1241 4541 1550 4597 auctoribus
1583 4544 1854 4611 nostris';
1880 4558 1932 4601 et
1962 4547 2065 4604 hoc

480 4630 641 4690 neget
669 4636 790 4676 cssc
814 4625 1162 4685 credendum.
1193 4628 1266 4685 ita
1298 4633 1494 4703 quippe
1518 4652 1626 4690 non
1653 4638 1881 4695 credunt.
1900 4643 2061 4698 etiam

479 4711 872 4783 magnitudines
911 4732 1194 4786 corporum
1219 4722 1375 4793 longe
1400 4728 1689 4796 ampliores
1729 4738 1855 4787 tunc
1896 4733 2064 4789 fuisse

476 4817 636 4873 quam
666 4820 807 4860 nunc
850 4817 995 4864 sunt.
1027 4808 1180 4866 Unde
1207 4823 1261 4868 ct
1303 4816 1660 4876 nobilissitnus
1689 4836 1874 4877 eorum
1908 4837 2061 4894 poeta

535 4978 558 5043 ξ
592 4988 716 5043 uss,
740 4988 794 5034 ut
814 4989 935 5036 esset
953 4984 1368 5041 constituerentur.

529 5040 579 5121 1.
586 5040 763 5121 nostri,
786 5052 1011 5121 sexcenta
1032 5047 1277 5101 hominum
1289 5040 1460 5115 ιηὶιιὶα,
1487 5063 1697 5121 excepto
1716 5058 1805 5109 cod
1844 5062 1965 5114 2030
1983 5068 2061 5119 ηιιῖ

480 5103 962 5200 sesesese?
981 5103 1459 5200 eum!
1484 5103 1690 5200 vi?"
2002 5124 2007 5129 ·

602 5172 734 5251 Vind.
761 5184 860 5224 Am.
885 5182 958 5226 Er.
987 5186 1040 5228 et
1060 5179 1230 5243 plures
1484 5172 1852 5243 termitibus
1868 5205 2058 5251 nasuta.

471 5308 505 5347 υ
534 5239 735 5351 Ἐξηγηῇ
747 5252 823 5293 est
846 5239 1076 5308 Latuech,
1100 5239 1708 5320 secunduut'septuagtnta

508 5314 538 5347 e
578 5335 589 5347 .
640 5337 655 5351 .
747 5337 759 5349 .

494 5308 589 5347 ieu.
609 5315 655 5359 v,
680 5308 759 5351 51.

535 5360 1033 5448 ριξιξὲἱι-ιιῖκειςριςιξιιι
1193 5382 1382 5448 patrum
1399 5382 1630 5448 memoria
1645 5386 1781 5448 vicus
1801 5399 1931 5448 pene
1946 5403 2064 5438 οριιε

472 5424 840 5501 ιυιιιΗιιιιιοι-ιιιιι
861 5430 1170 5501 in__ttispa_nia,
1187 5424 2063 5501 éuj'ug'atiiiﬁih'éois'éidhi'ii£5.13

471 5485 718 5576 9.319312:
726 5485 1263 5576 ξιξίεέίὶιιιιεζιένρίκίιέ
1300 5485 2062 5576 Missi“?'iEwI-Tigtiniii

475 5554 786 5627 tatis-nomen
814 5554 913 5614 jam
927 5554 1167 5627 deesset,
1205 5554 1355 5627 ῳὶοί
1378 5554 1585 5615 Hominis
1620 5554 2060 5627 uisui'téc'siéw':

473 5609 637 5670 lingua
671 5612 803 5663 enim
814 5609 996 5668 nostra
1029 5609 1173 5685 supra
1195 5609 1827 5684 statim"ii6£3sé€tﬁal'i

1262 5698 1269 5702 '
1516 5698 1630 5742 ιω.
1656 5701 1808 5746 \“tvss.

557 5735 609 5805 εὶ
640 5737 834 5805 sintne.
858 5747 1036 5805 graues
1210 5782 1215 5787 τ

557 5735 609 5796 ι’)
640 5744 699 5785 su
734 5737 834 5800 ple,
858 5747 1036 5805 gmtcs.
1210 5782 1215 5787 γ
1517 5734 1630 5742 ’ψ’
1668 5734 1704 5745 η

526 5734 616 5862 id)
642 5752 740 5851 \‘id.
764 5804 883 5879 l‘litt.
908 5804 996 5856 lib.
1021 5810 1049 5860 7
1074 5811 1191 5862 tlist.
1218 5822 1495 5903 ιιίιιηςίιιιρτ
1521 5816 1602 5879 49,
1618 5818 1707 5888 50.

1580 366 1669 421 DE
1707 356 2028 425 CIVITATE
2070 369 2203 434 ost.
2243 372 2713 436 8..AUGUSTINI

3669 389 3782 447 ω

2198 484 2444 554 Virgilius
2463 530 2479 555 ,
2504 491 2571 545 de
2595 492 2794 565 ingenti
2824 494 3034 565 lapide.
3058 512 3220 569 quem
3248 497 3301 554 in
3316 515 3575 572 agrorum
3605 505 3807 562 limite:

2192 576 2410 634 infixum
2457 585 2539 649 vir
2577 585 2770 640 fortis‘
2815 587 3031 643 illorum
3077 600 3377 660 temporqu
3427 610 3673 668 pugnans
3721 614 3780 655 et

2191 673 2384 740 rapuit,
2415 682 2465 728 et
2493 678 2748 744 cucurrit,
2777 687 2834 733 et
2863 680 3093 744 intorsit,
3123 692 3176 738 et
3203 684 3369 750 misit,

2252 783 2339 862 xix
2352 784 2496 862 illum
2513 789 2535 820 ⁸
2549 790 2579 862 (_
2593 790 2787 862 inquit)
2804 789 2920 844 lecti
2940 793 3128 862 hisrex
3147 799 3342 849 cervice
3355 800 3605 862 subirent,

2236 844 2412 906 ’Qualia
2426 844 2812 917 nunc'boniinuin
2836 844 3055 917 producit
3289 844 3476 912 tellus;

2749 914 2770 980 (
2796 914 2980 967 nam.
3005 916 3090 968 lib.
3119 914 3195 981 ιε,
3214 934 3258 971 υ.
3282 920 3511 975 899-900.
3532 923 3554 990 )

2189 1007 2492 1080 signiﬁcans
2518 1016 2719 1086 majora
2748 1027 2873 1074 tunc
2897 1035 3122 1091 corpora
3148 1023 3444 1095 producere
3469 1029 3647 1085 solere
3678 1030 3783 1084 tel-

2191 1100 2381 1158 lurem.
2412 1104 2628 1172 Quanto
2653 1110 2821 1181 magis
2845 1111 3002 1182 igitur
3031 1115 3362 1186 temporibus
3384 1121 3780 1175 recentioribus

2190 1194 2407 1261 mundi,
2440 1206 2565 1254 ante
2610 1199 2737 1256 illttd
2777 1203 2956 1258 nobile
2996 1204 3434 1278 dill'amatumque
3476 1211 3779 1265 diluvium?

2190 1288 2294 1342 Sed
2317 1287 2384 1343 de
2411 1304 2699 1361 corporum
2728 1296 3095 1365 magnitudine
3122 1299 3436 1371 plerumque
3470 1302 3778 1363 incredulos

2190 1379 2382 1433 nudata
2413 1396 2509 1450 per
2533 1392 2849 1441 vetustatem
2876 1386 2989 1442 sive
3014 1404 3112 1460 per
3131 1382 3239 1445 vim
3267 1380 3801 1461 lluminum‘variosa

2188 1489 2293 1544 que
2319 1489 2476 1531 casus
2501 1478 2747 1548 sepulcra
2778 1481 3121 1551 convincunt,
3151 1483 3239 1539 ubi
3269 1497 3660 1555 apparuerunt,
3687 1491 3799 1567 vel

2189 1565 2329 1620 unde
2358 1567 2670 1623 ceciderunt
2697 1571 3024 1629 incredibilis
3066 1576 3444 1646 magnitudinis
3481 1595 3602 1634 ossa
3630 1597 3777 1636 mor-

2190 1664 2424 1713 tuorum.
2457 1659 2576 1715 Vidi
2603 1662 2718 1732 ipse
2759 1678 2868 1718 non
2892 1664 3072 1730 solus,
3103 1667 3197 1722 sed
3228 1667 3431 1739 aliquot
3470 1686 3681 1727 mecum
3721 1674 3777 1727 in

2190 1747 2427 1804 Uticensi
2454 1750 2635 1807 littore
2655 1754 2914 1810 molarem
2945 1756 3179 1813 hominis
3201 1756 3419 1815 dentem
3451 1768 3559 1816 tam
3584 1762 3776 1832 ingen-

2191 1850 2320 1906 tem,
2355 1849 2412 1895 ut
2437 1843 2481 1897 si
2510 1841 2563 1898 in
2594 1854 2903 1901 nostrorum
2935 1846 3173 1903 dentium
3201 1850 3447 1907 modulos
3472 1853 3776 1911 minutatim

2187 1931 2578 2001 concideretur,
2603 1943 2817 1991 centum
2846 1938 3000 1992 nobis
3019 1937 3291 1997 videretur
3308 1941 3485 1998 facere
3510 1946 3777 2013 potuisse.

2186 2022 2290 2078 Sed
2332 2023 2478 2079 illum
2511 2025 2739 2096 gigantis
2778 2029 3003 2098 alicujus
3050 2028 3219 2087 fuisse
3259 2033 3598 2090 crediderim.
3637 2035 3779 2092 Nam

2190 2124 2383 2183 praeter
2402 2117 2543 2187 quod
2570 2129 2723 2172 erant
2743 2121 2981 2175 omnium
3011 2123 3181 2178 multo
3202 2125 3425 2194 majora,
3453 2131 3611 2197 quam
3675 2145 3777 2184 “0-”

2186 2218 2297 2263 stra
2315 2250 2330 2273 ,
2361 2217 2487 2264 tunc
2512 2224 2737 2281 corpora
2754 2252 2771 2277 ,
2802 2212 3043 2283 gigantes
3073 2215 3228 2287 longe
3244 2218 3452 2273 caeteris
3475 2219 3775 2275 anteibant.

2186 2299 2337 2355 Sicut
2355 2300 2472 2355 aliis
2497 2300 2691 2357 deinde
2713 2305 3014 2376 nostrisque
3038 2309 3366 2377 temporibus
3393 2325 3515 2366 rara
3529 2310 3775 2381 quidem,

2184 2389 2278 2444 sed
2311 2406 2577 2461 nunquam
2605 2392 2772 2449 ferme
2797 2393 3116 2463 defuerunt,
3140 2413 3257 2466 qua:
3288 2399 3504 2455 modum
3542 2401 3776 2457 aliorum

2183 2481 2469 2552 p!urimum
2493 2485 2841 2540 excederent.
2874 2486 3074 2543 Plinius
3095 2488 3393 2556 Secundus,
3423 2491 3778 2549 doctissimus

2184 2572 2380 2639 homo,
2417 2583 2616 2641 quanto
2656 2577 2826 2647 magis
2865 2580 3139 2649 magisque
3181 2582 3418 2651 przeterit.
3452 2583 3637 2647 saeculi
3674 2603 3778 2642 ex-

2182 2681 2393 2731 cursus,
2421 2669 2623 2722 tninora
2652 2684 2878 2745 corpora
2909 2681 3150 2729 natm-am
3182 2671 3322 2731 ferre
3344 2686 3586 2734 testatur.
3614 2678 3777 2745 Quod

2181 2758 2342 2817 etiam
2364 2758 2651 2819 Homerum
2665 2776 3052 2821 commemorat
3063 2784 3204 2836 sat-pe
3218 2769 3454 2825 carmine
3468 2771 3631 2826 fuisse
3646 2787 3777 2827 con-

2180 2865 2460 2926 questum,
2489 2872 2595 2912 non
2629 2856 2746 2913 hare
2773 2857 2918 2913 velut
2958 2860 3168 2930 poetica
3207 2860 3453 2929 ﬁgmenta
3482 2861 3771 2931 deridens,

2180 2945 2273 3001 sed
2306 2948 2358 3002 in
2386 2946 2694 3003 historiam
2728 2948 2886 3005 ﬁdem
2916 2960 3164 3020 tanquam
3196 2953 3571 3007 miraculorum
3605 2962 3774 3009 natu-

2183 3040 2374 3094 ralium
2415 3041 2644 3111 scriptor
2666 3057 2946 3097 assumens
2966 3041 3128 3114 (Hist.
3147 3054 3318 3098 natur.
3337 3045 3484 3110 Iib.7,
3504 3062 3620 3115 cap.
3643 3048 3768 3119 l6).

2184 3130 2376 3185 Verum
2395 3174 2410 3200 ,
2438 3140 2498 3187 ut
2527 3132 2658 3199 dixi,
2689 3134 3030 3204 antiquorum
3063 3135 3452 3206 magnitudines
3475 3152 3772 3206 corporum

2178 3222 2399 3278 iuventa
2446 3223 2760 3294 plerumque
2811 3239 2964 3290 ossa,
3016 3227 3265 3297 quoniam
3318 3227 3561 3285 diuturna
3601 3239 3772 3294 sunt,

2176 3314 2337 3368 etiam
2367 3315 2534 3369 multo
2560 3316 2944 3385 pesterioribus
2968 3317 3181 3372 saeculis
3208 3317 3459 3387 produnt.
3483 3320 3771 3375 Annorum

2175 3415 2354 3460 autem
2400 3407 2756 3462 numerositas
2788 3408 3045 3480 cujusque
3086 3408 3321 3465 hominis
3363 3413 3453 3481 qui
3479 3411 3500 3443 ³
3550 3422 3770 3483 tempo-

2172 3496 2323 3551 ribus
2353 3496 2460 3552 illis
2484 3496 2582 3553 l'uit
2599 3539 2615 3566 ,
2641 3499 2803 3553 nullis
2830 3515 2970 3555 nunc
2998 3500 3190 3557 talibus
3215 3502 3547 3557 documentis
3572 3504 3770 3561 venire

2176 3586 2230 3642 in
2260 3589 2687 3659 experimentum
2720 3601 2914 3661 potest.
2945 3592 3055 3647 Nec
3077 3603 3256 3649 tamen
3287 3595 3406 3650 ideo
3434 3595 3566 3651 lides
3592 3611 3771 3659 Sacra:

2174 3678 2300 3736 huic
2326 3681 2561 3737 historiae
2590 3683 2893 3755 deroganda
2921 3695 3023 3750 est,
3051 3686 3205 3756 cujus
3230 3696 3379 3742 tanto
3400 3688 3772 3759 impudentius

2175 3783 2385 3828 narrata
2417 3791 2521 3829 non
2566 3776 2868 3842 credimus,
2900 3786 3100 3846 quanto
3136 3778 3344 3850 impleri
3384 3782 3584 3836 certius
3619 3799 3769 3852 pra:-

2173 3868 2413 3922 nuntiata
2461 3869 2838 3938 conSpicitnus.
2875 3869 3009 3924 Dicit
3049 3883 3223 3926 tamen
3273 3873 3434 3927 etiam
3478 3873 3616 3928 idem
3658 3874 3773 3930 Pli-

2175 3961 2299 4015 nius
2328 3959 2428 4032 (a),
2460 3974 2581 4016 esse
2610 3959 2788 4016 adhuc
2813 3973 3049 4032 gentem,
3078 3963 3168 4016 ubi
3196 3962 3456 4019 ducentos
3480 3978 3653 4019 annos
3679 3966 3769 4020 vi-

2176 4049 2336 4103 vitur.
2360 4050 2414 4106 Si
2432 4065 2561 4121 ergo
2582 4051 2932 4107 humanarum
2957 4052 3182 4128 vitarutn
3204 4052 3603 4123 diuturnitates,
3627 4069 3770 4124 quas

2171 4144 2378 4211 experti
2423 4158 2528 4196 non
2578 4158 2797 4211 sumus,
2845 4142 3003 4199 hodie
3050 4144 3248 4201 habere
3288 4147 3579 4202 creduntur
3612 4147 3771 4203 inco-

2170 4236 2316 4304 gnita
2342 4234 2496 4290 nobis
2525 4235 2662 4300 loca,
2695 4252 2790 4291 cur
2821 4253 2924 4298 non
2952 4236 3202 4292 habuisse
3223 4238 3511 4294 credantur
3535 4247 3592 4295 et
3620 4248 3766 4295 tem-

2172 4327 2343 4396 pera?
2373 4329 2451 4381 An
2478 4343 2605 4383 vero
2627 4336 2711 4383 est
2731 4328 2988 4384 credibile
3013 4329 3206 4384 alicubi
3233 4344 3352 4384 esse
3371 4329 3513 4400 quod
3545 4329 3632 4385 hic
3649 4346 3769 4389 non

2170 4427 2290 4483 est,
2331 4426 2385 4472 et
2429 4419 2741 4474 incredibile
2775 4429 2858 4475 est
2896 4418 3184 4490 aliquando
3223 4419 3391 4476 fuisse
3432 4419 3579 4492 quod
3614 4436 3769 4478 nunc

2171 4526 2280 4567 non
2307 4512 2422 4567 est?

2169 4625 2395 4683 CAPUT
2426 4625 2494 4681 X.
2521 4655 2594 4666 —
2616 4624 2698 4680 De
2724 4623 3011 4692 dilfcreutia
3031 4642 3132 4696 qua
3154 4626 3283 4681 inter
3307 4626 3534 4682 habmus
3572 4635 3621 4681 et
3661 4644 3763 4683 ηο-

2273 4727 2404 4774 stt-os
2423 4718 2617 4775 codices
2642 4717 2873 4772 videntur
2895 4733 3144 4772 annorum
3163 4718 3358 4772 numeri
3381 4718 3662 4773 discam.

2236 4830 2499 4903 Quocirca
2530 4830 2632 4887 etsi
2659 4828 2798 4886 inter
2822 4829 3064 4886 habt-mos
3106 4839 3162 4885 et
3190 4836 3403 4886 nostros
3437 4829 3652 4886 codices
3684 4832 3768 4903 (ὁ)

2167 4922 2237 4978 de
2304 4922 2420 4994 ipso
2481 4938 2706 4978 numero
2746 4937 3007 4976 annorum
3071 4921 3323 4976 nonnulla
3372 4921 3583 4977 videtur
3638 4937 3767 4979 esse

2166 5016 2412 5071 distantia
2438 5057 2456 5083 ,
2487 5015 2627 5085 quod
2668 5016 2851 5087 ignoro
2885 5031 2988 5088 qua
3013 5017 3217 5072 ratione
3243 5017 3314 5071 sit
3368 5013 3564 5072 factum
3592 5032 3610 5070 :
3650 5032 3762 5074 non
3792 5064 3800 5083 _.

2167 5120 2343 5164 tamen
2374 5118 2515 5163 tanta
2540 5118 2641 5172 est,
2671 5119 2727 5164 ut
2754 5109 2874 5164 illos
2898 5109 3140 5165 homines
3167 5118 3274 5165 tam
3297 5110 3571 5180 longaevos
3592 5108 3764 5166 fuisse

2230 5267 3014 5340 ξὲθιθθῖίίβοωνί
3604 5328 3616 5339 .

2228 5332 2249 5403 ξ
2283 5337 2357 5403 Er.
2395 5337 2446 5403 et
2482 5337 2613 5403 Ipv._
2635 5329 2727 5403 Via}
2762 5330 2904 5382 illud.
2930 5330 3239 5403 Atediti__al_ii
3259 5338 3316 5383 et
3343 5338 3451 5403 hiss.
3483 5330 3576 5381 Via:
3596 5329 3762 5403 illum.

2166 5397 2327 5441 Potest
2338 5390 2515 5457 referri
2538 5401 2622 5441 aut
2638 5395 2698 5444 ad
2718 5408 2908 5453 saxum,
2930 5401 3013 5444 aut
3030 5398 3088 5443 ad
3112 5394 3313 5444 limitem
3334 5392 3398 5443 de
3414 5406 3512 5456 quo
3532 5394 3762 5457 proxime

2716 5267 3014 5332 Ῑονιὲωίπηιι

2094 5500 2097 5501 ,
2164 5461 2280 5517 ante
2306 5455 2544 5517 Virgilius.

2228 5514 2252 5578 ξ
2280 5511 2445 5578 ﬁniet
2464 5522 2593 5577 Mss,
2611 5525 2739 5578 qua.
2757 5539 2818 5549 —
2841 5511 3025 5563 Melius.
3089 5519 3146 5563 it.

2229 5576 2306 5644 (α)
2335 5577 2433 5627 Vid.
2458 5576 2682 5644 ιιιιιίιξμ.
2707 5578 2734 5625 7
2759 5580 3015 5644 ttist._nat.,
3042 5589 3149 5644 (ap.
3173 5576 3255 5629 49.

2229 5578 2283 5644 (α
2335 5578 2433 5627 Vid.
2458 5586 2571 5626 tun.
2598 5589 2682 5625 ιω.
2707 5578 2734 5625 7
2759 5580 2873 5627 ttist.
2897 5586 3015 5633 nat.,
3042 5589 3149 5652 (ap.
3173 5578 3255 5629 49.

2226 5578 2306 5754 ηιξ
2328 5651 2517 5694 Nostros
2538 5640 2729 5694 codices
2751 5640 2984 5713 appellat,
3007 5644 3187 5705 quibus
3206 5638 3413 5690 Ecclesia
3438 5646 3552 5711 tunc
3573 5637 3758 5687 uteba-

2226 5720 2242 5754 r
2297 5707 2439 5754 atinis
2462 5740 2477 5754 .
2517 5719 2579 5754 ex
2618 5718 2776 5754 aram
2819 5703 3224 5754 immolatione
3260 5707 3570 5754 Septuaginta
3612 5712 3628 5749 :
3672 5712 3758 5748 co-

2163 5713 2242 5776 t_ur
2280 5703 2478 5776 latinis,
2517 5719 2579 5776 ex
2618 5703 2795 5776 graaca;
2819 5703 3224 5776 interpretatione
3250 5703 3570 5776 septuaginta
3612 5712 3628 5749 :

2162 5771 2298 5818 diues
2321 5783 2438 5818 vero
2459 5761 2689 5826 Itt’brw'os,
2712 5768 2795 5829 qui
2818 5779 2880 5814 ex
2917 5761 3405 5829 h'ehraica‘saipu'tra
3427 5761 3567 5814 erant
3601 5761 3758 5814 versi.

2167 5830 2296 5882 uniti
2324 5832 2404 5880 lib.
2426 5830 2456 5879 Ξ
2477 5830 2539 5880 de
2560 5838 2688 5880 Dect.
2714 5826 2901 5889 christ,
2925 5842 3011 5878 tm.
3033 5826 3109 5890 l6,
3133 5826 3211 5878 22.
3264 5882 3269 5889 ,
