  <div class='ocr_page' id='page_1' title='image "/cluster/home/n/w/nwhite01/storage/ocr_20150623/41/hvd.32044015706344/230.png"; bbox 0 0 4054 6490; ppageno 0'>
   <div class='ocr_carea' id='block_1_1' title="bbox 245 335 347 390">
    <p class='ocr_par' dir='ltr' id='par_1_1' title="bbox 245 335 347 390">
     <span class='ocr_line' id='line_1_1' title="bbox 245 335 347 390; baseline 0 -2"><span class='ocrx_word' id='word_1_1' title='bbox 245 335 347 390; x_wconf 73' lang='grc' dir='ltr'>ιω</span> 
     </span>
    </p>
   </div>
   <div class='ocr_carea' id='block_1_2' title="bbox 238 446 1811 519">
    <p class='ocr_par' dir='ltr' id='par_1_2' title="bbox 238 446 1811 519">
     <span class='ocr_line' id='line_1_2' title="bbox 238 446 1811 519; baseline 0.001 -19"><span class='ocrx_word' id='word_1_2' title='bbox 238 448 711 506; x_wconf 67' lang='grc' dir='ltr'><strong>ιέἰςιθιιῑίειηῑ.Νοιη</strong></span> <span class='ocrx_word' id='word_1_3' title='bbox 728 448 839 519; x_wconf 89' lang='lat' dir='ltr'><strong>ipse</strong></span> <span class='ocrx_word' id='word_1_4' title='bbox 854 448 1011 503; x_wconf 89' lang='lat' dir='ltr'><strong>homo</strong></span> <span class='ocrx_word' id='word_1_5' title='bbox 1025 447 1224 518; x_wconf 55' lang='lat' dir='ltr'><strong>primus</strong></span> <span class='ocrx_word' id='word_1_6' title='bbox 1242 446 1429 510; x_wconf 85' lang='lat' dir='ltr'><strong>Adam.</strong></span> <span class='ocrx_word' id='word_1_7' title='bbox 1445 458 1726 517; x_wconf 85' lang='lat' dir='ltr'><strong>antequam</strong></span> <span class='ocrx_word' id='word_1_8' title='bbox 1743 449 1811 517; x_wconf 82' lang='lat' dir='ltr'><strong>gi-</strong></span> 
     </span>
    </p>
   </div>
   <div class='ocr_carea' id='block_1_3' title="bbox 234 539 1818 610">
    <p class='ocr_par' dir='ltr' id='par_1_3' title="bbox 234 539 1818 610">
     <span class='ocr_line' id='line_1_3' title="bbox 234 539 1818 610; baseline -0.001 -15"><span class='ocrx_word' id='word_1_9' title='bbox 234 551 417 607; x_wconf 74' lang='lat' dir='ltr'><strong>gneret</strong></span> <span class='ocrx_word' id='word_1_10' title='bbox 447 540 617 595; x_wconf 78' lang='lat' dir='ltr'><strong>lilium</strong></span> <span class='ocrx_word' id='word_1_11' title='bbox 644 542 732 610; x_wconf 88' lang='lat' dir='ltr'><strong>qui</strong></span> <span class='ocrx_word' id='word_1_12' title='bbox 760 541 1052 610; x_wconf 85' lang='lat' dir='ltr'><strong>appellatus</strong></span> <span class='ocrx_word' id='word_1_13' title='bbox 1070 550 1149 594; x_wconf 89' lang='lat' dir='ltr'><strong>est</strong></span> <span class='ocrx_word' id='word_1_14' title='bbox 1173 539 1597 604; x_wconf 85' lang='lat' dir='ltr'><strong>Se:h,duccntos</strong></span> <span class='ocrx_word' id='word_1_15' title='bbox 1625 542 1818 609; x_wconf 71' lang='lat' dir='ltr'><strong>trigin~</strong></span> 
     </span>
    </p>
   </div>
   <div class='ocr_carea' id='block_1_4' title="bbox 234 631 1811 702">
    <p class='ocr_par' dir='ltr' id='par_1_4' title="bbox 234 631 1811 702">
     <span class='ocr_line' id='line_1_4' title="bbox 234 631 1811 702; baseline 0.001 -18"><span class='ocrx_word' id='word_1_16' title='bbox 234 645 281 684; x_wconf 86' lang='lat' dir='ltr'><strong>ta</strong></span> <span class='ocrx_word' id='word_1_17' title='bbox 303 648 475 686; x_wconf 91' lang='lat' dir='ltr'><strong>annos</strong></span> <span class='ocrx_word' id='word_1_18' title='bbox 497 632 698 687; x_wconf 76' lang='lat' dir='ltr'><strong>vixisse</strong></span> <span class='ocrx_word' id='word_1_19' title='bbox 726 632 987 702; x_wconf 86' lang='lat' dir='ltr'><strong>reperitur</strong></span> <span class='ocrx_word' id='word_1_20' title='bbox 1023 632 1073 685; x_wconf 92' lang='lat' dir='ltr'><strong>in</strong></span> <span class='ocrx_word' id='word_1_21' title='bbox 1095 632 1366 686; x_wconf 80' lang='lat' dir='ltr'><strong>codicibus</strong></span> <span class='ocrx_word' id='word_1_22' title='bbox 1387 633 1581 685; x_wconf 87' lang='lat' dir='ltr'><strong>nostris</strong></span> <span class='ocrx_word' id='word_1_23' title='bbox 1597 673 1611 695; x_wconf 91' lang='lat'><strong>,</strong></span> <span class='ocrx_word' id='word_1_24' title='bbox 1637 632 1687 685; x_wconf 96' lang='lat' dir='ltr'><strong>in</strong></span> <span class='ocrx_word' id='word_1_25' title='bbox 1717 631 1811 685; x_wconf 68' lang='lat' dir='ltr'><strong>he«</strong></span> 
     </span>
    </p>
   </div>
   <div class='ocr_carea' id='block_1_5' title="bbox 234 721 1810 792">
    <p class='ocr_par' dir='ltr' id='par_1_5' title="bbox 234 721 1810 792">
     <span class='ocr_line' id='line_1_5' title="bbox 234 721 1810 792; baseline -0.001 -16"><span class='ocrx_word' id='word_1_26' title='bbox 234 722 384 776; x_wconf 68' lang='lat' dir='ltr'><strong>bracis</strong></span> <span class='ocrx_word' id='word_1_27' title='bbox 414 732 596 777; x_wconf 90' lang='lat' dir='ltr'><strong>autem</strong></span> <span class='ocrx_word' id='word_1_28' title='bbox 642 732 855 778; x_wconf 88' lang='lat' dir='ltr'><strong>centmn</strong></span> <span class='ocrx_word' id='word_1_29' title='bbox 907 722 1116 792; x_wconf 89' lang='lat' dir='ltr'><strong>triginta</strong></span> <span class='ocrx_word' id='word_1_30' title='bbox 1149 722 1454 790; x_wconf 80' lang='lat' dir='ltr'><strong>perhibetur</strong></span> <span class='ocrx_word' id='word_1_31' title='bbox 1475 721 1629 791; x_wconf 81' lang='lat' dir='ltr'><strong>(Gen.</strong></span> <span class='ocrx_word' id='word_1_32' title='bbox 1652 739 1704 785; x_wconf 88' lang='lat' dir='ltr'><strong>v,</strong></span> <span class='ocrx_word' id='word_1_33' title='bbox 1733 721 1810 790; x_wconf 74' lang='grc' dir='ltr'><strong>ὅ).</strong></span> 
     </span>
    </p>
   </div>
   <div class='ocr_carea' id='block_1_6' title="bbox 230 812 1809 884">
    <p class='ocr_par' dir='ltr' id='par_1_6' title="bbox 230 812 1809 884">
     <span class='ocr_line' id='line_1_6' title="bbox 230 812 1809 884; baseline -0.001 -18"><span class='ocrx_word' id='word_1_34' title='bbox 230 812 329 866; x_wconf 85' lang='lat' dir='ltr'><strong>Sed</strong></span> <span class='ocrx_word' id='word_1_35' title='bbox 360 824 710 884; x_wconf 80' lang='lat' dir='ltr'><strong>posteaquam</strong></span> <span class='ocrx_word' id='word_1_36' title='bbox 738 830 858 869; x_wconf 90' lang='lat' dir='ltr'><strong>eum</strong></span> <span class='ocrx_word' id='word_1_37' title='bbox 885 816 1099 882; x_wconf 86' lang='lat' dir='ltr'><strong>genuit,</strong></span> <span class='ocrx_word' id='word_1_38' title='bbox 1130 813 1493 882; x_wconf 89' lang='lat' dir='ltr'><strong>septingentos</strong></span> <span class='ocrx_word' id='word_1_39' title='bbox 1520 812 1711 865; x_wconf 76' lang='lat' dir='ltr'><strong>vixisse</strong></span> <span class='ocrx_word' id='word_1_40' title='bbox 1733 812 1809 865; x_wconf 82' lang='lat' dir='ltr'><strong>le-</strong></span> 
     </span>
    </p>
   </div>
   <div class='ocr_carea' id='block_1_7' title="bbox 228 902 1810 976">
    <p class='ocr_par' dir='ltr' id='par_1_7' title="bbox 228 902 1810 976">
     <span class='ocr_line' id='line_1_7' title="bbox 228 902 1810 976; baseline -0.001 -19"><span class='ocrx_word' id='word_1_41' title='bbox 228 906 363 972; x_wconf 80' lang='lat' dir='ltr'><strong>gitur</strong></span> <span class='ocrx_word' id='word_1_42' title='bbox 406 905 459 960; x_wconf 86' lang='lat' dir='ltr'><strong>in</strong></span> <span class='ocrx_word' id='word_1_43' title='bbox 509 909 709 962; x_wconf 82' lang='lat' dir='ltr'><strong>nostris</strong></span> <span class='ocrx_word' id='word_1_44' title='bbox 737 948 751 973; x_wconf 94' lang='lat'><strong>,</strong></span> <span class='ocrx_word' id='word_1_45' title='bbox 780 908 1114 976; x_wconf 87' lang='lat' dir='ltr'><strong>octingentos</strong></span> <span class='ocrx_word' id='word_1_46' title='bbox 1141 923 1265 959; x_wconf 86' lang='lat' dir='ltr'><strong>vero</strong></span> <span class='ocrx_word' id='word_1_47' title='bbox 1295 907 1345 959; x_wconf 91' lang='lat' dir='ltr'><strong>in</strong></span> <span class='ocrx_word' id='word_1_48' title='bbox 1375 905 1479 958; x_wconf 91' lang='lat' dir='ltr'><strong>illis</strong></span> <span class='ocrx_word' id='word_1_49' title='bbox 1517 902 1705 973; x_wconf 85' lang='lat' dir='ltr'><strong>(Ibid.,</strong></span> <span class='ocrx_word' id='word_1_50' title='bbox 1730 902 1810 972; x_wconf 67' lang='grc'><strong>4).</strong></span> 
     </span>
    </p>
   </div>
   <div class='ocr_carea' id='block_1_8' title="bbox 232 994 1810 1070">
    <p class='ocr_par' dir='ltr' id='par_1_8' title="bbox 232 994 1810 1070">
     <span class='ocr_line' id='line_1_8' title="bbox 232 994 1810 1070; baseline -0.001 -22"><span class='ocrx_word' id='word_1_51' title='bbox 232 1005 396 1067; x_wconf 71' lang='lat' dir='ltr'><strong>Atque</strong></span> <span class='ocrx_word' id='word_1_52' title='bbox 430 1000 499 1052; x_wconf 80' lang='lat' dir='ltr'><strong>ita</strong></span> <span class='ocrx_word' id='word_1_53' title='bbox 536 1001 587 1053; x_wconf 92' lang='lat' dir='ltr'><strong>in</strong></span> <span class='ocrx_word' id='word_1_54' title='bbox 635 1000 872 1070; x_wconf 88' lang='lat' dir='ltr'><strong>utrisque</strong></span> <span class='ocrx_word' id='word_1_55' title='bbox 909 1000 1225 1055; x_wconf 87' lang='lat' dir='ltr'><strong>universalis</strong></span> <span class='ocrx_word' id='word_1_56' title='bbox 1267 1012 1472 1053; x_wconf 88' lang='lat' dir='ltr'><strong>summa</strong></span> <span class='ocrx_word' id='word_1_57' title='bbox 1503 994 1810 1051; x_wconf 84' lang='lat' dir='ltr'><strong>concordat.</strong></span> 
     </span>
    </p>
   </div>
   <div class='ocr_carea' id='block_1_9' title="bbox 228 1090 1809 1162">
    <p class='ocr_par' dir='ltr' id='par_1_9' title="bbox 228 1090 1809 1162">
     <span class='ocr_line' id='line_1_9' title="bbox 228 1090 1809 1162; baseline 0.001 -21"><span class='ocrx_word' id='word_1_58' title='bbox 228 1092 302 1143; x_wconf 75' lang='lat' dir='ltr'><strong>Ac</strong></span> <span class='ocrx_word' id='word_1_59' title='bbox 328 1090 528 1147; x_wconf 87' lang='lat' dir='ltr'><strong>deinde</strong></span> <span class='ocrx_word' id='word_1_60' title='bbox 577 1110 670 1161; x_wconf 89' lang='lat' dir='ltr'><strong>per</strong></span> <span class='ocrx_word' id='word_1_61' title='bbox 694 1103 1080 1162; x_wconf 86' lang='lat' dir='ltr'><strong>consequentes</strong></span> <span class='ocrx_word' id='word_1_62' title='bbox 1122 1094 1493 1162; x_wconf 88' lang='lat' dir='ltr'><strong>generationes</strong></span> <span class='ocrx_word' id='word_1_63' title='bbox 1530 1100 1809 1160; x_wconf 81' lang='lat' dir='ltr'><strong>antequam</strong></span> 
     </span>
    </p>
   </div>
   <div class='ocr_carea' id='block_1_10' title="bbox 226 1182 1809 1254">
    <p class='ocr_par' dir='ltr' id='par_1_10' title="bbox 226 1182 1809 1254">
     <span class='ocr_line' id='line_1_10' title="bbox 226 1182 1809 1254; baseline 0.001 -22"><span class='ocrx_word' id='word_1_64' title='bbox 226 1182 470 1249; x_wconf 77' lang='lat' dir='ltr'><strong>gignatur</strong></span> <span class='ocrx_word' id='word_1_65' title='bbox 493 1182 581 1252; x_wconf 91' lang='lat' dir='ltr'><strong>qui</strong></span> <span class='ocrx_word' id='word_1_66' title='bbox 605 1185 1227 1254; x_wconf 75' lang='lat' dir='ltr'><strong>gigniconnnemomtur,</strong></span> <span class='ocrx_word' id='word_1_67' title='bbox 1250 1186 1425 1239; x_wconf 89' lang='lat' dir='ltr'><strong>minus</strong></span> <span class='ocrx_word' id='word_1_68' title='bbox 1453 1184 1645 1238; x_wconf 75' lang='lat' dir='ltr'><strong>vixisse</strong></span> <span class='ocrx_word' id='word_1_69' title='bbox 1673 1182 1809 1251; x_wconf 85' lang='lat' dir='ltr'><strong>apud</strong></span> 
     </span>
    </p>
   </div>
   <div class='ocr_carea' id='block_1_11' title="bbox 230 1271 1809 1341">
    <p class='ocr_par' dir='ltr' id='par_1_11' title="bbox 230 1271 1809 1341">
     <span class='ocr_line' id='line_1_11' title="bbox 230 1271 1809 1341; baseline 0.003 -20"><span class='ocrx_word' id='word_1_70' title='bbox 230 1271 472 1324; x_wconf 71' lang='lat' dir='ltr'><strong>hei)an</strong></span> <span class='ocrx_word' id='word_1_71' title='bbox 501 1286 651 1340; x_wconf 88' lang='lat' dir='ltr'><strong>pater</strong></span> <span class='ocrx_word' id='word_1_72' title='bbox 668 1276 782 1341; x_wconf 84' lang='lat' dir='ltr'><strong>ejus</strong></span> <span class='ocrx_word' id='word_1_73' title='bbox 804 1275 1066 1331; x_wconf 85' lang='lat' dir='ltr'><strong>invenitur</strong></span> <span class='ocrx_word' id='word_1_74' title='bbox 1086 1285 1294 1328; x_wconf 80' lang='lat' dir='ltr'><strong>centum</strong></span> <span class='ocrx_word' id='word_1_75' title='bbox 1318 1289 1487 1328; x_wconf 89' lang='lat' dir='ltr'><strong>annos</strong></span> <span class='ocrx_word' id='word_1_76' title='bbox 1512 1292 1523 1325; x_wconf 89' lang='lat'><strong>:</strong></span> <span class='ocrx_word' id='word_1_77' title='bbox 1549 1273 1641 1327; x_wconf 89' lang='lat' dir='ltr'><strong>sed</strong></span> <span class='ocrx_word' id='word_1_78' title='bbox 1668 1282 1809 1340; x_wconf 83' lang='lat' dir='ltr'><strong>post-</strong></span> 
     </span>
    </p>
   </div>
   <div class='ocr_carea' id='block_1_12' title="bbox 227 1364 1809 1433">
    <p class='ocr_par' dir='ltr' id='par_1_12' title="bbox 227 1364 1809 1433">
     <span class='ocr_line' id='line_1_12' title="bbox 227 1364 1809 1433; baseline 0.003 -25"><span class='ocrx_word' id='word_1_79' title='bbox 227 1370 562 1428; x_wconf 73' lang='lat' dir='ltr'><strong>eaquamest</strong></span> <span class='ocrx_word' id='word_1_80' title='bbox 613 1365 823 1432; x_wconf 87' lang='lat' dir='ltr'><strong>genitus</strong></span> <span class='ocrx_word' id='word_1_81' title='bbox 852 1364 993 1419; x_wconf 76' lang='lat' dir='ltr'><strong>idem</strong></span> <span class='ocrx_word' id='word_1_82' title='bbox 1025 1366 1135 1433; x_wconf 91' lang='lat' dir='ltr'><strong>ipse</strong></span> <span class='ocrx_word' id='word_1_83' title='bbox 1154 1404 1171 1430; x_wconf 90' lang='lat'><strong>,</strong></span> <span class='ocrx_word' id='word_1_84' title='bbox 1199 1374 1413 1418; x_wconf 90' lang='lat' dir='ltr'><strong>centum</strong></span> <span class='ocrx_word' id='word_1_85' title='bbox 1454 1365 1627 1418; x_wconf 89' lang='lat' dir='ltr'><strong>minus</strong></span> <span class='ocrx_word' id='word_1_86' title='bbox 1652 1377 1809 1432; x_wconf 90' lang='lat' dir='ltr'><strong>quam</strong></span> 
     </span>
    </p>
   </div>
   <div class='ocr_carea' id='block_1_13' title="bbox 228 1449 1813 1523">
    <p class='ocr_par' dir='ltr' id='par_1_13' title="bbox 228 1449 1813 1523">
     <span class='ocr_line' id='line_1_13' title="bbox 228 1449 1813 1523; baseline 0.003 -23"><span class='ocrx_word' id='word_1_87' title='bbox 228 1449 275 1501; x_wconf 92' lang='lat' dir='ltr'><strong>in</strong></span> <span class='ocrx_word' id='word_1_88' title='bbox 306 1450 542 1506; x_wconf 68' lang='lat' dir='ltr'><strong>hebrmis</strong></span> <span class='ocrx_word' id='word_1_89' title='bbox 573 1454 911 1509; x_wconf 86' lang='lat' dir='ltr'><strong>inveniuntur</strong></span> <span class='ocrx_word' id='word_1_90' title='bbox 955 1456 1004 1508; x_wconf 91' lang='lat' dir='ltr'><strong>in</strong></span> <span class='ocrx_word' id='word_1_91' title='bbox 1046 1457 1258 1510; x_wconf 87' lang='lat' dir='ltr'><strong>nostris.</strong></span> <span class='ocrx_word' id='word_1_92' title='bbox 1296 1456 1466 1523; x_wconf 81' lang='lat' dir='ltr'><strong>Atque</strong></span> <span class='ocrx_word' id='word_1_93' title='bbox 1498 1456 1566 1507; x_wconf 89' lang='lat' dir='ltr'><strong>ita</strong></span> <span class='ocrx_word' id='word_1_94' title='bbox 1598 1453 1719 1507; x_wconf 91' lang='lat' dir='ltr'><strong>hinc</strong></span> <span class='ocrx_word' id='word_1_95' title='bbox 1758 1460 1813 1506; x_wconf 91' lang='lat' dir='ltr'><strong>ct</strong></span> 
     </span>
    </p>
   </div>
   <div class='ocr_carea' id='block_1_14' title="bbox 228 1542 1808 1601">
    <p class='ocr_par' dir='ltr' id='par_1_14' title="bbox 228 1542 1808 1601">
     <span class='ocr_line' id='line_1_14' title="bbox 228 1542 1808 1601; baseline 0.003 -10"><span class='ocrx_word' id='word_1_96' title='bbox 228 1542 344 1596; x_wconf 85' lang='lat' dir='ltr'><strong>inde</strong></span> <span class='ocrx_word' id='word_1_97' title='bbox 395 1544 607 1598; x_wconf 88' lang='lat' dir='ltr'><strong>numeri</strong></span> <span class='ocrx_word' id='word_1_98' title='bbox 660 1546 978 1601; x_wconf 74' lang='lat' dir='ltr'><strong>universitas</strong></span> <span class='ocrx_word' id='word_1_99' title='bbox 1027 1555 1303 1600; x_wconf 82' lang='lat' dir='ltr'><strong>consonat.</strong></span> <span class='ocrx_word' id='word_1_100' title='bbox 1335 1545 1389 1599; x_wconf 82' lang='grc' dir='ltr'><strong>ιη</strong></span> <span class='ocrx_word' id='word_1_101' title='bbox 1429 1556 1578 1601; x_wconf 90' lang='lat' dir='ltr'><strong>sexta</strong></span> <span class='ocrx_word' id='word_1_102' title='bbox 1631 1553 1808 1597; x_wconf 91' lang='lat' dir='ltr'><strong>autem</strong></span> 
     </span>
    </p>
   </div>
   <div class='ocr_carea' id='block_1_15' title="bbox 223 1636 1809 1708">
    <p class='ocr_par' dir='ltr' id='par_1_15' title="bbox 223 1636 1809 1708">
     <span class='ocr_line' id='line_1_15' title="bbox 223 1636 1809 1708; baseline 0.001 -20"><span class='ocrx_word' id='word_1_103' title='bbox 223 1636 570 1702; x_wconf 76' lang='lat' dir='ltr'><strong>generatione</strong></span> <span class='ocrx_word' id='word_1_104' title='bbox 612 1654 870 1708; x_wconf 81' lang='lat' dir='ltr'><strong>nusquam</strong></span> <span class='ocrx_word' id='word_1_105' title='bbox 901 1639 1107 1708; x_wconf 86' lang='lat' dir='ltr'><strong>utrique</strong></span> <span class='ocrx_word' id='word_1_106' title='bbox 1146 1639 1357 1693; x_wconf 90' lang='lat' dir='ltr'><strong>codices</strong></span> <span class='ocrx_word' id='word_1_107' title='bbox 1398 1639 1717 1704; x_wconf 76' lang='lat' dir='ltr'><strong>discrepant.</strong></span> <span class='ocrx_word' id='word_1_108' title='bbox 1752 1636 1809 1690; x_wconf 87' lang='lat' dir='ltr'><strong>in</strong></span> 
     </span>
    </p>
   </div>
   <div class='ocr_carea' id='block_1_16' title="bbox 226 1726 1809 1797">
    <p class='ocr_par' dir='ltr' id='par_1_16' title="bbox 226 1726 1809 1797">
     <span class='ocr_line' id='line_1_16' title="bbox 226 1726 1809 1797; baseline 0.004 -23"><span class='ocrx_word' id='word_1_109' title='bbox 226 1726 444 1791; x_wconf 82' lang='lat' dir='ltr'><strong>septima</strong></span> <span class='ocrx_word' id='word_1_110' title='bbox 476 1742 625 1789; x_wconf 89' lang='lat' dir='ltr'><strong>vero,</strong></span> <span class='ocrx_word' id='word_1_111' title='bbox 660 1729 746 1783; x_wconf 90' lang='lat' dir='ltr'><strong>ubi</strong></span> <span class='ocrx_word' id='word_1_112' title='bbox 780 1729 865 1783; x_wconf 87' lang='lat' dir='ltr'><strong>ille</strong></span> <span class='ocrx_word' id='word_1_113' title='bbox 888 1730 974 1797; x_wconf 88' lang='lat' dir='ltr'><strong>qui</strong></span> <span class='ocrx_word' id='word_1_114' title='bbox 1007 1740 1159 1783; x_wconf 87' lang='lat' dir='ltr'><strong>natus</strong></span> <span class='ocrx_word' id='word_1_115' title='bbox 1187 1740 1268 1784; x_wconf 78' lang='lat' dir='ltr'><strong>est</strong></span> <span class='ocrx_word' id='word_1_116' title='bbox 1294 1730 1498 1791; x_wconf 83' lang='lat' dir='ltr'><strong>Enoch,</strong></span> <span class='ocrx_word' id='word_1_117' title='bbox 1532 1744 1634 1782; x_wconf 91' lang='lat' dir='ltr'><strong>non</strong></span> <span class='ocrx_word' id='word_1_118' title='bbox 1666 1743 1809 1780; x_wconf 90' lang='lat' dir='ltr'><strong>mor-</strong></span> 
     </span>
    </p>
   </div>
   <div class='ocr_carea' id='block_1_17' title="bbox 228 1817 1806 1887">
    <p class='ocr_par' dir='ltr' id='par_1_17' title="bbox 228 1817 1806 1887">
     <span class='ocr_line' id='line_1_17' title="bbox 228 1817 1806 1887; baseline 0.002 -20"><span class='ocrx_word' id='word_1_119' title='bbox 228 1824 363 1873; x_wconf 89' lang='lat' dir='ltr'><strong>tuus.</strong></span> <span class='ocrx_word' id='word_1_120' title='bbox 387 1817 484 1871; x_wconf 85' lang='lat' dir='ltr'><strong>sed</strong></span> <span class='ocrx_word' id='word_1_121' title='bbox 514 1818 653 1887; x_wconf 88' lang='lat' dir='ltr'><strong>quod</strong></span> <span class='ocrx_word' id='word_1_122' title='bbox 688 1819 795 1871; x_wconf 91' lang='lat' dir='ltr'><strong>Deo</strong></span> <span class='ocrx_word' id='word_1_123' title='bbox 823 1818 1377 1887; x_wconf 86' lang='lat' dir='ltr'><strong>placuerittranslatus</strong></span> <span class='ocrx_word' id='word_1_124' title='bbox 1401 1833 1521 1873; x_wconf 74' lang='lat' dir='ltr'><strong>esse</strong></span> <span class='ocrx_word' id='word_1_125' title='bbox 1543 1827 1806 1883; x_wconf 89' lang='lat' dir='ltr'><strong>narratur,</strong></span> 
     </span>
    </p>
   </div>
   <div class='ocr_carea' id='block_1_18' title="bbox 226 1906 1808 1980">
    <p class='ocr_par' dir='ltr' id='par_1_18' title="bbox 226 1906 1808 1980">
     <span class='ocr_line' id='line_1_18' title="bbox 226 1906 1808 1980; baseline 0.003 -22"><span class='ocrx_word' id='word_1_126' title='bbox 226 1906 412 1961; x_wconf 84' lang='lat' dir='ltr'><strong>eadem</strong></span> <span class='ocrx_word' id='word_1_127' title='bbox 456 1907 785 1963; x_wconf 85' lang='lat' dir='ltr'><strong>dissonantia</strong></span> <span class='ocrx_word' id='word_1_128' title='bbox 822 1919 935 1976; x_wconf 89' lang='lat' dir='ltr'><strong>est,</strong></span> <span class='ocrx_word' id='word_1_129' title='bbox 968 1928 1084 1980; x_wconf 73' lang='lat' dir='ltr'><strong>qua:</strong></span> <span class='ocrx_word' id='word_1_130' title='bbox 1114 1913 1163 1964; x_wconf 93' lang='lat' dir='ltr'><strong>in</strong></span> <span class='ocrx_word' id='word_1_131' title='bbox 1188 1911 1551 1979; x_wconf 82' lang='lat' dir='ltr'><strong>superioribus</strong></span> <span class='ocrx_word' id='word_1_132' title='bbox 1577 1910 1808 1979; x_wconf 89' lang='lat' dir='ltr'><strong>quinque</strong></span> 
     </span>
    </p>
   </div>
   <div class='ocr_carea' id='block_1_19' title="bbox 225 1996 1810 2072">
    <p class='ocr_par' dir='ltr' id='par_1_19' title="bbox 225 1996 1810 2072">
     <span class='ocr_line' id='line_1_19' title="bbox 225 1996 1810 2072; baseline 0.003 -23"><span class='ocrx_word' id='word_1_133' title='bbox 225 1996 288 2050; x_wconf 83' lang='lat' dir='ltr'><strong>de</strong></span> <span class='ocrx_word' id='word_1_134' title='bbox 304 2008 524 2051; x_wconf 86' lang='lat' dir='ltr'><strong>centum</strong></span> <span class='ocrx_word' id='word_1_135' title='bbox 555 2001 709 2053; x_wconf 91' lang='lat' dir='ltr'><strong>annis</strong></span> <span class='ocrx_word' id='word_1_136' title='bbox 728 2010 1011 2071; x_wconf 84' lang='lat' dir='ltr'><strong>antequam</strong></span> <span class='ocrx_word' id='word_1_137' title='bbox 1041 2002 1277 2072; x_wconf 75' lang='lat' dir='ltr'><strong>gigneret</strong></span> <span class='ocrx_word' id='word_1_138' title='bbox 1301 2018 1423 2055; x_wconf 90' lang='lat' dir='ltr'><strong>eum</strong></span> <span class='ocrx_word' id='word_1_139' title='bbox 1446 2002 1535 2071; x_wconf 90' lang='lat' dir='ltr'><strong>qui</strong></span> <span class='ocrx_word' id='word_1_140' title='bbox 1570 2002 1637 2055; x_wconf 85' lang='lat' dir='ltr'><strong>ibi</strong></span> <span class='ocrx_word' id='word_1_141' title='bbox 1663 2016 1810 2055; x_wconf 88' lang='lat' dir='ltr'><strong>com-</strong></span> 
     </span>
    </p>
   </div>
   <div class='ocr_carea' id='block_1_20' title="bbox 226 2092 1807 2162">
    <p class='ocr_par' dir='ltr' id='par_1_20' title="bbox 226 2092 1807 2162">
     <span class='ocr_line' id='line_1_20' title="bbox 226 2092 1807 2162; baseline 0.004 -22"><span class='ocrx_word' id='word_1_142' title='bbox 226 2100 554 2145; x_wconf 89' lang='lat' dir='ltr'><strong>memoralus</strong></span> <span class='ocrx_word' id='word_1_143' title='bbox 600 2101 684 2146; x_wconf 90' lang='lat' dir='ltr'><strong>est</strong></span> <span class='ocrx_word' id='word_1_144' title='bbox 716 2092 879 2146; x_wconf 88' lang='lat' dir='ltr'><strong>lilium</strong></span> <span class='ocrx_word' id='word_1_145' title='bbox 913 2111 925 2146; x_wconf 89' lang='lat'><strong>:</strong></span> <span class='ocrx_word' id='word_1_146' title='bbox 958 2104 1115 2162; x_wconf 91' lang='lat' dir='ltr'><strong>atque</strong></span> <span class='ocrx_word' id='word_1_147' title='bbox 1155 2094 1223 2147; x_wconf 86' lang='lat' dir='ltr'><strong>ita</strong></span> <span class='ocrx_word' id='word_1_148' title='bbox 1268 2093 1320 2147; x_wconf 93' lang='lat' dir='ltr'><strong>in</strong></span> <span class='ocrx_word' id='word_1_149' title='bbox 1369 2108 1575 2146; x_wconf 89' lang='lat' dir='ltr'><strong>smmna</strong></span> <span class='ocrx_word' id='word_1_150' title='bbox 1619 2092 1807 2146; x_wconf 86' lang='lat' dir='ltr'><strong>similis</strong></span> 
     </span>
    </p>
   </div>
   <div class='ocr_carea' id='block_1_21' title="bbox 224 2181 1808 2254">
    <p class='ocr_par' dir='ltr' id='par_1_21' title="bbox 224 2181 1808 2254">
     <span class='ocr_line' id='line_1_21' title="bbox 224 2181 1808 2254; baseline 0.002 -21"><span class='ocrx_word' id='word_1_151' title='bbox 224 2183 593 2239; x_wconf 75' lang='lat' dir='ltr'><strong>wnsonantia.</strong></span> <span class='ocrx_word' id='word_1_152' title='bbox 627 2182 765 2237; x_wconf 80' lang='lat' dir='ltr'><strong>Vixit</strong></span> <span class='ocrx_word' id='word_1_153' title='bbox 793 2184 934 2239; x_wconf 90' lang='lat' dir='ltr'><strong>enim</strong></span> <span class='ocrx_word' id='word_1_154' title='bbox 964 2198 1152 2250; x_wconf 90' lang='lat' dir='ltr'><strong>annos,</strong></span> <span class='ocrx_word' id='word_1_155' title='bbox 1180 2194 1460 2254; x_wconf 88' lang='lat' dir='ltr'><strong>antequam</strong></span> <span class='ocrx_word' id='word_1_156' title='bbox 1495 2181 1808 2237; x_wconf 81' lang='lat' dir='ltr'><strong>transferre-</strong></span> 
     </span>
    </p>
   </div>
   <div class='ocr_carea' id='block_1_22' title="bbox 226 2272 1804 2343">
    <p class='ocr_par' dir='ltr' id='par_1_22' title="bbox 226 2272 1804 2343">
     <span class='ocr_line' id='line_1_22' title="bbox 226 2272 1804 2343; baseline 0.003 -21"><span class='ocrx_word' id='word_1_157' title='bbox 226 2280 322 2331; x_wconf 86' lang='lat' dir='ltr'><strong>tur.</strong></span> <span class='ocrx_word' id='word_1_158' title='bbox 352 2272 653 2327; x_wconf 85' lang='lat' dir='ltr'><strong>secundum</strong></span> <span class='ocrx_word' id='word_1_159' title='bbox 683 2284 933 2343; x_wconf 88' lang='lat' dir='ltr'><strong>utrosque</strong></span> <span class='ocrx_word' id='word_1_160' title='bbox 963 2275 1192 2340; x_wconf 87' lang='lat' dir='ltr'><strong>codices,</strong></span> <span class='ocrx_word' id='word_1_161' title='bbox 1228 2283 1494 2329; x_wconf 89' lang='lat' dir='ltr'><strong>trecentos</strong></span> <span class='ocrx_word' id='word_1_162' title='bbox 1536 2274 1804 2343; x_wconf 91' lang='lat' dir='ltr'><strong>sexaginta</strong></span> 
     </span>
    </p>
   </div>
   <div class='ocr_carea' id='block_1_23' title="bbox 224 2363 1809 2440">
    <p class='ocr_par' dir='ltr' id='par_1_23' title="bbox 224 2363 1809 2440">
     <span class='ocr_line' id='line_1_23' title="bbox 224 2363 1809 2440; baseline 0.001 -23"><span class='ocrx_word' id='word_1_163' title='bbox 224 2370 272 2417; x_wconf 81' lang='lat' dir='ltr'><strong>et</strong></span> <span class='ocrx_word' id='word_1_164' title='bbox 289 2363 530 2433; x_wconf 90' lang='lat' dir='ltr'><strong>quinque</strong></span> <span class='ocrx_word' id='word_1_165' title='bbox 554 2364 745 2433; x_wconf 52' lang='lat' dir='ltr'><strong>(Ibid,</strong></span> <span class='ocrx_word' id='word_1_166' title='bbox 771 2364 980 2440; x_wconf 70' lang='lat'><strong>21-23).</strong></span> <span class='ocrx_word' id='word_1_167' title='bbox 1004 2366 1196 2421; x_wconf 89' lang='lat' dir='ltr'><strong>Octava</strong></span> <span class='ocrx_word' id='word_1_168' title='bbox 1222 2367 1492 2436; x_wconf 83' lang='lat' dir='ltr'><strong>generatio</strong></span> <span class='ocrx_word' id='word_1_169' title='bbox 1523 2365 1679 2420; x_wconf 88' lang='lat' dir='ltr'><strong>habet</strong></span> <span class='ocrx_word' id='word_1_170' title='bbox 1694 2366 1809 2435; x_wconf 86' lang='lat' dir='ltr'><strong>qui-</strong></span> 
     </span>
    </p>
   </div>
   <div class='ocr_carea' id='block_1_24' title="bbox 224 2455 1806 2526">
    <p class='ocr_par' dir='ltr' id='par_1_24' title="bbox 224 2455 1806 2526">
     <span class='ocr_line' id='line_1_24' title="bbox 224 2455 1806 2526; baseline 0.003 -17"><span class='ocrx_word' id='word_1_171' title='bbox 224 2455 335 2510; x_wconf 89' lang='lat' dir='ltr'><strong>dem</strong></span> <span class='ocrx_word' id='word_1_172' title='bbox 365 2457 645 2512; x_wconf 83' lang='lat' dir='ltr'><strong>nonullam</strong></span> <span class='ocrx_word' id='word_1_173' title='bbox 675 2459 1034 2513; x_wconf 87' lang='lat' dir='ltr'><strong>diversitatem</strong></span> <span class='ocrx_word' id='word_1_174' title='bbox 1061 2502 1074 2523; x_wconf 84' lang='lat'><strong>,</strong></span> <span class='ocrx_word' id='word_1_175' title='bbox 1106 2459 1199 2515; x_wconf 86' lang='lat' dir='ltr'><strong>sed</strong></span> <span class='ocrx_word' id='word_1_176' title='bbox 1233 2460 1489 2515; x_wconf 89' lang='lat' dir='ltr'><strong>minorem</strong></span> <span class='ocrx_word' id='word_1_177' title='bbox 1521 2500 1536 2526; x_wconf 94' lang='lat'><strong>,</strong></span> <span class='ocrx_word' id='word_1_178' title='bbox 1560 2475 1621 2513; x_wconf 90' lang='lat' dir='ltr'><strong>ac</strong></span> <span class='ocrx_word' id='word_1_179' title='bbox 1647 2460 1806 2513; x_wconf 88' lang='lat' dir='ltr'><strong>dissi-</strong></span> 
     </span>
    </p>
   </div>
   <div class='ocr_carea' id='block_1_25' title="bbox 225 2548 1808 2621">
    <p class='ocr_par' dir='ltr' id='par_1_25' title="bbox 225 2548 1808 2621">
     <span class='ocr_line' id='line_1_25' title="bbox 225 2548 1808 2621; baseline 0.003 -21"><span class='ocrx_word' id='word_1_180' title='bbox 225 2548 397 2601; x_wconf 86' lang='lat' dir='ltr'><strong>milem</strong></span> <span class='ocrx_word' id='word_1_181' title='bbox 453 2550 692 2603; x_wconf 62' lang='lat' dir='ltr'><strong>ceteris.</strong></span> <span class='ocrx_word' id='word_1_182' title='bbox 745 2549 1094 2606; x_wconf 85' lang='lat' dir='ltr'><strong>Mathusalem</strong></span> <span class='ocrx_word' id='word_1_183' title='bbox 1126 2551 1143 2583; x_wconf 77' lang='grc'>⁸</span> <span class='ocrx_word' id='word_1_184' title='bbox 1167 2552 1363 2621; x_wconf 87' lang='lat' dir='ltr'><strong>quippe</strong></span> <span class='ocrx_word' id='word_1_185' title='bbox 1383 2592 1398 2617; x_wconf 90' lang='lat'><strong>,</strong></span> <span class='ocrx_word' id='word_1_186' title='bbox 1443 2566 1599 2620; x_wconf 90' lang='lat' dir='ltr'><strong>quem</strong></span> <span class='ocrx_word' id='word_1_187' title='bbox 1627 2551 1808 2620; x_wconf 88' lang='lat' dir='ltr'><strong>genuit</strong></span> 
     </span>
    </p>
   </div>
   <div class='ocr_carea' id='block_1_26' title="bbox 227 2639 1807 2713">
    <p class='ocr_par' dir='ltr' id='par_1_26' title="bbox 227 2639 1807 2713">
     <span class='ocr_line' id='line_1_26' title="bbox 227 2639 1807 2713; baseline 0.003 -20"><span class='ocrx_word' id='word_1_188' title='bbox 227 2639 404 2695; x_wconf 81' lang='lat' dir='ltr'><strong>Enoch</strong></span> <span class='ocrx_word' id='word_1_189' title='bbox 428 2682 444 2707; x_wconf 89' lang='lat'><strong>,</strong></span> <span class='ocrx_word' id='word_1_190' title='bbox 469 2651 758 2712; x_wconf 90' lang='lat' dir='ltr'><strong>antequam</strong></span> <span class='ocrx_word' id='word_1_191' title='bbox 809 2644 1047 2713; x_wconf 88' lang='lat' dir='ltr'><strong>gigneret</strong></span> <span class='ocrx_word' id='word_1_192' title='bbox 1087 2661 1206 2699; x_wconf 90' lang='lat' dir='ltr'><strong>eum</strong></span> <span class='ocrx_word' id='word_1_193' title='bbox 1259 2646 1346 2713; x_wconf 91' lang='lat' dir='ltr'><strong>qui</strong></span> <span class='ocrx_word' id='word_1_194' title='bbox 1374 2644 1423 2698; x_wconf 91' lang='lat' dir='ltr'><strong>in</strong></span> <span class='ocrx_word' id='word_1_195' title='bbox 1465 2645 1577 2713; x_wconf 91' lang='lat' dir='ltr'><strong>ipso</strong></span> <span class='ocrx_word' id='word_1_196' title='bbox 1622 2642 1807 2697; x_wconf 86' lang='lat' dir='ltr'><strong>ordine</strong></span> 
     </span>
    </p>
   </div>
   <div class='ocr_carea' id='block_1_27' title="bbox 224 2734 1803 2803">
    <p class='ocr_par' dir='ltr' id='par_1_27' title="bbox 224 2734 1803 2803">
     <span class='ocr_line' id='line_1_27' title="bbox 224 2734 1803 2803; baseline 0.001 -19"><span class='ocrx_word' id='word_1_197' title='bbox 224 2735 480 2803; x_wconf 88' lang='lat' dir='ltr'><strong>sequitur,</strong></span> <span class='ocrx_word' id='word_1_198' title='bbox 507 2735 798 2788; x_wconf 88' lang='lat' dir='ltr'><strong>secundum</strong></span> <span class='ocrx_word' id='word_1_199' title='bbox 829 2735 1069 2789; x_wconf 68' lang='lat' dir='ltr'><strong>hebrzeos</strong></span> <span class='ocrx_word' id='word_1_200' title='bbox 1098 2751 1202 2789; x_wconf 90' lang='lat' dir='ltr'><strong>non</strong></span> <span class='ocrx_word' id='word_1_201' title='bbox 1229 2745 1443 2790; x_wconf 87' lang='lat' dir='ltr'><strong>centum</strong></span> <span class='ocrx_word' id='word_1_202' title='bbox 1472 2736 1644 2788; x_wconf 87' lang='lat' dir='ltr'><strong>minus</strong></span> <span class='ocrx_word' id='word_1_203' title='bbox 1667 2776 1679 2797; x_wconf 88' lang='lat'><strong>,</strong></span> <span class='ocrx_word' id='word_1_204' title='bbox 1712 2734 1803 2788; x_wconf 89' lang='lat' dir='ltr'><strong>sed</strong></span> 
     </span>
    </p>
   </div>
   <div class='ocr_carea' id='block_1_28' title="bbox 222 2826 1807 2897">
    <p class='ocr_par' dir='ltr' id='par_1_28' title="bbox 222 2826 1807 2897">
     <span class='ocr_line' id='line_1_28' title="bbox 222 2826 1807 2897; baseline 0.001 -19"><span class='ocrx_word' id='word_1_205' title='bbox 222 2826 397 2895; x_wconf 80' lang='lat' dir='ltr'><strong>viginti</strong></span> <span class='ocrx_word' id='word_1_206' title='bbox 420 2826 655 2897; x_wconf 89' lang='lat' dir='ltr'><strong>amplius</strong></span> <span class='ocrx_word' id='word_1_207' title='bbox 678 2826 807 2880; x_wconf 82' lang='lat' dir='ltr'><strong>vixit</strong></span> <span class='ocrx_word' id='word_1_208' title='bbox 825 2842 1025 2882; x_wconf 87' lang='lat' dir='ltr'><strong>annos:</strong></span> <span class='ocrx_word' id='word_1_209' title='bbox 1055 2827 1141 2896; x_wconf 90' lang='lat' dir='ltr'><strong>qui</strong></span> <span class='ocrx_word' id='word_1_210' title='bbox 1175 2842 1358 2880; x_wconf 86' lang='lat' dir='ltr'><strong>rursus</strong></span> <span class='ocrx_word' id='word_1_211' title='bbox 1380 2826 1429 2880; x_wconf 91' lang='lat' dir='ltr'><strong>in</strong></span> <span class='ocrx_word' id='word_1_212' title='bbox 1450 2827 1644 2880; x_wconf 85' lang='lat' dir='ltr'><strong>nostris</strong></span> <span class='ocrx_word' id='word_1_213' title='bbox 1666 2834 1807 2894; x_wconf 76' lang='lat' dir='ltr'><strong>post-</strong></span> 
     </span>
    </p>
   </div>
   <div class='ocr_carea' id='block_1_29' title="bbox 223 2917 1804 2986">
    <p class='ocr_par' dir='ltr' id='par_1_29' title="bbox 223 2917 1804 2986">
     <span class='ocr_line' id='line_1_29' title="bbox 223 2917 1804 2986; baseline 0.001 -17"><span class='ocrx_word' id='word_1_214' title='bbox 223 2931 439 2986; x_wconf 77' lang='lat' dir='ltr'><strong>eaquam</strong></span> <span class='ocrx_word' id='word_1_215' title='bbox 471 2932 597 2971; x_wconf 88' lang='lat' dir='ltr'><strong>eum</strong></span> <span class='ocrx_word' id='word_1_216' title='bbox 639 2918 855 2986; x_wconf 89' lang='lat' dir='ltr'><strong>genuit,</strong></span> <span class='ocrx_word' id='word_1_217' title='bbox 887 2919 1226 2986; x_wconf 88' lang='lat' dir='ltr'><strong>reperiuntur</strong></span> <span class='ocrx_word' id='word_1_218' title='bbox 1250 2917 1414 2971; x_wconf 89' lang='lat' dir='ltr'><strong>additi</strong></span> <span class='ocrx_word' id='word_1_219' title='bbox 1447 2959 1459 2979; x_wconf 91' lang='lat'><strong>,</strong></span> <span class='ocrx_word' id='word_1_220' title='bbox 1487 2928 1541 2970; x_wconf 90' lang='lat' dir='ltr'><strong>et</strong></span> <span class='ocrx_word' id='word_1_221' title='bbox 1568 2918 1619 2971; x_wconf 90' lang='lat' dir='ltr'><strong>in</strong></span> <span class='ocrx_word' id='word_1_222' title='bbox 1646 2918 1804 2971; x_wconf 84' lang='lat' dir='ltr'><strong>utris-</strong></span> 
     </span>
    </p>
   </div>
   <div class='ocr_carea' id='block_1_30' title="bbox 222 3005 1801 3078">
    <p class='ocr_par' dir='ltr' id='par_1_30' title="bbox 222 3005 1801 3078">
     <span class='ocr_line' id='line_1_30' title="bbox 222 3005 1801 3078; baseline -0.001 -19"><span class='ocrx_word' id='word_1_223' title='bbox 222 3022 317 3075; x_wconf 91' lang='lat' dir='ltr'><strong>que</strong></span> <span class='ocrx_word' id='word_1_224' title='bbox 332 3007 437 3061; x_wconf 87' lang='lat' dir='ltr'><strong>sibi</strong></span> <span class='ocrx_word' id='word_1_225' title='bbox 455 3023 666 3061; x_wconf 87' lang='lat' dir='ltr'><strong>summa</strong></span> <span class='ocrx_word' id='word_1_226' title='bbox 688 3008 916 3061; x_wconf 83' lang='lat' dir='ltr'><strong>universi</strong></span> <span class='ocrx_word' id='word_1_227' title='bbox 933 3009 1138 3062; x_wconf 89' lang='lat' dir='ltr'><strong>numeri</strong></span> <span class='ocrx_word' id='word_1_228' title='bbox 1159 3008 1393 3062; x_wconf 90' lang='lat' dir='ltr'><strong>occurrit</strong></span> <span class='ocrx_word' id='word_1_229' title='bbox 1410 3006 1569 3078; x_wconf 82' lang='lat' dir='ltr'><strong>(Ibid.</strong></span> <span class='ocrx_word' id='word_1_230' title='bbox 1590 3005 1801 3075; x_wconf 72' lang='lat'><strong>25-27).</strong></span> 
     </span>
    </p>
   </div>
   <div class='ocr_carea' id='block_1_31' title="bbox 224 3098 1808 3169">
    <p class='ocr_par' dir='ltr' id='par_1_31' title="bbox 224 3098 1808 3169">
     <span class='ocr_line' id='line_1_31' title="bbox 224 3098 1808 3169; baseline 0.001 -19"><span class='ocrx_word' id='word_1_231' title='bbox 224 3098 271 3151; x_wconf 89' lang='lat' dir='ltr'><strong>ln</strong></span> <span class='ocrx_word' id='word_1_232' title='bbox 298 3100 411 3152; x_wconf 86' lang='lat' dir='ltr'><strong>sola</strong></span> <span class='ocrx_word' id='word_1_233' title='bbox 443 3114 586 3152; x_wconf 86' lang='lat' dir='ltr'><strong>nona</strong></span> <span class='ocrx_word' id='word_1_234' title='bbox 613 3100 974 3169; x_wconf 89' lang='lat' dir='ltr'><strong>generatione,</strong></span> <span class='ocrx_word' id='word_1_235' title='bbox 1006 3099 1056 3153; x_wconf 90' lang='lat' dir='ltr'><strong>id</strong></span> <span class='ocrx_word' id='word_1_236' title='bbox 1085 3108 1168 3153; x_wconf 85' lang='lat' dir='ltr'><strong>est</strong></span> <span class='ocrx_word' id='word_1_237' title='bbox 1193 3100 1245 3153; x_wconf 92' lang='lat' dir='ltr'><strong>in</strong></span> <span class='ocrx_word' id='word_1_238' title='bbox 1273 3100 1429 3153; x_wconf 91' lang='lat' dir='ltr'><strong>annis</strong></span> <span class='ocrx_word' id='word_1_239' title='bbox 1458 3098 1686 3153; x_wconf 85' lang='lat' dir='ltr'><strong>Lameeh</strong></span> <span class='ocrx_word' id='word_1_240' title='bbox 1715 3099 1808 3152; x_wconf 85' lang='lat' dir='ltr'><strong>lilii</strong></span> 
     </span>
    </p>
   </div>
   <div class='ocr_carea' id='block_1_32' title="bbox 225 3188 1807 3258">
    <p class='ocr_par' dir='ltr' id='par_1_32' title="bbox 225 3188 1807 3258">
     <span class='ocr_line' id='line_1_32' title="bbox 225 3188 1807 3258; baseline 0 -15"><span class='ocrx_word' id='word_1_241' title='bbox 225 3189 569 3243; x_wconf 82' lang='lat' dir='ltr'><strong>Mathusalem</strong></span> <span class='ocrx_word' id='word_1_242' title='bbox 592 3231 606 3255; x_wconf 92' lang='lat'><strong>,</strong></span> <span class='ocrx_word' id='word_1_243' title='bbox 636 3191 800 3258; x_wconf 89' lang='lat' dir='ltr'><strong>patris</strong></span> <span class='ocrx_word' id='word_1_244' title='bbox 826 3198 1002 3244; x_wconf 83' lang='lat' dir='ltr'><strong>autem</strong></span> <span class='ocrx_word' id='word_1_245' title='bbox 1032 3188 1144 3244; x_wconf 84' lang='lat' dir='ltr'><strong>Noe</strong></span> <span class='ocrx_word' id='word_1_246' title='bbox 1166 3231 1180 3255; x_wconf 92' lang='lat'><strong>,</strong></span> <span class='ocrx_word' id='word_1_247' title='bbox 1215 3204 1421 3243; x_wconf 88' lang='lat' dir='ltr'><strong>sunnna</strong></span> <span class='ocrx_word' id='word_1_248' title='bbox 1448 3188 1807 3243; x_wconf 85' lang='lat' dir='ltr'><strong>universitatis</strong></span> 
     </span>
    </p>
   </div>
   <div class='ocr_carea' id='block_1_33' title="bbox 223 3279 1805 3353">
    <p class='ocr_par' dir='ltr' id='par_1_33' title="bbox 223 3279 1805 3353">
     <span class='ocr_line' id='line_1_33' title="bbox 223 3279 1805 3353; baseline 0.001 -19"><span class='ocrx_word' id='word_1_249' title='bbox 223 3282 522 3353; x_wconf 87' lang='lat' dir='ltr'><strong>discrepat,</strong></span> <span class='ocrx_word' id='word_1_250' title='bbox 555 3282 648 3335; x_wconf 90' lang='lat' dir='ltr'><strong>sed</strong></span> <span class='ocrx_word' id='word_1_251' title='bbox 676 3297 780 3335; x_wconf 90' lang='lat' dir='ltr'><strong>non</strong></span> <span class='ocrx_word' id='word_1_252' title='bbox 823 3282 1126 3351; x_wconf 88' lang='lat' dir='ltr'><strong>plurimum.</strong></span> <span class='ocrx_word' id='word_1_253' title='bbox 1174 3279 1371 3352; x_wconf 74' lang='lat' dir='ltr'><strong>Viginti</strong></span> <span class='ocrx_word' id='word_1_254' title='bbox 1401 3282 1543 3337; x_wconf 88' lang='lat' dir='ltr'><strong>enim</strong></span> <span class='ocrx_word' id='word_1_255' title='bbox 1574 3290 1627 3335; x_wconf 93' lang='lat' dir='ltr'><strong>et</strong></span> <span class='ocrx_word' id='word_1_256' title='bbox 1671 3297 1805 3351; x_wconf 75' lang='lat' dir='ltr'><strong>qua~</strong></span> 
     </span>
    </p>
   </div>
   <div class='ocr_carea' id='block_1_34' title="bbox 226 3371 1808 3442">
    <p class='ocr_par' dir='ltr' id='par_1_34' title="bbox 226 3371 1808 3442">
     <span class='ocr_line' id='line_1_34' title="bbox 226 3371 1808 3442; baseline -0.001 -17"><span class='ocrx_word' id='word_1_257' title='bbox 226 3383 334 3425; x_wconf 78' lang='lat' dir='ltr'><strong>tuor</strong></span> <span class='ocrx_word' id='word_1_258' title='bbox 376 3387 556 3426; x_wconf 88' lang='lat' dir='ltr'><strong>annos</strong></span> <span class='ocrx_word' id='word_1_259' title='bbox 580 3373 700 3442; x_wconf 83' lang='lat' dir='ltr'><strong>plus</strong></span> <span class='ocrx_word' id='word_1_260' title='bbox 729 3373 923 3426; x_wconf 80' lang='lat' dir='ltr'><strong>vixisse</strong></span> <span class='ocrx_word' id='word_1_261' title='bbox 952 3372 1003 3426; x_wconf 92' lang='lat' dir='ltr'><strong>in</strong></span> <span class='ocrx_word' id='word_1_262' title='bbox 1038 3371 1293 3437; x_wconf 68' lang='lat' dir='ltr'><strong>hebraeis,</strong></span> <span class='ocrx_word' id='word_1_263' title='bbox 1322 3387 1479 3442; x_wconf 89' lang='lat' dir='ltr'><strong>quam</strong></span> <span class='ocrx_word' id='word_1_264' title='bbox 1532 3372 1583 3425; x_wconf 92' lang='lat' dir='ltr'><strong>in</strong></span> <span class='ocrx_word' id='word_1_265' title='bbox 1612 3371 1808 3425; x_wconf 85' lang='lat' dir='ltr'><strong>nostris</strong></span> 
     </span>
    </p>
   </div>
   <div class='ocr_carea' id='block_1_35' title="bbox 223 3468 1804 3541">
    <p class='ocr_par' dir='ltr' id='par_1_35' title="bbox 223 3468 1804 3541">
     <span class='ocr_line' id='line_1_35' title="bbox 223 3468 1804 3541; baseline -0.001 -19"><span class='ocrx_word' id='word_1_266' title='bbox 223 3470 493 3524; x_wconf 74' lang='lat' dir='ltr'><strong>codicibus</strong></span> <span class='ocrx_word' id='word_1_267' title='bbox 538 3470 821 3523; x_wconf 87' lang='lat' dir='ltr'><strong>invenitur.</strong></span> <span class='ocrx_word' id='word_1_268' title='bbox 851 3469 981 3523; x_wconf 88' lang='lat' dir='ltr'><strong>Nam</strong></span> <span class='ocrx_word' id='word_1_269' title='bbox 1007 3479 1289 3541; x_wconf 89' lang='lat' dir='ltr'><strong>antequam</strong></span> <span class='ocrx_word' id='word_1_270' title='bbox 1318 3471 1561 3540; x_wconf 84' lang='lat' dir='ltr'><strong>gigneret</strong></span> <span class='ocrx_word' id='word_1_271' title='bbox 1602 3468 1765 3523; x_wconf 87' lang='lat' dir='ltr'><strong>lilium</strong></span> <span class='ocrx_word' id='word_1_272' title='bbox 1788 3509 1804 3531; x_wconf 89' lang='lat'><strong>,</strong></span> 
     </span>
    </p>
   </div>
   <div class='ocr_carea' id='block_1_36' title="bbox 222 3561 1808 3631">
    <p class='ocr_par' dir='ltr' id='par_1_36' title="bbox 222 3561 1808 3631">
     <span class='ocr_line' id='line_1_36' title="bbox 222 3561 1808 3631; baseline 0 -17"><span class='ocrx_word' id='word_1_273' title='bbox 222 3563 301 3631; x_wconf 88' lang='lat' dir='ltr'><strong>qui</strong></span> <span class='ocrx_word' id='word_1_274' title='bbox 336 3572 561 3617; x_wconf 83' lang='lat' dir='ltr'><strong>vocatus</strong></span> <span class='ocrx_word' id='word_1_275' title='bbox 609 3570 691 3615; x_wconf 86' lang='lat' dir='ltr'><strong>est</strong></span> <span class='ocrx_word' id='word_1_276' title='bbox 726 3561 837 3616; x_wconf 87' lang='lat' dir='ltr'><strong>Noe</strong></span> <span class='ocrx_word' id='word_1_277' title='bbox 869 3604 884 3628; x_wconf 96' lang='lat'><strong>,</strong></span> <span class='ocrx_word' id='word_1_278' title='bbox 928 3577 1022 3617; x_wconf 88' lang='lat' dir='ltr'><strong>sex</strong></span> <span class='ocrx_word' id='word_1_279' title='bbox 1063 3563 1241 3616; x_wconf 91' lang='lat' dir='ltr'><strong>minus</strong></span> <span class='ocrx_word' id='word_1_280' title='bbox 1288 3562 1446 3617; x_wconf 84' lang='lat' dir='ltr'><strong>habet</strong></span> <span class='ocrx_word' id='word_1_281' title='bbox 1492 3563 1543 3615; x_wconf 93' lang='lat' dir='ltr'><strong>in</strong></span> <span class='ocrx_word' id='word_1_282' title='bbox 1581 3561 1808 3616; x_wconf 71' lang='lat' dir='ltr'><strong>hebrmis</strong></span> 
     </span>
    </p>
   </div>
   <div class='ocr_carea' id='block_1_37' title="bbox 224 3652 1805 3722">
    <p class='ocr_par' dir='ltr' id='par_1_37' title="bbox 224 3652 1805 3722">
     <span class='ocr_line' id='line_1_37' title="bbox 224 3652 1805 3722; baseline 0.001 -19"><span class='ocrx_word' id='word_1_283' title='bbox 224 3668 370 3721; x_wconf 80' lang='lat' dir='ltr'><strong>quam</strong></span> <span class='ocrx_word' id='word_1_284' title='bbox 397 3653 451 3706; x_wconf 88' lang='lat' dir='ltr'><strong>iu</strong></span> <span class='ocrx_word' id='word_1_285' title='bbox 473 3653 674 3707; x_wconf 90' lang='lat' dir='ltr'><strong>nostris</strong></span> <span class='ocrx_word' id='word_1_286' title='bbox 701 3669 713 3705; x_wconf 92' lang='lat'>:</span> <span class='ocrx_word' id='word_1_287' title='bbox 750 3662 927 3721; x_wconf 65' lang='lat' dir='ltr'><strong>tmstea</strong></span> <span class='ocrx_word' id='word_1_288' title='bbox 970 3668 1282 3722; x_wconf 88' lang='lat' dir='ltr'><strong>veroquam</strong></span> <span class='ocrx_word' id='word_1_289' title='bbox 1313 3667 1432 3707; x_wconf 92' lang='lat' dir='ltr'><strong>eum</strong></span> <span class='ocrx_word' id='word_1_290' title='bbox 1454 3653 1675 3721; x_wconf 90' lang='lat' dir='ltr'><strong>genuit,</strong></span> <span class='ocrx_word' id='word_1_291' title='bbox 1708 3652 1805 3705; x_wconf 91' lang='lat' dir='ltr'><strong>tri-</strong></span> 
     </span>
    </p>
   </div>
   <div class='ocr_carea' id='block_1_38' title="bbox 223 3743 1803 3816">
    <p class='ocr_par' dir='ltr' id='par_1_38' title="bbox 223 3743 1803 3816">
     <span class='ocr_line' id='line_1_38' title="bbox 223 3743 1803 3816; baseline -0.001 -18"><span class='ocrx_word' id='word_1_292' title='bbox 223 3747 356 3814; x_wconf 66' lang='lat' dir='ltr'><strong>ginta</strong></span> <span class='ocrx_word' id='word_1_293' title='bbox 385 3746 619 3814; x_wconf 86' lang='lat' dir='ltr'><strong>amplius</strong></span> <span class='ocrx_word' id='word_1_294' title='bbox 641 3747 691 3799; x_wconf 93' lang='lat' dir='ltr'><strong>in</strong></span> <span class='ocrx_word' id='word_1_295' title='bbox 718 3746 919 3800; x_wconf 88' lang='lat' dir='ltr'><strong>eisdem</strong></span> <span class='ocrx_word' id='word_1_296' title='bbox 939 3761 1096 3816; x_wconf 90' lang='lat' dir='ltr'><strong>quam</strong></span> <span class='ocrx_word' id='word_1_297' title='bbox 1117 3747 1167 3800; x_wconf 93' lang='lat' dir='ltr'><strong>in</strong></span> <span class='ocrx_word' id='word_1_298' title='bbox 1199 3746 1395 3799; x_wconf 83' lang='lat' dir='ltr'><strong>nostris</strong></span> <span class='ocrx_word' id='word_1_299' title='bbox 1415 3743 1803 3815; x_wconf 73' lang='lat' dir='ltr'><strong>(lbid.28-3l).</strong></span> 
     </span>
    </p>
   </div>
   <div class='ocr_carea' id='block_1_39' title="bbox 225 3836 1807 3907">
    <p class='ocr_par' dir='ltr' id='par_1_39' title="bbox 225 3836 1807 3907">
     <span class='ocr_line' id='line_1_39' title="bbox 225 3836 1807 3907; baseline -0.001 -16"><span class='ocrx_word' id='word_1_300' title='bbox 225 3836 370 3892; x_wconf 83' lang='lat' dir='ltr'><strong>Unde</strong></span> <span class='ocrx_word' id='word_1_301' title='bbox 393 3852 485 3892; x_wconf 83' lang='lat' dir='ltr'><strong>sex</strong></span> <span class='ocrx_word' id='word_1_302' title='bbox 513 3838 617 3893; x_wconf 88' lang='lat' dir='ltr'><strong>illis</strong></span> <span class='ocrx_word' id='word_1_303' title='bbox 644 3837 917 3905; x_wconf 90' lang='lat' dir='ltr'><strong>detractis,</strong></span> <span class='ocrx_word' id='word_1_304' title='bbox 947 3847 1148 3892; x_wconf 86' lang='lat' dir='ltr'><strong>restant</strong></span> <span class='ocrx_word' id='word_1_305' title='bbox 1189 3836 1373 3907; x_wconf 89' lang='lat' dir='ltr'><strong>viginti</strong></span> <span class='ocrx_word' id='word_1_306' title='bbox 1395 3845 1450 3891; x_wconf 91' lang='lat' dir='ltr'><strong>et</strong></span> <span class='ocrx_word' id='word_1_307' title='bbox 1469 3845 1715 3905; x_wconf 89' lang='lat' dir='ltr'><strong>quatuor,</strong></span> <span class='ocrx_word' id='word_1_308' title='bbox 1749 3843 1807 3890; x_wconf 85' lang='lat' dir='ltr'><strong>ut</strong></span> 
     </span>
    </p>
   </div>
   <div class='ocr_carea' id='block_1_40' title="bbox 225 3929 549 3984">
    <p class='ocr_par' dir='ltr' id='par_1_40' title="bbox 225 3929 549 3984">
     <span class='ocr_line' id='line_1_40' title="bbox 225 3929 549 3984; baseline 0.003 -3"><span class='ocrx_word' id='word_1_309' title='bbox 225 3929 417 3984; x_wconf 90' lang='lat' dir='ltr'><strong>dictum</strong></span> <span class='ocrx_word' id='word_1_310' title='bbox 444 3938 549 3984; x_wconf 85' lang='lat' dir='ltr'><strong>est.</strong></span> 
     </span>
    </p>
   </div>
   <div class='ocr_carea' id='block_1_41' title="bbox 226 4022 1804 4092">
    <p class='ocr_par' dir='ltr' id='par_1_41' title="bbox 226 4022 1804 4092">
     <span class='ocr_line' id='line_1_41' title="bbox 226 4022 1804 4092; baseline -0.005 -9"><span class='ocrx_word' id='word_1_311' title='bbox 226 4024 450 4087; x_wconf 61' lang='lat' dir='ltr'><strong>CAPUT</strong></span> <span class='ocrx_word' id='word_1_312' title='bbox 477 4022 572 4085; x_wconf 77' lang='lat' dir='ltr'><strong>XI.</strong></span> <span class='ocrx_word' id='word_1_313' title='bbox 599 4058 666 4065; x_wconf 98' lang='lat'><strong>—</strong></span> <span class='ocrx_word' id='word_1_314' title='bbox 694 4026 767 4078; x_wconf 82' lang='lat' dir='ltr'><strong>De</strong></span> <span class='ocrx_word' id='word_1_315' title='bbox 791 4026 937 4078; x_wconf 75' lang='lat' dir='ltr'><strong>(nmis</strong></span> <span class='ocrx_word' id='word_1_316' title='bbox 964 4022 1328 4086; x_wconf 74' lang='lat' dir='ltr'><strong>Mathnsnlem,</strong></span> <span class='ocrx_word' id='word_1_317' title='bbox 1357 4024 1504 4092; x_wconf 80' lang='lat' dir='ltr'><strong>cujus</strong></span> <span class='ocrx_word' id='word_1_318' title='bbox 1531 4031 1653 4076; x_wconf 69' lang='lat' dir='ltr'><strong>mtas</strong></span> <span class='ocrx_word' id='word_1_319' title='bbox 1676 4037 1804 4091; x_wconf 84' lang='lat' dir='ltr'><strong>qua-</strong></span> 
     </span>
    </p>
   </div>
   <div class='ocr_carea' id='block_1_42' title="bbox 399 4116 1625 4176">
    <p class='ocr_par' dir='ltr' id='par_1_42' title="bbox 399 4116 1625 4176">
     <span class='ocr_line' id='line_1_42' title="bbox 399 4116 1625 4176; baseline -0.009 0"><span class='ocrx_word' id='word_1_320' title='bbox 399 4121 675 4176; x_wconf 76' lang='lat' dir='ltr'><strong>tuordccim</strong></span> <span class='ocrx_word' id='word_1_321' title='bbox 697 4119 846 4173; x_wconf 83' lang='lat' dir='ltr'><strong>annis</strong></span> <span class='ocrx_word' id='word_1_322' title='bbox 871 4118 1114 4171; x_wconf 78' lang='lat' dir='ltr'><strong>diluvium</strong></span> <span class='ocrx_word' id='word_1_323' title='bbox 1140 4117 1333 4169; x_wconf 81' lang='lat' dir='ltr'><strong>videtur</strong></span> <span class='ocrx_word' id='word_1_324' title='bbox 1368 4116 1625 4169; x_wconf 77' lang='lat' dir='ltr'><strong>excedere.</strong></span> 
     </span>
    </p>
   </div>
   <div class='ocr_carea' id='block_1_43' title="bbox 292 4206 1805 4279">
    <p class='ocr_par' dir='ltr' id='par_1_43' title="bbox 292 4206 1805 4279">
     <span class='ocr_line' id='line_1_43' title="bbox 292 4206 1805 4279; baseline -0.009 -7"><span class='ocrx_word' id='word_1_325' title='bbox 292 4217 395 4272; x_wconf 81' lang='lat' dir='ltr'><strong>Per</strong></span> <span class='ocrx_word' id='word_1_326' title='bbox 418 4215 558 4270; x_wconf 72' lang='lat' dir='ltr'><strong>hanc</strong></span> <span class='ocrx_word' id='word_1_327' title='bbox 578 4222 755 4267; x_wconf 92' lang='lat' dir='ltr'><strong>autem</strong></span> <span class='ocrx_word' id='word_1_328' title='bbox 777 4210 1184 4279; x_wconf 86' lang='lat' dir='ltr'><strong>discrepantiam</strong></span> <span class='ocrx_word' id='word_1_329' title='bbox 1209 4208 1539 4263; x_wconf 76' lang='lat' dir='ltr'><strong>hcbrmornm</strong></span> <span class='ocrx_word' id='word_1_330' title='bbox 1561 4206 1805 4261; x_wconf 90' lang='lat' dir='ltr'><strong>codicum</strong></span> 
     </span>
    </p>
   </div>
   <div class='ocr_carea' id='block_1_44' title="bbox 228 4298 1800 4377">
    <p class='ocr_par' dir='ltr' id='par_1_44' title="bbox 228 4298 1800 4377">
     <span class='ocr_line' id='line_1_44' title="bbox 228 4298 1800 4377; baseline -0.006 -16"><span class='ocrx_word' id='word_1_331' title='bbox 228 4319 379 4377; x_wconf 88' lang='lat' dir='ltr'><strong>atque</strong></span> <span class='ocrx_word' id='word_1_332' title='bbox 404 4313 711 4359; x_wconf 88' lang='lat' dir='ltr'><strong>nostrorqu</strong></span> <span class='ocrx_word' id='word_1_333' title='bbox 734 4346 749 4371; x_wconf 92' lang='lat'><strong>,</strong></span> <span class='ocrx_word' id='word_1_334' title='bbox 775 4302 1013 4359; x_wconf 85' lang='lat' dir='ltr'><strong>exoritur</strong></span> <span class='ocrx_word' id='word_1_335' title='bbox 1039 4302 1124 4355; x_wconf 93' lang='lat' dir='ltr'><strong>illa</strong></span> <span class='ocrx_word' id='word_1_336' title='bbox 1158 4298 1506 4353; x_wconf 81' lang='lat' dir='ltr'><strong>famosissima</strong></span> <span class='ocrx_word' id='word_1_337' title='bbox 1536 4298 1760 4367; x_wconf 70' lang='lat' dir='ltr'><strong>qnmstio</strong></span> <span class='ocrx_word' id='word_1_338' title='bbox 1786 4338 1800 4363; x_wconf 91' lang='lat'><strong>,</strong></span> 
     </span>
    </p>
   </div>
   <div class='ocr_carea' id='block_1_45' title="bbox 228 4390 1805 4466">
    <p class='ocr_par' dir='ltr' id='par_1_45' title="bbox 228 4390 1805 4466">
     <span class='ocr_line' id='line_1_45' title="bbox 228 4390 1805 4466; baseline -0.005 -14"><span class='ocrx_word' id='word_1_339' title='bbox 228 4402 311 4454; x_wconf 85' lang='lat' dir='ltr'><strong>ubi</strong></span> <span class='ocrx_word' id='word_1_340' title='bbox 365 4398 715 4454; x_wconf 71' lang='lat' dir='ltr'><strong>Matimsalem</strong></span> <span class='ocrx_word' id='word_1_341' title='bbox 763 4393 1162 4466; x_wconf 89' lang='lat' dir='ltr'><strong>quatuordecim</strong></span> <span class='ocrx_word' id='word_1_342' title='bbox 1217 4408 1387 4445; x_wconf 89' lang='lat' dir='ltr'><strong>annos</strong></span> <span class='ocrx_word' id='word_1_343' title='bbox 1451 4390 1644 4444; x_wconf 74' lang='lat' dir='ltr'><strong>vixisse</strong></span> <span class='ocrx_word' id='word_1_344' title='bbox 1688 4393 1805 4459; x_wconf 86' lang='lat' dir='ltr'><strong>post</strong></span> 
     </span>
    </p>
   </div>
   <div class='ocr_carea' id='block_1_46' title="bbox 229 4480 1807 4556">
    <p class='ocr_par' dir='ltr' id='par_1_46' title="bbox 229 4480 1807 4556">
     <span class='ocr_line' id='line_1_46' title="bbox 229 4480 1807 4556; baseline -0.006 -13"><span class='ocrx_word' id='word_1_345' title='bbox 229 4490 476 4544; x_wconf 87' lang='lat' dir='ltr'><strong>diluvium</strong></span> <span class='ocrx_word' id='word_1_346' title='bbox 508 4496 845 4556; x_wconf 88' lang='lat' dir='ltr'><strong>computatur</strong></span> <span class='ocrx_word' id='word_1_347' title='bbox 870 4485 966 4556; x_wconf 78' lang='grc' dir='ltr'><strong>(ιι),</strong></span> <span class='ocrx_word' id='word_1_348' title='bbox 1016 4499 1133 4538; x_wconf 91' lang='lat' dir='ltr'><strong>eum</strong></span> <span class='ocrx_word' id='word_1_349' title='bbox 1164 4482 1432 4551; x_wconf 88' lang='lat' dir='ltr'><strong>Scriptura</strong></span> <span class='ocrx_word' id='word_1_350' title='bbox 1464 4496 1527 4535; x_wconf 80' lang='lat' dir='ltr'><strong>ex</strong></span> <span class='ocrx_word' id='word_1_351' title='bbox 1560 4480 1807 4534; x_wconf 89' lang='lat' dir='ltr'><strong>omnibus</strong></span> 
     </span>
    </p>
   </div>
   <div class='ocr_carea' id='block_1_47' title="bbox 229 4571 1806 4651">
    <p class='ocr_par' dir='ltr' id='par_1_47' title="bbox 229 4571 1806 4651">
     <span class='ocr_line' id='line_1_47' title="bbox 229 4571 1806 4651; baseline -0.005 -18"><span class='ocrx_word' id='word_1_352' title='bbox 229 4583 313 4651; x_wconf 88' lang='lat' dir='ltr'><strong>qui</strong></span> <span class='ocrx_word' id='word_1_353' title='bbox 339 4583 393 4636; x_wconf 91' lang='lat' dir='ltr'><strong>in</strong></span> <span class='ocrx_word' id='word_1_354' title='bbox 413 4592 555 4635; x_wconf 86' lang='lat' dir='ltr'><strong>terra</strong></span> <span class='ocrx_word' id='word_1_355' title='bbox 583 4590 706 4633; x_wconf 91' lang='lat' dir='ltr'><strong>tunc</strong></span> <span class='ocrx_word' id='word_1_356' title='bbox 732 4576 940 4631; x_wconf 79' lang='lat' dir='ltr'><strong>fuerant</strong></span> <span class='ocrx_word' id='word_1_357' title='bbox 963 4616 977 4640; x_wconf 88' lang='lat'><strong>,</strong></span> <span class='ocrx_word' id='word_1_358' title='bbox 1002 4574 1144 4629; x_wconf 89' lang='lat' dir='ltr'><strong>solos</strong></span> <span class='ocrx_word' id='word_1_359' title='bbox 1173 4583 1294 4627; x_wconf 91' lang='lat' dir='ltr'><strong>octo</strong></span> <span class='ocrx_word' id='word_1_360' title='bbox 1318 4572 1559 4627; x_wconf 83' lang='lat' dir='ltr'><strong>homines</strong></span> <span class='ocrx_word' id='word_1_361' title='bbox 1591 4571 1641 4625; x_wconf 89' lang='lat' dir='ltr'><strong>in</strong></span> <span class='ocrx_word' id='word_1_362' title='bbox 1684 4585 1806 4625; x_wconf 88' lang='lat' dir='ltr'><strong>arca</strong></span> 
     </span>
    </p>
   </div>
   <div class='ocr_carea' id='block_1_48' title="bbox 230 4662 1804 4732">
    <p class='ocr_par' dir='ltr' id='par_1_48' title="bbox 230 4662 1804 4732">
     <span class='ocr_line' id='line_1_48' title="bbox 230 4662 1804 4732; baseline -0.009 -4"><span class='ocrx_word' id='word_1_363' title='bbox 230 4675 443 4728; x_wconf 82' lang='lat' dir='ltr'><strong>exitium</strong></span> <span class='ocrx_word' id='word_1_364' title='bbox 494 4678 879 4725; x_wconf 88' lang='lat' dir='ltr'><strong>commemoret</strong></span> <span class='ocrx_word' id='word_1_365' title='bbox 930 4668 1165 4723; x_wconf 83' lang='lat' dir='ltr'><strong>evasisse</strong></span> <span class='ocrx_word' id='word_1_366' title='bbox 1202 4665 1382 4719; x_wconf 88' lang='lat' dir='ltr'><strong>diluvii</strong></span> <span class='ocrx_word' id='word_1_367' title='bbox 1437 4663 1481 4732; x_wconf 84' lang='grc' dir='ltr'><strong>(Ι</strong></span> <span class='ocrx_word' id='word_1_368' title='bbox 1513 4662 1650 4717; x_wconf 82' lang='lat' dir='ltr'><strong>Petr.</strong></span> <span class='ocrx_word' id='word_1_369' title='bbox 1705 4677 1760 4715; x_wconf 86' lang='lat' dir='ltr'><strong>Ill</strong></span> <span class='ocrx_word' id='word_1_370' title='bbox 1789 4701 1804 4725; x_wconf 94' lang='lat'><strong>,</strong></span> 
     </span>
    </p>
   </div>
   <div class='ocr_carea' id='block_1_49' title="bbox 230 4751 1809 4834">
    <p class='ocr_par' dir='ltr' id='par_1_49' title="bbox 230 4751 1809 4834">
     <span class='ocr_line' id='line_1_49' title="bbox 230 4751 1809 4834; baseline -0.009 -15"><span class='ocrx_word' id='word_1_371' title='bbox 230 4764 339 4833; x_wconf 76' lang='lat'><strong>20),</strong></span> <span class='ocrx_word' id='word_1_372' title='bbox 367 4764 422 4818; x_wconf 92' lang='lat' dir='ltr'><strong>in</strong></span> <span class='ocrx_word' id='word_1_373' title='bbox 443 4762 639 4834; x_wconf 85' lang='lat' dir='ltr'><strong>quibus</strong></span> <span class='ocrx_word' id='word_1_374' title='bbox 665 4758 1010 4814; x_wconf 82' lang='lat' dir='ltr'><strong>Mathusalem</strong></span> <span class='ocrx_word' id='word_1_375' title='bbox 1040 4771 1144 4811; x_wconf 91' lang='lat' dir='ltr'><strong>non</strong></span> <span class='ocrx_word' id='word_1_376' title='bbox 1176 4756 1292 4809; x_wconf 80' lang='lat' dir='ltr'><strong>fuit.</strong></span> <span class='ocrx_word' id='word_1_377' title='bbox 1325 4752 1631 4809; x_wconf 90' lang='lat' dir='ltr'><strong>Secundum</strong></span> <span class='ocrx_word' id='word_1_378' title='bbox 1661 4751 1809 4805; x_wconf 87' lang='lat' dir='ltr'><strong>codi-</strong></span> 
     </span>
    </p>
   </div>
   <div class='ocr_carea' id='block_1_50' title="bbox 230 4842 1809 4916">
    <p class='ocr_par' dir='ltr' id='par_1_50' title="bbox 230 4842 1809 4916">
     <span class='ocr_line' id='line_1_50' title="bbox 230 4842 1809 4916; baseline -0.01 -5"><span class='ocrx_word' id='word_1_379' title='bbox 230 4870 318 4912; x_wconf 76' lang='lat' dir='ltr'><strong>res</strong></span> <span class='ocrx_word' id='word_1_380' title='bbox 339 4856 481 4911; x_wconf 90' lang='lat' dir='ltr'><strong>enim</strong></span> <span class='ocrx_word' id='word_1_381' title='bbox 511 4862 729 4908; x_wconf 88' lang='lat' dir='ltr'><strong>nostros</strong></span> <span class='ocrx_word' id='word_1_382' title='bbox 749 4849 1120 4913; x_wconf 77' lang='lat' dir='ltr'><strong>Mathusalem,</strong></span> <span class='ocrx_word' id='word_1_383' title='bbox 1150 4848 1454 4916; x_wconf 87' lang='lat' dir='ltr'><strong>priusquam</strong></span> <span class='ocrx_word' id='word_1_384' title='bbox 1481 4845 1722 4915; x_wconf 85' lang='lat' dir='ltr'><strong>gigneret</strong></span> <span class='ocrx_word' id='word_1_385' title='bbox 1745 4842 1809 4896; x_wconf 82' lang='lat' dir='ltr'><strong>il-</strong></span> 
     </span>
    </p>
   </div>
   <div class='ocr_carea' id='block_1_51' title="bbox 230 4940 1809 5018">
    <p class='ocr_par' dir='ltr' id='par_1_51' title="bbox 230 4940 1809 5018">
     <span class='ocr_line' id='line_1_51' title="bbox 230 4940 1809 5018; baseline -0.008 -16"><span class='ocrx_word' id='word_1_386' title='bbox 230 4948 332 5002; x_wconf 87' lang='lat' dir='ltr'><strong>lum</strong></span> <span class='ocrx_word' id='word_1_387' title='bbox 360 4963 521 5018; x_wconf 85' lang='lat' dir='ltr'><strong>quem</strong></span> <span class='ocrx_word' id='word_1_388' title='bbox 550 4945 759 5000; x_wconf 85' lang='lat' dir='ltr'><strong>vocavit</strong></span> <span class='ocrx_word' id='word_1_389' title='bbox 778 4941 1030 5007; x_wconf 85' lang='lat' dir='ltr'><strong>Lamech,</strong></span> <span class='ocrx_word' id='word_1_390' title='bbox 1064 4940 1192 4994; x_wconf 85' lang='lat' dir='ltr'><strong>vixit</strong></span> <span class='ocrx_word' id='word_1_391' title='bbox 1216 4953 1386 4993; x_wconf 87' lang='lat' dir='ltr'><strong>annos</strong></span> <span class='ocrx_word' id='word_1_392' title='bbox 1407 4947 1623 4994; x_wconf 89' lang='lat' dir='ltr'><strong>centum</strong></span> <span class='ocrx_word' id='word_1_393' title='bbox 1650 4951 1809 4991; x_wconf 86' lang='lat' dir='ltr'><strong>sexa-</strong></span> 
     </span>
    </p>
   </div>
   <div class='ocr_carea' id='block_1_52' title="bbox 231 5026 1810 5107">
    <p class='ocr_par' dir='ltr' id='par_1_52' title="bbox 231 5026 1810 5107">
     <span class='ocr_line' id='line_1_52' title="bbox 231 5026 1810 5107; baseline -0.009 -14"><span class='ocrx_word' id='word_1_394' title='bbox 231 5052 369 5107; x_wconf 60' lang='lat' dir='ltr'><strong>ginta</strong></span> <span class='ocrx_word' id='word_1_395' title='bbox 396 5045 605 5106; x_wconf 87' lang='lat' dir='ltr'><strong>septem</strong></span> <span class='ocrx_word' id='word_1_396' title='bbox 639 5051 653 5087; x_wconf 87' lang='lat'><strong>:</strong></span> <span class='ocrx_word' id='word_1_397' title='bbox 682 5033 877 5089; x_wconf 86' lang='lat' dir='ltr'><strong>deinde</strong></span> <span class='ocrx_word' id='word_1_398' title='bbox 903 5033 1017 5102; x_wconf 87' lang='lat' dir='ltr'><strong>ipse</strong></span> <span class='ocrx_word' id='word_1_399' title='bbox 1037 5028 1289 5095; x_wconf 85' lang='lat' dir='ltr'><strong>Lamech,</strong></span> <span class='ocrx_word' id='word_1_400' title='bbox 1320 5038 1605 5098; x_wconf 79' lang='lat' dir='ltr'><strong>antequam</strong></span> <span class='ocrx_word' id='word_1_401' title='bbox 1631 5042 1695 5082; x_wconf 88' lang='lat' dir='ltr'><strong>ex</strong></span> <span class='ocrx_word' id='word_1_402' title='bbox 1719 5026 1810 5080; x_wconf 90' lang='lat' dir='ltr'><strong>illo</strong></span> 
     </span>
    </p>
   </div>
   <div class='ocr_carea' id='block_1_53' title="bbox 230 5120 1809 5192">
    <p class='ocr_par' dir='ltr' id='par_1_53' title="bbox 230 5120 1809 5192">
     <span class='ocr_line' id='line_1_53' title="bbox 230 5120 1809 5192; baseline -0.008 -9"><span class='ocrx_word' id='word_1_403' title='bbox 230 5138 381 5184; x_wconf 75' lang='lat' dir='ltr'><strong>nauis</strong></span> <span class='ocrx_word' id='word_1_404' title='bbox 406 5136 554 5184; x_wconf 84' lang='lat' dir='ltr'><strong>esset</strong></span> <span class='ocrx_word' id='word_1_405' title='bbox 578 5125 724 5192; x_wconf 85' lang='lat' dir='ltr'><strong>Noe,</strong></span> <span class='ocrx_word' id='word_1_406' title='bbox 754 5125 881 5179; x_wconf 86' lang='lat' dir='ltr'><strong>vixit</strong></span> <span class='ocrx_word' id='word_1_407' title='bbox 907 5136 1077 5177; x_wconf 88' lang='lat' dir='ltr'><strong>annos</strong></span> <span class='ocrx_word' id='word_1_408' title='bbox 1108 5130 1320 5177; x_wconf 87' lang='lat' dir='ltr'><strong>centum</strong></span> <span class='ocrx_word' id='word_1_409' title='bbox 1363 5120 1627 5188; x_wconf 84' lang='lat' dir='ltr'><strong>octoginta</strong></span> <span class='ocrx_word' id='word_1_410' title='bbox 1655 5126 1809 5182; x_wconf 85' lang='lat' dir='ltr'><strong>octo,</strong></span> 
     </span>
    </p>
   </div>
   <div class='ocr_carea' id='block_1_54' title="bbox 230 5208 1813 5292">
    <p class='ocr_par' dir='ltr' id='par_1_54' title="bbox 230 5208 1813 5292">
     <span class='ocr_line' id='line_1_54' title="bbox 230 5208 1813 5292; baseline -0.009 -17"><span class='ocrx_word' id='word_1_411' title='bbox 230 5224 316 5292; x_wconf 87' lang='lat' dir='ltr'><strong>qui</strong></span> <span class='ocrx_word' id='word_1_412' title='bbox 341 5221 499 5275; x_wconf 86' lang='lat' dir='ltr'><strong>simul</strong></span> <span class='ocrx_word' id='word_1_413' title='bbox 549 5221 679 5273; x_wconf 89' lang='lat' dir='ltr'><strong>liunt</strong></span> <span class='ocrx_word' id='word_1_414' title='bbox 722 5213 945 5271; x_wconf 88' lang='lat' dir='ltr'><strong>trecenti</strong></span> <span class='ocrx_word' id='word_1_415' title='bbox 990 5212 1368 5284; x_wconf 88' lang='lat' dir='ltr'><strong>quinquaginta</strong></span> <span class='ocrx_word' id='word_1_416' title='bbox 1420 5209 1675 5280; x_wconf 89' lang='lat' dir='ltr'><strong>quinque.</strong></span> <span class='ocrx_word' id='word_1_417' title='bbox 1718 5208 1813 5262; x_wconf 82' lang='lat' dir='ltr'><strong>llis</strong></span> 
     </span>
    </p>
   </div>
   <div class='ocr_carea' id='block_1_55' title="bbox 232 5298 1815 5376">
    <p class='ocr_par' dir='ltr' id='par_1_55' title="bbox 232 5298 1815 5376">
     <span class='ocr_line' id='line_1_55' title="bbox 232 5298 1815 5376; baseline -0.008 -11"><span class='ocrx_word' id='word_1_418' title='bbox 232 5312 494 5367; x_wconf 81' lang='lat' dir='ltr'><strong>adduntur</strong></span> <span class='ocrx_word' id='word_1_419' title='bbox 525 5308 760 5364; x_wconf 87' lang='lat' dir='ltr'><strong>sexcenti</strong></span> <span class='ocrx_word' id='word_1_420' title='bbox 788 5306 920 5371; x_wconf 74' lang='lat' dir='ltr'><strong>Noe,</strong></span> <span class='ocrx_word' id='word_1_421' title='bbox 942 5313 1104 5376; x_wconf 88' lang='lat' dir='ltr'><strong>quoto</strong></span> <span class='ocrx_word' id='word_1_422' title='bbox 1124 5302 1237 5373; x_wconf 77' lang='lat' dir='ltr'><strong>ejus</strong></span> <span class='ocrx_word' id='word_1_423' title='bbox 1277 5315 1416 5355; x_wconf 89' lang='lat' dir='ltr'><strong>anno</strong></span> <span class='ocrx_word' id='word_1_424' title='bbox 1442 5299 1699 5354; x_wconf 89' lang='lat' dir='ltr'><strong>diluvium</strong></span> <span class='ocrx_word' id='word_1_425' title='bbox 1736 5298 1815 5354; x_wconf 81' lang='lat' dir='ltr'><strong>fa-</strong></span> 
     </span>
    </p>
   </div>
   <div class='ocr_carea' id='block_1_56' title="bbox 230 5391 1813 5469">
    <p class='ocr_par' dir='ltr' id='par_1_56' title="bbox 230 5391 1813 5469">
     <span class='ocr_line' id='line_1_56' title="bbox 230 5391 1813 5469; baseline -0.007 -13"><span class='ocrx_word' id='word_1_426' title='bbox 230 5410 371 5459; x_wconf 74' lang='lat' dir='ltr'><strong>ctum</strong></span> <span class='ocrx_word' id='word_1_427' title='bbox 391 5413 477 5457; x_wconf 89' lang='lat' dir='ltr'><strong>cst</strong></span> <span class='ocrx_word' id='word_1_428' title='bbox 495 5400 650 5469; x_wconf 81' lang='lat' dir='ltr'><strong>(Gen.</strong></span> <span class='ocrx_word' id='word_1_429' title='bbox 673 5415 762 5462; x_wconf 85' lang='lat' dir='ltr'><strong>vn,</strong></span> <span class='ocrx_word' id='word_1_430' title='bbox 779 5397 835 5469; x_wconf 87' lang='lat'><strong>6)</strong></span> <span class='ocrx_word' id='word_1_431' title='bbox 858 5398 978 5467; x_wconf 86' lang='lat' dir='ltr'><strong>:qui</strong></span> <span class='ocrx_word' id='word_1_432' title='bbox 1006 5396 1136 5451; x_wconf 86' lang='lat' dir='ltr'><strong>linnt</strong></span> <span class='ocrx_word' id='word_1_433' title='bbox 1159 5391 1409 5462; x_wconf 87' lang='lat' dir='ltr'><strong>nongenti</strong></span> <span class='ocrx_word' id='word_1_434' title='bbox 1436 5391 1813 5461; x_wconf 87' lang='lat' dir='ltr'><strong>quinquaginta</strong></span> 
     </span>
    </p>
   </div>
   <div class='ocr_carea' id='block_1_57' title="bbox 230 5482 1815 5564">
    <p class='ocr_par' dir='ltr' id='par_1_57' title="bbox 230 5482 1815 5564">
     <span class='ocr_line' id='line_1_57' title="bbox 230 5482 1815 5564; baseline -0.006 -18"><span class='ocrx_word' id='word_1_435' title='bbox 230 5495 503 5564; x_wconf 83' lang='lat' dir='ltr'><strong>quinque,</strong></span> <span class='ocrx_word' id='word_1_436' title='bbox 558 5506 624 5548; x_wconf 85' lang='lat' dir='ltr'><strong>ex</strong></span> <span class='ocrx_word' id='word_1_437' title='bbox 676 5504 783 5563; x_wconf 85' lang='lat' dir='ltr'><strong>quo</strong></span> <span class='ocrx_word' id='word_1_438' title='bbox 835 5487 1181 5544; x_wconf 77' lang='lat' dir='ltr'><strong>Mathusalem</strong></span> <span class='ocrx_word' id='word_1_439' title='bbox 1228 5494 1384 5539; x_wconf 89' lang='lat' dir='ltr'><strong>natus</strong></span> <span class='ocrx_word' id='word_1_440' title='bbox 1410 5493 1494 5538; x_wconf 92' lang='lat' dir='ltr'><strong>est</strong></span> <span class='ocrx_word' id='word_1_441' title='bbox 1540 5498 1706 5553; x_wconf 90' lang='lat' dir='ltr'><strong>usque</strong></span> <span class='ocrx_word' id='word_1_442' title='bbox 1745 5482 1815 5537; x_wconf 89' lang='lat' dir='ltr'><strong>ad</strong></span> 
     </span>
    </p>
   </div>
   <div class='ocr_carea' id='block_1_58' title="bbox 292 5594 1818 5666">
    <p class='ocr_par' dir='ltr' id='par_1_58' title="bbox 292 5594 1818 5666">
     <span class='ocr_line' id='line_1_58' title="bbox 292 5594 1818 5666; baseline -0.008 -11"><span class='ocrx_word' id='word_1_443' title='bbox 292 5608 313 5637; x_wconf 80' lang='grc'>¹</span> <span class='ocrx_word' id='word_1_444' title='bbox 346 5610 396 5654; x_wconf 84' lang='lat' dir='ltr'><strong>tu</strong></span> <span class='ocrx_word' id='word_1_445' title='bbox 411 5613 516 5654; x_wconf 76' lang='lat' dir='ltr'><strong>Mss.</strong></span> <span class='ocrx_word' id='word_1_446' title='bbox 542 5600 873 5666; x_wconf 62' lang='grc' dir='ltr'><strong>ιιαυηρεαιωῃ.</strong></span> <span class='ocrx_word' id='word_1_447' title='bbox 890 5607 1060 5666; x_wconf 80' lang='lat' dir='ltr'><strong>Postea</strong></span> <span class='ocrx_word' id='word_1_448' title='bbox 1082 5599 1130 5648; x_wconf 90' lang='lat' dir='ltr'><strong>in</strong></span> <span class='ocrx_word' id='word_1_449' title='bbox 1144 5596 1480 5666; x_wconf 62' lang='lat' dir='ltr'><strong>solaeditione</strong></span> <span class='ocrx_word' id='word_1_450' title='bbox 1500 5603 1628 5655; x_wconf 55' lang='grc' dir='ltr'>μοι,</span> <span class='ocrx_word' id='word_1_451' title='bbox 1641 5594 1818 5659; x_wconf 74' lang='lat' dir='ltr'><strong>quippe</strong></span> 
     </span>
    </p>
   </div>
   <div class='ocr_carea' id='block_1_59' title="bbox 230 5661 1751 5730">
    <p class='ocr_par' dir='ltr' id='par_1_59' title="bbox 230 5661 1751 5730">
     <span class='ocr_line' id='line_1_59' title="bbox 230 5661 1751 5730; baseline -0.005 -15"><span class='ocrx_word' id='word_1_452' title='bbox 230 5678 345 5715; x_wconf 71' lang='lat' dir='ltr'><strong>cum</strong></span> <span class='ocrx_word' id='word_1_453' title='bbox 364 5666 525 5730; x_wconf 74' lang='lat' dir='ltr'><strong>genuit</strong></span> <span class='ocrx_word' id='word_1_454' title='bbox 548 5664 725 5716; x_wconf 70' lang='lat' dir='ltr'><strong>Enoch.</strong></span> <span class='ocrx_word' id='word_1_455' title='bbox 750 5664 921 5714; x_wconf 86' lang='lat' dir='ltr'><strong>verius</strong></span> <span class='ocrx_word' id='word_1_456' title='bbox 937 5665 985 5730; x_wconf 78' lang='lat' dir='ltr'><strong>in</strong></span> <span class='ocrx_word' id='word_1_457' title='bbox 1006 5662 1200 5730; x_wconf 53' lang='lat' dir='ltr'><strong>exteris</strong></span> <span class='ocrx_word' id='word_1_458' title='bbox 1216 5661 1370 5730; x_wconf 57' lang='lat' dir='ltr'><strong>lituis,</strong></span> <span class='ocrx_word' id='word_1_459' title='bbox 1388 5661 1569 5730; x_wconf 68' lang='lat' dir='ltr'><strong>quippe</strong></span> <span class='ocrx_word' id='word_1_460' title='bbox 1590 5671 1751 5730; x_wconf 58' lang='lat' dir='ltr'><strong>quem.</strong></span> 
     </span>
    </p>
   </div>
   <div class='ocr_carea' id='block_1_60' title="bbox 296 5720 1816 5799">
    <p class='ocr_par' dir='ltr' id='par_1_60' title="bbox 296 5720 1816 5799">
     <span class='ocr_line' id='line_1_60' title="bbox 296 5720 1816 5799; baseline -0.003 -25"><span class='ocrx_word' id='word_1_461' title='bbox 296 5720 509 5799; x_wconf 64' lang='lat' dir='ltr'><strong>(oi&#39;vide</strong></span> <span class='ocrx_word' id='word_1_462' title='bbox 534 5730 892 5791; x_wconf 74' lang='lat' dir='ltr'><strong>Hieronymum,</strong></span> <span class='ocrx_word' id='word_1_463' title='bbox 917 5724 981 5776; x_wconf 91' lang='lat' dir='ltr'><strong>de</strong></span> <span class='ocrx_word' id='word_1_464' title='bbox 1003 5723 1352 5784; x_wconf 66' lang='lat' dir='ltr'><strong>Questionihus</strong></span> <span class='ocrx_word' id='word_1_465' title='bbox 1388 5720 1630 5771; x_wconf 82' lang='lat' dir='ltr'><strong>hebraicis</strong></span> <span class='ocrx_word' id='word_1_466' title='bbox 1653 5720 1702 5769; x_wconf 90' lang='lat' dir='ltr'><strong>in</strong></span> <span class='ocrx_word' id='word_1_467' title='bbox 1723 5727 1816 5771; x_wconf 80' lang='lat' dir='ltr'><strong>Gc-</strong></span> 
     </span>
    </p>
   </div>
   <div class='ocr_carea' id='block_1_61' title="bbox 231 5802 405 5840">
    <p class='ocr_par' dir='ltr' id='par_1_61' title="bbox 231 5802 405 5840">
     <span class='ocr_line' id='line_1_61' title="bbox 231 5802 405 5840; baseline 0 -1"><span class='ocrx_word' id='word_1_468' title='bbox 231 5802 405 5840; x_wconf 54' lang='lat' dir='ltr'><strong>nitenti.</strong></span> 
     </span>
    </p>
   </div>
   <div class='ocr_carea' id='block_1_62' title="bbox 1464 334 2352 402">
    <p class='ocr_par' dir='ltr' id='par_1_62' title="bbox 1464 334 2352 402">
     <span class='ocr_line' id='line_1_62' title="bbox 1464 334 2352 402; baseline 0.005 -13"><span class='ocrx_word' id='word_1_469' title='bbox 1464 334 1660 391; x_wconf 71' lang='lat' dir='ltr'><strong>LIBER</strong></span> <span class='ocrx_word' id='word_1_470' title='bbox 1702 334 1998 402; x_wconf 77' lang='lat' dir='ltr'><strong>QUINTUS</strong></span> <span class='ocrx_word' id='word_1_471' title='bbox 2040 341 2352 397; x_wconf 70' lang='lat' dir='ltr'><strong>DEt&#39;ItSll&#39;S.</strong></span> 
     </span>
    </p>
   </div>
   <div class='ocr_carea' id='block_1_63' title="bbox 3395 348 3503 406">
    <p class='ocr_par' dir='ltr' id='par_1_63' title="bbox 3395 348 3503 406">
     <span class='ocr_line' id='line_1_63' title="bbox 3395 348 3503 406; baseline 0.009 -1"><span class='ocrx_word' id='word_1_472' title='bbox 3395 348 3503 406; x_wconf 72' lang='grc' dir='ltr'><strong>ιω</strong></span> 
     </span>
    </p>
   </div>
   <div class='ocr_carea' id='block_1_64' title="bbox 1922 453 3499 516">
    <p class='ocr_par' dir='ltr' id='par_1_64' title="bbox 1922 453 3499 516">
     <span class='ocr_line' id='line_1_64' title="bbox 1922 453 3499 516; baseline 0.011 -17"><span class='ocrx_word' id='word_1_473' title='bbox 1922 467 2116 504; x_wconf 82' lang='lat' dir='ltr'><strong>annum</strong></span> <span class='ocrx_word' id='word_1_474' title='bbox 2160 453 2359 507; x_wconf 86' lang='lat' dir='ltr'><strong>diluvii.</strong></span> <span class='ocrx_word' id='word_1_475' title='bbox 2406 454 2605 509; x_wconf 86' lang='lat' dir='ltr'><strong>Omnes</strong></span> <span class='ocrx_word' id='word_1_476' title='bbox 2650 463 2828 511; x_wconf 83' lang='lat' dir='ltr'><strong>autem</strong></span> <span class='ocrx_word' id='word_1_477' title='bbox 2876 457 3001 512; x_wconf 89' lang='lat' dir='ltr'><strong>anni</strong></span> <span class='ocrx_word' id='word_1_478' title='bbox 3061 458 3181 512; x_wconf 68' lang='lat' dir='ltr'><strong>vita!</strong></span> <span class='ocrx_word' id='word_1_479' title='bbox 3230 458 3499 516; x_wconf 83' lang='lat' dir='ltr'><strong>Mathusa-</strong></span> 
     </span>
    </p>
   </div>
   <div class='ocr_carea' id='block_1_65' title="bbox 1920 541 3501 623">
    <p class='ocr_par' dir='ltr' id='par_1_65' title="bbox 1920 541 3501 623">
     <span class='ocr_line' id='line_1_65' title="bbox 1920 541 3501 623; baseline 0.009 -30"><span class='ocrx_word' id='word_1_480' title='bbox 1920 541 2022 593; x_wconf 87' lang='lat' dir='ltr'><strong>lem</strong></span> <span class='ocrx_word' id='word_1_481' title='bbox 2052 545 2303 613; x_wconf 85' lang='lat' dir='ltr'><strong>nongenti</strong></span> <span class='ocrx_word' id='word_1_482' title='bbox 2356 547 2625 616; x_wconf 84' lang='lat' dir='ltr'><strong>sexaginta</strong></span> <span class='ocrx_word' id='word_1_483' title='bbox 2680 564 2869 602; x_wconf 87' lang='lat' dir='ltr'><strong>novem</strong></span> <span class='ocrx_word' id='word_1_484' title='bbox 2899 558 3323 618; x_wconf 71' lang='lat' dir='ltr'><strong>conmutantur:</strong></span> <span class='ocrx_word' id='word_1_485' title='bbox 3377 554 3501 623; x_wconf 82' lang='lat' dir='ltr'><strong>quia</strong></span> 
     </span>
    </p>
   </div>
   <div class='ocr_carea' id='block_1_66' title="bbox 1920 635 3502 712">
    <p class='ocr_par' dir='ltr' id='par_1_66' title="bbox 1920 635 3502 712">
     <span class='ocr_line' id='line_1_66' title="bbox 1920 635 3502 712; baseline 0.011 -31"><span class='ocrx_word' id='word_1_486' title='bbox 1920 648 2038 684; x_wconf 77' lang='lat' dir='ltr'><strong>eum</strong></span> <span class='ocrx_word' id='word_1_487' title='bbox 2070 635 2289 689; x_wconf 82' lang='lat' dir='ltr'><strong>vixisset</strong></span> <span class='ocrx_word' id='word_1_488' title='bbox 2328 650 2495 690; x_wconf 91' lang='lat' dir='ltr'><strong>annos</strong></span> <span class='ocrx_word' id='word_1_489' title='bbox 2523 650 2734 693; x_wconf 83' lang='lat' dir='ltr'><strong>centum</strong></span> <span class='ocrx_word' id='word_1_490' title='bbox 2763 641 3033 710; x_wconf 71' lang='lat' dir='ltr'><strong>sexaginta</strong></span> <span class='ocrx_word' id='word_1_491' title='bbox 3060 650 3265 712; x_wconf 87' lang='lat' dir='ltr'><strong>septem</strong></span> <span class='ocrx_word' id='word_1_492' title='bbox 3284 683 3301 707; x_wconf 90' lang='lat'><strong>,</strong></span> <span class='ocrx_word' id='word_1_493' title='bbox 3327 654 3379 698; x_wconf 83' lang='lat' dir='ltr'><strong>et</strong></span> <span class='ocrx_word' id='word_1_494' title='bbox 3406 659 3502 712; x_wconf 78' lang='lat' dir='ltr'><strong>ge-</strong></span> 
     </span>
    </p>
   </div>
   <div class='ocr_carea' id='block_1_67' title="bbox 1921 715 3501 795">
    <p class='ocr_par' dir='ltr' id='par_1_67' title="bbox 1921 715 3501 795">
     <span class='ocr_line' id='line_1_67' title="bbox 1921 715 3501 795; baseline 0.01 -28"><span class='ocrx_word' id='word_1_495' title='bbox 1921 715 2125 770; x_wconf 76' lang='lat' dir='ltr'><strong>nuisset</strong></span> <span class='ocrx_word' id='word_1_496' title='bbox 2150 718 2320 771; x_wconf 78' lang='lat' dir='ltr'><strong>liliuni</strong></span> <span class='ocrx_word' id='word_1_497' title='bbox 2345 758 2359 783; x_wconf 94' lang='lat'><strong>,</strong></span> <span class='ocrx_word' id='word_1_498' title='bbox 2388 721 2473 788; x_wconf 90' lang='lat' dir='ltr'><strong>qui</strong></span> <span class='ocrx_word' id='word_1_499' title='bbox 2505 730 2586 775; x_wconf 87' lang='lat' dir='ltr'><strong>est</strong></span> <span class='ocrx_word' id='word_1_500' title='bbox 2610 724 2908 791; x_wconf 87' lang='lat' dir='ltr'><strong>appellatus</strong></span> <span class='ocrx_word' id='word_1_501' title='bbox 2940 724 3189 791; x_wconf 80' lang='lat' dir='ltr'><strong>Lamccli,</strong></span> <span class='ocrx_word' id='word_1_502' title='bbox 3223 736 3342 795; x_wconf 86' lang='lat' dir='ltr'><strong>post</strong></span> <span class='ocrx_word' id='word_1_503' title='bbox 3376 742 3501 783; x_wconf 81' lang='lat' dir='ltr'><strong>eum</strong></span> 
     </span>
    </p>
   </div>
   <div class='ocr_carea' id='block_1_68' title="bbox 1918 809 3500 885">
    <p class='ocr_par' dir='ltr' id='par_1_68' title="bbox 1918 809 3500 885">
     <span class='ocr_line' id='line_1_68' title="bbox 1918 809 3500 885; baseline 0.009 -29"><span class='ocrx_word' id='word_1_504' title='bbox 1918 810 2151 873; x_wconf 78' lang='lat' dir='ltr'><strong>genitum</strong></span> <span class='ocrx_word' id='word_1_505' title='bbox 2183 809 2307 861; x_wconf 77' lang='lat' dir='ltr'><strong>vixit</strong></span> <span class='ocrx_word' id='word_1_506' title='bbox 2327 825 2494 863; x_wconf 88' lang='lat' dir='ltr'><strong>annos</strong></span> <span class='ocrx_word' id='word_1_507' title='bbox 2530 813 2848 883; x_wconf 86' lang='lat' dir='ltr'><strong>octingintos</strong></span> <span class='ocrx_word' id='word_1_508' title='bbox 2872 815 3004 869; x_wconf 89' lang='lat' dir='ltr'><strong>duos</strong></span> <span class='ocrx_word' id='word_1_509' title='bbox 3029 833 3043 880; x_wconf 86' lang='lat'><strong>;</strong></span> <span class='ocrx_word' id='word_1_510' title='bbox 3075 818 3163 885; x_wconf 87' lang='lat' dir='ltr'><strong>qui</strong></span> <span class='ocrx_word' id='word_1_511' title='bbox 3192 833 3414 883; x_wconf 87' lang='lat' dir='ltr'><strong>omnes,</strong></span> <span class='ocrx_word' id='word_1_512' title='bbox 3442 826 3500 872; x_wconf 81' lang='lat' dir='ltr'><strong>ut</strong></span> 
     </span>
    </p>
   </div>
   <div class='ocr_carea' id='block_1_69' title="bbox 1919 897 3496 978">
    <p class='ocr_par' dir='ltr' id='par_1_69' title="bbox 1919 897 3496 978">
     <span class='ocr_line' id='line_1_69' title="bbox 1919 897 3496 978; baseline 0.009 -28"><span class='ocrx_word' id='word_1_513' title='bbox 1919 897 2168 961; x_wconf 73' lang='lat' dir='ltr'><strong>d&#39;.ximus,</strong></span> <span class='ocrx_word' id='word_1_514' title='bbox 2186 903 2432 968; x_wconf 83' lang='lat' dir='ltr'><strong>nongenti</strong></span> <span class='ocrx_word' id='word_1_515' title='bbox 2452 904 2719 972; x_wconf 74' lang='lat' dir='ltr'><strong>sexaginta</strong></span> <span class='ocrx_word' id='word_1_516' title='bbox 2738 920 2923 960; x_wconf 88' lang='lat' dir='ltr'><strong>novem</strong></span> <span class='ocrx_word' id='word_1_517' title='bbox 2941 907 3444 978; x_wconf 70' lang='lat' dir='ltr'><strong>linnt(Cen.v.‘35-27</strong></span> <span class='ocrx_word' id='word_1_518' title='bbox 3455 913 3496 977; x_wconf 84' lang='lat'><strong>).</strong></span> 
     </span>
    </p>
   </div>
   <div class='ocr_carea' id='block_1_70' title="bbox 1926 990 3497 1071">
    <p class='ocr_par' dir='ltr' id='par_1_70' title="bbox 1926 990 3497 1071">
     <span class='ocr_line' id='line_1_70' title="bbox 1926 990 3497 1071; baseline 0.008 -26"><span class='ocrx_word' id='word_1_519' title='bbox 1926 990 2075 1045; x_wconf 83' lang='lat' dir='ltr'><strong>Unde</strong></span> <span class='ocrx_word' id='word_1_520' title='bbox 2099 994 2351 1047; x_wconf 84' lang='lat' dir='ltr'><strong>detractis</strong></span> <span class='ocrx_word' id='word_1_521' title='bbox 2405 998 2685 1065; x_wconf 85' lang='lat' dir='ltr'><strong>nongentis</strong></span> <span class='ocrx_word' id='word_1_522' title='bbox 2734 1001 3109 1069; x_wconf 85' lang='lat' dir='ltr'><strong>quinquaginta</strong></span> <span class='ocrx_word' id='word_1_523' title='bbox 3147 1002 3383 1071; x_wconf 87' lang='lat' dir='ltr'><strong>quinque</strong></span> <span class='ocrx_word' id='word_1_524' title='bbox 3429 1005 3497 1058; x_wconf 86' lang='lat' dir='ltr'><strong>ab</strong></span> 
     </span>
    </p>
   </div>
   <div class='ocr_carea' id='block_1_71' title="bbox 1919 1080 3517 1165">
    <p class='ocr_par' dir='ltr' id='par_1_71' title="bbox 1919 1080 3517 1165">
     <span class='ocr_line' id='line_1_71' title="bbox 1919 1080 3517 1165; baseline 0.008 -29"><span class='ocrx_word' id='word_1_525' title='bbox 1919 1095 2035 1136; x_wconf 75' lang='lat' dir='ltr'><strong>Orttt</strong></span> <span class='ocrx_word' id='word_1_526' title='bbox 2066 1084 2411 1140; x_wconf 81' lang='lat' dir='ltr'><strong>Mathusalem</strong></span> <span class='ocrx_word' id='word_1_527' title='bbox 2443 1104 2607 1158; x_wconf 88' lang='lat' dir='ltr'><strong>usque</strong></span> <span class='ocrx_word' id='word_1_528' title='bbox 2634 1090 2699 1143; x_wconf 89' lang='lat' dir='ltr'><strong>ad</strong></span> <span class='ocrx_word' id='word_1_529' title='bbox 2738 1091 2991 1146; x_wconf 87' lang='lat' dir='ltr'><strong>diluvium</strong></span> <span class='ocrx_word' id='word_1_530' title='bbox 3017 1136 3030 1155; x_wconf 91' lang='lat'><strong>,</strong></span> <span class='ocrx_word' id='word_1_531' title='bbox 3057 1110 3331 1149; x_wconf 87' lang='lat' dir='ltr'><strong>remanent</strong></span> <span class='ocrx_word' id='word_1_532' title='bbox 3360 1080 3517 1165; x_wconf 42' lang='lat' dir='ltr'><strong>qua;</strong></span> 
     </span>
    </p>
   </div>
   <div class='ocr_carea' id='block_1_72' title="bbox 1921 1177 3494 1254">
    <p class='ocr_par' dir='ltr' id='par_1_72' title="bbox 1921 1177 3494 1254">
     <span class='ocr_line' id='line_1_72' title="bbox 1921 1177 3494 1254; baseline 0.01 -27"><span class='ocrx_word' id='word_1_533' title='bbox 1921 1177 2209 1232; x_wconf 78' lang='lat' dir='ltr'><strong>tuordecim</strong></span> <span class='ocrx_word' id='word_1_534' title='bbox 2242 1221 2256 1243; x_wconf 91' lang='lat'><strong>,</strong></span> <span class='ocrx_word' id='word_1_535' title='bbox 2309 1182 2501 1249; x_wconf 90' lang='lat' dir='ltr'><strong>quibus</strong></span> <span class='ocrx_word' id='word_1_536' title='bbox 2546 1182 2739 1236; x_wconf 83' lang='lat' dir='ltr'><strong>vixisse</strong></span> <span class='ocrx_word' id='word_1_537' title='bbox 2783 1184 3014 1239; x_wconf 89' lang='lat' dir='ltr'><strong>creditur</strong></span> <span class='ocrx_word' id='word_1_538' title='bbox 3044 1197 3161 1254; x_wconf 90' lang='lat' dir='ltr'><strong>post</strong></span> <span class='ocrx_word' id='word_1_539' title='bbox 3215 1188 3494 1243; x_wconf 88' lang='lat' dir='ltr'><strong>diluvium.</strong></span> 
     </span>
    </p>
   </div>
   <div class='ocr_carea' id='block_1_73' title="bbox 1923 1267 3496 1343">
    <p class='ocr_par' dir='ltr' id='par_1_73' title="bbox 1923 1267 3496 1343">
     <span class='ocr_line' id='line_1_73' title="bbox 1923 1267 3496 1343; baseline 0.01 -25"><span class='ocrx_word' id='word_1_540' title='bbox 1923 1267 2143 1335; x_wconf 85' lang='lat' dir='ltr'><strong>l&#39;ropter</strong></span> <span class='ocrx_word' id='word_1_541' title='bbox 2186 1268 2326 1338; x_wconf 90' lang='lat' dir='ltr'><strong>quod</strong></span> <span class='ocrx_word' id='word_1_542' title='bbox 2353 1288 2473 1324; x_wconf 87' lang='lat' dir='ltr'><strong>cum</strong></span> <span class='ocrx_word' id='word_1_543' title='bbox 2530 1274 2801 1337; x_wconf 89' lang='lat' dir='ltr'><strong>nonnulli,</strong></span> <span class='ocrx_word' id='word_1_544' title='bbox 2831 1275 2931 1328; x_wconf 87' lang='lat' dir='ltr'><strong>etsi</strong></span> <span class='ocrx_word' id='word_1_545' title='bbox 2962 1290 3065 1327; x_wconf 90' lang='lat' dir='ltr'><strong>non</strong></span> <span class='ocrx_word' id='word_1_546' title='bbox 3098 1276 3148 1329; x_wconf 91' lang='lat' dir='ltr'><strong>in</strong></span> <span class='ocrx_word' id='word_1_547' title='bbox 3199 1287 3336 1332; x_wconf 84' lang='lat' dir='ltr'><strong>terra</strong></span> <span class='ocrx_word' id='word_1_548' title='bbox 3362 1319 3378 1343; x_wconf 91' lang='lat'><strong>,</strong></span> <span class='ocrx_word' id='word_1_549' title='bbox 3405 1280 3496 1335; x_wconf 84' lang='lat' dir='ltr'><strong>ubt</strong></span> 
     </span>
    </p>
   </div>
   <div class='ocr_carea' id='block_1_74' title="bbox 1918 1364 3493 1435">
    <p class='ocr_par' dir='ltr' id='par_1_74' title="bbox 1918 1364 3493 1435">
     <span class='ocr_line' id='line_1_74' title="bbox 1918 1364 3493 1435; baseline 0.013 -29"><span class='ocrx_word' id='word_1_550' title='bbox 1918 1372 2132 1413; x_wconf 82' lang='lat' dir='ltr'><strong>omnem</strong></span> <span class='ocrx_word' id='word_1_551' title='bbox 2158 1375 2371 1415; x_wconf 87' lang='lat' dir='ltr'><strong>carnem</strong></span> <span class='ocrx_word' id='word_1_552' title='bbox 2404 1404 2418 1425; x_wconf 90' lang='lat'><strong>,</strong></span> <span class='ocrx_word' id='word_1_553' title='bbox 2456 1379 2612 1431; x_wconf 76' lang='lat' dir='ltr'><strong>qnazu</strong></span> <span class='ocrx_word' id='word_1_554' title='bbox 2657 1364 2833 1419; x_wconf 81' lang='lat' dir='ltr'><strong>vivere</strong></span> <span class='ocrx_word' id='word_1_555' title='bbox 2885 1366 2937 1419; x_wconf 93' lang='lat' dir='ltr'><strong>in</strong></span> <span class='ocrx_word' id='word_1_556' title='bbox 2982 1368 3132 1435; x_wconf 87' lang='lat' dir='ltr'><strong>aquis</strong></span> <span class='ocrx_word' id='word_1_557' title='bbox 3162 1378 3346 1425; x_wconf 90' lang='lat' dir='ltr'><strong>natura</strong></span> <span class='ocrx_word' id='word_1_558' title='bbox 3385 1388 3493 1426; x_wconf 88' lang='lat' dir='ltr'><strong>non</strong></span> 
     </span>
    </p>
   </div>
   <div class='ocr_carea' id='block_1_75' title="bbox 1917 1448 3495 1531">
    <p class='ocr_par' dir='ltr' id='par_1_75' title="bbox 1917 1448 3495 1531">
     <span class='ocr_line' id='line_1_75' title="bbox 1917 1448 3495 1531; baseline 0.01 -31"><span class='ocrx_word' id='word_1_559' title='bbox 1917 1448 2079 1513; x_wconf 87' lang='lat' dir='ltr'><strong>sinit,</strong></span> <span class='ocrx_word' id='word_1_560' title='bbox 2114 1462 2319 1504; x_wconf 89' lang='lat' dir='ltr'><strong>constat</strong></span> <span class='ocrx_word' id='word_1_561' title='bbox 2373 1451 2535 1508; x_wconf 82' lang='lat' dir='ltr'><strong>fuisse</strong></span> <span class='ocrx_word' id='word_1_562' title='bbox 2586 1454 2812 1509; x_wconf 90' lang='lat' dir='ltr'><strong>deletam</strong></span> <span class='ocrx_word' id='word_1_563' title='bbox 2840 1496 2855 1520; x_wconf 94' lang='lat'><strong>,</strong></span> <span class='ocrx_word' id='word_1_564' title='bbox 2913 1471 3033 1510; x_wconf 89' lang='lat' dir='ltr'><strong>cum</strong></span> <span class='ocrx_word' id='word_1_565' title='bbox 3073 1467 3221 1525; x_wconf 90' lang='lat' dir='ltr'><strong>patre</strong></span> <span class='ocrx_word' id='word_1_566' title='bbox 3270 1473 3367 1514; x_wconf 89' lang='lat' dir='ltr'><strong>suo</strong></span> <span class='ocrx_word' id='word_1_567' title='bbox 3403 1462 3495 1531; x_wconf 85' lang='lat' dir='ltr'><strong>qui</strong></span> 
     </span>
    </p>
   </div>
   <div class='ocr_carea' id='block_1_76' title="bbox 1918 1540 3495 1616">
    <p class='ocr_par' dir='ltr' id='par_1_76' title="bbox 1918 1540 3495 1616">
     <span class='ocr_line' id='line_1_76' title="bbox 1918 1540 3495 1616; baseline 0.01 -26"><span class='ocrx_word' id='word_1_568' title='bbox 1918 1540 2205 1594; x_wconf 76' lang='lat' dir='ltr'><strong>tzanslatus</strong></span> <span class='ocrx_word' id='word_1_569' title='bbox 2234 1542 2405 1596; x_wconf 77' lang='lat' dir='ltr'><strong>fuerat</strong></span> <span class='ocrx_word' id='word_1_570' title='bbox 2434 1544 2759 1612; x_wconf 86' lang='lat' dir='ltr'><strong>aliquantum</strong></span> <span class='ocrx_word' id='word_1_571' title='bbox 2793 1545 2954 1600; x_wconf 79' lang='lat' dir='ltr'><strong>fuisse</strong></span> <span class='ocrx_word' id='word_1_572' title='bbox 2981 1588 2997 1612; x_wconf 89' lang='lat'><strong>,</strong></span> <span class='ocrx_word' id='word_1_573' title='bbox 3027 1558 3186 1616; x_wconf 83' lang='lat' dir='ltr'><strong>atque</strong></span> <span class='ocrx_word' id='word_1_574' title='bbox 3224 1548 3296 1603; x_wconf 92' lang='lat' dir='ltr'><strong>ibi</strong></span> <span class='ocrx_word' id='word_1_575' title='bbox 3325 1549 3495 1606; x_wconf 85' lang='lat' dir='ltr'><strong>donec</strong></span> 
     </span>
    </p>
   </div>
   <div class='ocr_carea' id='block_1_77' title="bbox 1916 1630 3496 1704">
    <p class='ocr_par' dir='ltr' id='par_1_77' title="bbox 1916 1630 3496 1704">
     <span class='ocr_line' id='line_1_77' title="bbox 1916 1630 3496 1704; baseline 0.008 -21"><span class='ocrx_word' id='word_1_576' title='bbox 1916 1630 2171 1685; x_wconf 78' lang='lat' dir='ltr'><strong>diluvium</strong></span> <span class='ocrx_word' id='word_1_577' title='bbox 2230 1637 2525 1701; x_wconf 68' lang='lat' dir='ltr'><strong>prmterirct</strong></span> <span class='ocrx_word' id='word_1_578' title='bbox 2556 1676 2573 1699; x_wconf 90' lang='lat'><strong>,</strong></span> <span class='ocrx_word' id='word_1_579' title='bbox 2623 1638 2816 1691; x_wconf 72' lang='lat' dir='ltr'><strong>vixisse</strong></span> <span class='ocrx_word' id='word_1_580' title='bbox 2861 1638 3224 1704; x_wconf 74' lang='lat' dir='ltr'><strong>arbitrantur;</strong></span> <span class='ocrx_word' id='word_1_581' title='bbox 3255 1641 3496 1696; x_wconf 82' lang='lat' dir='ltr'><strong>nolentes</strong></span> 
     </span>
    </p>
   </div>
   <div class='ocr_carea' id='block_1_78' title="bbox 1914 1723 3493 1798">
    <p class='ocr_par' dir='ltr' id='par_1_78' title="bbox 1914 1723 3493 1798">
     <span class='ocr_line' id='line_1_78' title="bbox 1914 1723 3493 1798; baseline 0.009 -25"><span class='ocrx_word' id='word_1_582' title='bbox 1914 1723 2171 1792; x_wconf 84' lang='lat' dir='ltr'><strong>derogare</strong></span> <span class='ocrx_word' id='word_1_583' title='bbox 2202 1723 2358 1778; x_wconf 81' lang='lat' dir='ltr'><strong>tidem</strong></span> <span class='ocrx_word' id='word_1_584' title='bbox 2388 1726 2692 1791; x_wconf 87' lang='lat' dir='ltr'><strong>codicibus,</strong></span> <span class='ocrx_word' id='word_1_585' title='bbox 2719 1742 2852 1798; x_wconf 90' lang='lat' dir='ltr'><strong>quos</strong></span> <span class='ocrx_word' id='word_1_586' title='bbox 2878 1729 2927 1781; x_wconf 94' lang='lat' dir='ltr'><strong>in</strong></span> <span class='ocrx_word' id='word_1_587' title='bbox 2956 1731 3323 1785; x_wconf 85' lang='lat' dir='ltr'><strong>auctoritatem</strong></span> <span class='ocrx_word' id='word_1_588' title='bbox 3349 1732 3493 1787; x_wconf 88' lang='lat' dir='ltr'><strong>cele-</strong></span> 
     </span>
    </p>
   </div>
   <div class='ocr_carea' id='block_1_79' title="bbox 1915 1814 3496 1886">
    <p class='ocr_par' dir='ltr' id='par_1_79' title="bbox 1915 1814 3496 1886">
     <span class='ocr_line' id='line_1_79' title="bbox 1915 1814 3496 1886; baseline 0.008 -20"><span class='ocrx_word' id='word_1_589' title='bbox 1915 1814 2145 1869; x_wconf 87' lang='lat' dir='ltr'><strong>briorem</strong></span> <span class='ocrx_word' id='word_1_590' title='bbox 2190 1818 2425 1886; x_wconf 86' lang='lat' dir='ltr'><strong>suscepit</strong></span> <span class='ocrx_word' id='word_1_591' title='bbox 2454 1818 2685 1872; x_wconf 79' lang='lat' dir='ltr'><strong>Ecclesia</strong></span> <span class='ocrx_word' id='word_1_592' title='bbox 2715 1858 2731 1883; x_wconf 91' lang='lat'><strong>,</strong></span> <span class='ocrx_word' id='word_1_593' title='bbox 2764 1828 2819 1874; x_wconf 87' lang='lat' dir='ltr'><strong>et</strong></span> <span class='ocrx_word' id='word_1_594' title='bbox 2856 1820 3139 1875; x_wconf 90' lang='lat' dir='ltr'><strong>credentes</strong></span> <span class='ocrx_word' id='word_1_595' title='bbox 3188 1820 3496 1879; x_wconf 65' lang='lat' dir='ltr'><strong>Judarorum</strong></span> 
     </span>
    </p>
   </div>
   <div class='ocr_carea' id='block_1_80' title="bbox 1915 1896 3494 1982">
    <p class='ocr_par' dir='ltr' id='par_1_80' title="bbox 1915 1896 3494 1982">
     <span class='ocr_line' id='line_1_80' title="bbox 1915 1896 3494 1982; baseline 0.008 -25"><span class='ocrx_word' id='word_1_596' title='bbox 1915 1908 2090 1974; x_wconf 76' lang='lat' dir='ltr'><strong>potius</strong></span> <span class='ocrx_word' id='word_1_597' title='bbox 2116 1924 2273 1977; x_wconf 90' lang='lat' dir='ltr'><strong>quam</strong></span> <span class='ocrx_word' id='word_1_598' title='bbox 2306 1910 2451 1964; x_wconf 87' lang='lat' dir='ltr'><strong>istos</strong></span> <span class='ocrx_word' id='word_1_599' title='bbox 2482 1927 2585 1965; x_wconf 90' lang='lat' dir='ltr'><strong>non</strong></span> <span class='ocrx_word' id='word_1_600' title='bbox 2630 1911 2829 1966; x_wconf 88' lang='lat' dir='ltr'><strong>habere</strong></span> <span class='ocrx_word' id='word_1_601' title='bbox 2865 1896 3005 1982; x_wconf 87' lang='lat' dir='ltr'><strong>quod</strong></span> <span class='ocrx_word' id='word_1_602' title='bbox 3038 1930 3218 1969; x_wconf 87' lang='lat' dir='ltr'><strong>verum</strong></span> <span class='ocrx_word' id='word_1_603' title='bbox 3244 1924 3345 1970; x_wconf 90' lang='lat' dir='ltr'><strong>est.</strong></span> <span class='ocrx_word' id='word_1_604' title='bbox 3376 1916 3494 1970; x_wconf 85' lang='lat' dir='ltr'><strong>Non</strong></span> 
     </span>
    </p>
   </div>
   <div class='ocr_carea' id='block_1_81' title="bbox 1913 2001 3494 2076">
    <p class='ocr_par' dir='ltr' id='par_1_81' title="bbox 1913 2001 3494 2076">
     <span class='ocr_line' id='line_1_81' title="bbox 1913 2001 3494 2076; baseline 0.006 -24"><span class='ocrx_word' id='word_1_605' title='bbox 1913 2001 2053 2053; x_wconf 90' lang='lat' dir='ltr'><strong>enim</strong></span> <span class='ocrx_word' id='word_1_606' title='bbox 2076 2001 2359 2056; x_wconf 89' lang='lat' dir='ltr'><strong>admittunt</strong></span> <span class='ocrx_word' id='word_1_607' title='bbox 2386 2043 2402 2067; x_wconf 94' lang='lat'><strong>,</strong></span> <span class='ocrx_word' id='word_1_608' title='bbox 2432 2003 2572 2071; x_wconf 92' lang='lat' dir='ltr'><strong>quod</strong></span> <span class='ocrx_word' id='word_1_609' title='bbox 2612 2004 2778 2076; x_wconf 87' lang='lat' dir='ltr'><strong>magis</strong></span> <span class='ocrx_word' id='word_1_610' title='bbox 2808 2004 2891 2058; x_wconf 88' lang='lat' dir='ltr'><strong>hic</strong></span> <span class='ocrx_word' id='word_1_611' title='bbox 2915 2020 3035 2059; x_wconf 85' lang='lat' dir='ltr'><strong>esse</strong></span> <span class='ocrx_word' id='word_1_612' title='bbox 3080 2007 3311 2074; x_wconf 89' lang='lat' dir='ltr'><strong>potuerit</strong></span> <span class='ocrx_word' id='word_1_613' title='bbox 3339 2021 3494 2061; x_wconf 87' lang='lat' dir='ltr'><strong>error</strong></span> 
     </span>
    </p>
   </div>
   <div class='ocr_carea' id='block_1_82' title="bbox 1916 2092 3490 2164">
    <p class='ocr_par' dir='ltr' id='par_1_82' title="bbox 1916 2092 3490 2164">
     <span class='ocr_line' id='line_1_82' title="bbox 1916 2092 3490 2164; baseline 0.004 -20"><span class='ocrx_word' id='word_1_614' title='bbox 1916 2092 2257 2161; x_wconf 89' lang='lat' dir='ltr'><strong>interpretum</strong></span> <span class='ocrx_word' id='word_1_615' title='bbox 2283 2133 2299 2157; x_wconf 88' lang='lat'><strong>,</strong></span> <span class='ocrx_word' id='word_1_616' title='bbox 2324 2109 2480 2161; x_wconf 87' lang='lat' dir='ltr'><strong>quam</strong></span> <span class='ocrx_word' id='word_1_617' title='bbox 2512 2095 2562 2147; x_wconf 91' lang='lat' dir='ltr'><strong>in</strong></span> <span class='ocrx_word' id='word_1_618' title='bbox 2593 2110 2655 2148; x_wconf 91' lang='lat' dir='ltr'><strong>ea</strong></span> <span class='ocrx_word' id='word_1_619' title='bbox 2688 2095 2862 2164; x_wconf 88' lang='lat' dir='ltr'><strong>lingua</strong></span> <span class='ocrx_word' id='word_1_620' title='bbox 2885 2110 3002 2149; x_wconf 88' lang='lat' dir='ltr'><strong>esse</strong></span> <span class='ocrx_word' id='word_1_621' title='bbox 3025 2094 3213 2150; x_wconf 80' lang='lat' dir='ltr'><strong>falsum</strong></span> <span class='ocrx_word' id='word_1_622' title='bbox 3234 2136 3250 2159; x_wconf 92' lang='lat'><strong>,</strong></span> <span class='ocrx_word' id='word_1_623' title='bbox 3280 2096 3419 2152; x_wconf 88' lang='lat' dir='ltr'><strong>unde</strong></span> <span class='ocrx_word' id='word_1_624' title='bbox 3438 2097 3490 2151; x_wconf 90' lang='lat' dir='ltr'><strong>in</strong></span> 
     </span>
    </p>
   </div>
   <div class='ocr_carea' id='block_1_83' title="bbox 1914 2186 3490 2255">
    <p class='ocr_par' dir='ltr' id='par_1_83' title="bbox 1914 2186 3490 2255">
     <span class='ocr_line' id='line_1_83' title="bbox 1914 2186 3490 2255; baseline 0.004 -19"><span class='ocrx_word' id='word_1_625' title='bbox 1914 2192 2148 2237; x_wconf 87' lang='lat' dir='ltr'><strong>nostram</strong></span> <span class='ocrx_word' id='word_1_626' title='bbox 2168 2200 2263 2253; x_wconf 90' lang='lat' dir='ltr'><strong>per</strong></span> <span class='ocrx_word' id='word_1_627' title='bbox 2286 2200 2513 2254; x_wconf 66' lang='lat' dir='ltr'><strong>graecam</strong></span> <span class='ocrx_word' id='word_1_628' title='bbox 2544 2186 2818 2252; x_wconf 87' lang='lat' dir='ltr'><strong>Scriptura</strong></span> <span class='ocrx_word' id='word_1_629' title='bbox 2846 2186 2956 2255; x_wconf 85' lang='lat' dir='ltr'><strong>ipsa</strong></span> <span class='ocrx_word' id='word_1_630' title='bbox 2983 2188 3235 2240; x_wconf 80' lang='lat' dir='ltr'><strong>translata</strong></span> <span class='ocrx_word' id='word_1_631' title='bbox 3258 2195 3359 2241; x_wconf 89' lang='lat' dir='ltr'><strong>est.</strong></span> <span class='ocrx_word' id='word_1_632' title='bbox 3381 2186 3490 2243; x_wconf 80' lang='lat' dir='ltr'><strong>Sed</strong></span> 
     </span>
    </p>
   </div>
   <div class='ocr_carea' id='block_1_84' title="bbox 1914 2273 3490 2347">
    <p class='ocr_par' dir='ltr' id='par_1_84' title="bbox 1914 2273 3490 2347">
     <span class='ocr_line' id='line_1_84' title="bbox 1914 2273 3490 2347; baseline 0.004 -21"><span class='ocrx_word' id='word_1_633' title='bbox 1914 2273 2177 2343; x_wconf 86' lang='lat' dir='ltr'><strong>inquiunt,</strong></span> <span class='ocrx_word' id='word_1_634' title='bbox 2207 2292 2311 2329; x_wconf 93' lang='lat' dir='ltr'><strong>non</strong></span> <span class='ocrx_word' id='word_1_635' title='bbox 2335 2290 2454 2330; x_wconf 86' lang='lat' dir='ltr'><strong>esse</strong></span> <span class='ocrx_word' id='word_1_636' title='bbox 2482 2276 2735 2330; x_wconf 85' lang='lat' dir='ltr'><strong>credibile</strong></span> <span class='ocrx_word' id='word_1_637' title='bbox 2762 2276 3103 2345; x_wconf 84' lang='lat' dir='ltr'><strong>Septuaginta</strong></span> <span class='ocrx_word' id='word_1_638' title='bbox 3134 2278 3450 2347; x_wconf 89' lang='lat' dir='ltr'><strong>interpretes</strong></span> <span class='ocrx_word' id='word_1_639' title='bbox 3472 2317 3490 2342; x_wconf 92' lang='lat'><strong>,</strong></span> 
     </span>
    </p>
   </div>
   <div class='ocr_carea' id='block_1_85' title="bbox 1911 2368 3490 2439">
    <p class='ocr_par' dir='ltr' id='par_1_85' title="bbox 1911 2368 3490 2439">
     <span class='ocr_line' id='line_1_85' title="bbox 1911 2368 3490 2439; baseline 0.005 -22"><span class='ocrx_word' id='word_1_640' title='bbox 1911 2368 1999 2436; x_wconf 88' lang='lat' dir='ltr'><strong>qui</strong></span> <span class='ocrx_word' id='word_1_641' title='bbox 2024 2383 2127 2420; x_wconf 91' lang='lat' dir='ltr'><strong>uno</strong></span> <span class='ocrx_word' id='word_1_642' title='bbox 2148 2368 2302 2421; x_wconf 92' lang='lat' dir='ltr'><strong>simul</strong></span> <span class='ocrx_word' id='word_1_643' title='bbox 2327 2380 2564 2437; x_wconf 87' lang='lat' dir='ltr'><strong>tempore</strong></span> <span class='ocrx_word' id='word_1_644' title='bbox 2582 2384 2791 2437; x_wconf 89' lang='lat' dir='ltr'><strong>unoque</strong></span> <span class='ocrx_word' id='word_1_645' title='bbox 2804 2384 2963 2423; x_wconf 92' lang='lat' dir='ltr'><strong>sensu</strong></span> <span class='ocrx_word' id='word_1_646' title='bbox 2991 2370 3317 2439; x_wconf 83' lang='lat' dir='ltr'><strong>interpretati</strong></span> <span class='ocrx_word' id='word_1_647' title='bbox 3343 2380 3490 2436; x_wconf 91' lang='lat' dir='ltr'><strong>sunt,</strong></span> 
     </span>
    </p>
   </div>
   <div class='ocr_carea' id='block_1_86' title="bbox 1912 2440 3493 2529">
    <p class='ocr_par' dir='ltr' id='par_1_86' title="bbox 1912 2440 3493 2529">
     <span class='ocr_line' id='line_1_86' title="bbox 1912 2440 3493 2529; baseline 0.003 -18"><span class='ocrx_word' id='word_1_648' title='bbox 1912 2440 2091 2513; x_wconf 71' lang='lat' dir='ltr'><strong>errare</strong></span> <span class='ocrx_word' id='word_1_649' title='bbox 2117 2461 2373 2529; x_wconf 79' lang='lat' dir='ltr'><strong>potuisse,</strong></span> <span class='ocrx_word' id='word_1_650' title='bbox 2399 2468 2491 2513; x_wconf 92' lang='lat' dir='ltr'><strong>aut</strong></span> <span class='ocrx_word' id='word_1_651' title='bbox 2520 2459 2607 2513; x_wconf 90' lang='lat' dir='ltr'><strong>ubi</strong></span> <span class='ocrx_word' id='word_1_652' title='bbox 2632 2459 2759 2513; x_wconf 88' lang='lat' dir='ltr'><strong>nihil</strong></span> <span class='ocrx_word' id='word_1_653' title='bbox 2787 2474 2972 2515; x_wconf 89' lang='lat' dir='ltr'><strong>eorum</strong></span> <span class='ocrx_word' id='word_1_654' title='bbox 2998 2461 3272 2526; x_wconf 88' lang='lat' dir='ltr'><strong>intererat,</strong></span> <span class='ocrx_word' id='word_1_655' title='bbox 3293 2462 3493 2516; x_wconf 81' lang='lat' dir='ltr'><strong>voluis-</strong></span> 
     </span>
    </p>
   </div>
   <div class='ocr_carea' id='block_1_87' title="bbox 1914 2548 3494 2619">
    <p class='ocr_par' dir='ltr' id='par_1_87' title="bbox 1914 2548 3494 2619">
     <span class='ocr_line' id='line_1_87' title="bbox 1914 2548 3494 2619; baseline -0.001 -15"><span class='ocrx_word' id='word_1_656' title='bbox 1914 2564 1972 2604; x_wconf 82' lang='lat' dir='ltr'><strong>se</strong></span> <span class='ocrx_word' id='word_1_657' title='bbox 2000 2549 2210 2603; x_wconf 90' lang='lat' dir='ltr'><strong>mentiri</strong></span> <span class='ocrx_word' id='word_1_658' title='bbox 2232 2565 2246 2613; x_wconf 88' lang='lat'><strong>;</strong></span> <span class='ocrx_word' id='word_1_659' title='bbox 2269 2548 2481 2604; x_wconf 73' lang='lat' dir='ltr'><strong>Judaeos</strong></span> <span class='ocrx_word' id='word_1_660' title='bbox 2507 2565 2635 2603; x_wconf 90' lang='lat' dir='ltr'><strong>vero</strong></span> <span class='ocrx_word' id='word_1_661' title='bbox 2660 2590 2674 2612; x_wconf 88' lang='lat'><strong>,</strong></span> <span class='ocrx_word' id='word_1_662' title='bbox 2702 2550 2829 2604; x_wconf 88' lang='lat' dir='ltr'><strong>dum</strong></span> <span class='ocrx_word' id='word_1_663' title='bbox 2870 2550 3021 2605; x_wconf 90' lang='lat' dir='ltr'><strong>nobis</strong></span> <span class='ocrx_word' id='word_1_664' title='bbox 3052 2550 3323 2615; x_wconf 80' lang='lat' dir='ltr'><strong>invident,</strong></span> <span class='ocrx_word' id='word_1_665' title='bbox 3349 2548 3494 2619; x_wconf 88' lang='lat' dir='ltr'><strong>quod</strong></span> 
     </span>
    </p>
   </div>
   <div class='ocr_carea' id='block_1_88' title="bbox 1912 2638 3493 2709">
    <p class='ocr_par' dir='ltr' id='par_1_88' title="bbox 1912 2638 3493 2709">
     <span class='ocr_line' id='line_1_88' title="bbox 1912 2638 3493 2709; baseline -0.003 -15"><span class='ocrx_word' id='word_1_666' title='bbox 1912 2639 2019 2694; x_wconf 88' lang='lat' dir='ltr'><strong>Lex</strong></span> <span class='ocrx_word' id='word_1_667' title='bbox 2066 2649 2119 2693; x_wconf 90' lang='lat' dir='ltr'><strong>et</strong></span> <span class='ocrx_word' id='word_1_668' title='bbox 2159 2638 2441 2709; x_wconf 85' lang='lat' dir='ltr'><strong>Propheta:</strong></span> <span class='ocrx_word' id='word_1_669' title='bbox 2465 2638 2529 2694; x_wconf 90' lang='lat' dir='ltr'><strong>ad</strong></span> <span class='ocrx_word' id='word_1_670' title='bbox 2555 2655 2651 2693; x_wconf 89' lang='lat' dir='ltr'><strong>nos</strong></span> <span class='ocrx_word' id='word_1_671' title='bbox 2696 2639 3094 2708; x_wconf 84' lang='lat' dir='ltr'><strong>interpretando</strong></span> <span class='ocrx_word' id='word_1_672' title='bbox 3144 2640 3445 2694; x_wconf 86' lang='lat' dir='ltr'><strong>transierint</strong></span> <span class='ocrx_word' id='word_1_673' title='bbox 3473 2680 3493 2703; x_wconf 84' lang='lat'><strong>,</strong></span> 
     </span>
    </p>
   </div>
   <div class='ocr_carea' id='block_1_89' title="bbox 1912 2730 3492 2800">
    <p class='ocr_par' dir='ltr' id='par_1_89' title="bbox 1912 2730 3492 2800">
     <span class='ocr_line' id='line_1_89' title="bbox 1912 2730 3492 2800; baseline 0.001 -18"><span class='ocrx_word' id='word_1_674' title='bbox 1912 2738 2143 2783; x_wconf 87' lang='lat' dir='ltr'><strong>mutasse</strong></span> <span class='ocrx_word' id='word_1_675' title='bbox 2169 2730 2384 2800; x_wconf 86' lang='lat' dir='ltr'><strong>quidam</strong></span> <span class='ocrx_word' id='word_1_676' title='bbox 2440 2730 2493 2784; x_wconf 91' lang='lat' dir='ltr'><strong>in</strong></span> <span class='ocrx_word' id='word_1_677' title='bbox 2541 2730 2791 2785; x_wconf 90' lang='lat' dir='ltr'><strong>cordibus</strong></span> <span class='ocrx_word' id='word_1_678' title='bbox 2842 2732 2992 2794; x_wconf 87' lang='lat' dir='ltr'><strong>suis,</strong></span> <span class='ocrx_word' id='word_1_679' title='bbox 3039 2740 3096 2783; x_wconf 91' lang='lat' dir='ltr'><strong>ut</strong></span> <span class='ocrx_word' id='word_1_680' title='bbox 3146 2730 3342 2784; x_wconf 90' lang='lat' dir='ltr'><strong>nostris</strong></span> <span class='ocrx_word' id='word_1_681' title='bbox 3390 2732 3492 2783; x_wconf 83' lang='lat' dir='ltr'><strong>mi-</strong></span> 
     </span>
    </p>
   </div>
   <div class='ocr_carea' id='block_1_90' title="bbox 1912 2820 3495 2891">
    <p class='ocr_par' dir='ltr' id='par_1_90' title="bbox 1912 2820 3495 2891">
     <span class='ocr_line' id='line_1_90' title="bbox 1912 2820 3495 2891; baseline 0 -17"><span class='ocrx_word' id='word_1_682' title='bbox 1912 2830 2164 2877; x_wconf 89' lang='lat' dir='ltr'><strong>nueretur</strong></span> <span class='ocrx_word' id='word_1_683' title='bbox 2189 2821 2497 2875; x_wconf 86' lang='lat' dir='ltr'><strong>auctoritas.</strong></span> <span class='ocrx_word' id='word_1_684' title='bbox 2524 2820 2668 2874; x_wconf 89' lang='lat' dir='ltr'><strong>lianc</strong></span> <span class='ocrx_word' id='word_1_685' title='bbox 2697 2820 3001 2891; x_wconf 88' lang='lat' dir='ltr'><strong>opinionem</strong></span> <span class='ocrx_word' id='word_1_686' title='bbox 3033 2820 3114 2873; x_wconf 84' lang='lat' dir='ltr'><strong>vel</strong></span> <span class='ocrx_word' id='word_1_687' title='bbox 3137 2820 3495 2889; x_wconf 85' lang='lat' dir='ltr'><strong>suspicionem</strong></span> 
     </span>
    </p>
   </div>
   <div class='ocr_carea' id='block_1_91' title="bbox 1911 2911 3493 2981">
    <p class='ocr_par' dir='ltr' id='par_1_91' title="bbox 1911 2911 3493 2981">
     <span class='ocr_line' id='line_1_91' title="bbox 1911 2911 3493 2981; baseline -0.001 -17"><span class='ocrx_word' id='word_1_688' title='bbox 1911 2911 2134 2979; x_wconf 87' lang='lat' dir='ltr'><strong>accipiat</strong></span> <span class='ocrx_word' id='word_1_689' title='bbox 2154 2912 2379 2980; x_wconf 88' lang='lat' dir='ltr'><strong>quisque</strong></span> <span class='ocrx_word' id='word_1_690' title='bbox 2408 2920 2464 2965; x_wconf 94' lang='lat' dir='ltr'><strong>ut</strong></span> <span class='ocrx_word' id='word_1_691' title='bbox 2491 2911 2755 2981; x_wconf 88' lang='lat' dir='ltr'><strong>putaverit</strong></span> <span class='ocrx_word' id='word_1_692' title='bbox 2781 2930 2793 2964; x_wconf 90' lang='lat'>:</span> <span class='ocrx_word' id='word_1_693' title='bbox 2818 2920 3021 2965; x_wconf 90' lang='lat' dir='ltr'><strong>certum</strong></span> <span class='ocrx_word' id='word_1_694' title='bbox 3050 2923 3131 2964; x_wconf 88' lang='lat' dir='ltr'><strong>cst</strong></span> <span class='ocrx_word' id='word_1_695' title='bbox 3158 2920 3356 2977; x_wconf 88' lang='lat' dir='ltr'><strong>tamen,</strong></span> <span class='ocrx_word' id='word_1_696' title='bbox 3387 2926 3493 2965; x_wconf 91' lang='lat' dir='ltr'><strong>non</strong></span> 
     </span>
    </p>
   </div>
   <div class='ocr_carea' id='block_1_92' title="bbox 1913 3003 3496 3073">
    <p class='ocr_par' dir='ltr' id='par_1_92' title="bbox 1913 3003 3496 3073">
     <span class='ocr_line' id='line_1_92' title="bbox 1913 3003 3496 3073; baseline -0.001 -16"><span class='ocrx_word' id='word_1_697' title='bbox 1913 3006 2109 3059; x_wconf 82' lang='lat' dir='ltr'><strong>vixisse</strong></span> <span class='ocrx_word' id='word_1_698' title='bbox 2138 3004 2486 3058; x_wconf 79' lang='lat' dir='ltr'><strong>Mathusalem</strong></span> <span class='ocrx_word' id='word_1_699' title='bbox 2516 3014 2633 3073; x_wconf 87' lang='lat' dir='ltr'><strong>post</strong></span> <span class='ocrx_word' id='word_1_700' title='bbox 2660 3004 2916 3058; x_wconf 90' lang='lat' dir='ltr'><strong>diluvium</strong></span> <span class='ocrx_word' id='word_1_701' title='bbox 2942 3044 2957 3067; x_wconf 90' lang='lat'><strong>,</strong></span> <span class='ocrx_word' id='word_1_702' title='bbox 2986 3003 3080 3057; x_wconf 86' lang='lat' dir='ltr'><strong>sed</strong></span> <span class='ocrx_word' id='word_1_703' title='bbox 3133 3005 3321 3058; x_wconf 87' lang='lat' dir='ltr'><strong>eodem</strong></span> <span class='ocrx_word' id='word_1_704' title='bbox 3351 3019 3496 3057; x_wconf 90' lang='lat' dir='ltr'><strong>anno</strong></span> 
     </span>
    </p>
   </div>
   <div class='ocr_carea' id='block_1_93' title="bbox 1913 3093 3492 3163">
    <p class='ocr_par' dir='ltr' id='par_1_93' title="bbox 1913 3093 3492 3163">
     <span class='ocr_line' id='line_1_93' title="bbox 1913 3093 3492 3163; baseline -0.001 -13"><span class='ocrx_word' id='word_1_705' title='bbox 1913 3096 2077 3150; x_wconf 73' lang='lat' dir='ltr'><strong>fuisse</strong></span> <span class='ocrx_word' id='word_1_706' title='bbox 2101 3094 2409 3150; x_wconf 79' lang='lat' dir='ltr'><strong>defunctum</strong></span> <span class='ocrx_word' id='word_1_707' title='bbox 2430 3134 2446 3161; x_wconf 88' lang='lat'><strong>,</strong></span> <span class='ocrx_word' id='word_1_708' title='bbox 2477 3095 2520 3148; x_wconf 92' lang='lat' dir='ltr'><strong>si</strong></span> <span class='ocrx_word' id='word_1_709' title='bbox 2542 3110 2725 3148; x_wconf 91' lang='lat' dir='ltr'><strong>verum</strong></span> <span class='ocrx_word' id='word_1_710' title='bbox 2755 3104 2836 3148; x_wconf 91' lang='lat' dir='ltr'><strong>est</strong></span> <span class='ocrx_word' id='word_1_711' title='bbox 2866 3093 3005 3163; x_wconf 91' lang='lat' dir='ltr'><strong>quod</strong></span> <span class='ocrx_word' id='word_1_712' title='bbox 3029 3093 3095 3148; x_wconf 93' lang='lat' dir='ltr'><strong>de</strong></span> <span class='ocrx_word' id='word_1_713' title='bbox 3135 3110 3357 3149; x_wconf 84' lang='lat' dir='ltr'><strong>numero</strong></span> <span class='ocrx_word' id='word_1_714' title='bbox 3392 3110 3492 3148; x_wconf 86' lang='lat' dir='ltr'><strong>an-</strong></span> 
     </span>
    </p>
   </div>
   <div class='ocr_carea' id='block_1_94' title="bbox 1912 3183 3493 3247">
    <p class='ocr_par' dir='ltr' id='par_1_94' title="bbox 1912 3183 3493 3247">
     <span class='ocr_line' id='line_1_94' title="bbox 1912 3183 3493 3247; baseline -0.001 -7"><span class='ocrx_word' id='word_1_715' title='bbox 1912 3202 2099 3240; x_wconf 89' lang='lat' dir='ltr'><strong>norum</strong></span> <span class='ocrx_word' id='word_1_716' title='bbox 2122 3185 2173 3239; x_wconf 91' lang='lat' dir='ltr'><strong>in</strong></span> <span class='ocrx_word' id='word_1_717' title='bbox 2202 3185 2433 3247; x_wconf 70' lang='lat' dir='ltr'><strong>hebraeis</strong></span> <span class='ocrx_word' id='word_1_718' title='bbox 2453 3184 2723 3238; x_wconf 78' lang='lat' dir='ltr'><strong>codicibus</strong></span> <span class='ocrx_word' id='word_1_719' title='bbox 2766 3183 3051 3237; x_wconf 91' lang='lat' dir='ltr'><strong>invenitur.</strong></span> <span class='ocrx_word' id='word_1_720' title='bbox 3086 3183 3159 3237; x_wconf 91' lang='lat' dir='ltr'><strong>De</strong></span> <span class='ocrx_word' id='word_1_721' title='bbox 3187 3185 3286 3239; x_wconf 91' lang='lat' dir='ltr'><strong>illis</strong></span> <span class='ocrx_word' id='word_1_722' title='bbox 3313 3195 3493 3239; x_wconf 85' lang='lat' dir='ltr'><strong>autem</strong></span> 
     </span>
    </p>
   </div>
   <div class='ocr_carea' id='block_1_95' title="bbox 1912 3271 3493 3345">
    <p class='ocr_par' dir='ltr' id='par_1_95' title="bbox 1912 3271 3493 3345">
     <span class='ocr_line' id='line_1_95' title="bbox 1912 3271 3493 3345; baseline -0.002 -15"><span class='ocrx_word' id='word_1_723' title='bbox 1912 3276 2251 3345; x_wconf 86' lang='lat' dir='ltr'><strong>Septuaginta</strong></span> <span class='ocrx_word' id='word_1_724' title='bbox 2289 3274 2662 3343; x_wconf 90' lang='lat' dir='ltr'><strong>interpretibus</strong></span> <span class='ocrx_word' id='word_1_725' title='bbox 2689 3273 2813 3343; x_wconf 90' lang='lat' dir='ltr'><strong>quid</strong></span> <span class='ocrx_word' id='word_1_726' title='bbox 2842 3272 2970 3327; x_wconf 90' lang='lat' dir='ltr'><strong>mihi</strong></span> <span class='ocrx_word' id='word_1_727' title='bbox 3003 3271 3261 3337; x_wconf 88' lang='lat' dir='ltr'><strong>videatur,</strong></span> <span class='ocrx_word' id='word_1_728' title='bbox 3288 3288 3385 3327; x_wconf 91' lang='lat' dir='ltr'><strong>suo</strong></span> <span class='ocrx_word' id='word_1_729' title='bbox 3415 3275 3493 3327; x_wconf 90' lang='lat' dir='ltr'><strong>lo-</strong></span> 
     </span>
    </p>
   </div>
   <div class='ocr_carea' id='block_1_96' title="bbox 1910 3366 3491 3439">
    <p class='ocr_par' dir='ltr' id='par_1_96' title="bbox 1910 3366 3491 3439">
     <span class='ocr_line' id='line_1_96' title="bbox 1910 3366 3491 3439; baseline -0.003 -14"><span class='ocrx_word' id='word_1_730' title='bbox 1910 3386 1975 3425; x_wconf 92' lang='lat' dir='ltr'><strong>co</strong></span> <span class='ocrx_word' id='word_1_731' title='bbox 1994 3370 2294 3439; x_wconf 85' lang='lat' dir='ltr'><strong>diligentius</strong></span> <span class='ocrx_word' id='word_1_732' title='bbox 2325 3367 2662 3423; x_wconf 89' lang='lat' dir='ltr'><strong>inserendum</strong></span> <span class='ocrx_word' id='word_1_733' title='bbox 2687 3377 2791 3433; x_wconf 90' lang='lat' dir='ltr'><strong>est,</strong></span> <span class='ocrx_word' id='word_1_734' title='bbox 2813 3382 2933 3422; x_wconf 92' lang='lat' dir='ltr'><strong>cum</strong></span> <span class='ocrx_word' id='word_1_735' title='bbox 2957 3366 3022 3422; x_wconf 89' lang='lat' dir='ltr'><strong>ad</strong></span> <span class='ocrx_word' id='word_1_736' title='bbox 3066 3368 3179 3436; x_wconf 88' lang='lat' dir='ltr'><strong>ipsa</strong></span> <span class='ocrx_word' id='word_1_737' title='bbox 3206 3376 3442 3435; x_wconf 89' lang='lat' dir='ltr'><strong>tempora</strong></span> <span class='ocrx_word' id='word_1_738' title='bbox 3474 3408 3491 3431; x_wconf 92' lang='lat'><strong>,</strong></span> 
     </span>
    </p>
   </div>
   <div class='ocr_carea' id='block_1_97' title="bbox 1911 3460 3492 3531">
    <p class='ocr_par' dir='ltr' id='par_1_97' title="bbox 1911 3460 3492 3531">
     <span class='ocr_line' id='line_1_97' title="bbox 1911 3460 3492 3531; baseline -0.001 -17"><span class='ocrx_word' id='word_1_739' title='bbox 1911 3473 2165 3531; x_wconf 90' lang='lat' dir='ltr'><strong>quantum</strong></span> <span class='ocrx_word' id='word_1_740' title='bbox 2199 3460 2491 3516; x_wconf 89' lang='lat' dir='ltr'><strong>necessitas</strong></span> <span class='ocrx_word' id='word_1_741' title='bbox 2528 3460 2682 3528; x_wconf 85' lang='lat' dir='ltr'><strong>hujus</strong></span> <span class='ocrx_word' id='word_1_742' title='bbox 2726 3460 2904 3529; x_wconf 88' lang='lat' dir='ltr'><strong>operis</strong></span> <span class='ocrx_word' id='word_1_743' title='bbox 2949 3461 3211 3529; x_wconf 85' lang='lat' dir='ltr'><strong>postulat,</strong></span> <span class='ocrx_word' id='word_1_744' title='bbox 3252 3474 3492 3513; x_wconf 90' lang='lat' dir='ltr'><strong>commc-</strong></span> 
     </span>
    </p>
   </div>
   <div class='ocr_carea' id='block_1_98' title="bbox 1912 3550 3492 3623">
    <p class='ocr_par' dir='ltr' id='par_1_98' title="bbox 1912 3550 3492 3623">
     <span class='ocr_line' id='line_1_98' title="bbox 1912 3550 3492 3623; baseline -0.003 -15"><span class='ocrx_word' id='word_1_745' title='bbox 1912 3553 2188 3620; x_wconf 89' lang='lat' dir='ltr'><strong>moranda,</strong></span> <span class='ocrx_word' id='word_1_746' title='bbox 2210 3553 2492 3623; x_wconf 84' lang='lat' dir='ltr'><strong>adjuvante</strong></span> <span class='ocrx_word' id='word_1_747' title='bbox 2519 3550 2765 3616; x_wconf 89' lang='lat' dir='ltr'><strong>Domino,</strong></span> <span class='ocrx_word' id='word_1_748' title='bbox 2792 3550 3093 3605; x_wconf 88' lang='lat' dir='ltr'><strong>venerimus</strong></span> <span class='ocrx_word' id='word_1_749' title='bbox 3114 3550 3212 3619; x_wconf 89' lang='lat' dir='ltr'><strong>(a).</strong></span> <span class='ocrx_word' id='word_1_750' title='bbox 3240 3550 3492 3604; x_wconf 73' lang='lat' dir='ltr'><strong>Przrscnti</strong></span> 
     </span>
    </p>
   </div>
   <div class='ocr_carea' id='block_1_99' title="bbox 1910 3630 3509 3714">
    <p class='ocr_par' dir='ltr' id='par_1_99' title="bbox 1910 3630 3509 3714">
     <span class='ocr_line' id='line_1_99' title="bbox 1910 3630 3509 3714; baseline -0.003 -15"><span class='ocrx_word' id='word_1_751' title='bbox 1910 3647 2052 3699; x_wconf 89' lang='lat' dir='ltr'><strong>enim</strong></span> <span class='ocrx_word' id='word_1_752' title='bbox 2077 3645 2272 3700; x_wconf 81' lang='lat' dir='ltr'><strong>suflicit</strong></span> <span class='ocrx_word' id='word_1_753' title='bbox 2308 3643 2586 3714; x_wconf 66' lang='lat' dir='ltr'><strong>quaestioni</strong></span> <span class='ocrx_word' id='word_1_754' title='bbox 2629 3642 2925 3698; x_wconf 87' lang='lat' dir='ltr'><strong>secundum</strong></span> <span class='ocrx_word' id='word_1_755' title='bbox 2974 3651 3225 3711; x_wconf 75' lang='lat' dir='ltr'><strong>utros-que</strong></span> <span class='ocrx_word' id='word_1_756' title='bbox 3278 3630 3509 3695; x_wconf 37' lang='lat' dir='ltr'><strong>codices-</strong></span> 
     </span>
    </p>
   </div>
   <div class='ocr_carea' id='block_1_100' title="bbox 1913 3731 3491 3806">
    <p class='ocr_par' dir='ltr' id='par_1_100' title="bbox 1913 3731 3491 3806">
     <span class='ocr_line' id='line_1_100' title="bbox 1913 3731 3491 3806; baseline -0.004 -17"><span class='ocrx_word' id='word_1_757' title='bbox 1913 3747 2017 3789; x_wconf 86' lang='lat' dir='ltr'><strong>tam</strong></span> <span class='ocrx_word' id='word_1_758' title='bbox 2046 3737 2229 3806; x_wconf 91' lang='lat' dir='ltr'><strong>longas</strong></span> <span class='ocrx_word' id='word_1_759' title='bbox 2255 3733 2503 3791; x_wconf 87' lang='lat' dir='ltr'><strong>habuisse</strong></span> <span class='ocrx_word' id='word_1_760' title='bbox 2531 3734 2665 3787; x_wconf 88' lang='lat' dir='ltr'><strong>vitas</strong></span> <span class='ocrx_word' id='word_1_761' title='bbox 2691 3733 2832 3787; x_wconf 91' lang='lat' dir='ltr'><strong>illius</strong></span> <span class='ocrx_word' id='word_1_762' title='bbox 2857 3732 2954 3786; x_wconf 63' lang='lat' dir='ltr'><strong>xcvi</strong></span> <span class='ocrx_word' id='word_1_763' title='bbox 2990 3731 3256 3791; x_wconf 86' lang='lat' dir='ltr'><strong>homines.</strong></span> <span class='ocrx_word' id='word_1_764' title='bbox 3282 3740 3341 3785; x_wconf 89' lang='lat' dir='ltr'><strong>ut</strong></span> <span class='ocrx_word' id='word_1_765' title='bbox 3366 3745 3491 3799; x_wconf 82' lang='lat' dir='ltr'><strong>pos—</strong></span> 
     </span>
    </p>
   </div>
   <div class='ocr_carea' id='block_1_101' title="bbox 1912 3823 3491 3897">
    <p class='ocr_par' dir='ltr' id='par_1_101' title="bbox 1912 3823 3491 3897">
     <span class='ocr_line' id='line_1_101' title="bbox 1912 3823 3491 3897; baseline -0.003 -16"><span class='ocrx_word' id='word_1_766' title='bbox 1912 3838 1994 3881; x_wconf 88' lang='lat' dir='ltr'><strong>set</strong></span> <span class='ocrx_word' id='word_1_767' title='bbox 2019 3830 2034 3859; x_wconf 75' lang='grc' dir='ltr'>ί</span> <span class='ocrx_word' id='word_1_768' title='bbox 2064 3836 2220 3882; x_wconf 83' lang='lat' dir='ltr'><strong>a-tate</strong></span> <span class='ocrx_word' id='word_1_769' title='bbox 2238 3842 2391 3889; x_wconf 89' lang='lat' dir='ltr'><strong>unus,</strong></span> <span class='ocrx_word' id='word_1_770' title='bbox 2412 3827 2501 3897; x_wconf 89' lang='lat' dir='ltr'><strong>qui</strong></span> <span class='ocrx_word' id='word_1_771' title='bbox 2534 3825 2599 3880; x_wconf 91' lang='lat' dir='ltr'><strong>de</strong></span> <span class='ocrx_word' id='word_1_772' title='bbox 2624 3824 2853 3890; x_wconf 91' lang='lat' dir='ltr'><strong>duobus,</strong></span> <span class='ocrx_word' id='word_1_773' title='bbox 2879 3838 3010 3892; x_wconf 88' lang='lat' dir='ltr'><strong>quos</strong></span> <span class='ocrx_word' id='word_1_774' title='bbox 3029 3823 3173 3876; x_wconf 88' lang='lat' dir='ltr'><strong>solos</strong></span> <span class='ocrx_word' id='word_1_775' title='bbox 3197 3833 3333 3876; x_wconf 89' lang='lat' dir='ltr'><strong>terra</strong></span> <span class='ocrx_word' id='word_1_776' title='bbox 3363 3830 3491 3877; x_wconf 89' lang='lat' dir='ltr'><strong>tunc</strong></span> 
     </span>
    </p>
   </div>
   <div class='ocr_carea' id='block_1_102' title="bbox 1912 3913 3490 3991">
    <p class='ocr_par' dir='ltr' id='par_1_102' title="bbox 1912 3913 3490 3991">
     <span class='ocr_line' id='line_1_102' title="bbox 1912 3913 3490 3991; baseline -0.005 -18"><span class='ocrx_word' id='word_1_777' title='bbox 1912 3920 2095 3975; x_wconf 85' lang='lat' dir='ltr'><strong>habuit</strong></span> <span class='ocrx_word' id='word_1_778' title='bbox 2124 3918 2433 3991; x_wconf 88' lang='lat' dir='ltr'><strong>parentibus</strong></span> <span class='ocrx_word' id='word_1_779' title='bbox 2463 3917 2664 3987; x_wconf 91' lang='lat' dir='ltr'><strong>primus</strong></span> <span class='ocrx_word' id='word_1_780' title='bbox 2715 3924 2798 3970; x_wconf 88' lang='lat' dir='ltr'><strong>est</strong></span> <span class='ocrx_word' id='word_1_781' title='bbox 2830 3924 2983 3969; x_wconf 88' lang='lat' dir='ltr'><strong>natus</strong></span> <span class='ocrx_word' id='word_1_782' title='bbox 3012 3954 3027 3977; x_wconf 92' lang='lat'><strong>,</strong></span> <span class='ocrx_word' id='word_1_783' title='bbox 3053 3913 3119 3967; x_wconf 89' lang='lat' dir='ltr'><strong>ad</strong></span> <span class='ocrx_word' id='word_1_784' title='bbox 3161 3914 3490 3969; x_wconf 82' lang='lat' dir='ltr'><strong>constituen-</strong></span> 
     </span>
    </p>
   </div>
   <div class='ocr_carea' id='block_1_103' title="bbox 1911 4006 3455 4078">
    <p class='ocr_par' dir='ltr' id='par_1_103' title="bbox 1911 4006 3455 4078">
     <span class='ocr_line' id='line_1_103' title="bbox 1911 4006 3455 4078; baseline -0.008 -9"><span class='ocrx_word' id='word_1_785' title='bbox 1911 4012 2033 4070; x_wconf 84' lang='lat' dir='ltr'><strong>dum</strong></span> <span class='ocrx_word' id='word_1_786' title='bbox 2060 4012 2218 4066; x_wconf 89' lang='lat' dir='ltr'><strong>etiam</strong></span> <span class='ocrx_word' id='word_1_787' title='bbox 2245 4010 2517 4065; x_wconf 86' lang='lat' dir='ltr'><strong>civitatem</strong></span> <span class='ocrx_word' id='word_1_788' title='bbox 2560 4006 2900 4078; x_wconf 88' lang='lat' dir='ltr'><strong>multiplicari</strong></span> <span class='ocrx_word' id='word_1_789' title='bbox 2938 4021 3103 4078; x_wconf 91' lang='lat' dir='ltr'><strong>genus</strong></span> <span class='ocrx_word' id='word_1_790' title='bbox 3144 4006 3455 4059; x_wconf 88' lang='lat' dir='ltr'><strong>humanum.</strong></span> 
     </span>
    </p>
   </div>
   <div class='ocr_carea' id='block_1_104' title="bbox 1910 4122 3493 4195">
    <p class='ocr_par' dir='ltr' id='par_1_104' title="bbox 1910 4122 3493 4195">
     <span class='ocr_line' id='line_1_104' title="bbox 1910 4122 3493 4195; baseline -0.006 -12"><span class='ocrx_word' id='word_1_791' title='bbox 1910 4126 2135 4183; x_wconf 78' lang='lat' dir='ltr'><strong>CAPUT</strong></span> <span class='ocrx_word' id='word_1_792' title='bbox 2162 4124 2351 4180; x_wconf 77' lang='lat' dir='ltr'><strong>XlL—</strong></span> <span class='ocrx_word' id='word_1_793' title='bbox 2375 4124 2455 4179; x_wconf 82' lang='lat' dir='ltr'><strong>De</strong></span> <span class='ocrx_word' id='word_1_794' title='bbox 2474 4125 2709 4195; x_wconf 76' lang='lat' dir='ltr'><strong>Opinione</strong></span> <span class='ocrx_word' id='word_1_795' title='bbox 2733 4140 2924 4186; x_wconf 81' lang='lat' dir='ltr'><strong>eorum,</strong></span> <span class='ocrx_word' id='word_1_796' title='bbox 2950 4122 3035 4194; x_wconf 79' lang='lat' dir='ltr'><strong>qui</strong></span> <span class='ocrx_word' id='word_1_797' title='bbox 3066 4122 3342 4190; x_wconf 76' lang='lat' dir='ltr'><strong>primorum</strong></span> <span class='ocrx_word' id='word_1_798' title='bbox 3363 4130 3493 4175; x_wconf 79' lang='lat' dir='ltr'><strong>tem-</strong></span> 
     </span>
    </p>
   </div>
   <div class='ocr_carea' id='block_1_105' title="bbox 1983 4214 3495 4291">
    <p class='ocr_par' dir='ltr' id='par_1_105' title="bbox 1983 4214 3495 4291">
     <span class='ocr_line' id='line_1_105' title="bbox 1983 4214 3495 4291; baseline -0.004 -17"><span class='ocrx_word' id='word_1_799' title='bbox 1983 4237 2163 4291; x_wconf 80' lang='lat' dir='ltr'><strong>porum</strong></span> <span class='ocrx_word' id='word_1_800' title='bbox 2187 4218 2413 4274; x_wconf 80' lang='lat' dir='ltr'><strong>homines</strong></span> <span class='ocrx_word' id='word_1_801' title='bbox 2440 4228 2543 4273; x_wconf 84' lang='lat' dir='ltr'><strong>tant</strong></span> <span class='ocrx_word' id='word_1_802' title='bbox 2568 4218 2839 4288; x_wconf 73' lang='lat' dir='ltr'><strong>longteros,</strong></span> <span class='ocrx_word' id='word_1_803' title='bbox 2871 4232 3019 4287; x_wconf 84' lang='lat' dir='ltr'><strong>quam</strong></span> <span class='ocrx_word' id='word_1_804' title='bbox 3045 4214 3277 4269; x_wconf 76' lang='lat' dir='ltr'><strong>scribitur</strong></span> <span class='ocrx_word' id='word_1_805' title='bbox 3297 4255 3311 4279; x_wconf 97' lang='lat'><strong>,</strong></span> <span class='ocrx_word' id='word_1_806' title='bbox 3338 4214 3495 4285; x_wconf 79' lang='lat' dir='ltr'><strong>fuisse</strong></span> 
     </span>
    </p>
   </div>
   <div class='ocr_carea' id='block_1_106' title="bbox 1983 4309 2339 4366">
    <p class='ocr_par' dir='ltr' id='par_1_106' title="bbox 1983 4309 2339 4366">
     <span class='ocr_line' id='line_1_106' title="bbox 1983 4309 2339 4366; baseline -0.003 0"><span class='ocrx_word' id='word_1_807' title='bbox 1983 4329 2082 4366; x_wconf 83' lang='lat' dir='ltr'><strong>non</strong></span> <span class='ocrx_word' id='word_1_808' title='bbox 2107 4309 2339 4365; x_wconf 75' lang='lat' dir='ltr'><strong>credunt.</strong></span> 
     </span>
    </p>
   </div>
   <div class='ocr_carea' id='block_1_107' title="bbox 1988 4415 3494 4493">
    <p class='ocr_par' dir='ltr' id='par_1_107' title="bbox 1988 4415 3494 4493">
     <span class='ocr_line' id='line_1_107' title="bbox 1988 4415 3494 4493; baseline -0.007 -14"><span class='ocrx_word' id='word_1_809' title='bbox 1988 4426 2037 4479; x_wconf 81' lang='grc' dir='ltr'><strong>Ι.</strong></span> <span class='ocrx_word' id='word_1_810' title='bbox 2060 4424 2241 4493; x_wconf 84' lang='lat' dir='ltr'><strong>Neque</strong></span> <span class='ocrx_word' id='word_1_811' title='bbox 2263 4422 2403 4477; x_wconf 91' lang='lat' dir='ltr'><strong>enim</strong></span> <span class='ocrx_word' id='word_1_812' title='bbox 2430 4422 2538 4475; x_wconf 91' lang='lat' dir='ltr'><strong>ullo</strong></span> <span class='ocrx_word' id='word_1_813' title='bbox 2568 4419 2725 4474; x_wconf 89' lang='lat' dir='ltr'><strong>modo</strong></span> <span class='ocrx_word' id='word_1_814' title='bbox 2746 4416 2995 4472; x_wconf 88' lang='lat' dir='ltr'><strong>audiendi</strong></span> <span class='ocrx_word' id='word_1_815' title='bbox 3024 4425 3167 4481; x_wconf 84' lang='lat' dir='ltr'><strong>sunt,</strong></span> <span class='ocrx_word' id='word_1_816' title='bbox 3192 4415 3281 4485; x_wconf 89' lang='lat' dir='ltr'><strong>qui</strong></span> <span class='ocrx_word' id='word_1_817' title='bbox 3308 4423 3494 4485; x_wconf 74' lang='lat' dir='ltr'><strong>potam</strong></span> 
     </span>
    </p>
   </div>
   <div class='ocr_carea' id='block_1_108' title="bbox 1913 4506 3493 4581">
    <p class='ocr_par' dir='ltr' id='par_1_108' title="bbox 1913 4506 3493 4581">
     <span class='ocr_line' id='line_1_108' title="bbox 1913 4506 3493 4581; baseline -0.007 -11"><span class='ocrx_word' id='word_1_818' title='bbox 1913 4516 2066 4571; x_wconf 90' lang='lat' dir='ltr'><strong>aliter</strong></span> <span class='ocrx_word' id='word_1_819' title='bbox 2094 4528 2262 4567; x_wconf 90' lang='lat' dir='ltr'><strong>annos</strong></span> <span class='ocrx_word' id='word_1_820' title='bbox 2290 4512 2396 4566; x_wconf 92' lang='lat' dir='ltr'><strong>illis</strong></span> <span class='ocrx_word' id='word_1_821' title='bbox 2427 4510 2751 4581; x_wconf 81' lang='lat' dir='ltr'><strong>temporibus</strong></span> <span class='ocrx_word' id='word_1_822' title='bbox 2781 4518 3115 4577; x_wconf 88' lang='lat' dir='ltr'><strong>computatos</strong></span> <span class='ocrx_word' id='word_1_823' title='bbox 3142 4549 3155 4570; x_wconf 91' lang='lat'><strong>,</strong></span> <span class='ocrx_word' id='word_1_824' title='bbox 3192 4506 3241 4561; x_wconf 91' lang='lat' dir='ltr'><strong>id</strong></span> <span class='ocrx_word' id='word_1_825' title='bbox 3271 4516 3351 4560; x_wconf 83' lang='lat' dir='ltr'><strong>est</strong></span> <span class='ocrx_word' id='word_1_826' title='bbox 3380 4516 3493 4560; x_wconf 79' lang='lat' dir='ltr'><strong>tan-</strong></span> 
     </span>
    </p>
   </div>
   <div class='ocr_carea' id='block_1_109' title="bbox 1916 4598 3493 4667">
    <p class='ocr_par' dir='ltr' id='par_1_109' title="bbox 1916 4598 3493 4667">
     <span class='ocr_line' id='line_1_109' title="bbox 1916 4598 3493 4667; baseline -0.008 -6"><span class='ocrx_word' id='word_1_827' title='bbox 1916 4616 1981 4661; x_wconf 85' lang='lat' dir='ltr'><strong>ta.-</strong></span> <span class='ocrx_word' id='word_1_828' title='bbox 2030 4602 2303 4659; x_wconf 76' lang='lat' dir='ltr'><strong>brevitatis</strong></span> <span class='ocrx_word' id='word_1_829' title='bbox 2327 4642 2341 4667; x_wconf 93' lang='lat'><strong>,</strong></span> <span class='ocrx_word' id='word_1_830' title='bbox 2375 4610 2432 4654; x_wconf 91' lang='lat' dir='ltr'><strong>ut</strong></span> <span class='ocrx_word' id='word_1_831' title='bbox 2460 4615 2595 4654; x_wconf 88' lang='lat' dir='ltr'><strong>unus</strong></span> <span class='ocrx_word' id='word_1_832' title='bbox 2623 4613 2792 4652; x_wconf 90' lang='lat' dir='ltr'><strong>annus</strong></span> <span class='ocrx_word' id='word_1_833' title='bbox 2838 4609 3020 4651; x_wconf 86' lang='lat' dir='ltr'><strong>noster</strong></span> <span class='ocrx_word' id='word_1_834' title='bbox 3044 4598 3229 4652; x_wconf 87' lang='lat' dir='ltr'><strong>decem</strong></span> <span class='ocrx_word' id='word_1_835' title='bbox 3252 4598 3369 4651; x_wconf 91' lang='lat' dir='ltr'><strong>illos</strong></span> <span class='ocrx_word' id='word_1_836' title='bbox 3398 4598 3493 4649; x_wconf 81' lang='lat' dir='ltr'><strong>lia-</strong></span> 
     </span>
    </p>
   </div>
   <div class='ocr_carea' id='block_1_110' title="bbox 1914 4691 3495 4763">
    <p class='ocr_par' dir='ltr' id='par_1_110' title="bbox 1914 4691 3495 4763">
     <span class='ocr_line' id='line_1_110' title="bbox 1914 4691 3495 4763; baseline -0.006 -10"><span class='ocrx_word' id='word_1_837' title='bbox 1914 4699 2094 4753; x_wconf 91' lang='lat' dir='ltr'><strong>bnisse</strong></span> <span class='ocrx_word' id='word_1_838' title='bbox 2132 4695 2400 4751; x_wconf 87' lang='lat' dir='ltr'><strong>credatur.</strong></span> <span class='ocrx_word' id='word_1_839' title='bbox 2431 4693 2786 4763; x_wconf 83' lang='lat' dir='ltr'><strong>Quapropter,</strong></span> <span class='ocrx_word' id='word_1_840' title='bbox 2814 4692 3086 4761; x_wconf 91' lang='lat' dir='ltr'><strong>inquiunt,</strong></span> <span class='ocrx_word' id='word_1_841' title='bbox 3115 4708 3236 4746; x_wconf 84' lang='lat' dir='ltr'><strong>eum</strong></span> <span class='ocrx_word' id='word_1_842' title='bbox 3268 4691 3495 4745; x_wconf 87' lang='lat' dir='ltr'><strong>audierit</strong></span> 
     </span>
    </p>
   </div>
   <div class='ocr_carea' id='block_1_111' title="bbox 1913 4785 3495 4859">
    <p class='ocr_par' dir='ltr' id='par_1_111' title="bbox 1913 4785 3495 4859">
     <span class='ocr_line' id='line_1_111' title="bbox 1913 4785 3495 4859; baseline -0.008 -16"><span class='ocrx_word' id='word_1_843' title='bbox 1913 4789 2136 4859; x_wconf 62' lang='lat' dir='ltr'><strong>quisque</strong></span> <span class='ocrx_word' id='word_1_844' title='bbox 2188 4786 2273 4841; x_wconf 90' lang='lat' dir='ltr'><strong>vel</strong></span> <span class='ocrx_word' id='word_1_845' title='bbox 2332 4785 2522 4856; x_wconf 88' lang='lat' dir='ltr'><strong>legerit</strong></span> <span class='ocrx_word' id='word_1_846' title='bbox 2598 4792 2896 4853; x_wconf 84' lang='lat' dir='ltr'><strong>nongentos</strong></span> <span class='ocrx_word' id='word_1_847' title='bbox 2957 4798 3127 4837; x_wconf 91' lang='lat' dir='ltr'><strong>annos</strong></span> <span class='ocrx_word' id='word_1_848' title='bbox 3175 4797 3495 4851; x_wconf 84' lang='lat' dir='ltr'><strong>quemquam</strong></span> 
     </span>
    </p>
   </div>
   <div class='ocr_carea' id='block_1_112' title="bbox 1915 4870 3492 4943">
    <p class='ocr_par' dir='ltr' id='par_1_112' title="bbox 1915 4870 3492 4943">
     <span class='ocr_line' id='line_1_112' title="bbox 1915 4870 3492 4943; baseline -0.006 -10"><span class='ocrx_word' id='word_1_849' title='bbox 1915 4879 2131 4943; x_wconf 84' lang='lat' dir='ltr'><strong>vixisse,</strong></span> <span class='ocrx_word' id='word_1_850' title='bbox 2154 4876 2316 4933; x_wconf 84' lang='lat' dir='ltr'><strong>debet</strong></span> <span class='ocrx_word' id='word_1_851' title='bbox 2341 4876 2635 4942; x_wconf 84' lang='lat' dir='ltr'><strong>intelligere</strong></span> <span class='ocrx_word' id='word_1_852' title='bbox 2648 4875 2929 4943; x_wconf 86' lang='lat' dir='ltr'><strong>nonaginta</strong></span> <span class='ocrx_word' id='word_1_853' title='bbox 2958 4890 2969 4926; x_wconf 92' lang='lat'>:</span> <span class='ocrx_word' id='word_1_854' title='bbox 2997 4873 3181 4927; x_wconf 83' lang='lat' dir='ltr'><strong>decem</strong></span> <span class='ocrx_word' id='word_1_855' title='bbox 3205 4872 3403 4943; x_wconf 86' lang='lat' dir='ltr'><strong>quippe</strong></span> <span class='ocrx_word' id='word_1_856' title='bbox 3420 4870 3492 4923; x_wconf 94' lang='lat' dir='ltr'><strong>illi</strong></span> 
     </span>
    </p>
   </div>
   <div class='ocr_carea' id='block_1_113' title="bbox 1916 4961 3495 5032">
    <p class='ocr_par' dir='ltr' id='par_1_113' title="bbox 1916 4961 3495 5032">
     <span class='ocr_line' id='line_1_113' title="bbox 1916 4961 3495 5032; baseline -0.008 -6"><span class='ocrx_word' id='word_1_857' title='bbox 1916 4972 2041 5026; x_wconf 89' lang='lat' dir='ltr'><strong>anni</strong></span> <span class='ocrx_word' id='word_1_858' title='bbox 2071 4985 2209 5027; x_wconf 91' lang='lat' dir='ltr'><strong>unus</strong></span> <span class='ocrx_word' id='word_1_859' title='bbox 2249 4978 2331 5025; x_wconf 90' lang='lat' dir='ltr'><strong>est</strong></span> <span class='ocrx_word' id='word_1_860' title='bbox 2356 4979 2573 5032; x_wconf 82' lang='lat' dir='ltr'><strong>noster;</strong></span> <span class='ocrx_word' id='word_1_861' title='bbox 2608 4976 2663 5023; x_wconf 92' lang='lat' dir='ltr'><strong>et</strong></span> <span class='ocrx_word' id='word_1_862' title='bbox 2708 4967 2892 5022; x_wconf 79' lang='lat' dir='ltr'><strong>decem</strong></span> <span class='ocrx_word' id='word_1_863' title='bbox 2936 4966 3100 5021; x_wconf 88' lang='lat' dir='ltr'><strong>nostri</strong></span> <span class='ocrx_word' id='word_1_864' title='bbox 3135 5007 3148 5029; x_wconf 92' lang='lat'><strong>,</strong></span> <span class='ocrx_word' id='word_1_865' title='bbox 3175 4974 3387 5017; x_wconf 88' lang='lat' dir='ltr'><strong>centum</strong></span> <span class='ocrx_word' id='word_1_866' title='bbox 3420 4961 3495 5015; x_wconf 87' lang='lat' dir='ltr'><strong>illi</strong></span> 
     </span>
    </p>
   </div>
   <div class='ocr_carea' id='block_1_114' title="bbox 1917 5055 3493 5132">
    <p class='ocr_par' dir='ltr' id='par_1_114' title="bbox 1917 5055 3493 5132">
     <span class='ocr_line' id='line_1_114' title="bbox 1917 5055 3493 5132; baseline -0.008 -14"><span class='ocrx_word' id='word_1_867' title='bbox 1917 5062 2147 5118; x_wconf 82' lang='lat' dir='ltr'><strong>luerunt.</strong></span> <span class='ocrx_word' id='word_1_868' title='bbox 2179 5064 2255 5117; x_wconf 81' lang='lat' dir='ltr'><strong>Ae</strong></span> <span class='ocrx_word' id='word_1_869' title='bbox 2279 5077 2375 5132; x_wconf 91' lang='lat' dir='ltr'><strong>per</strong></span> <span class='ocrx_word' id='word_1_870' title='bbox 2395 5062 2497 5116; x_wconf 89' lang='lat' dir='ltr'><strong>hoc</strong></span> <span class='ocrx_word' id='word_1_871' title='bbox 2530 5102 2543 5127; x_wconf 92' lang='lat'><strong>,</strong></span> <span class='ocrx_word' id='word_1_872' title='bbox 2578 5070 2634 5114; x_wconf 91' lang='lat' dir='ltr'><strong>ut</strong></span> <span class='ocrx_word' id='word_1_873' title='bbox 2653 5068 2871 5129; x_wconf 89' lang='lat' dir='ltr'><strong>putant,</strong></span> <span class='ocrx_word' id='word_1_874' title='bbox 2904 5055 3081 5127; x_wconf 87' lang='lat' dir='ltr'><strong>viginti</strong></span> <span class='ocrx_word' id='word_1_875' title='bbox 3123 5055 3280 5108; x_wconf 87' lang='lat' dir='ltr'><strong>trium</strong></span> <span class='ocrx_word' id='word_1_876' title='bbox 3323 5068 3493 5106; x_wconf 77' lang='lat' dir='ltr'><strong>anno-</strong></span> 
     </span>
    </p>
   </div>
   <div class='ocr_carea' id='block_1_115' title="bbox 1918 5145 3493 5226">
    <p class='ocr_par' dir='ltr' id='par_1_115' title="bbox 1918 5145 3493 5226">
     <span class='ocr_line' id='line_1_115' title="bbox 1918 5145 3493 5226; baseline -0.01 -11"><span class='ocrx_word' id='word_1_877' title='bbox 1918 5175 2033 5216; x_wconf 89' lang='lat' dir='ltr'><strong>rum</strong></span> <span class='ocrx_word' id='word_1_878' title='bbox 2067 5158 2168 5213; x_wconf 82' lang='lat' dir='ltr'><strong>fuit</strong></span> <span class='ocrx_word' id='word_1_879' title='bbox 2215 5158 2380 5211; x_wconf 84' lang='lat' dir='ltr'><strong>Adam</strong></span> <span class='ocrx_word' id='word_1_880' title='bbox 2410 5198 2424 5221; x_wconf 92' lang='lat'><strong>,</strong></span> <span class='ocrx_word' id='word_1_881' title='bbox 2454 5155 2666 5226; x_wconf 89' lang='lat' dir='ltr'><strong>quando</strong></span> <span class='ocrx_word' id='word_1_882' title='bbox 2708 5153 2891 5223; x_wconf 83' lang='lat' dir='ltr'><strong>genuit</strong></span> <span class='ocrx_word' id='word_1_883' title='bbox 2920 5149 3079 5208; x_wconf 78' lang='lat' dir='ltr'><strong>Selii:</strong></span> <span class='ocrx_word' id='word_1_884' title='bbox 3124 5158 3176 5201; x_wconf 92' lang='lat' dir='ltr'><strong>et</strong></span> <span class='ocrx_word' id='word_1_885' title='bbox 3204 5147 3316 5217; x_wconf 84' lang='lat' dir='ltr'><strong>ipse</strong></span> <span class='ocrx_word' id='word_1_886' title='bbox 3362 5145 3493 5201; x_wconf 87' lang='lat' dir='ltr'><strong>Seth</strong></span> 
     </span>
    </p>
   </div>
   <div class='ocr_carea' id='block_1_116' title="bbox 1919 5239 3501 5323">
    <p class='ocr_par' dir='ltr' id='par_1_116' title="bbox 1919 5239 3501 5323">
     <span class='ocr_line' id='line_1_116' title="bbox 1919 5239 3501 5323; baseline -0.008 -17"><span class='ocrx_word' id='word_1_887' title='bbox 1919 5252 2101 5323; x_wconf 81' lang='lat' dir='ltr'><strong>viginti</strong></span> <span class='ocrx_word' id='word_1_888' title='bbox 2129 5252 2206 5322; x_wconf 73' lang='grc' dir='ltr'><strong>(ὁ)</strong></span> <span class='ocrx_word' id='word_1_889' title='bbox 2234 5250 2463 5305; x_wconf 88' lang='lat' dir='ltr'><strong>habebat</strong></span> <span class='ocrx_word' id='word_1_890' title='bbox 2511 5256 2565 5301; x_wconf 88' lang='lat' dir='ltr'><strong>et</strong></span> <span class='ocrx_word' id='word_1_891' title='bbox 2614 5261 2707 5299; x_wconf 83' lang='lat' dir='ltr'><strong>sex</strong></span> <span class='ocrx_word' id='word_1_892' title='bbox 2742 5256 2950 5298; x_wconf 89' lang='lat' dir='ltr'><strong>menses</strong></span> <span class='ocrx_word' id='word_1_893' title='bbox 2976 5282 2989 5304; x_wconf 85' lang='lat'><strong>,</strong></span> <span class='ocrx_word' id='word_1_894' title='bbox 3032 5240 3248 5310; x_wconf 89' lang='lat' dir='ltr'><strong>quando</strong></span> <span class='ocrx_word' id='word_1_895' title='bbox 3290 5255 3354 5293; x_wconf 86' lang='lat' dir='ltr'><strong>ex</strong></span> <span class='ocrx_word' id='word_1_896' title='bbox 3407 5239 3501 5294; x_wconf 79' lang='lat' dir='ltr'><strong>illo</strong></span> 
     </span>
    </p>
   </div>
   <div class='ocr_carea' id='block_1_117' title="bbox 1920 5331 3502 5408">
    <p class='ocr_par' dir='ltr' id='par_1_117' title="bbox 1920 5331 3502 5408">
     <span class='ocr_line' id='line_1_117' title="bbox 1920 5331 3502 5408; baseline -0.009 -9"><span class='ocrx_word' id='word_1_897' title='bbox 1920 5353 2075 5400; x_wconf 91' lang='lat' dir='ltr'><strong>natus</strong></span> <span class='ocrx_word' id='word_1_898' title='bbox 2104 5350 2188 5398; x_wconf 86' lang='lat' dir='ltr'><strong>est</strong></span> <span class='ocrx_word' id='word_1_899' title='bbox 2217 5341 2380 5405; x_wconf 83' lang='lat' dir='ltr'><strong>Enos,</strong></span> <span class='ocrx_word' id='word_1_900' title='bbox 2405 5352 2539 5408; x_wconf 86' lang='lat' dir='ltr'><strong>quos</strong></span> <span class='ocrx_word' id='word_1_901' title='bbox 2564 5337 2791 5407; x_wconf 73' lang='lat' dir='ltr'><strong>appellat</strong></span> <span class='ocrx_word' id='word_1_902' title='bbox 2818 5333 3091 5401; x_wconf 90' lang='lat' dir='ltr'><strong>Scriptura</strong></span> <span class='ocrx_word' id='word_1_903' title='bbox 3134 5331 3396 5385; x_wconf 85' lang='lat' dir='ltr'><strong>ducentos</strong></span> <span class='ocrx_word' id='word_1_904' title='bbox 3445 5338 3502 5385; x_wconf 81' lang='lat' dir='ltr'><strong>et</strong></span> 
     </span>
    </p>
   </div>
   <div class='ocr_carea' id='block_1_118' title="bbox 1920 5423 3503 5506">
    <p class='ocr_par' dir='ltr' id='par_1_118' title="bbox 1920 5423 3503 5506">
     <span class='ocr_line' id='line_1_118' title="bbox 1920 5423 3503 5506; baseline -0.008 -20"><span class='ocrx_word' id='word_1_905' title='bbox 1920 5436 2152 5506; x_wconf 89' lang='lat' dir='ltr'><strong>quinque</strong></span> <span class='ocrx_word' id='word_1_906' title='bbox 2180 5445 2368 5485; x_wconf 86' lang='lat' dir='ltr'><strong>annos.</strong></span> <span class='ocrx_word' id='word_1_907' title='bbox 2399 5428 2657 5497; x_wconf 85' lang='lat' dir='ltr'><strong>Quoniam</strong></span> <span class='ocrx_word' id='word_1_908' title='bbox 2680 5466 2693 5490; x_wconf 87' lang='lat'><strong>,</strong></span> <span class='ocrx_word' id='word_1_909' title='bbox 2721 5426 2857 5480; x_wconf 87' lang='lat' dir='ltr'><strong>sicut</strong></span> <span class='ocrx_word' id='word_1_910' title='bbox 2884 5424 2968 5477; x_wconf 85' lang='lat' dir='ltr'><strong>isti</strong></span> <span class='ocrx_word' id='word_1_911' title='bbox 2996 5423 3338 5491; x_wconf 77' lang='lat' dir='ltr'><strong>Suspicantur</strong></span> <span class='ocrx_word' id='word_1_912' title='bbox 3365 5437 3503 5491; x_wconf 83' lang='lat' dir='ltr'><strong>quo-</strong></span> 
     </span>
    </p>
   </div>
   <div class='ocr_carea' id='block_1_119' title="bbox 1921 5510 3503 5591">
    <p class='ocr_par' dir='ltr' id='par_1_119' title="bbox 1921 5510 3503 5591">
     <span class='ocr_line' id='line_1_119' title="bbox 1921 5510 3503 5591; baseline -0.009 -12"><span class='ocrx_word' id='word_1_913' title='bbox 1921 5541 2037 5579; x_wconf 89' lang='lat' dir='ltr'><strong>rum</strong></span> <span class='ocrx_word' id='word_1_914' title='bbox 2089 5521 2409 5591; x_wconf 88' lang='lat' dir='ltr'><strong>exponimus</strong></span> <span class='ocrx_word' id='word_1_915' title='bbox 2454 5517 2795 5587; x_wconf 78' lang='lat' dir='ltr'><strong>Opinionem,</strong></span> <span class='ocrx_word' id='word_1_916' title='bbox 2838 5529 3001 5568; x_wconf 91' lang='lat' dir='ltr'><strong>unum</strong></span> <span class='ocrx_word' id='word_1_917' title='bbox 3037 5529 3233 5569; x_wconf 89' lang='lat' dir='ltr'><strong>annum</strong></span> <span class='ocrx_word' id='word_1_918' title='bbox 3291 5510 3503 5584; x_wconf 81' lang='lat' dir='ltr'><strong>qualem</strong></span> 
     </span>
    </p>
   </div>
   <div class='ocr_carea' id='block_1_120' title="bbox 1986 5648 3081 5711">
    <p class='ocr_par' dir='ltr' id='par_1_120' title="bbox 1986 5648 3081 5711">
     <span class='ocr_line' id='line_1_120' title="bbox 1986 5648 3081 5711; baseline -0.005 -6"><span class='ocrx_word' id='word_1_919' title='bbox 1986 5662 2001 5689; x_wconf 81' lang='grc' dir='ltr'>ι</span> <span class='ocrx_word' id='word_1_920' title='bbox 2037 5665 2109 5705; x_wconf 84' lang='lat' dir='ltr'><strong>sic</strong></span> <span class='ocrx_word' id='word_1_921' title='bbox 2128 5654 2272 5703; x_wconf 90' lang='lat' dir='ltr'><strong>nostri</strong></span> <span class='ocrx_word' id='word_1_922' title='bbox 2295 5653 2501 5701; x_wconf 87' lang='lat' dir='ltr'><strong>codices.</strong></span> <span class='ocrx_word' id='word_1_923' title='bbox 2531 5657 2577 5698; x_wconf 91' lang='lat' dir='ltr'><strong>tn</strong></span> <span class='ocrx_word' id='word_1_924' title='bbox 2604 5657 2671 5709; x_wconf 84' lang='lat' dir='ltr'><strong>n.,</strong></span> <span class='ocrx_word' id='word_1_925' title='bbox 2700 5654 2747 5697; x_wconf 84' lang='lat' dir='ltr'><strong>ut</strong></span> <span class='ocrx_word' id='word_1_926' title='bbox 2772 5648 2931 5711; x_wconf 74' lang='lat' dir='ltr'><strong>possit.</strong></span> <span class='ocrx_word' id='word_1_927' title='bbox 3028 5654 3081 5700; x_wconf 70' lang='lat'><strong>3|.</strong></span> 
     </span>
    </p>
   </div>
   <div class='ocr_carea' id='block_1_121' title="bbox 2005 5710 2930 5776">
    <p class='ocr_par' dir='ltr' id='par_1_121' title="bbox 2005 5710 2930 5776">
     <span class='ocr_line' id='line_1_121' title="bbox 2005 5710 2930 5776; baseline -0.01 -8"><span class='ocrx_word' id='word_1_928' title='bbox 2005 5719 2058 5776; x_wconf 84' lang='grc' dir='ltr'><strong>η)</strong></span> <span class='ocrx_word' id='word_1_929' title='bbox 2082 5717 2217 5772; x_wconf 80' lang='lat' dir='ltr'><strong>Infra,</strong></span> <span class='ocrx_word' id='word_1_930' title='bbox 2244 5715 2325 5763; x_wconf 89' lang='lat' dir='ltr'><strong>lib.</strong></span> <span class='ocrx_word' id='word_1_931' title='bbox 2355 5714 2428 5768; x_wconf 83' lang='grc'><strong>18,</strong></span> <span class='ocrx_word' id='word_1_932' title='bbox 2446 5726 2579 5776; x_wconf 64' lang='grc' dir='ltr'><strong>ωλι).</strong></span> <span class='ocrx_word' id='word_1_933' title='bbox 2609 5711 2692 5773; x_wconf 70' lang='lat'><strong>4:2,</strong></span> <span class='ocrx_word' id='word_1_934' title='bbox 2710 5710 2845 5761; x_wconf 64' lang='lat' dir='ltr'><strong>ilict</strong></span> <span class='ocrx_word' id='word_1_935' title='bbox 2870 5710 2930 5759; x_wconf 73' lang='lat' dir='ltr'><strong>il</strong></span> 
     </span>
    </p>
   </div>
   <div class='ocr_carea' id='block_1_122' title="bbox 1984 5719 2464 5845">
    <p class='ocr_par' dir='ltr' id='par_1_122' title="bbox 1984 5719 2464 5845">
     <span class='ocr_line' id='line_1_122' title="bbox 2005 5719 2464 5772; baseline -0.013 -4"><span class='ocrx_word' id='word_1_936' title='bbox 2005 5733 2034 5768; x_wconf 84' lang='grc' dir='ltr'><strong><em>η</em></strong></span> <span class='ocrx_word' id='word_1_937' title='bbox 2082 5719 2217 5772; x_wconf 85' lang='lat' dir='ltr'><strong>Inl&#39;ra,</strong></span> <span class='ocrx_word' id='word_1_938' title='bbox 2244 5719 2325 5763; x_wconf 89' lang='lat' dir='ltr'><strong>lib.</strong></span> <span class='ocrx_word' id='word_1_939' title='bbox 2355 5719 2428 5768; x_wconf 78' lang='lat'><strong>18,</strong></span> <span class='ocrx_word' id='word_1_940' title='bbox 2446 5727 2464 5762; x_wconf 76' lang='grc' dir='ltr'>ε</span> 
     </span>
     <span class='ocr_line' id='line_1_123' title="bbox 1984 5719 2464 5845; baseline -0.015 -15"><span class='ocrx_word' id='word_1_941' title='bbox 1984 5719 2060 5845; x_wconf 45' lang='lat' dir='ltr'><strong>Et);</strong></span> <span class='ocrx_word' id='word_1_942' title='bbox 2083 5777 2272 5841; x_wconf 77' lang='lat' dir='ltr'><strong>Supple,</strong></span> <span class='ocrx_word' id='word_1_943' title='bbox 2302 5788 2464 5825; x_wconf 80' lang='lat' dir='ltr'><strong>annos.</strong></span> 
     </span>
    </p>
   </div>
  </div>
