4054 6484
539 344 640 400 ιεῖι

540 471 686 512 nunc
706 454 992 522 habemus,
1034 453 1088 509 in
1140 453 1336 508 decem
1373 458 1552 521 partes
1581 450 1658 506 illi
1689 449 1997 505 dividebant
2021 491 2040 516 ,
2074 457 2130 503 et

544 547 764 604 easdem
793 557 972 616 partes
1000 559 1169 598 annos
1197 542 1480 597 vocabant.
1505 542 1742 609 Quarum
1775 541 2006 610 partium
2038 539 2133 592 ba-

546 639 637 694 bet
668 654 770 692 una
800 637 1112 707 quadratum
1145 635 1438 698 senarium,
1467 648 1532 686 eo
1561 633 1702 702 quod
1722 633 1863 686 Deus
1892 646 1982 684 sex
2013 631 2127 684 die-

547 729 644 782 bus
676 728 958 798 perfecerit
978 741 1139 796 opera
1167 740 1262 779 sua
1283 766 1298 789 ,
1329 733 1386 777 ut
1412 727 1460 776 in
1495 725 1722 792 septimo
1750 723 2127 791 requiem-cret.

544 821 620 877 De
648 836 750 890 qua
788 836 844 874 re
890 822 942 873 in
965 820 1102 872 libro
1133 817 1416 872 undecimo
1456 815 1606 886 (Cap.
1637 815 1732 883 8),
1753 815 1887 868 sicut
1945 814 2127 882 potui,

540 911 829 980 disputavi.
857 909 1045 964 Sexies
1091 917 1269 962 autem
1299 906 1452 970 seni,
1484 906 1574 976 qui
1613 921 1865 959 numerus
1908 903 2132 972 quadra-

542 1018 652 1059 tum
683 1005 952 1058 senarium
983 1001 1145 1067 facit,
1178 1001 1389 1071 triginta
1420 1016 1513 1054 sex
1539 999 1654 1052 dies
1683 1001 1812 1051 liunt
1847 1014 1859 1048 :
1888 997 1976 1065 qui
2000 996 2134 1048 mul-

541 1098 762 1168 tiplicali
784 1097 985 1161 decies,
1011 1096 1076 1150 ad
1109 1104 1374 1150 trecentos
1395 1093 1666 1162 sexaginta
1700 1091 2042 1161 perveniunt,
2080 1089 2130 1142 id

541 1200 625 1243 est
649 1189 931 1243 duodecim
974 1200 1186 1241 menses
1223 1187 1453 1239 lunares.
1488 1185 1712 1252 l'ropter
1754 1183 2132 1252 qninqne‘dies

541 1283 685 1336 enim
713 1282 970 1350 reliquos,
1003 1280 1195 1350 quibus
1223 1279 1414 1332 solaris
1443 1292 1615 1331 annos
1639 1278 1886 1345 impletur
1909 1317 1922 1341 ,
1954 1286 2006 1329 et
2026 1277 2129 1330 diei

541 1371 914 1442 quadrantem,
935 1381 1154 1439 propter
1169 1385 1326 1439 queui
1341 1378 1528 1438 quater
1546 1368 1759 1421 ductum
1779 1383 1845 1420 eo
1859 1383 2132 1436 anno,qno

544 1465 838 1519 bissextum
871 1472 1087 1523 vocant.
1119 1477 1258 1516 unus
1281 1461 1394 1514 dies
1422 1460 1703 1528 adjicitur,
1738 1458 2068 1512 addebantur
2100 1475 2129 1512 a

546 1556 817 1609 Veteribus
841 1563 1019 1624 postea
1037 1553 1235 1618 dics,ut
1254 1559 1558 1605 occurreret
1575 1565 1828 1604 numerus
1847 1566 2128 1611 annorum,

545 1662 680 1715 quos
717 1645 836 1699 dies
892 1643 1115 1697 Romani
1174 1643 1517 1695 intercalares
1566 1641 1845 1694 Vocabant.
1905 1641 2132 1694 Proinde

544 1739 700 1790 ctian.
735 1736 900 1801 Enos,
927 1751 1085 1804 quem
1111 1735 1294 1802 genuit
1313 1732 1441 1787 Setb
1465 1773 1480 1794 ,
1509 1732 1695 1785 decem
1717 1741 1768 1785 et
1790 1749 1977 1786 novem
2006 1748 2130 1801 age-

543 1829 633 1882 bat
655 1842 840 1888 annos,
869 1825 1081 1895 quando
1108 1841 1172 1878 ex
1203 1825 1292 1877 illo
1315 1834 1470 1877 natus
1494 1833 1576 1876 est
1603 1824 1740 1876 filius
1766 1823 1880 1889 ejus
1904 1823 2125 1884 Cainan,

543 1934 677 1986 quos
697 1932 867 1971 annos
891 1917 1017 1969 dicit
1041 1916 1315 1984 Scriptura
1337 1923 1550 1968 centum
1579 1914 1864 1982 nonaginta
1899 1912 2050 1982 (Gen.
2076 1929 2128 1978 v,

543 2012 597 2070 υ.
617 2024 718 2062 sec.
745 2007 935 2077 LXX).
959 2008 1018 2060 Et
1043 2007 1294 2074 deinceps
1326 2021 1421 2074 per
1447 2020 1637 2057 omnes
1664 2006 2055 2072 generationes,
2078 2003 2129 2057 in

541 2102 731 2170 quibus
760 2099 1034 2152 hominum
1053 2099 1175 2151 anni
1194 2105 1684 2152 commemorantur
1701 2103 1828 2148 ante
1851 2095 2126 2159 diluvium,

544 2194 720 2247 nullus
749 2196 858 2247 lere
906 2194 958 2246 in
990 2192 1184 2245 nostris
1212 2191 1485 2244 codicibus
1533 2188 1802 2242 invenitur
1825 2229 1840 2254 ,
1871 2190 1958 2259 qui
2009 2206 2129 2242 cum

541 2296 685 2341 esset
713 2297 926 2340 centum
957 2300 1218 2338 annorum
1260 2283 1343 2336 vel
1387 2283 1517 2336 infra
1545 2323 1558 2345 ,
1591 2283 1672 2335 vel
1727 2284 1883 2335 etiam
1920 2293 2128 2335 Ct‘ltlllttl

540 2377 746 2446 viginti,
769 2385 862 2429 aut
907 2393 1012 2429 non
1042 2375 1210 2428 multo
1238 2373 1466 2442 aniplius
1485 2412 1499 2437 ,
1525 2374 1764 2442 genuerit
1796 2373 1959 2425 lilium
1988 2389 2002 2437 ;
2033 2372 2126 2426 sed

541 2473 628 2540 qui
647 2473 861 2524 minima
875 2479 1030 2523 (etate.
1049 2477 1365 2538 genuerunt,
1385 2478 1596 2520 centum
1612 2466 1901 2534 sexaginta,
1919 2464 2124 2534 etquod

541 2562 780 2614 excurrit
812 2600 826 2623 ,
858 2561 1018 2614 fuisse
1059 2560 1361 2612 referuntur
1390 2574 1403 2610 :
1433 2557 1554 2626 quia
1613 2571 1770 2610 nemo
1796 2596 1810 2618 ,
1844 2556 2127 2624 inquiunt,

542 2654 728 2706 decem
755 2667 1014 2704 annorum
1046 2649 1208 2703 homo
1240 2657 1412 2718 potest
1456 2651 1672 2718 gignere
1704 2648 1840 2700 filios
1865 2688 1878 2709 ,
1908 2648 1994 2715 qui
2034 2663 2156 2700 nn-.

546 2757 724 2797 merus
752 2755 966 2797 centum
993 2741 1394 2810 appellabantur
1418 2741 1541 2792 anni
1571 2740 1637 2791 ab
1660 2738 1762 2790 illis
1789 2738 2125 2802 hominibus;

541 2835 634 2887 sed
669 2834 720 2887 in
744 2835 898 2886 annis
925 2834 1192 2887 sexdecim
1225 2841 1305 2885 est
1332 2841 1536 2885 matura
1590 2831 1838 2899 pubertas
1859 2871 1874 2894 ,
1901 2839 1956 2883 et
1997 2831 2129 2898 proli

537 2927 644 2994 jam
675 2923 863 2978 idonea
913 2923 1274 2993 procreandzc,
1308 2937 1442 2991 quos
1491 2931 1705 2975 centum
1753 2929 1805 2975 et
1857 2924 2128 2990 sexaginta

538 3032 708 3070 annos
736 3016 823 3069 illa
856 3027 1094 3084 tempora
1123 3015 1521 3084 nuncupabant.
1553 3013 1619 3069 Ut
1648 3024 1827 3068 autem
1859 3014 2015 3068 aliter
2039 3031 2130 3068 an-

539 3125 664 3162 unm
694 3119 818 3163 tunc
845 3107 1011 3163 fuisse
1031 3117 1395 3177 computatuni
1430 3124 1534 3160 non
1564 3109 1633 3161 sit
1665 3106 1998 3174 incredibile,
2031 3110 2127 3162 ad-

535 3199 728 3268 jiciunt
754 3199 895 3269 quod
926 3199 1063 3268 apnd
1099 3201 1382 3269 plerosque
1401 3199 1688 3270 scriptores
1719 3199 1951 3253 liistoriie
1977 3216 2128 3269 repe-

537 3295 673 3351 ritur
697 3336 712 3360 ,
737 3294 1026 3364 Egyptios
1058 3293 1308 3346 habuisse
1355 3308 1552 3345 amnnn
1593 3302 1819 3361 quatuor
1867 3293 2127 3346 mensium

537 3383 638 3454 (α),
667 3387 975 3439 Acarnanas
1005 3399 1096 3437 sex
1129 3385 1413 3448 mensium,
1434 3382 1684 3436 Lavinius
1704 3383 1955 3436 tredecim
1982 3400 2128 3437 men-

541 3477 699 3529 sitim.
734 3475 938 3530 Plinius
969 3475 1249 3529 Secundus
1293 3491 1413 3528 cum
1445 3484 1952 3540 commemorasset,
1987 3474 2127 3528 rela-

537 3575 649 3636 tum
678 3566 842 3621 fuisse
870 3567 922 3620 in
954 3567 1181 3632 litteras,
1203 3567 1485 3635 qucnidam
1511 3565 1708 3619 vixisse
1728 3573 1941 3619 centum
1970 3564 2126 3635 quin-

537 3660 788 3730 quaginta
815 3659 949 3714 duos
975 3672 1146 3713 annos
1166 3700 1180 3724 ,
1213 3658 1378 3712 alium
1409 3657 1424 3688 ¹
1447 3657 1633 3711 decem
1677 3657 1906 3727 amplius
1931 3697 1944 3716 .
1993 3658 2127 3712 alios

537 3751 890 3804 ducentorum
923 3767 1184 3805 armorum
1235 3749 1485 3803 habuisse
1522 3749 1681 3802 vitam
1709 3789 1723 3813 ,
1756 3750 1888 3802 alios
1918 3757 2128 3802 trecen-

543 3855 738 3905 torum,
768 3842 1027 3911 quosdam
1059 3841 1124 3894 ad
1155 3844 1474 3912 quingentos
1500 3881 1516 3904 ,
1541 3839 1676 3894 alios
1705 3839 1770 3893 ad
1800 3850 2081 3895 sexcentos
2110 3881 2124 3905 ,

542 3933 827 3987 nonnullos
851 3932 916 3986 ad
945 3933 1283 4002 octingentos
1311 3935 1471 3986 etiam
1502 3935 1806 4000 pervenisse
1826 3971 1839 3993 ,
1871 3931 1985 3984 lucc
2014 3947 2130 3984 oni-

541 4027 627 4080 nia
673 4033 886 4094 propter
937 4024 1268 4078 inscientiam
1317 4032 1615 4091 temporum
1687 4022 1944 4076 accidisse
1988 4021 2130 4075 arbi-

539 4127 708 4172 tratus
731 4127 834 4172 est.
866 4115 967 4170 Alii
1015 4117 1200 4187 quippe
1224 4158 1239 4182 ,
1269 4117 1438 4186 inquit
1463 4157 1476 4176 .
1503 4125 1675 4169 (velate
1704 4132 1858 4168 unum
1897 4115 2131 4168 determi-

540 4209 728 4262 uubant
779 4225 970 4262 annum
992 4249 1007 4272 ,
1051 4218 1098 4261 et
1143 4209 1358 4261 alterum
1401 4207 1605 4270 hieme;
1635 4207 1727 4260 alii
1753 4207 2130 4277 quadripertitis

542 4299 868 4370 temporibus,
904 4299 1032 4351 sicut
1060 4297 1281 4352 Arcades
1310 4338 1325 4364 ,
1356 4297 1543 4365 inquit,
1563 4313 1777 4366 quorum
1795 4299 1918 4351 anni
1943 4299 2131 4352 trimes-

541 4400 640 4444 tre:
663 4394 823 4462 fuere.
848 4389 1058 4458 Adjecit
1098 4390 1258 4444 etiam
1284 4430 1300 4453 ,
1328 4387 1613 4458 aliquando
1650 4389 1958 4459 A’gyptios,
1992 4407 2125 4459 quo-

545 4496 664 4535 rum
710 4495 903 4550 parvos
930 4495 1102 4535 annos
1133 4489 1510 4549 quaternortnn
1539 4481 1802 4534 mensium
1835 4479 1996 4534 fuisse
2039 4497 2130 4534 su-

541 4589 636 4642 pra
664 4573 918 4640 diximus,
952 4572 1093 4627 lunae
1122 4573 1226 4627 fine
1253 4572 1510 4627 limitasse
1536 4589 1758 4628 annum.
1786 4572 1966 4643 Itaque
1991 4574 2130 4642 apud

539 4681 657 4727 cos,
697 4664 907 4733 inquit,
935 4672 982 4718 et
1009 4665 1210 4735 singula
1265 4662 1428 4716 millia
1479 4681 1730 4718 annorum
1773 4665 1954 4718 texisse
2005 4680 2129 4734 pro-

539 4757 730 4810 dunlur
745 4756 818 4829 (ὁ)
831 4796 846 4810 .

609 4849 664 4903 2.
708 4849 800 4903 llis
838 4849 981 4905 velut
1021 4848 1384 4918 probabilibus
1412 4849 1739 4918 argumentis
1765 4847 1980 4918 quidam
2023 4864 2129 4903 non

541 4944 882 5000 destruentes
912 4943 1068 4997 fidem
1096 4957 1264 4996 sacrae
1293 4942 1448 5011 bnjus
1480 4943 1735 5008 historiaa,
1766 4942 1859 4996 sed
1886 4953 2130 4997 astruere

541 5038 804 5100 nitentes,
832 5051 904 5090 ne
945 5035 1014 5089 sit
1049 5033 1357 5088 incredibile
1391 5032 1532 5102 quod
1573 5043 1678 5086 tam
1723 5033 1916 5086 multos
1957 5047 2129 5086 annos

540 5128 739 5180 vixisse
768 5124 1073 5181 referuntur
1102 5124 1341 5194 antiqui,
1371 5134 1749 5191 persuaserunt
1777 5124 1874 5177 sibi
1899 5164 1913 5187 ,
1946 5138 2046 5178 nec
2071 5137 2130 5178 se

541 5222 766 5276 suadere
784 5219 1148 5289 imprudenter
1163 5219 1489 5280 existimant,
1505 5228 1609 5270 tam
1631 5218 1878 5286 exiguum
1901 5218 2128 5286 spatium

545 5314 800 5382 temporis
822 5324 948 5367 tunc
967 5328 1164 5366 annum
1189 5321 1454 5376 vocatum,
1485 5321 1541 5364 ut
1567 5312 1638 5366 illi
1661 5311 1845 5365 decem
1865 5311 1972 5365 sint
1993 5325 2131 5366 unus

543 5414 758 5466 noster.
797 5413 846 5458 et
889 5404 1074 5459 decem
1117 5404 1282 5458 nostri
1309 5413 1521 5457 centum
1555 5403 1786 5457 illorum.
1817 5401 1930 5458 Hoc
1950 5411 2127 5456 autem

545 5496 892 5553 [nisis-simum
931 5511 1052 5550 esse
1094 5494 1416 5550 documento
1458 5495 1858 5552 evidentissima
1893 5495 2130 5550 ostendi-

546 5600 650 5644 tur.
681 5586 831 5654 Quod
869 5595 1153 5657 antequam
1192 5584 1417 5652 faciam,
1450 5601 1554 5640 non
1587 5586 1713 5640 milii
1746 5584 2024 5641 tacendum
2051 5586 2129 5641 vi-

607 5685 622 5714 ί
662 5680 828 5730 Plures
851 5688 979 5738 Mss.,
1001 5678 1138 5730 alios.

604 5745 676 5806 (α)
703 5743 803 5806 \id.
828 5749 1034 5806 Lactant.
1062 5742 1145 5790 lib.
1166 5740 1198 5806 2
1219 5743 1354 5795 lnstit
1377 5777 1391 5802 .
1409 5757 1512 5805 cap.
1545 5741 1615 5792 12.

607 5804 680 5868 (b)
705 5804 822 5854 l’lin.
849 5804 933 5854 nn.
957 5805 1005 5866 7,
1028 5815 1134 5868 cap.
1159 5805 1237 5854 49.

1645 335 1730 392 DE
1767 334 2089 392 CIVITATE
2130 333 2264 400 DEI,
2294 335 2352 392 S.
2395 335 2764 394 AUGUSTINI

3719 343 3748 399 ι
3759 335 3828 400 δε

2237 449 2424 520 dctur,
2449 469 2567 522 qua:
2596 453 2902 508 credibilior
2945 453 3112 523 possit
3148 468 3271 510 esse
3311 455 3564 526 suspicio.
3599 454 3827 517 Potera~

2236 555 2356 595 nius
2383 551 2528 596 certe
2553 541 2691 597 hanc
2717 543 3167 598 asseverationem
3195 559 3261 598 ex
3291 544 3520 600 hebrmis
3546 546 3825 602 codicibus

2237 631 2557 702 redarguere
2579 643 2740 704 atque
2758 634 3098 700 convincere,
3137 634 3222 688 ubi
3243 636 3409 689 Adam
3431 651 3536 690 non
3559 637 3826 691 ducento-

2237 740 2353 777 rum
2382 726 2616 794 triginta,
2639 727 2732 780 sed
2753 736 2967 781 centum
3000 728 3215 798 triginta
3253 744 3511 783 annorum
3544 730 3709 784 fuisse
3739 747 3828 784 re-

2239 817 2460 884 peritur,
2480 818 2691 886 quando
2714 819 2924 873 tertium
2953 821 3134 889 genuit
3167 820 3333 874 filium
3356 819 3376 893 (
3399 819 3594 885 ϐεγιν,
3620 821 3674 891 '5)
3703 823 3827 890 :qui

2237 909 2361 962 anni
2395 911 2438 962 si
2489 911 2745 965 tredecim
2788 913 2955 966 nostri
2994 920 3155 979 sunt,
3197 913 3380 982 procul
3405 912 3568 967 dubio
3594 913 3830 982 primum

2236 1003 2437 1070 genuit,
2470 1005 2684 1073 quando
2710 1005 2954 1059 undecim
2981 1007 3062 1061 vel
3087 1023 3190 1059 non
3215 1007 3378 1060 multo
3401 1007 3630 1076 amplius
3650 1023 3828 1061 anno-

2240 1112 2354 1148 rum
2381 1097 2496 1150 l'uit.
2528 1096 2658 1162 Quis
2687 1107 2860 1166 potest
2900 1098 2998 1152 bac
3030 1108 3185 1152 a-tate
3213 1115 3473 1168 generare
3500 1099 3694 1154 usitata
3726 1101 3828 1154 ista

2237 1186 2496 1255 nobisque
2522 1188 2793 1241 notissima
2817 1189 2932 1258 lege
2953 1190 3188 1242 natoue?
3208 1189 3312 1244 Sed
3337 1189 3476 1242 hunc
3491 1193 3825 1252 omittamus.

2237 1276 2325 1344 qui
2355 1277 2581 1332 fortasse
2616 1280 2774 1333 etiam
2816 1280 3029 1349 quando
3072 1291 3284 1334 creatus
3322 1291 3424 1347 est,
3472 1283 3663 1351 potuit.
3707 1281 3828 1336 Non

2237 1367 2377 1418 enim
2404 1385 2523 1420 eum
2557 1377 2662 1421 tam
2707 1384 2946 1438 parvum,
2985 1386 3142 1439 quam
3185 1370 3411 1424 infantes
3449 1372 3616 1426 nostri
3657 1382 3824 1437 sunt,

2238 1459 2433 1514 factum
2465 1460 2623 1515 fuisse
2647 1503 2662 1525 ,
2693 1462 2948 1517 credibile
2973 1471 3074 1516 est.
3109 1463 3214 1517 Sed
3257 1463 3396 1517 filius
3434 1465 3550 1532 ejus
3583 1478 3688 1517 non
3721 1464 3818 1516 du-

2237 1561 2510 1605 eentorutn
2539 1552 2805 1622 quinque,
2851 1552 2986 1607 sicut
3032 1569 3128 1606 nos
3169 1553 3423 1623 legimus,
3469 1554 3563 1608 sed
3607 1565 3825 1607 centqu

2237 1645 2468 1711 quinque
2512 1643 2627 1710 fuit,
2659 1643 2870 1712 quando
2896 1645 3078 1713 genuit
3120 1644 3261 1698 Enos
3293 1642 3476 1713 (Ibid,
3506 1644 3560 1714 6)
3586 1661 3600 1698 :
3633 1659 3700 1698 ac
3732 1660 3829 1712 per

2238 1736 2370 1801 hoc,
2402 1736 2689 1789 secundum
2718 1738 2879 1801 istos,
2927 1737 3158 1790 nondum
3191 1737 3418 1790 habebat
3444 1737 3685 1790 undecim
3729 1751 3828 1790 an-

2238 1843 2335 1880 nos
2361 1829 2551 1882 a-tatis.
2581 1827 2715 1895 Quid
2745 1829 2917 1882 dicam
2943 1828 3009 1881 de
3038 1828 3236 1880 Cainan
3263 1827 3379 1896 ejus
3409 1829 3539 1894 lilio,
3581 1829 3668 1896 qui
3699 1842 3826 1879 cum

2235 1919 2374 1986 apud
2405 1933 2500 1972 nos
2524 1931 2737 1972 centum
2780 1920 3116 1989 septuaginta
3154 1920 3452 1988 reperiatur
3480 1960 3494 1984 ,
3535 1918 3676 1988 apud
3722 1918 3830 1972 lie-

2238 2009 2409 2063 brazos
2431 2010 2763 2079 septuaginta
2800 2010 2991 2078 legitur
3017 2009 3180 2064 fuisse
3200 2051 3216 2075 ,
3249 2010 3464 2079 quando
3489 2011 3672 2080 genuit
3716 2008 3829 2062 Ma-

2237 2102 2424 2155 laleliel
2461 2100 2655 2168 (lbid.,
2689 2101 2821 2171 12)?
2850 2101 2978 2170 Quis
3008 2114 3228 2173 generat
3258 2105 3416 2158 boin
3447 2104 3743 2173 septennis,
3781 2103 3827 2157 si

2237 2203 2361 2246 tunc
2383 2196 2506 2247 anni
2532 2197 2865 2265 septuaginta
2901 2198 3342 2265 nuncupabantur
3363 2197 3454 2266 qui
3477 2208 3681 2266 septem
3712 2196 3830 2251 fue-

2238 2299 2360 2341 runt
2379 2288 2402 2341 ?

2237 2401 2460 2456 CAPUT
2499 2401 2636 2456 XIII.
2678 2433 2749 2443 —
2785 2403 2864 2456 An
2893 2404 2946 2456 in
2975 2403 3376 2457 dinumeratione
3395 2419 3678 2468 annorum,
3710 2401 3828 2455 Ile-

2305 2493 2553 2548 brworum
2581 2497 2739 2566 magis
2765 2513 2918 2566 quam
2944 2495 3279 2568 Septuaginta
3298 2497 3626 2567 interpretum
3653 2496 3719 2550 tit
3741 2513 3828 2551 se-

2303 2591 2500 2658 quenda
2525 2590 2816 2643 auctoritas.

2310 2703 2359 2756 l.
2384 2702 2490 2757 Sed
2518 2718 2638 2756 cum
2668 2702 2771 2757 hoc
2795 2702 3002 2765 dixero,
3025 2699 3280 2756 continuo
3296 2698 3559 2756 referetur
3582 2699 3712 2754 illud
3730 2698 3828 2754 Ju-

2233 2794 2472 2850 dxorum
2493 2809 2612 2849 esse
2633 2794 2997 2858 mendacium;
3019 2792 3088 2847 de
3107 2809 3212 2861 quo
3232 2793 3477 2861 superius
3493 2791 3624 2845 satis
3643 2803 3828 2846 actum

2234 2897 2359 2942 cst:
2404 2902 2528 2942 nam
2572 2886 2916 2956 Septuaginta
2961 2886 3280 2954 interpretes
3311 2884 3650 2938 laudabiliter
3673 2883 3825 2938 cclcc

2234 2979 2415 3034 brato:
2452 2980 2596 3033 virus
2639 2994 2744 3031 non
2790 2977 3028 3048 potuisse
3063 2977 3295 3032 mentiri.
3329 2975 3425 3032 Ubi
3455 2975 3501 3029 si
3542 2990 3783 3044 quaeram
3805 3015 3824 3041 ,

2233 3071 2360 3142 quid
2398 3072 2468 3127 sit
2503 3072 2848 3137 credibilius,
2891 3069 3195 3124 Judaeormn
3228 3078 3438 3140 gentem
3467 3109 3485 3135 ,
3529 3078 3636 3123 tam
3665 3069 3828 3138 longe

2236 3167 2447 3235 lateque
2475 3163 2721 3218 diﬂ‘usam
2747 3204 2762 3225 ,
2793 3164 2843 3216 in
2875 3161 2977 3216 hoc
3003 3161 3448 3217 conscribendam
3479 3159 3825 3216 mendacium

2235 3272 2340 3311 uno
2363 3257 2588 3310 consilio
2609 3255 2918 3324 conspirare
2945 3254 3198 3322 potuisse,
3225 3261 3280 3306 ct
3297 3253 3423 3307 dum
3443 3253 3562 3307 aliis
3583 3252 3830 3306 invident

2233 3351 2640 3415 auctoritatem,
2682 3349 2782 3403 sibi
2812 3348 3098 3403 abstulisse
3136 3347 3452 3412 veritatem;
3483 3361 3555 3400 an
3595 3357 3827 3415 septua-

2231 3444 2380 3512 ginta
2417 3441 2789 3512 bomines,qui
2813 3441 2972 3495 etiam
2996 3438 3096 3509 ipsi
3115 3439 3281 3497 ιιιάωί
3300 3447 3476 3503 erant,
3499 3438 3678 3493 inuno
3700 3439 3828 3490 loco

2233 3517 2455 3605 positos,
2478 3534 2728 3604 quoniam
2750 3548 2844 3587 rex
2865 3531 3075 3602 Aigypn
3107 3530 3429 3585 Ptolenneus
3483 3544 3578 3584 eos
3622 3529 3689 3582 ad
3719 3528 3829 3584 hoc

2233 3640 2368 3694 opus
2399 3625 2657 3679 asciverat
2682 3665 2697 3690 ,
2727 3624 2896 3694 ipsam
2927 3623 3202 3677 veritatem
3228 3621 3476 3690 gentibus
3505 3620 3828 3690 alienigenis

2234 3718 2506 3780 invidisse,
2533 3726 2588 3771 et
2611 3716 3002 3770 communicato
3035 3714 3171 3768 istud
3200 3712 3392 3768 fecisse
3416 3712 3673 3767 consilio:
3697 3714 3830 3778 quis

2235 3825 2336 3863 non
2369 3809 2544 3862 videat
2569 3807 2693 3877 quid
2727 3807 3014 3877 proclivius
3044 3807 3359 3874 faciliusque
3387 3802 3679 3858 credatur?
3707 3802 3826 3859 Sed

2231 3891 2368 3954 absft
2394 3909 2449 3952 nt
2479 3899 2710 3968 prudens
2736 3898 3019 3968 quispiam,
3044 3895 3128 3949 vel
3149 3894 3362 3960 Judasos
3387 3895 3670 3962 cujuslibet
3693 3909 3828 3963 per-

2232 3991 2502 4046 versitatis
2543 3999 2702 4059 atque
2747 3988 2961 4042 malitia:
3011 3995 3214 4041 tantum
3263 3985 3496 4054 potuisse
3535 3984 3719 4039 credat
3769 3986 3828 4039 in

2232 4081 2506 4135 codicibus
2535 4089 2641 4133 tam
2673 4079 2853 4132 multis
2878 4087 2930 4130 et
2961 4086 3066 4132 tam
3099 4077 3253 4146 longe
3283 4076 3493 4144 lateque
3517 4075 3825 4142 diSpersis;

2238 4173 2314 4228 vel
2341 4173 2684 4241 Septuaginta
2723 4171 2854 4224 illos
2875 4169 3252 4224 memorabiles
3283 4171 3427 4222 viros
3460 4169 3560 4222 lioc
3581 4168 3649 4222 de
3679 4168 3829 4222 invi-

2233 4265 2406 4320 denda
2447 4264 2696 4334 gentibus
2733 4264 2955 4316 veritate
2986 4277 3146 4316 unum
3185 4260 3607 4314 communicasse
3636 4262 3830 4313 consi-

2232 4357 2383 4411 lium.
2413 4355 2731 4410 Credibilius
2759 4369 2888 4422 ergo
2913 4353 3032 4421 quis
3066 4352 3257 4406 dixerit
3281 4393 3296 4413 ,
3337 4367 3458 4406 cum
3491 4352 3720 4419 primum
3756 4354 3832 4408 de

2236 4449 2553 4504 bibliotheca
2577 4448 2847 4502 Ptolennm
2869 4446 3098 4500 deScribi
3127 4446 3226 4498 ista
3247 4454 3543 4512 coeperunt,
3570 4453 3694 4498 tunc
3719 4446 3831 4498 ali~

2233 4541 2359 4612 quid
2392 4540 2495 4595 tale
2523 4539 2636 4594 fieri
2665 4538 2899 4606 potuisse
2926 4537 2978 4590 in
3005 4536 3188 4591 codice
3211 4552 3338 4600 uno,
3371 4536 3573 4589 scilicet
3597 4535 3610 4564 ²
3636 4535 3835 4605 primi-

2236 4647 2320 4688 tus
2364 4633 2485 4687 inde
2525 4631 2828 4699 descripto,
2875 4628 3014 4684 unde
3047 4629 3158 4696 jam
3202 4628 3362 4682 latius
3385 4638 3695 4689 emanaret,
3733 4629 3830 4682 ubi

2235 4730 2404 4799 potuit
2439 4727 2650 4797 quidem
2690 4724 2934 4778 accidere
2972 4724 3132 4778 etiam
3177 4723 3449 4792 scriptoris
3491 4738 3662 4777 error.
3713 4721 3832 4778 Sed

2237 4825 2336 4878 hoc
2363 4825 2414 4878 in
2444 4824 2529 4877 illa
2558 4823 2854 4892 quiestione
2877 4821 2946 4874 de
2975 4819 3082 4872 vita
3111 4818 3461 4872 Matbusalem
3489 4832 3595 4872 non
3623 4818 3832 4870 absur-

2234 4919 2360 4969 dum
2387 4922 2474 4969 est
2495 4912 2751 4981 suspicari
2776 4927 2792 4975 ;
2820 4919 2874 4964 et
2911 4911 2964 4964 in
3003 4910 3095 4964 illo
3117 4909 3223 4963 alio
3245 4951 3260 4974 ,
3308 4910 3395 4962 ubi
3441 4909 3838 4977 superantibus

2235 5009 2417 5080 viginti
2445 5017 2500 5062 et
2524 5015 2752 5077 quatuor
2780 5008 2934 5058 annis
2961 5020 3166 5057 stnnma
3211 5019 3314 5056 non
3344 5003 3613 5056 convenit.
3651 5000 3704 5053 In
3742 5001 3840 5056 bis

2233 5114 2406 5157 autem
2449 5101 2720 5169 inquibus
2759 5099 3100 5152 continuatur
3139 5096 3304 5164 ipsius
3341 5092 3706 5148 mendositatis
3750 5096 3842 5148 si-

2235 5195 2495 5259 militmlo,
2528 5194 2596 5246 ita
2624 5203 2679 5245 ut
2703 5201 2826 5246 ante
2853 5191 3086 5259 genitum
3115 5187 3281 5242 tilium
3303 5229 3318 5249 ,
3351 5187 3439 5255 qui
3467 5184 3637 5239 ordini
3666 5183 3837 5238 inse-

2235 5290 2387 5349 ritur,
2417 5287 2540 5340 alibi
2567 5285 2840 5354 supersint
2875 5291 3092 5338 centum
3121 5281 3246 5335 auni
3270 5322 3284 5343 ,
3312 5280 3434 5334 alibi
3461 5278 3664 5336 desint;
3700 5286 3844 5342 post

2231 5379 2467 5450 genitum
2495 5387 2676 5432 autem
2725 5377 2814 5430 ubi
2855 5377 3113 5438 deerant,
3155 5375 3462 5442 supersint;
3491 5370 3576 5423 ubi
3619 5381 3842 5436 super-

2233 5480 2404 5535 erant,
2431 5470 2627 5536 desint,
2661 5479 2719 5524 ut
2743 5483 2952 5522 summa
2977 5466 3294 5528 conveniat;
3317 5474 3370 5518 et
3397 5465 3495 5517 hoc
3521 5463 3571 5514 in
3603 5460 3793 5530 prima
3821 5501 3845 5530 ε

2235 5565 2490 5631 secunda,
2526 5565 2701 5624 tertia.
2731 5571 2944 5632 quarta,
2975 5559 3158 5632 quinta
3178 5599 3194 5624 ,
3220 5557 3444 5628 septima
3473 5553 3842 5626 generationa

2237 5657 2502 5714 invenitur
2534 5673 2548 5708 :
2578 5656 2786 5710 videtur
2814 5655 3014 5710 habere
3044 5650 3326 5723 quamdam
3348 5689 3375 5732 ,_.
3402 5649 3446 5702 si
3472 5646 3575 5702 dici
3605 5654 3823 5714 potost,

2300 5801 2316 5832 ³
2350 5806 2475 5860 Mss,
2499 5799 2604 5850 sed.
