4054 6508
203 335 302 392 155
385 343 389 346 ‘

202 467 352 510 error
373 451 491 520 ipse
513 451 870 506 constantiam
899 465 914 515 ;
943 463 1043 504 nec
1066 460 1247 501 casum
1287 444 1490 499 redolet
1514 485 1529 508 ,
1577 443 1670 497 sed
1713 442 1796 496 iii-

203 543 485 599 dustriam.

273 637 326 688 9..
359 634 548 704 Itaque
587 633 674 686 illa
720 633 1002 688 diversitas
1041 642 1382 682 numerorum
1419 625 1578 679 aliter
1607 639 1665 679 se
1705 624 1801 676 ha.

204 726 442 780 bentinm
487 725 540 777 in
584 724 857 778 codicibus
898 721 1085 792 grzecis
1112 730 1163 772 et
1209 718 1420 780 latinis,
1450 717 1603 768 aliter
1631 716 1680 768 in
1714 713 1804 768 he—

207 820 384 881 bra-is,
421 818 510 871 tibi
548 833 652 869 non
681 825 762 869 est
792 814 891 868 ista
919 813 986 866 de
1014 823 1228 866 centum
1257 810 1410 862 annis
1440 810 1583 878 prius
1610 805 1804 860 additis

205 923 255 967 et
301 922 489 980 postea
532 909 791 964 detractis
836 922 931 976 per
973 915 1050 959 tot
1092 903 1463 973 generationes
1504 899 1805 952 continuata

209 1003 449 1069 parilitas
475 1042 491 1066 ,
523 1016 624 1054 nec
655 999 870 1052 malitia:
901 995 1207 1051 Jndzeornm
1233 1035 1246 1057 ,
1281 1007 1379 1047 nec
1408 989 1695 1060 diligentiie
1724 989 1806 1040 vel

212 1091 517 1161 prudentitr.
561 1088 907 1160 Septuaginta
953 1086 1345 1154 interpretum,
1392 1082 1484 1134 sed
1534 1080 1809 1149 scripturis

210 1184 478 1237 tribuatur
513 1181 685 1235 errori
710 1221 725 1244 ,
758 1181 844 1248 qni
880 1178 950 1231 de
991 1175 1310 1230 bibliotheca
1351 1169 1639 1242 supradicti
1673 1169 1810 1239 regis

209 1274 452 1327 codicem
501 1269 916 1326 describendum
964 1267 1165 1336 primus
1206 1263 1432 1332 accepit.
1474 1261 1604 1316 Nam
1649 1262 1808 1314 etiam

211 1382 347 1421 nunc
373 1408 388 1428 ,
424 1366 517 1418 tibi
544 1362 774 1418 'numeri
819 1376 924 1414 non
969 1358 1168 1412 faciunt
1211 1358 1471 1410 intentum
1511 1353 1576 1406 ad
1607 1351 1806 1421 aliquid

210 1459 348 1524 qucd
376 1456 540 1510 facile
571 1455 738 1525 possit
767 1452 1021 1519 intelligi,
1047 1450 1128 1502 vel
1158 1447 1297 1518 quod
1324 1454 1582 1516 appareat
1614 1443 1813 1496 utiliter

210 1551 336 1602 disci
366 1590 382 1611 ,
426 1558 486 1602 ct
529 1547 861 1616 negligenter
901 1542 1309 1602 describuntur,
1357 1549 1411 1592 et
1459 1535 1813 1607 negligentia»

211 1639 592 1694 emendantur.
609 1637 737 1705 Quis
757 1635 899 1690 enim
923 1633 1188 1687 existimet
1206 1630 1305 1684 sibi
1330 1643 1449 1683 esse
1473 1625 1810 1688 discendum,

211 1742 334 1799 quot
371 1731 543 1783 millia
585 1728 858 1782 hominum
902 1725 1070 1778 tribus
1108 1721 1270 1775 Israel
1306 1719 1574 1790 sigillatim
1617 1717 1813 1771 habere

214 1822 537 1894 potuerunt?
563 1822 814 1890 quoniam
844 1817 1098 1887 prodesse
1123 1812 1320 1882 aliquid
1350 1828 1453 1866 non
1486 1820 1732 1880 putatur:
1765 1818 1819 1861 et

213 1927 406 1985 quotus
435 1913 664 1984 quisque
689 1911 959 1964 hominum
981 1915 1084 1971 cst,
1112 1905 1194 1959 cui
1229 1901 1556 1972 profunditas
1577 1900 1817 1953 utilitatis

218 2010 372 2076 hujus
390 2005 688 2076 appareat?
709 2004 803 2058 llic
825 2017 951 2056 vero
968 2001 1052 2054 ubi
1081 2014 1176 2070 per
1197 2005 1273 2051 tot
1294 2003 1570 2050 contextas
1595 2008 1819 2063 genera-

216 2103 390 2155 tiones
417 2108 634 2154 centunt
659 2097 781 2151 anni
808 2095 930 2149 alibi
959 2093 1174 2154 adsunt,
1207 2091 1330 2144 alibi
1358 2089 1551 2142 desunt
1575 2101 1589 2150 ;
1619 2096 1669 2140 et
1707 2095 1822 2154 post

218 2203 400 2246 natum
425 2234 439 2256 ,
475 2191 566 2261 qui
605 2185 1107 2244 commemorandus
1143 2184 1313 2237 fuerat
1337 2223 1351 2242 ,
1388 2180 1552 2233 lilium
1581 2219 1594 2241 ,
1624 2178 1820 2230 desunt

219 2285 303 2338 ubi
334 2283 623 2337 adfuerunt
645 2321 662 2346 ,
695 2280 888 2334 adsunt
914 2278 999 2331 ubi
1030 2275 1351 2340 defuerunt,
1385 2281 1442 2325 ut
1470 2288 1675 2324 stnnma
1697 2286 1823 2324 con-

218 2376 458 2428 enrdet:
512 2374 762 2427 nimirum
813 2385 932 2423 cum
980 2367 1140 2422 vellet
1189 2365 1546 2436 persuadere,
1587 2364 1672 2431 qui
1727 2361 1826 2417 hoc

220 2466 341 2521 fecit
365 2505 384 2532 ,
432 2465 556 2518 ideo
603 2461 1068 2516 numerosissimos
1101 2473 1271 2512 annos
1301 2457 1496 2510 vixisse
1537 2457 1782 2525 antiquos
1805 2495 1820 2520 ,

221 2556 360 2625 qiiod
393 2570 491 2608 eos
522 2553 867 2607 brevissimus
898 2549 1308 2618 nuncupabant;
1342 2556 1396 2602 ct
1423 2546 1523 2600 hoc
1551 2545 1618 2600 de
1649 2554 1791 2598 tttattl

223 2651 375 2704 ritate
409 2648 706 2718 pubertatis
729 2686 745 2710 ,
784 2660 885 2714 qua
917 2642 1106 2697 idonea
1153 2641 1242 2694 lilii
1271 2640 1635 2710 gignerentur,
1662 2653 1827 2690 cona-

223 2750 370 2795 retur
394 2739 687 2794 ostendere
717 2752 731 2798 ;
759 2745 918 2804 atque
946 2733 1066 2788 ideo
1092 2733 1142 2786 in
1176 2731 1280 2786 illis
1311 2741 1525 2785 centum
1549 2731 1701 2782 annis
1731 2728 1822 2781 de-

222 2849 339 2888 cem
368 2842 590 2886 nostros
617 2827 964 2883 insinuandos
993 2834 1198 2895 putaret
1225 2823 1532 2886 incredulis,
1557 2838 1623 2876 ne
1654 2820 1824 2874 homi-

223 2941 320 2980 nes
346 2935 454 2979 tam
489 2923 582 2976 diu
608 2921 802 2975 vixisse
826 2919 1063 2988 recipere
1094 2918 1146 2972 in
1179 2917 1334 2970 tidem
1367 2915 1600 2979 nollent;
1629 2913 1831 2967 addidit

222 3026 464 3079 centum,
497 3015 586 3068 ubi
619 3012 896 3083 gignendis
928 3011 1048 3064 filiis
1075 3009 1304 3090 habilem
1336 3023 1439 3061 non
1469 3006 1668 3061 invenit
1695 3013 1828 3058 teta-

228 3123 333 3164 teni
359 3127 376 3174 ;
407 3108 740 3175 eosdemque
765 3147 780 3171 ,
823 3113 942 3174 post
978 3103 1186 3172 genitos
1220 3101 1356 3154 ﬁlios
1379 3141 1393 3164 ,
1427 3110 1484 3152 nt
1513 3106 1833 3168 congrueret

228 3218 436 3254 summa
459 3243 474 3262 ,
504 3199 756 3254 detraxit.
797 3196 887 3251 Sic
927 3196 1123 3266 quippe
1153 3192 1318 3245 voluit
1342 3189 1630 3245 credibiles
1658 3188 1834 3243 tacere

232 3294 550 3346 idonearnm
595 3286 914 3359 generanda:
965 3283 1100 3355 proli
1145 3281 1544 3338 convenientias
1573 3289 1788 3334 tutulum
1814 3319 1828 3342 ,

231 3395 288 3438 ut
335 3397 518 3438 tamen
572 3396 795 3436 numero
846 3395 949 3433 non
1001 3376 1272 3432 fraudaret
1322 3373 1598 3429 universas
1647 3381 1835 3427 a-tates

230 3479 525 3533 \iveutimn
554 3476 903 3546 singulorum.
934 3470 1086 3538 Quod
1124 3478 1303 3524 autem
1346 3468 1397 3522 in
1430 3476 1578 3521 sexta
1607 3480 1836 3535 genera-

230 3575 376 3627 tione
406 3571 456 3623 id
487 3585 594 3623 non
626 3569 776 3629 fecit,
808 3567 909 3621 hoc
934 3565 1104 3635 ipsum
1140 3571 1222 3618 est
1250 3559 1391 3632 quod
1423 3560 1592 3629 magis
1622 3566 1832 3624 movet,

232 3666 379 3718 illum
410 3664 536 3717 ideo
565 3661 754 3716 fecisse
779 3701 792 3722 ,
815 3675 934 3714 cum
963 3674 1048 3712 res
1074 3672 1231 3728 quam
1256 3654 1483 3709 dicimus
1513 3651 1834 3722 postulavit,

228 3757 354 3825 quia
398 3772 507 3810 non
555 3755 680 3809 fecit
727 3753 813 3806 ubi
859 3769 961 3806 non
1015 3748 1316 3819 postulavit.
1358 3745 1565 3800 Invenit
1606 3758 1837 3813 namque

230 3850 287 3903 in
311 3849 503 3904 eadem
544 3845 887 3917 generatione
925 3841 1064 3912 apud
1098 3840 1340 3895 hebraeos
1379 3836 1574 3891 vixisse
1612 3834 1793 3890 Jarctb
1817 3875 1832 3899 ,

229 3951 522 4011 antequam
567 3937 838 4009 genuisset
878 3934 1095 3999 Enoch,
1137 3941 1352 3987 centnnt
1399 3927 1674 4000 sexaginta
1703 3927 1838 3980 duos

228 4049 404 4091 annos
429 4031 581 4108 (Cen.
609 4047 660 4097 ν,
685 4030 800 4098 18),
819 4029 906 4098 qui
935 4026 1226 4082 secundum
1257 4025 1398 4078 illam
1430 4022 1688 4077 rationein
1717 4021 1840 4075 bre-

232 4128 383 4182 vium
411 4140 678 4180 annorum
711 4121 843 4176 fiunt
869 4119 993 4175 anni
1021 4115 1292 4174 sexdecim
1311 4156 1325 4179 ,
1353 4124 1409 4169 et
1435 4112 1635 4184 aliquid
1665 4111 1840 4166 minus

227 4234 393 4289 quam
422 4229 638 4271 menses
665 4213 808 4277 duo;
838 4228 955 4282 qua:
972 4213 1081 4278 jam
1103 4219 1233 4263 ictas
1258 4213 1377 4277 apta
1408 4203 1581 4261 estad
1611 4204 1837 4274 gignen-

225 4313 396 4365 dum:
432 4319 490 4364 et
516 4309 638 4363 ideo
663 4305 858 4361 addere
884 4313 1095 4359 centum
1123 4317 1291 4354 annos
1321 4299 1514 4355 breves
1538 4338 1553 4363 ,
1583 4306 1638 4351 ut
1671 4293 1839 4350 ttttstt‘i

226 4402 422 4472 viginti
453 4415 550 4454 sex
587 4398 782 4463 fierint,
817 4410 1034 4451 necesse
1069 4409 1174 4448 non
1206 4391 1338 4456 fuit;
1373 4405 1471 4444 nec
1504 4398 1622 4459 post
1657 4401 1838 4442 natum

226 4491 423 4548 Enoch
457 4505 552 4546 eos
590 4489 872 4543 detrahere
896 4529 910 4554 ,
953 4499 1087 4554 quos
1131 4499 1234 4538 non
1275 4481 1553 4536 addiderat
1593 4491 1716 4533 ante
1747 4496 1839 4533 na-

229 4597 370 4640 tuni.
400 4584 492 4640 Sic
525 4582 720 4637 factum
764 4589 847 4635 est
873 4589 930 4634 ut
971 4577 1060 4632 hic
1097 4575 1240 4631 nulla
1268 4584 1411 4629 esset
1449 4573 1590 4627 inter
1629 4571 1842 4625 codices

227 4690 502 4746 utrosque
527 4674 781 4728 varietas.

304 4769 364 4824 '5.
407 4766 518 4823 Sed
556 4779 744 4820 rursus
785 4768 982 4826 movet,
1026 4773 1122 4814 cur
1154 4758 1206 4811 in
1245 4765 1428 4810 octava
1469 4752 1837 4825 generatione,

223 4871 531 4928 antequam
562 4860 630 4912 de
655 4853 1004 4910 Mathusalein
1044 4857 1356 4905 nasceretur
1394 4843 1624 4899 Lamech
1656 4885 1670 4906 ,
1717 4858 1838 4896 cum

221 4951 381 5022 agmd
411 4950 658 5005 hebraeos
681 4947 924 5018 legantur
952 4953 1166 4998 centum
1194 4937 1461 5008 octoginta
1492 4935 1600 4989 duo
1629 4936 1644 4965 ¹
1677 4933 1837 4996 anni,

223 5042 428 5115 viginti
475 5041 650 5096 minus
694 5037 1032 5092 inveniuntur
1071 5033 1121 5087 in
1167 5029 1440 5086 codicibus
1480 5027 1676 5082 nostris
1702 5068 1718 5092 ,
1752 5026 1838 5080 ubi

222 5135 420 5207 potins
447 5133 568 5187 addi
609 5141 827 5188 centum
853 5127 1064 5190 solent;
1094 5133 1148 5180 et
1176 5132 1295 5194 post
1329 5121 1567 5192 genitura
1607 5119 1838 5174 Lamech

219 5225 616 5296 complendam
655 5223 1006 5278 restituuntur
1037 5216 1103 5271 ad
1143 5229 1427 5274 snnunam.
1455 5213 1576 5283 qua:
1613 5213 1664 5266 itt
1689 5210 1838 5265 codi-

217 5321 392 5373 cibus
421 5317 661 5384 utriSque
686 5328 790 5368 non
813 5311 1098 5379 discrepat.
1123 5307 1179 5362 Si
1204 5305 1344 5361 enim
1371 5314 1585 5359 centum
1627 5312 1840 5372 septua-

217 5412 387 5483 ginta
408 5423 579 5464 annos
607 5417 827 5478 propter
855 5402 1147 5474 pubertatis
1173 5398 1551 5460 maturitatem,
1574 5396 1758 5453 decem
1785 5405 1841 5452 et

217 5510 452 5570 septem
477 5499 688 5554 volebat
718 5495 976 5566 intelligi,
1011 5494 1149 5548 sicut
1177 5491 1305 5547 nihil
1345 5489 1560 5555 addere,
1594 5489 1664 5544 ita
1706 5489 1839 5543 nihil

291 5633 312 5663 ί
359 5626 580 5688 Nonnulli
602 5627 914 5697 manuscﬁpti
930 5625 1174 5681 omittunt,
1193 5620 1322 5681 duo;
1345 5635 1432 5685 pro
1452 5635 1550 5684 quo
1574 5619 1838 5716 legendum

297 5693 441 5716 ιτα..-
486 5697 659 5716 una--.
694 5702 706 5714 .
731 5691 965 5716 tun-nni...
989 5686 1112 5716 nnnrl
1136 5685 1364 5716 Hahn-mm
1421 5691 1518 5716 nun
1566 5698 1591 5716 ιν
1663 5683 1718 5716 ἷζε
1741 5696 1838 5716 mm

214 5685 460 5749 satietur,
483 5697 662 5754 septem
688 5702 706 5739 :
731 5691 801 5754 sic
817 5683 966 5754 "enim
989 5686 1113 5749 apud
1136 5683 1394 5754 Hebraeos,
1421 5683 1538 5732 cca.
1566 5698 1612 5754 ξ’,
1633 5683 1718 5741 Ξδ;
1741 5696 1841 5744 (ιυο

213 5755 348 5806 locu
381 5746 506 5815 qua
535 5746 855 5815 Septuaginta
891 5746 1192 5815 interpretes
1221 5746 1457 5815 habetur,
1477 5751 1666 5815 centum
1696 5756 1839 5794 sexa-

210 5821 374 5883 σλιπ
396 5806 570 5878 sky-tem
592 5806 808 5864 ἁηηὶῗ-
830 5806 1192 5862 (ῖοιίιρθεήιιδινί
1218 5809 1398 5870 ferunt,
1423 5806 1536 5858 duo.
1603 5813 1661 5854 ll.

1409 325 1607 380 LIBi-Zli
1647 321 1942 388 QL'INTL'S
1985 323 2304 382 ῡιίειιιυδ.

3385 334 3492 388 diu

1908 443 2189 501 detrahere
2218 447 2328 516 jam
2362 448 2588 505 debebat
2617 469 2629 502 :
2661 451 2784 521 quia
2825 455 3100 516 invenerat
3137 465 3344 512 atatem
3373 460 3492 512 id».

1911 550 2064 588 inani
2093 538 2420 603 generationi
2450 540 2697 600 filiarum,
2729 554 3118 614 propterquam
3141 546 3192 598 in
3219 548 3336 601 aliis
3365 563 3496 602 cen-

1912 632 2024 679 tum
2062 626 2180 682 illos
2219 645 2422 694 :tttttns,
2471 631 2556 684 ubi
2595 651 2714 687 eam
2756 651 2862 688 non
2891 636 3214 703 inveniebat,
3247 639 3492 694 addebat.

1914 718 2024 770 lloc
2061 729 2234 772 autem
2279 721 2348 772 de
2385 722 2566 791 viginti
2612 726 2767 780 annis
2805 729 2994 782 merito
3038 738 3343 797 putaremus
3367 746 3498 787 rasit

1914 809 2282 864 inendositatis
2309 814 2548 867 accidere
2572 817 2807 883 potuisse
2830 860 2846 883 ,
2894 821 2995 873 nisi
3030 837 3123 875 eos
3170 822 3308 876 sicut
3350 823 3496 892 prius

1912 899 2233 965 detraxerat,
2265 903 2544 960 restituere
2566 917 2745 974 postea
2773 921 3015 972 curaret,
3041 923 3097 965 nt
3123 928 3346 969 sunima-
3369 932 3498 969 eou-

1918 994 2117 1047 venirct
2141 996 2432 1064 integritas.
2459 999 2538 1051 Αιι
2563 997 2696 1052 forte
2715 1004 2943 1057 astutius
2965 1003 3162 1059 factum
3189 1008 3501 1063 existimau-

1915 1082 2040 1136 dum
2071 1095 2172 1148 est,
2205 1093 2260 1139 ut
2292 1087 2399 1151 illa,
2433 1103 2534 1156 qua
2564 1101 2776 1144 centum
2809 1094 2932 1146 anni
2966 1096 3110 1163 prius
3136 1097 3311 1152 solent
3339 1098 3500 1164 adjici

1917 1184 1969 1228 et
2002 1186 2179 1244 postea
2208 1177 2438 1244 detrahi,
2470 1181 2826 1236 occultaretur
2857 1183 3134 1249 industria,
3164 1204 3285 1242 cum
3315 1199 3370 1243 et
3395 1191 3503 1244 illic

1922 1269 2007 1320 ubi
2039 1285 2257 1324 necesse
2287 1287 2392 1326 non
2419 1275 2610 1339 fuerat,
2638 1289 2742 1328 non
2767 1275 2980 1343 quidem
3002 1277 3069 1332 de
3088 1290 3299 1334 centum
3324 1285 3503 1350 annis,

1919 1371 2283 1416 verumtanu-n
2315 1363 2381 1417 de
2405 1366 2895 1436 quantulocumque
2920 1384 3145 1423 numero
3170 1371 3318 1439 prius
3335 1372 3508 1427 detra-

1922 1461 2027 1506 cto.
2065 1461 2181 1517 post
2208 1452 2434 1519 reddito,
2467 1455 2571 1508 tale
2600 1455 2796 1524 aliquid
2829 1457 3018 1512 fieret?
3045 1457 3148 1514 Sed
3175 1461 3511 1530 quotnodoli-

1923 1539 2011 1590 bet
2056 1541 2192 1594 istud
2232 1541 2556 1610 accipiatur,
2594 1545 2706 1600 sive
2743 1546 2991 1602 credatur
3029 1549 3100 1602 ita
3127 1565 3244 1604 esse
3275 1550 3504 1616 factum,

1925 1630 2038 1683 sive
2087 1647 2191 1683 non
2235 1633 2516 1698 credatur;
2558 1635 2669 1690 sive
2719 1646 2988 1705 postremo
3025 1642 3128 1704 ita,
3159 1643 3272 1694 sive
3307 1657 3410 1695 non
3439 1643 3510 1696 ita

1924 1723 1989 1775 sit
2021 1739 2032 1774 :
2069 1732 2213 1779 recte
2253 1725 2366 1779 lieri
2397 1727 2540 1779 nullo
2578 1727 2737 1782 modo
2767 1727 3154 1803 dubitaverint,
3190 1741 3245 1786 ut
3286 1748 3407 1787 cum
3433 1735 3516 1788 iii.

1927 1829 2138 1866 versnui
2164 1814 2363 1884 aliquid
2386 1817 2434 1868 in
2465 1818 2699 1886 utrisque
2724 1821 2996 1875 codicibus
3022 1823 3308 1888 invenitur,
3340 1841 3514 1894 quan-

1927 1903 2210 1974 doquidem
2252 1906 2317 1958 ad
2361 1907 2515 1961 fidem
2558 1925 2733 1964 rerum
2774 1922 3042 1980 gestarum
3077 1927 3358 1986 ntrmnque
3396 1933 3516 1971 esse

1929 2014 2033 2050 non
2080 2008 2252 2066 potest
2300 2015 2519 2066 verum,
2559 2005 2606 2056 ei
2637 2002 2830 2072 lingtne
2861 2005 3036 2074 potius
3074 2008 3342 2072 credatur,
3375 2009 3516 2062 ttnde

1927 2097 2008 2141 est
2038 2089 2088 2140 in
2114 2089 2268 2143 aliam
2299 2106 2393 2158 per
2423 2092 2739 2161 iiitetpretcs
2778 2095 2914 2150 facta
2957 2098 3253 2151 translatio.
3299 2097 3429 2152 Nam
3464 2100 3515 2152 in

1928 2181 2241 2249 quibusdam
2284 2183 2444 2237 etiam
2475 2186 2744 2239 codicibus
2773 2191 2963 2256 graecis
2997 2190 3184 2250 tribus.
3224 2201 3278 2244 et
3305 2207 3413 2246 uno
3444 2192 3520 2244 la-

1932 2273 2040 2324 tino
2061 2313 2075 2334 ,
2104 2284 2155 2326 et
2188 2289 2292 2325 uno
2322 2277 2482 2330 etiam
2509 2293 2632 2348 ~syro
2662 2278 2797 2332 inter
2828 2295 2887 2334 se
2911 2285 3371 2339 consentientibus
3391 2325 3407 2349 ,
3439 2285 3519 2338 in.

1932 2371 2122 2416 ventus
2147 2357 2228 2417 est
2255 2363 2602 2421 Mathusalein
2627 2384 2718 2422 sex
2745 2372 2899 2424 annis
2924 2383 3047 2427 ante
3073 2373 3325 2428 diluvium
3355 2373 3521 2429 fuisse

1931 2454 2211 2508 ili-functus
2245 2455 2342 2527 (ul.

1932 2543 2157 2599 CAPUT
2197 2545 2335 2600 XIV.
2375 2578 2445 2587 —
2487 2547 2562 2601 De
2599 2551 2852 2618 parilitate
2889 2571 3180 2620 annorum,
3220 2558 3307 2624 qui
3346 2559 3523 2613 iisdem

2003 2637 2182 2706 quibus
2228 2655 2363 2693 nunc
2410 2643 2587 2710 spatiis
2623 2655 2670 2697 et
2708 2645 2759 2698 iu
2812 2648 3063 2716 prioribus
3109 2652 3307 2704 “oculis
3344 2669 3529 2706 cucur-

2005 2738 2202 2785 rerunt.
2322 2792 2324 2796 τ

2008 2822 2058 2875 1.
2110 2821 2262 2878 Nunc
2297 2823 2410 2895 jam
2451 2826 2725 2882 videamus
2767 2845 2998 2900 quonam
3043 2833 3204 2888 modo
3250 2837 3527 2893 evidenter

1935 2915 2105 2983 possit
2134 2917 2343 2972 Ostendi
2372 2959 2389 2982 ,
2421 2936 2525 2972 non
2563 2930 2670 2976 tam
2716 2921 2904 2978 breves
2925 2965 2939 2986 ,
2972 2934 3027 2978 ιιι
3068 2925 3143 2980 illi
3171 2927 3356 2984 decem
3389 2947 3527 2986 unus

1938 3015 2080 3060 esset
2127 3016 2346 3074 noster,
2392 3009 2487 3063 sed
2539 3019 2699 3064 tanta:
2742 3013 3061 3081 prolixitatis
3103 3032 3272 3073 annos
3312 3031 3526 3090 quantm

1937 3112 2081 3151 nunc
2125 3095 2382 3154 habemus
2417 3100 2572 3168 (quos
2602 3102 2782 3172 utique
2822 3104 3080 3160 circuitus
3106 3109 3322 3165 coiitlcit
3350 3110 3528 3181 solis),

1940 3189 1991 3244 in
2037 3189 2246 3244 iflorum
2293 3190 2566 3247 hominum
2615 3196 2718 3249 vita
2769 3196 3124 3265 prolixissiiua
3167 3212 3522 3270 computatos.

1940 3283 2343 3340 Sexcentesinio
2372 3303 2564 3357 nempe
2591 3305 2732 3344 anno
2761 3291 2882 3347 vita:
2909 3291 3022 3347 Noe.
3051 3293 3306 3363 scriptum
3339 3306 3424 3352 est
3451 3297 3530 3352 ia-

1940 3389 2084 3431 ctum
2113 3393 2232 3433 esse
2257 3379 2537 3436 diluvium.
2557 3380 2663 3436 Cur
2685 3397 2814 3453 ergo
2845 3385 2914 3438 ibi
2943 3384 3155 3454 legitur,
3187 3386 3253 3440 Et
3283 3405 3414 3460 aqua
3446 3389 3531 3444 di.

1943 3466 2062 3521 ltivii
2095 3471 2231 3540 facta
2268 3479 2340 3523 est
2373 3487 2527 3537 super
2555 3481 2738 3528 terram
2763 3478 3121 3530 sexcentesimo
3146 3493 3280 3531 anno
3308 3478 3361 3533 in
3382 3479 3483 3533 vita
3509 3480 3524 3512 ⁸

1945 3559 2058 3614 Noe
2077 3601 2091 3622 ,
2124 3562 2331 3614 secundi
2354 3565 2556 3622 ntettsis.
2583 3565 2797 3634 septima
2825 3575 2870 3619 et
2896 3567 3126 3621 vicesima
3165 3570 3349 3623 utentis
3376 3569 3530 3639 (Gen.

1911 3652 1916 3657 '
1945 3667 2034 3714 vn,
2072 3651 2156 3716 10,
2189 3653 2249 3706 11
2284 3670 2383 3707 sec.
2414 3653 2576 3725 LXX)
2608 3672 2622 3718 ;
2649 3657 2692 3710 si
2719 3673 2888 3711 annus
2917 3658 3006 3712 ille
3034 3659 3318 3721 minimus,
3345 3661 3536 3730 quales

1943 3743 2128 3802 decem
2164 3744 2359 3802 faciunt
2392 3764 2552 3803 unutn
2584 3758 2866 3815 nostrum,
2908 3751 3120 3820 triginta
3156 3769 3248 3806 sex
3280 3751 3397 3808 dies
3434 3753 3537 3808 ha-

1946 3835 2144 3891 bebat?
2174 3836 2432 3892 Tantilius
2463 3839 2658 3908 quippe
2683 3856 2858 3895 annus
2879 3880 2894 3905 ,
2935 3842 2980 3894 si
3010 3842 3231 3912 antiquo
3258 3858 3407 3899 more
3434 3845 3537 3898 hoc

1946 3943 2137 3980 nomen
2162 3928 2388 3998 accepit,
2412 3937 2503 3982 aut
2523 3945 2626 3983 non
2652 3929 2811 3984 habet
2836 3945 3071 3995 menses,
3095 3941 3186 3986 aut
3208 3934 3406 3986 mensis
3421 3938 3539 4002 ejus

1943 4025 2024 4071 est
2049 4017 2319 4082 triduntn,
2362 4027 2416 4071 ut
2443 4017 2636 4073 habeat
2660 4020 2940 4075 duodecim
2981 4039 3214 4076 menses.
3256 4025 3540 4091 Quomodo

1947 4109 2106 4180 igitur
2130 4110 2216 4165 hic
2242 4111 2442 4166 dictum
2465 4121 2567 4174 est,
2589 4111 2964 4168 Sea‘cetttesimo
2987 4132 3141 4176 anno.
3164 4117 3371 4169 secundi
3398 4135 3538 4171 men-

1945 4201 2050 4265 sis,
2082 4203 2293 4271 septima
2349 4213 2394 4256 et
2438 4203 2670 4258 vicesima
2715 4204 2796 4256 die
2834 4205 3052 4270 "tensis;
3106 4207 3208 4260 nisi
3247 4207 3368 4273 quia
3407 4209 3540 4263 tales

1945 4294 2129 4363 quales
2156 4309 2296 4349 nunc
2315 4305 2459 4359 sunt,
2485 4297 2644 4350 etiam
2671 4304 2796 4349 tunc
2821 4306 2974 4356 erant
3006 4296 3258 4352 nienses?
3279 4297 3410 4351 Nam
3434 4315 3542 4367 quo

1949 4395 2103 4456 pacto
2145 4387 2302 4444 aliter
2341 4387 2593 4445 vicesimo
2621 4399 2676 4443 et
2703 4389 2932 4457 septimo
2969 4389 3056 4445 die
3083 4390 3302 4445 secundi
3335 4392 3536 4446 mensis

1947 4480 2214 4534 diceretur
2255 4491 2487 4551 ((Bptum
2529 4497 2650 4537 esse
2686 4481 2984 4536 diluvium?
3015 4481 3214 4538 Deinde
3259 4493 3438 4556 postea
3483 4484 3537 4541 in

1950 4574 2052 4628 line
2072 4573 2254 4627 diluvii
2287 4575 2356 4626 ita
2387 4574 2614 4642 legitur:
2649 4573 2712 4626 Et
2737 4573 2865 4628 sedit
2890 4591 3010 4628 arca
3039 4577 3090 4628 in
3120 4592 3286 4630 mense
3304 4577 3534 4647 septimo,

1947 4666 2158 4734 septima
2182 4675 2230 4719 et
2269 4667 2500 4719 vicesima
2536 4666 2617 4720 die
2657 4667 2840 4720 mensis
2861 4709 2875 4732 ,
2909 4684 3062 4736 super
3097 4679 3288 4723 montes
3328 4671 3535 4724 Ararat.

1947 4759 2091 4829 Aqua
2117 4771 2284 4813 autent
2311 4759 2628 4813 minuebatur
2653 4776 2808 4829 usque
2836 4761 2903 4814 ad
2931 4759 3251 4815 undecimum
3280 4777 3493 4815 menum
3519 4776 3536 4815 :

1947 4854 1999 4907 in
2028 4852 2290 4906 undecimo
2316 4862 2482 4906 autem
2505 4869 2672 4906 mense
2690 4893 2704 4915 ,
2738 4853 2904 4923 prima
2933 4854 3015 4906 die
3052 4855 3537 4921 ιιιειιεῖεφαιίιενιιηι

1947 4945 2114 5013 capita
2137 4944 2378 4998 montium
2402 4941 2512 5014 (Id.
2542 4960 2650 5007 vm,
2681 4945 2735 5008 4,
2777 4943 2856 5015 5).
2903 4944 2959 4999 Si
2987 4945 3144 5014 igitur
3168 4943 3300 4997 tales
3323 4958 3540 4997 menses

1948 5046 2122 5101 erant,
2149 5037 2279 5092 tales
2295 5037 2532 5106 profecto
2557 5047 2611 5092 et
2633 5035 2760 5090 anni
2787 5046 2959 5100 erant.
2988 5037 3174 5105 quales
3198 5049 3337 5089 nunc
3373 5033 3538 5088 habe-

1950 5147 2088 5185 mus.
2120 5129 2328 5185 Menses
2361 5131 2559 5200 quippe
2599 5129 2670 5183 illi
2713 5129 2982 5193 triduani,
3023 5125 3205 5195 viginti
3235 5132 3290 5178 et
3330 5118 3537 5194 septem

1949 5223 2063 5277 dies
2111 5222 2307 5278 habere
2346 5237 2450 5276 non
2490 5229 2750 5290 poterant.
2786 5221 2889 5273 Aut
2914 5219 2960 5273 si
3007 5216 3416 5287 parstrieesima
3441 5218 3542 5270 tri-

1948 5317 2036 5372 dui
2067 5327 2192 5371 tunc
2211 5315 2580 5385 appellabatur
2605 5312 2741 5378 dies,
2771 5321 2825 5365 nt
2854 5311 3034 5365 omnia
3061 5310 3405 5380 preportione
3435 5311 3538 5363 nii-

1950 5420 2212 5473 nuantur;
2253 5422 2382 5477 ergo
2419 5422 2518 5461 nec
2551 5415 2662 5460 toto
2699 5404 2982 5474 quatriduo
3021 5411 3204 5457 nostro
3231 5401 3425 5456 factum
3457 5410 3541 5454 est

1951 5499 2077 5556 illud
2106 5509 2211 5554 tam
2241 5497 2440 5569 grande
2468 5497 2718 5551 diluvium
2746 5537 2759 5561 ,
2788 5494 2929 5565 quod
2974 5506 3300 5549 memoratur
3339 5493 3536 5547 factum

1982 5679 2042 5752 ,ιὲ
2065 5677 2200 5739 Editi,
2224 5674 2347 5727 rita'.
2393 5683 2448 5726 At
2490 5683 2626 5734 Mss,
2664 5672 2715 5725 iu
2755 5674 2852 5725 vita
2880 5687 2897 5726 :
2918 5675 3056 5739 juxta
3095 5687 3306 5739 grtecum
3341 5680 3544 5734 Septua-

1944 5748 2234 5865 guZis.t:onf.
2261 5808 2438 5861 Quzest.
2466 5802 2512 5850 in
2535 5807 2673 5860 Gem,
2699 5813 2748 5862 q.
2776 5799 2822 5849 2.
