4054 6488
514 361 524 371 ‘
537 344 645 409 ‘55

534 462 880 535 mnsit-agitata
908 458 1097 514 diebus
1123 462 1179 510 et
1207 450 1470 507 motibus.
1500 447 1632 515 Quis
1660 446 1797 500 hanc
1820 441 2118 499 absurdita-

535 566 647 613 tem
683 533 1053 610 errauitatem
1094 544 1267 600 ferat?
1301 539 1531 597 Proinde
1561 546 1900 592 renmveatnr
1923 533 2010 587 hic
2030 546 2119 587 ero

537 647 752 719 τοι-,ηυί
788 642 1095 713 conjectura
1124 638 1254 691 falsa
1296 636 1363 689 ita
1398 633 1512 687 vult
1552 641 1794 685 astruere
1823 627 2123 695 Scriptura-

538 757 655 797 ruL..
686 745 987 791 nostrarum
1017 730 1196 792 iidem,
1223 736 1280 781 ut
1307 724 1431 779 alibi
1457 722 1715 778 destruat.
1744 719 1969 773 Prorsus
2000 724 2121 770 tan-

537 841 622 886 tus
647 829 808 885 etiam
838 835 964 880 tunc
1002 822 1117 877 dies
1156 820 1252 873 luit
1270 860 1285 883 ,
1312 825 1542 884 quantus
1570 822 1625 867 et
1654 824 1793 865 nunc
1820 816 1902 863 est
1920 849 1934 870 ,
1962 818 2121 876 quem

534 921 720 991 viginti
758 927 814 973 et
863 923 1091 985 quatuor
1130 912 1273 965 hora:
1303 908 1497 962 diurno
1537 902 1803 958 curriculo
1832 906 2122 952 nocturno-

534 1029 637 1082 que
663 1007 1018 1065 determiuant
1042 1019 1057 1056 :
1086 1010 1262 1077 tantus
1287 994 1506 1061 mensis,
1529 1001 1759 1062 quantus
1778 998 1831 1045 et
1860 1001 2000 1043 nunc
2018 992 2121 1051 est,

532 1119 691 1176 quem
728 1103 852 1156 luna
887 1107 1061 1169 empta
1096 1106 1150 1150 et
1185 1092 1331 1148 ﬁnita
1373 1086 1681 1144 concludit:
1715 1093 1892 1138 tantus
1916 1093 2118 1144 annus,

532 1173 763 1269 quantus
788 1202 844 1249 et
869 1205 1010 1246 nunc
1029 1197 1133 1254 est,
1163 1200 1322 1256 quem
1344 1179 1624 1237 duodecim
1652 1190 1863 1231 menses
1888 1173 2121 1237 lunares,

534 1265 732 1342 additis
773 1292 990 1355 propter
1029 1293 1246 1335 cursum
1292 1275 1523 1330 solarem
1568 1270 1802 1342 quinque
1839 1265 2027 1320 diebus
2067 1271 2124 1319 et

536 1379 858 1451 quadrante,
884 1380 1259 1428 consummant
1286 1384 1300 1423 :
1337 1368 1518 1438 quanti
1547 1366 1673 1420 anni
1704 1365 1721 1397 ¹
1749 1355 2121 1416 sexeentesimi

535 1448 660 1526 vitae
686 1470 798 1524 Noe
817 1465 1086 1523 secundus
1105 1472 1220 1517 emt
1241 1460 1440 1514 mensis
1464 1457 1685 1527 ejusque
1710 1451 1911 1509 mensis
1936 1448 2125 1504 vicesi-

535 1578 658 1619 mus
683 1572 735 1615 et
756 1560 1013 1627 septimus
1035 1556 1172 1618 dies,
1195 1550 1406 1623 quando
1430 1549 1594 1620 coepit
1613 1561 1734 1602 esse
1759 1543 2047 1601 diluvium;
2069 1540 2122 1593 in

533 1669 644 1725 quo
658 1654 772 1708 dies
789 1649 1135 1722 quadraginta
1165 1644 1487 1700 continuata:
1510 1641 1752 1710 ingentes
1783 1634 1972 1703 pluvi:e
2013 1647 2123 1686 tue-

534 1724 812 1804 morantur
835 1741 985 1814 (σενι.
1012 1755 1104 1801 vn,
1135 1737 1203 1792 ιε
1224 1736 1263 1808 ),
1296 1735 1385 1805 qui
1428 1732 1544 1787 dies
1578 1745 1683 1785 non
1710 1729 1860 1784 binas
1887 1742 1948 1780 at:
1969 1724 2125 1814 paulo

535 1837 763 1908 amplius
791 1835 951 1889 horas
976 1829 1261 1889 habebant,
1293 1824 1389 1880 sed
1412 1824 1628 1878 vicenas
1651 1830 1705 1874 et
1728 1827 2017 1889 quaternas
2037 1813 2125 1868 die

540 1941 807 1998 noctuque
837 1934 1151 1981 transactas.
1182 1922 1260 1976 Ac
1287 1933 1383 1990 per
1411 1917 1514 1972 hoc
1548 1926 1654 1970 tam
1695 1924 1918 1983 magnos
1954 1921 2126 1963 annos

536 2026 784 2079 vixerunt
809 2020 884 2076 illi
914 2017 1116 2088 antiqui
1143 2027 1316 2085 usque
1344 2010 1571 2081 amplius
1598 2021 1757 2078 quam
1788 2011 2086 2072 nongentos
2105 2040 2122 2065 ,

533 2122 763 2187 quantos
810 2120 991 2182 postea
1032 2107 1168 2163 vixit
1217 2101 1485 2160 Abraham
1530 2108 1744 2154 centqu
1789 2092 2123 2163 septuaginta

534 2184 772 2277 quinque
790 2204 813 2235 ⁸
843 2200 963 2275 (Id.
1005 2212 1136 2263 xxv,
1165 2197 1198 2252 7
1220 2195 1264 2269 ),
1293 2203 1347 2250 et
1375 2202 1496 2264 post
1519 2206 1643 2246 emn
1673 2188 1812 2242 illius
1837 2186 1953 2255 ejus
1974 2184 2125 2277 lsaac

532 2272 749 2353 centum
775 2272 1041 2363 octoginta
1069 2287 1182 2360 (Id.
1211 2300 1380 2349 xxxv,
1409 2282 1527 2355 28),
1558 2290 1613 2336 et
1656 2280 1794 2335 Illius
1818 2278 1933 2347 ejus
1960 2272 2126 2332 Jacob

532 2404 701 2461 prope
736 2397 952 2443 centum
993 2380 1372 2454 quinquaginta
1403 2375 1513 2449 (Id.
1541 2389 1709 2435 xxvtt,
1737 2371 1853 2441 28),
1881 2378 1937 2424 et
1960 2383 2129 2461 quatr-

532 2459 616 2538 tos
636 2459 945 2549 interposita
973 2478 1243 2546 aliquanta
1267 2480 1425 2525 relate
1457 2467 1665 2539 Moyses
1688 2473 1902 2519 centum
1940 2459 2124 2531 viginti

534 2574 711 2646 (Deut.
740 2586 922 2635 χχχιι,
944 2568 1026 2634 7),
1054 2574 1110 2621 et
1135 2572 1363 2635 quantos
1389 2560 1552 2616 etiam
1579 2570 1721 2611 nunc
1746 2555 1932 2609 vivunt
1953 2551 2127 2607 homi-

522 2643 637 2721 nes
657 2662 998 2733 septuaginta
1021 2657 1105 2713 vel
1126 2654 1416 2724 octoginta,
1442 2649 1527 2704 vel
1550 2664 1655 2704 non
1678 2647 1847 2702 multo
1871 2643 2121 2714 amplius,

532 2739 602 2812 de
636 2756 827 2826 quibus
851 2754 1052 2807 dictum
1081 2756 1165 2805 est
1195 2765 1209 2803 :
1239 2745 1306 2801 Et
1342 2743 1565 2816 amplius
1605 2742 1676 2796 eis
1700 2740 1846 2795 labor
1899 2746 1948 2793 el
1980 2735 2127 2790 dolor

535 2848 708 2924 (Psal.
741 2859 958 2909 Lxxxtx,
986 2842 1099 2912 10).

602 2941 660 2995 2.
692 2939 783 2993 llla
814 2951 942 2992 vero
980 2942 1322 2989 nurnerorum
1350 2925 1584 2982 varietas
1605 2965 1621 2990 ,
1651 2935 1771 2994 quae
1798 2921 1942 2975 inter
1970 2916 2126 2973 codi-

533 3046 626 3088 ces
653 3029 898 3085 hebrteos
926 3022 1193 3080 invenitur
1225 3027 1280 3075 et
1301 3025 1515 3075 nostros
1538 3057 1554 3082 ,
1587 3028 1765 3084 neque
1788 3011 1857 3067 de
1899 3009 1998 3064 hac
2025 3023 2125 3063 an-

535 3125 802 3195 tiquorum
832 3100 1446 3189 lmtgzevimte'dissentit
1470 3150 1487 3175 ,
1521 3116 1575 3163 et
1602 3106 1647 3161 si
1683 3102 1811 3176 quid
1851 3102 2011 3157 habet
2053 3101 2126 3156 ita

532 3216 801 3272 diversum
827 3255 843 3280 ,
871 3220 928 3266 ut
953 3225 1140 3265 verum
1166 3222 1287 3261 esse
1329 3214 1614 3272 utrumque
1650 3214 1755 3255 non
1788 3197 1992 3277 possit,
2035 3210 2126 3251 re-

532 3323 651 3363 rum
677 3313 944 3379 gestarum
987 3300 1122 3356 lides
1163 3298 1232 3354 ab
1255 3313 1316 3353 ea
1344 3297 1521 3366 lingua
1566 3291 1855 3363 repetenda
1891 3297 2009 3353 est,
2058 3302 2127 3343 ex

532 3413 637 3468 qua
684 3378 1093 3466 interpretatum
1131 3398 1214 3446 est
1239 3387 1381 3460 quod
1428 3386 1706 3441 habemus.
1729 3382 1862 3468 Quae
1904 3378 2128 3434 facultas

535 3463 659 3543 eum
687 3463 993 3542 volentibus
1028 3481 1226 3551 ubique
1247 3476 1486 3549 gentium
1531 3483 1729 3545 praesto
1763 3463 1865 3536 sit";
1897 3485 2002 3524 non
2048 3477 2127 3522 ta-

541 3593 664 3634 men
688 3584 840 3632 vacat
865 3575 967 3645 (a),
994 3571 1137 3643 quod
1161 3568 1507 3640 Septuaginta
1537 3566 1890 3634 interpretes,
1921 3562 1975 3616 in
2005 3560 2125 3629 plu-

534 3669 688 3725 rimis
710 3683 830 3739 qua:
849 3666 1059 3720 diversa
1085 3661 1265 3717 dicere
1294 3657 1565 3722 videntur,
1586 3671 1654 3710 ex
1680 3652 1906 3709 btebreis
1929 3650 2131 3707 codici-

537 3760 639 3815 bus
667 3757 955 3814 emendare
979 3766 1145 3810 ausus
1176 3759 1260 3807 est
1283 3764 1462 3805 nemo.
1486 3746 1605 3803 Non
1629 3744 1772 3802 enim
1801 3753 1886 3799 est
1916 3741 2005 3796 illa
2039 3739 2127 3795 di-

537 3852 768 3907 versitas
806 3857 986 3920 putata
1035 3843 1400 3907 mendositas;
1438 3855 1539 3896 nec
1566 3852 1666 3909 ego
1697 3836 1804 3891 ullo
1832 3832 1993 3889 modo
2031 3847 2127 3903 pu-

537 3943 756 3999 taudam
796 3938 1075 3996 existimo.
1102 3934 1210 3991 Sed
1246 3932 1335 3989 ubi
1378 3947 1486 3987 non
1532 3938 1615 3986 est
1647 3924 1925 3998 scriptoris
1952 3936 2125 3989 error,

534 4033 737 4106 aliquid
759 4045 863 4088 eos
873 4030 1057 4086 divino
1077 4026 1275 4099 Spiritu
1299 4065 1315 4091 ,
1343 4023 1432 4078 ubi
1463 4034 1652 4077 sensus
1677 4024 1825 4073 esset
1843 4022 2130 4071 consenta-

541 4138 675 4180 neus
699 4121 944 4184 veritati,
974 4126 1029 4174 et
1057 4114 1356 4188 prtedicans
1377 4113 1656 4167 veritatem
1680 4149 1697 4175 ,
1728 4121 1835 4162 non
1859 4107 2127 4175 interpre-

544 4215 769 4270 tantimn
814 4224 967 4266 more
996 4209 1041 4271 ⁸,
1076 4205 1174 4263 sed
1206 4201 1642 4275 prepbetautium
1687 4197 1932 4253 libertate
1974 4195 2131 4249 aliter

541 4308 724 4363 dicere
749 4303 982 4359 voluisse
1008 4298 1334 4357 credendum
1357 4304 1460 4351 est.
1490 4293 1640 4350 Unde
1661 4291 1873 4355 merito,
1902 4304 2007 4345 non
2036 4304 2127 4343 so.

542 4400 651 4455 lum
674 4395 924 4458 hebraeis,
949 4407 1133 4448 verum
1154 4389 1315 4445 etiam
1336 4387 1488 4459 ipsis,
1512 4399 1634 4441 cum
1655 4382 1873 4439 adhibet
1891 4380 2133 4436 testimo-

540 4494 634 4547 nia
661 4488 730 4544 de
753 4484 1064 4554 Scripturis,
1095 4481 1171 4536 uti
1202 4478 1493 4549 apostolica
1528 4475 1794 4530 invenitur
1820 4471 2129 4529 auctoritas.

543 4579 653 4638 Sed
698 4579 824 4635 hine
866 4589 952 4629 me
988 4571 1372 4643 opportuniore
1398 4567 1544 4631 loco,
1578 4565 1625 4621 si
1664 4564 1804 4619 Deus
1828 4561 2126 4633 adjuverit,

552 4672 771 4748 promisi
795 4667 1105 4739 diligentius
1128 4668 1430 4720 locuturum
1459 4678 1473 4715 :
1501 4672 1645 4715 nunc
1672 4656 1815 4728 quod
1844 4656 2005 4710 instat
2032 4669 2131 4708 ex-

544 4767 781 4840 pediam.
804 4761 920 4818 Non
945 4760 1090 4815 enim
1115 4754 1489 4827 ambigendum
1519 4762 1602 4808 est
1645 4751 1715 4807 ab
1758 4749 1973 4805 homine
1997 4789 2012 4814 ,
2042 4750 2133 4840 qui

526 4837 618 4916 fex
642 4857 816 4928 primo
840 4852 1056 4908 homine
1085 4848 1287 4920 primus
1312 4856 1396 4901 cst
1426 4854 1581 4900 natus
1605 4885 1621 4911 ,
1658 4840 1872 4913 quando
1898 4851 2006 4895 tam
2044 4837 2135 4893 diu

544 4950 834 5014 vivebant,
868 4944 1106 5016 potuisse
1146 4938 1398 4996 constitui
1437 4938 1747 5000 civitatem,
1794 4949 1925 4990 sane
1968 4941 2138 4987 terre-

547 5058 673 5099 nam
697 5081 714 5109 ,
750 5054 858 5095 non
902 5036 1045 5092 illam
1065 5047 1187 5105 qua:
1212 5030 1411 5087 dicitur
1433 5029 1624 5085 civitas
1654 5026 1746 5082 Dei
1781 5044 1797 5083 :
1830 5026 1901 5080 de
1933 5039 2039 5096 qua
2080 5031 2139 5083 ut

548 5135 942 5196 scriberemus,
970 5128 1207 5185 laborem
1252 5122 1385 5179 tanti
1434 5120 1591 5193 hujus
1632 5120 1810 5190 operis
1852 5118 1906 5173 in
1947 5130 2139 5172 manus

553 5224 900 5294 sumpsimus.

619 5400 635 5463 ξ
666 5399 744 5463 διο
760 5407 938 5463 me:
958 5402 1066 5445 Im
1091 5400 1149 5443 ιιι
1164 5391 1302 5463 editi.
1320 5388 1609 5463 ιφιιωρικί
1636 5386 1927 5463 mentes:

615 5462 643 5555 ζ
670 5457 1043 5570 Ὲίιιὲιῇἑὲῗ,
1066 5461 1254 5507 centum
1270 5457 1598 5539 septuaginta;
1614 5457 1808 5511 omisso,
1833 5459 2058 5513 qmnque.

787 5557 801 5580 9
899 5579 905 5580 ,
1019 5555 1032 5566 '
1542 5578 1550 5580 _
1830 5572 1840 5580 .
1944 5577 1951 5580 .

620 5583 695 5647 (a)
718 5572 815 5631 Hoc
830 5579 971 5632 vult:
998 5592 1097 5631 non
1131 5586 1209 5632 est
1237 5580 1414 5641 inane,
1439 5583 1491 5629 et
1513 5578 1621 5628 sine
1643 5572 1876 5639 mysterio
1908 5577 1961 5624 et
1981 5581 2144 5623 causa.

552 5649 670 5701 In.
694 5650 850 5697 νιγιιι.

1650 330 1738 388 ne
1773 311 2095 386 etvm'rs
2134 319 2265 393 ost,
2294 321 2359 381 s.
2387 320 2755 382 sucus.va

3708 319 3822 381 £56

2229 438 2456 495 canor
2494 439 2610 494 xv.
2633 466 2706 479 —-
2725 412 2802 493 an
2830 435 3067 493 credibile
3092 437 3178 505 sit,
3202 437 3354 508 primi
3377 438 3550 493 surculi
3577 437 3710 493 viros
3734 453 3827 492 κε.

2298 548 2395 602 que
2427 532 2497 584 ad
2521 548 2635 586 eum
2660 540 2856 585 aetatem
2874 573 2886 591 .
2917 547 3016 601 qua
3043 530 3178 600 ﬁlios
3202 546 3467 600 gmerasse
3502 531 3821 600 referuntur,

2298 638 2331 674 a
2355 622 2620 675 concubitu
2648 621 2975 675 continuisse.

2302 734 2354 788 1.
2386 732 2531 787 Ilicet
2555 749 2682 803 ergo
2706 733 2899 802 aliquis
2934 750 2946 785 :
2976 730 3122 786 itane
3146 729 3473 787 credendum
3501 738 3619 795 est,
3644 727 3828 784 homi-

2229 841 2352 880 nem
2403 825 2539 880 ﬁlios
2583 835 2994 896 generaturutn,
3026 840 3125 880 nec
3154 824 3437 879 habentem
3484 824 3824 893 propositum

2228 914 2570 971 continentia:
2594 958 2609 982 ,
2640 928 2856 971 centum
2893 926 2946 971 ct
2972 916 3202 984 amplius
3232 957 3247 981 ,
3278 914 3362 969 vel
3388 913 3681 969 secundum
3711 914 3827 968 lle-

2230 1008 2405 1063 brteos
2434 1023 2538 1062 non
2569 1007 2737 1061 multo
2769 1009 2970 1071 mitius,
2996 1007 3045 1061 id
3076 1017 3156 1062 est
3181 1007 3447 1076 octoginta
3468 1047 3484 1071 ,
3505 1006 3827 1076 septuagin-

2232 1109 2280 1156 ta
2300 1140 2318 1166 ,
2346 1101 2621 1171 sexaginta
2644 1115 2817 1152 annos
2842 1114 2872 1153 a
2896 1098 3285 1153 concmnbeudi
3310 1113 3473 1168 opere
3501 1084 3782 1153 vacavisse
3806 1113 3824 1163 ;

2228 1200 2324 1247 aut
2371 1193 2416 1245 si
2461 1208 2567 1246 non
2618 1200 2871 1255 vacaret,
2902 1190 3034 1244 nihil
3080 1189 3244 1259 prolis
3276 1189 3494 1259 gignere
3540 1188 3832 1259 potuisse?

2229 1280 2359 1340 Iizec
2380 1281 2602 1352 qnazstio
2631 1280 2841 1335 duobus
2879 1281 3050 1335 modis
3089 1280 3330 1334 solvitur.
3360 1279 3465 1333 Ant
3490 1280 3635 1334 enim
3672 1287 3829 1333 tanto

2230 1372 2400 1427 serior
2440 1372 2533 1425 fuit
2563 1370 2908 1441 proportione
2952 1370 3205 1441 pubertas
3229 1412 3243 1433 ,
3273 1380 3473 1441 quanto
3502 1371 3627 1424 vita:
3658 1370 3829 1424 totius

2230 1464 2404 1533 major
2429 1462 2704 1518 annositas
2734 1480 2746 1516 :
2775 1471 2896 1527 aut,
2932 1463 3073 1531 quod
3107 1463 3274 1533 magis
3310 1463 3462 1517 video
3486 1477 3608 1517 esse
3640 1462 3827 1518 credi-

2230 1553 2373 1620 bile,
2417 1569 2524 1609 non
2566 1553 2653 1609 hic
2693 1554 3032 1624 pritnogcniti
3075 1552 3166 1607 lilii
3208 1550 3608 1609 commenn'irati
3656 1563 3826 1620 sunt,

2234 1644 2329 1700 sed
2360 1660 2496 1712 quos
2520 1645 2874 1700 successionis
2897 1645 3030 1699 ordo
3061 1644 3345 1712 poscebat,
3378 1655 3433 1698 ut
3460 1643 3833 1714 perveniretur

2230 1736 2297 1790 ad
2327 1734 2473 1802 Noe,
2502 1751 2531 1788 a
2561 1751 2667 1806 quo
2699 1750 2883 1790 rursus
2905 1736 2971 1789 ad
2994 1735 3263 1791 Abraham
3291 1718 3533 1790 videmus
3560 1752 3681 1791 esse
3703 1717 3832 1806 per-

2232 1837 2484 1893 ventum;
2516 1842 2580 1881 ac
2605 1825 2797 1881 deimle
2825 1841 2993 1898 usque
3018 1826 3084 1881 ad
3124 1833 3330 1880 certum
3369 1826 3653 1881 articulum
3684 1837 3829 1882 tem-

2234 1919 2408 1988 poris,
2438 1928 2693 1989 quantum
2724 1918 3003 1989 oportebat
3037 1919 3234 1989 signari
3260 1912 3421 1972 etiam
3462 1918 3831 1989 generationi-

2232 2008 2331 2065 bus
2356 2012 2787 2066 commemoratis
2815 2025 3028 2066 cursum
3067 2011 3465 2081 gloriosissima:
3508 2010 3744 2065 civitatis
3775 2011 3831 2065 in

2230 2102 2336 2159 hoc
2362 2103 2564 2158 mundo
2602 2104 3025 2174 peregrinantis,
3060 2112 3115 2157 et
3153 2117 3438 2174 supernam
3469 2103 3693 2173 patriam
3736 2118 3832 2156 re-

2231 2194 2510 2264 quirentis.
2533 2193 2685 2263 Quod
2713 2195 2856 2249 enim
2886 2194 3064 2263 negari
3097 2210 3202 2247 non
3233 2203 3443 2263 potest,
3471 2194 3618 2263 prior
3649 2193 3834 2248 omni-

2230 2285 2330 2341 bus
2356 2285 2486 2342 Cain
2518 2301 2582 2341 ex
2615 2285 2990 2356 conjunctione
3016 2284 3177 2339 maris
3203 2295 3254 2338 et
3282 2284 3493 2338 fetuina:
3531 2295 3688 2338 natus
3716 2291 3827 2339 est.

2231 2379 2413 2452 Neque
2441 2379 2585 2435 enim
2616 2379 2704 2433 illo
2733 2391 2857 2434 nato
2881 2379 3103 2434 dixisset
3130 2378 3322 2446 Adam,
3351 2378 3493 2449 quod
3517 2377 3721 2436 dixisse
3751 2379 3832 2433 le-

2229 2470 2392 2542 gitur,
2421 2470 2677 2541 Acquisivi
2712 2470 2966 2525 hominem
2993 2487 3083 2541 per
3111 2468 3310 2534 Deum;
3337 2470 3438 2524 nisi
3469 2470 3576 2525 illis
3615 2469 3834 2525 duobus

2231 2563 2345 2634 ipse
2375 2564 2562 2618 luisset
2592 2563 2750 2619 homo
2777 2563 3044 2618 nascendo
3073 2562 3287 2617 additus
3313 2563 3538 2632 primus.
3562 2561 3716 2616 Hunc
3736 2578 3833 2617 se-

2229 2665 2385 2712 cutus
2410 2653 2579 2721 Abel,
2602 2671 2757 2726 quem
2788 2654 2963 2722 major
2992 2653 3154 2708 frater
3177 2655 3374 2708 occidit
3397 2697 3411 2719 ,
3442 2654 3835 2724 praeﬁguratios

2233 2747 2347 2804 ne‘
2395 2745 2627 2819 quadam
2675 2745 3064 2817 peregrinantis
3106 2746 3336 2800 civitatis
3381 2746 3512 2811 Dei,
3564 2745 3706 2816 quod
3760 2746 3834 2800 ab

2231 2840 2440 2912 impiis,
2470 2850 2526 2897 et
2564 2839 2960 2912 quodammodo
2988 2837 3267 2908 terrigenis
3292 2880 3308 2905 ,
3339 2837 3390 2892 id
3433 2847 3516 2893 est
3551 2846 3829 2899 terrenam

2230 2935 2493 3005 originem
2521 2933 2866 3005 diligentibus
2886 2974 2901 2997 ,
2932 2941 2988 2988 et
3013 2941 3242 2987 terrente
3263 2931 3492 2986 civitatis
3523 2941 3736 2985 terrena
3760 2930 3833 2984 τιε-

2232 3027 2443 3082 Ιίοἰωιθ
2471 3024 2876 3096 gaudentibus:
2913 3022 3316 3092 persecutiones
3361 3020 3567 3091 iniquas
3601 3036 3830 3091 passura

2232 3119 2437 3183 fuerat,
2496 3116 2698 3188 primus
2745 3114 2999 3169 ostendit.
3045 3112 3152 3168 Sed
3207 3120 3339 3185 quot
3394 3127 3655 3166 annorum
3708 3120 3833 3166 erat

2231 3211 2401 3266 Adam
2424 3253 2437 3276 ,
2474 3225 2594 3265 cum
2634 3223 2728 3263 eos
2755 3207 2974 3279 genuit,
3008 3221 3111 3260 non
3154 3214 3394 3276 apparet.
3434 3203 3641 3258 Exinde
3675 3202 3833 3273 dige-

2235 3309 2426 3357 runtur
2451 3298 2823 3370 generationes
2850 3297 2968 3352 alia:
2998 3295 3065 3351 de
3091 3294 3224 3351 Cain
3249 3337 3263 3359 ,
3291 3295 3410 3350 alia:
3435 3294 3503 3349 de
3533 3294 3623 3348 illo
3659 3309 3830 3364 quem

2230 3392 2412 3462 genuit
2437 3390 2607 3446 Adam
2636 3390 2687 3444 in
2710 3389 2826 3460 ejus
2846 3389 3237 3444 successionem
3261 3429 3277 3454 ,
3304 3403 3461 3457 quem
3494 3385 3661 3441 frater
3679 3387 3834 3441 occi-

2229 3484 2342 3552 dit,
2373 3494 2427 3539 et
2454 3483 2738 3555 appellavit
2779 3486 2971 3537 nomen
3017 3481 3156 3537 illius
3181 3479 3308 3538 Setlt
3329 3521 3344 3545 ,
3376 3479 3561 3535 dicens
3594 3489 3651 3534 ut
3680 3479 3829 3535 scri-

2230 3580 2379 3648 ptum
2407 3585 2519 3642 est,
2552 3576 2825 3632 Suscilavit
2854 3576 2986 3629 enim
3016 3575 3138 3628 mihi
3173 3572 3311 3628 Deus
3339 3591 3505 3628 semen
3546 3573 3689 3626 aliud
3730 3588 3832 3644 pro

2231 3669 2387 3733 Abel,
2418 3684 2563 3739 quem
2582 3668 2763 3722 occidit
2788 3666 2918 3721 Cain
2957 3664 3108 3739 (Gen.
3142 3682 3213 3731 tv,
3244 3667 3295 3729 l,
3327 3664 3444 3733 25).
3475 3663 3609 3719 Cum
3640 3664 3833 3735 itaque

2231 3763 2347 3818 ista:
2389 3761 2509 3817 dua:
2546 3761 2713 3816 series
2742 3761 3143 3831 generationnm
3165 3802 3179 3823 ,
3213 3775 3317 3813 una
3357 3757 3423 3813 dc
3452 3756 3610 3821 Setlt,
3655 3757 3832 3813 altera

2231 3854 2299 3910 de
2324 3851 2453 3909 Cain
2481 3895 2497 3919 ,
2526 3851 2623 3907 ltas
2645 3850 2778 3906 duas
2800 3850 2869 3906 de
2898 3852 3091 3921 quibus
3112 3852 3319 3921 agimus
3338 3891 3352 3913 ,
3385 3849 3652 3904 distinctis
3677 3847 3838 3903 ordi-

2234 3948 2389 4004 nibus
2430 3947 2699 4002 insinuent
2734 3944 3009 4009 civitates,
3053 3960 3211 3998 unam
3260 3943 3533 3998 ctelestem
3570 3940 3624 3997 in
3666 3941 3837 3997 terris

2233 4039 2692 4111 peregrinantem,
2725 4035 2947 4091 alteram
2991 4045 3256 4091 terrenam
3300 4035 3529 4090 terrenis
3573 4026 3834 4101 tanquam

2234 4132 2346 4185 sola
2387 4130 2497 4185 sint
2529 4128 2734 4200 gaudiis
2775 4127 3065 4182 inhiantem
3107 4127 3188 4181 vel
3231 4125 3616 4190 inlimrcntem;
3650 4125 3834 4179 nullus

2233 4223 2302 4278 de
2345 4222 2598 4294 progenie
2626 4220 2790 4285 Cain,
2823 4235 2942 4274 cum
2970 4217 3302 4273 dinutneruta
3335 4218 3404 4272 sit
3441 4227 3838 4271 connutttcrato

2234 4314 2403 4369 Adam
2453 4328 2620 4382 usque
2657 4310 2722 4366 ad
2753 4319 2994 4366 octavam
3024 4310 3421 4380 generationem
3446 4350 3462 4375 ,
3494 4317 3622 4378 quot
3651 4322 3836 4362 anno—

2236 4421 2354 4461 rum
2393 4403 2576 4458 I‘uisset
2604 4417 2893 4474 expressus
2917 4409 3028 4467 est,
3076 4400 3290 4470 quando
3335 4400 3537 4471 genuit.
3565 4414 3687 4453 eum
3739 4400 3835 4469 qni

2236 4505 2690 4552 commemoratur
2721 4506 2838 4566 post
2870 4510 3015 4550 eum.
3054 4492 3232 4549 Noluit
3280 4494 3421 4549 enim
3466 4493 3699 4563 Spiritus
3734 4492 3834 4546 Dei

2237 4586 2290 4643 in
2332 4597 2558 4643 terrente
2598 4586 2829 4641 civitatis
2877 4584 3309 4655 generationibus
3354 4590 3591 4652 tempora
3639 4591 3839 4638 notare

2238 4689 2362 4734 ante
2387 4677 2678 4743 diluvium,
2709 4675 2802 4731 sed
2832 4676 2883 4729 in
2918 4675 3154 4730 cmlestis
3195 4673 3411 4739 maluit,
3442 4683 3692 4746 tanquam
3739 4688 3841 4728 es-

2240 4780 2361 4827 sent
2402 4769 2658 4827 memoria
2688 4765 2978 4839 digniores.
3010 4764 3178 4822 Porro
3213 4776 3389 4820 autem
3437 4765 3567 4820 Seth
3614 4766 3844 4836 quando

2242 4874 2398 4920 natus
2426 4872 2538 4932 est,
2571 4879 2676 4917 non
2708 4861 2922 4934 quidem
2964 4860 3106 4915 taciti
3153 4869 3276 4913 sunt
3305 4859 3427 4913 anui
3470 4858 3633 4927 patris
3675 4857 3797 4926 ejus
3819 4898 3839 4921 ,

2243 4956 2335 5012 sed
2360 4955 2470 5027 jam
2501 4963 2754 5026 genuerat
2787 4953 2920 5008 alios
2943 4970 2955 5005 :
2979 4961 3034 5008 et
3065 4961 3241 5026 utrum
3272 4953 3414 5006 solos
3434 4949 3561 5006 Cain
3589 4958 3645 5005 et
3671 4951 3841 5011 Abel,

2243 5050 2512 5106 allirmarc
2540 5049 2660 5120 quis
2702 5046 2931 5102 audeat?
2957 5045 3073 5101 Non
3104 5046 3246 5100 enim
3273 5046 3394 5116 quia
3432 5044 3532 5098 soli
3573 5044 3848 5099 nominati

2246 5154 2369 5198 sunt
2407 5151 2625 5212 propter
2650 5139 2865 5194 ordines
2889 5138 3290 5210 generationnm
3306 5178 3321 5202 ,
3350 5152 3482 5208 quas
3504 5151 3853 5192 commemo—

2247 5235 2351 5290 rari
2396 5232 2707 5303 oportebat,
2739 5231 2862 5286 ideo
2903 5245 3236 5300 consequens
3280 5229 3446 5284 videri
3487 5228 3645 5285 debet
3688 5228 3853 5286 solos

2252 5326 2414 5381 fuisse
2461 5334 2585 5380 tunc
2630 5334 2914 5395 generatos
2940 5339 3004 5379 ex
3044 5323 3235 5378 Adam.
3267 5321 3401 5377 Cum
3432 5322 3573 5377 enim
3622 5321 3856 5376 sileutin

2249 5417 2515 5488 coopertis
2564 5416 2802 5470 euntium
2857 5413 3161 5471 nominibus
3224 5421 3573 5476 canterornm,
3632 5411 3860 5482 legatur

2251 5516 2374 5564 eum
2411 5509 2662 5580 genuisse
2692 5508 2829 5563 lilios
2865 5516 2920 5562 et
2946 5505 3079 5561 ﬁlias
3100 5548 3115 5572 ,
3144 5515 3305 5576 quola
3335 5505 3491 5561 luerit
3527 5504 3626 5558 ista
3661 5502 3860 5573 ιιιυὶιῄ

2253 5601 2405 5675 ejus,
2436 5602 2556 5673 quis
2577 5610 2864 5674 praesumat
2896 5614 3167 5665 asserere,
3198 5600 3245 5655 si
3270 5598 3481 5669 culpam
3524 5595 3864 5654 temeritatis

2320 5741 2340 5772 ι
2373 5744 2506 5808 tov._,
2525 5733 3000 5811 pratﬁgurationem;
3034 5735 3437 5788 dissentientibus
3467 5731 3615 5787 editis
3638 5729 3753 5784 alii
3800 5739 3866 5793 es

2260 5807 2607 5863 manusutptis.
2720 5816 2723 5823 ·
