4054 6478
184 513 288 572 157

184 624 392 684 evitat?
418 620 607 678 Potuit
636 617 831 691 quippe
860 613 1028 671 Adam
1068 611 1316 667 divinitus
1353 609 1657 664 admonitus
1694 604 1781 659 di-

184 734 338 782 cere,
388 721 742 786 posteaquam
788 708 919 765 Seth
966 716 1122 762 natus
1168 713 1280 768 est,
1332 702 1604 758 Suscitaeit
1650 700 1783 754 enim

180 811 308 865 mihi
342 807 487 861 Deus
520 820 689 860 semen
728 800 867 855 aliud
910 815 1001 870 pro
1030 796 1192 863 Abel;
1222 794 1468 863 quoniam
1510 792 1626 846 talis
1668 798 1787 846 erat

186 904 398 959 futurus
424 942 440 967 ,
487 900 579 970 qui
627 896 875 968 impleret
906 892 1043 948 illius
1088 890 1423 945 sanctitatem
1450 928 1465 952 ,
1499 901 1603 940 non
1643 883 1785 955 quod

185 996 300 1067 ipse
330 993 481 1064 prior
501 999 625 1062 post
649 1005 771 1045 eum
798 985 1052 1057 temporis
1074 983 1260 1039 ordine
1281 988 1609 1035 nasceretur.
1636 975 1789 1031 Dein-

185 1083 444 1155 de.quod
492 1083 751 1152 scriptum
782 1088 898 1145 est,
940 1074 1077 1131 Vixit
1112 1084 1278 1128 autem
1322 1069 1449 1127 Seth
1480 1068 1699 1141 quinque
1742 1074 1789 1121 et

186 1180 436 1231 ducentos
483 1190 680 1239 annos,
710 1171 793 1226 vel
831 1167 1126 1225 secundum
1168 1165 1419 1220 Hebraeos
1442 1203 1459 1231 ,
1486 1161 1704 1233 quinque
1744 1168 1791 1215 et

187 1279 393 1324 centum
438 1282 603 1323 annos
628 1305 643 1331 ,
684 1273 733 1319 et
778 1262 948 1336 genuit
986 1258 1127 1314 Enos
1152 1274 1171 1313 :
1198 1258 1317 1327 quis
1363 1255 1529 1327 possit
1567 1252 1669 1309 nisi
1712 1252 1792 1307 in-

188 1362 568 1419 consideratus
617 1371 959 1422 asseverare,
1016 1352 1160 1409 hunc
1206 1351 1321 1422 ejus
1379 1346 1789 1421 primogenitum

192 1455 392 1512 tuisse?
424 1453 493 1511 Ut
520 1452 849 1508 admirantes
886 1448 1078 1504 merito
1120 1445 1481 1516 requiramus.
1525 1438 1792 1512 quomodo

191 1565 286 1621 per
333 1555 419 1603 tot
469 1562 643 1602 annos
690 1544 939 1600 immunis
980 1540 1193 1596 fuerita
1223 1536 1490 1593 connubio
1528 1534 1645 1590 sine
1685 1534 1793 1591 ullo

190 1641 476 1716 preposito
505 1638 879 1702 continentiae,
912 1635 997 1691 vel
1024 1649 1129 1689 non
1159 1632 1404 1703 genuerit
1432 1630 1748 1701 conjugatus
1775 1645 1791 1695 ;

190 1730 631 1805 quandoquidem
657 1728 820 1785 etiam
848 1727 915 1783 de
944 1726 1060 1798 ipso
1108 1725 1320 1795 legitur,
1352 1722 1417 1776 Et
1445 1721 1615 1793 genuit
1656 1720 1795 1791 ﬁlios

191 1836 236 1881 et
267 1826 407 1896 ﬁlias
432 1867 447 1891 ,
483 1833 526 1878 et
554 1827 757 1895 [uerunt
784 1836 955 1875 omnes
982 1819 1089 1872 dies
1120 1816 1246 1873 Seth
1286 1814 1552 1869 duodecim
1589 1822 1633 1867 et
1663 1828 1793 1867 non-

193 1920 327 1990 genti
353 1917 507 1983 anni,
531 1925 577 1969 et
603 1924 834 1968 mortuus
858 1922 929 1966 est
952 1908 1165 1983 (Gen.v,
1194 1906 1327 2002 4:8).
1351 1907 1526 1977 Atque
1556 1905 1624 1959 ita
1651 1903 1796 1960 dein-

193 2025 321 2082 ceps
347 2024 581 2080 quorum
614 2007 739 2062 anni
768 1997 1277 2068 commemorantur,
1310 2014 1411 2056 nec
1456 1998 1593 2054 iilios
1626 1997 1795 2053 ﬁlias-

194 2119 295 2174 que
343 2100 603 2172 genuisse
648 2098 957 2154 reticentur.
1004 2096 1081 2151 Ac
1131 2110 1226 2165 per
1276 2093 1377 2149 hoc
1420 2108 1525 2147 non
1575 2099 1797 2162 apparet

194 2194 445 2259 omnino,
482 2201 661 2245 tttrum
706 2190 795 2260 qui
841 2188 1146 2244 nominatur
1186 2186 1430 2258 genitus,
1482 2186 1596 2255 ipse
1640 2182 1801 2239 fuerit

198 2282 593 2355 primogenitus
619 2298 635 2337 :
661 2280 772 2337 imo
798 2294 947 2348 vero,
979 2280 1231 2351 quoniam
1262 2277 1517 2334 credibile
1546 2292 1651 2331 non
1677 2285 1759 2331 est
1780 2318 1796 2342 ,

196 2387 377 2446 patres
407 2374 532 2429 illos
559 2382 721 2429 aetate
748 2383 854 2428 tam
878 2372 1031 2443 longa
1060 2380 1151 2425 aut
1180 2369 1481 2440 impuberes
1502 2367 1684 2429 fuisse,
1709 2376 1802 2421 aut

197 2466 517 2537 conjugihus
540 2464 782 2521 caruisse
806 2463 891 2519 vel
917 2462 1142 2528 fetibus;
1174 2476 1273 2517 nec
1302 2461 1420 2516 illos
1448 2475 1632 2516 eorum
1661 2459 1802 2515 illius

199 2560 401 2631 primos
426 2558 512 2613 eis
545 2564 701 2612 natos
731 2556 895 2612 fuisse
932 2554 1188 2611 credibile
1215 2564 1314 2609 est.
1346 2552 1451 2609 Sed
1478 2567 1599 2608 cum
1633 2566 1802 2607 sacrae

200 2652 429 2721 scriptor
447 2648 692 2708 historia:
715 2647 783 2706 ad
806 2656 987 2704 ortum
1013 2647 1282 2718 vitamque
1310 2644 1425 2700 Noe
1445 2683 1459 2708 .
1490 2644 1646 2716 cujus
1674 2653 1803 2699 tem-

200 2758 326 2813 pore
350 2742 616 2797 diluvium
655 2740 850 2796 factum
878 2748 997 2807 est,
1027 2755 1122 2810 per
1153 2737 1526 2794 successiones
1565 2751 1800 2809 genera-

203 2836 406 2891 tionem
437 2834 640 2890 notatis
671 2834 1002 2904 temporibus
1039 2830 1342 2889 intenderet
1367 2831 1683 2903 pervenire,
1711 2845 1803 2886 eas

202 2929 381 2999 utique
410 2927 895 2995 commemoravit,
930 2941 1035 2982 non
1065 2942 1185 2997 qua:
1212 2926 1399 2997 prima:
1427 2924 1539 2981 suis
1569 2924 1805 2997 parenti-

203 3017 300 3073 bus
326 3019 534 3075 fuerint
559 3059 576 3087 ,
605 3018 701 3076 sed
730 3035 848 3091 quae
877 3018 931 3074 in
958 3018 1357 3090 propagationis
1378 3016 1622 3075 ordinem
1642 3031 1804 3073 vene-

203 3112 326 3167 rint.

268 3205 324 3260 2.
368 3206 624 3278 Exempli
662 3206 871 3279 gratia,
899 3221 1007 3279 quo
1052 3205 1104 3262 id
1147 3207 1242 3262 ﬂat
1284 3205 1556 3277 apertius,
1604 3204 1805 3278 aliquid

205 3296 545 3370 interponam
571 3340 587 3366 ,
618 3298 762 3355 unde
787 3300 966 3356 nullus
996 3300 1229 3371 ambigat
1258 3299 1373 3356 ﬁeri
1406 3300 1641 3369 potuisse
1662 3298 1806 3370 quod

205 3389 343 3445 dico.
375 3390 722 3462 Evangelista
751 3390 1029 3447 Matthmus
1067 3391 1469 3463 generationem
1515 3391 1806 3447 Dominicte

207 3488 382 3542 carnis
410 3502 511 3558 per
541 3485 735 3542 seriem
762 3495 1043 3557 parentum
1075 3487 1262 3543 volens
1286 3484 1670 3542 commendare
1692 3501 1807 3541 me-

206 3582 426 3646 muriae,
475 3580 696 3636 ordiens
721 3596 751 3636 a
793 3590 944 3652 patre
982 3581 1283 3649 Abraham,
1326 3588 1487 3651 atque
1526 3580 1594 3636 ad
1641 3579 1806 3636 David

209 3672 459 3742 primitus
488 3680 549 3727 ut
574 3672 881 3743 perveniret
906 3671 1191 3729 intendens
1214 3713 1229 3739 ,
1272 3671 1529 3727 Abraham
1550 3711 1569 3735 ,
1598 3670 1803 3742 inquit,

208 3765 379 3834 genuit
414 3762 574 3819 Isaac
598 3779 618 3818 :
637 3780 735 3820 cur
762 3780 869 3820 non
895 3764 1069 3832 dixit,
1098 3763 1291 3820 lsmael
1314 3805 1330 3830 ,
1359 3778 1517 3835 quem
1563 3762 1809 3834 primitus

208 3855 431 3925 genuit?
460 3854 613 3911 Isaac
646 3865 847 3923 autem,
894 3856 1094 3927 inquit,
1129 3856 1303 3928 genuit
1340 3855 1503 3910 Jacob
1524 3869 1663 3911 :cur
1701 3870 1809 3910 non

208 3946 383 4013 dixit,
418 3946 565 4003 Esau
589 3989 605 4014 ,
639 3951 729 4019 qui
756 3949 873 4020 ejus
903 3949 1288 4020 primogenitus
1314 3947 1454 4002 fuit?
1483 3946 1617 4015 Quia
1658 3946 1808 4003 scili-

208 4049 297 4097 cet
328 4057 426 4110 per
456 4042 579 4097 illos
608 4041 674 4097 ad
720 4042 887 4097 David
914 4045 1197 4114 pervenire
1228 4056 1335 4097 non
1364 4049 1563 4113 posset.
1606 4038 1823 4096 Deinde.

210 4134 476 4202 sequitur,
518 4132 680 4187 Jacob
706 4144 873 4187 autem
898 4133 1067 4204 genuit
1089 4132 1282 4187 ludam
1302 4172 1319 4200 ,
1362 4143 1409 4187 et
1436 4135 1619 4204 fratres
1648 4132 1761 4203 ejus
1789 4146 1810 4186 :

209 4226 474 4297 numquid
510 4227 677 4283 ludas
724 4226 1108 4297 primogenitus
1152 4226 1291 4282 fuit?
1340 4226 1546 4293 ludas,
1600 4226 1809 4296 inquit,

210 4320 385 4389 genuit
415 4318 617 4374 Phares
656 4326 704 4375 et
741 4318 930 4373 Zaram
959 4326 976 4391 (
1008 4318 1194 4374 Matth.
1223 4335 1275 4387 ι,
1303 4319 1359 4386 2,
1389 4321 1445 4391 5)
1477 4336 1489 4372 :
1540 4334 1639 4373 nec
1680 4319 1812 4373 isto-

211 4428 333 4466 rum
363 4411 698 4478 geminorum
724 4410 919 4482 aliquis
961 4409 1060 4467 fuit
1091 4412 1472 4481 primogenitus
1500 4409 1649 4466 Judze
1670 4451 1685 4477 ,
1719 4409 1817 4465 sed

212 4510 343 4557 ante
374 4501 497 4556 illos
519 4501 630 4571 jam
658 4510 767 4556 tres
786 4509 1065 4573 genuerat.
1096 4500 1202 4557 Eos
1226 4502 1407 4572 itaque
1433 4501 1604 4556 tenuit
1641 4502 1693 4555 in
1719 4515 1810 4556 or-

212 4594 340 4649 dine
382 4592 788 4664 generationum
809 4634 825 4661 ,
860 4608 954 4664 per
978 4609 1113 4665 quos
1147 4592 1216 4649 ad
1256 4593 1421 4648 David
1442 4634 1459 4661 ,
1486 4601 1649 4664 atque
1690 4592 1816 4649 inde

212 4699 319 4755 quo
371 4684 703 4753 intenderat,
737 4686 1065 4756 perveniret.
1091 4686 1169 4741 Ex
1200 4701 1307 4756 quo
1347 4686 1565 4758 intelligi
1594 4693 1812 4756 potest,

214 4787 431 4833 veteres
477 4793 689 4849 quoque
731 4778 975 4835 homines
1004 4788 1129 4833 ante
1156 4779 1417 4833 diluvium
1456 4793 1559 4832 non
1609 4776 1814 4849 primo-

213 4870 428 4941 genitos
448 4910 466 4935 ,
494 4868 587 4924 sed
612 4885 707 4925 eos
736 4869 896 4925 fuisse
926 4879 1397 4935 commemoratos,
1422 4884 1517 4939 per
1535 4882 1667 4939 quos
1693 4881 1817 4924 suc-

212 4959 528 5014 cedentium
566 4957 700 5014 ordo
745 4960 1150 5031 generationum
1185 4958 1252 5014 ad
1297 4957 1409 5014 Noe
1458 4958 1815 5028 patriarcham

214 5051 531 5117 duceretur,
562 5066 631 5106 ne
658 5065 794 5107 sera:
819 5052 1114 5121 pubertatis
1144 5051 1355 5106 illorum
1382 5050 1607 5106 obscura
1630 5059 1683 5105 et
1709 5066 1817 5107 non

215 5143 528 5198 necessaria
559 5144 784 5214 quaestio
810 5159 908 5199 nos
935 5143 1139 5215 fatiget.

211 5233 447 5291 CAPUT
477 5234 616 5289 XVI.
642 5266 717 5277 -—
740 5236 820 5292 De
850 5238 967 5309 jure
999 5239 1379 5312 conjugiorum,
1405 5238 1543 5310 quod
1576 5238 1823 5294 dissimile

282 5346 318 5383 a
356 5328 773 5399 subsequentibus
812 5334 1146 5389 matrimoniis
1190 5334 1455 5389 habuerint
1494 5335 1659 5405 prima
1694 5349 1820 5388 con-

287 5422 466 5477 habia.

290 5511 346 5565 1.
383 5511 519 5569 Cum
544 5514 705 5586 igitur
726 5529 895 5586 genus
923 5515 1211 5573 humanum
1242 5525 1363 5589 post
1403 5518 1625 5590 primam
1652 5534 1822 5591 copu-

221 5598 324 5657 iam
349 5601 453 5656 viri
474 5600 598 5661 facti
617 5621 682 5661 ex
704 5607 947 5677 pulvere,
965 5617 1020 5665 et
1037 5608 1278 5682 conjugis
1297 5610 1412 5681 ejus
1429 5626 1493 5667 ex
1513 5611 1611 5665 viri
1632 5612 1820 5678 latere,

215 5695 454 5749 marium
481 5693 909 5771 feminarumque
933 5702 1310 5771 conjunctione
1335 5717 1468 5774 Opus
1496 5703 1737 5768 haberet,
1766 5712 1823 5759 ut

212 5785 495 5858 gignendo
531 5791 1006 5866 ntultiplicaretur;
1046 5810 1146 5851 nec
1188 5804 1370 5851 essent
1406 5796 1501 5851 ulli
1538 5795 1818 5864 homines,

212 5881 319 5937 nisi
349 5880 445 5951 qui
472 5894 540 5935 ex
564 5882 666 5939 illis
687 5883 897 5943 duobus
924 5889 1034 5944 nati
1062 5888 1317 5957 fuissent;
1341 5889 1440 5945 viri
1462 5904 1679 5946 sorores
1697 5904 1824 5947 suas

210 5976 483 6047 conjuges
512 5988 831 6047 acceperunt
860 5999 873 6035 :
902 5982 1044 6052 quod
1082 5983 1325 6055 profecto
1350 5993 1549 6059 quanto
1576 5990 1659 6042 est
1686 5984 1826 6043 anti-

511 6071 741 6139 Sancr.
768 6075 1049 6140 Accusa.
1096 6078 1228 6149 VII.

1374 493 1579 553 LIBER
1619 487 1913 548 DEClMUS
1949 489 2265 559 QUINTUS.

3373 500 3484 561 ΛΕΘ

1893 602 2049 673 quius
2073 603 2423 674 compellente
2450 607 2785 671 necessitate,
2812 616 2958 665 tanto
2979 618 3159 681 postea
3185 608 3382 669 factum
3404 622 3489 672 est

1893 696 2246 751 damnabilius
2272 698 2527 768 religione
2556 699 2888 768 prohibente.
2913 702 3099 759 Habita
3121 713 3206 760 est
3229 706 3371 761 enim
3398 723 3487 764 rs-

1893 787 1969 847 tio
1989 788 2287 845 rectissima
2309 789 2602 855 charitatis,
2625 801 2683 846 ut
2702 791 2944 849 homines
2963 794 3153 865 quibus
3172 809 3318 853 esset
3338 798 3488 855 utilis

1892 891 2052 954 atque
2079 884 2301 938 honesta
2328 882 2611 938 concordia
2629 925 2645 947 ,
2671 884 2998 940 diversarum
3028 888 3484 948 necessitudinum

1892 976 2123 1032 vinculis
2153 982 2529 1040 necterentur;
2558 989 2655 1030 nec
2681 990 2818 1030 unus
2846 976 2900 1031 iu
2924 993 3032 1032 uno
3053 978 3072 1012 ί
3097 980 3293 1037 multas
3318 981 3487 1039 habe-

1894 1079 2007 1135 ret,
2037 1069 2134 1126 sed
2164 1068 2385 1141 singula:
2412 1076 2789 1141 spargerentur
2824 1068 2880 1124 in
2919 1069 3190 1143 singulos;
3219 1087 3285 1130 ac
3311 1075 3389 1131 sic
3418 1071 3486 1134 ad

1895 1163 2147 1219 socialem
2170 1162 2330 1218 vitam
2354 1156 2659 1234 diligentius
2682 1158 3035 1232 colligandam
3057 1164 3079 1195 ¹
3104 1162 3349 1234 plurima:
3370 1167 3489 1239 plu-

1895 1258 2061 1313 rimos
2088 1259 2407 1315 obtinerent.
2450 1259 2609 1315 Pater
2633 1260 2827 1331 quippe
2854 1266 2910 1316 et
2935 1270 3093 1315 socer
3113 1257 3339 1316 duarum
3365 1267 3489 1317 sunt

1896 1353 2352 1408 necessitudinum
2384 1353 2619 1407 nomina.
2654 1352 2723 1409 Ut
2760 1368 2889 1425 ergo
2928 1354 3089 1409 alium
3123 1351 3351 1427 quisque
3390 1352 3488 1408 hac

1896 1444 2019 1501 beat
2047 1458 2252 1518 patrem
2272 1489 2287 1513 ,
2318 1447 2478 1502 alium
2507 1462 2785 1511 socerum,
2815 1448 3151 1504 numerosius
3174 1463 3235 1504 se
3258 1447 3491 1505 claritas

1897 1538 2139 1609 porrigit.
2172 1537 2465 1611 Utrumque
2487 1550 2667 1595 autem
2696 1554 2834 1595 unus
2860 1541 3027 1595 Adam
3056 1556 3175 1597 esse
3202 1538 3495 1613 cogebatur

1898 1637 1955 1685 et
1975 1629 2097 1685 filiis
2119 1638 2176 1687 et
2196 1630 2405 1687 ﬁliabus
2424 1634 2554 1697 suis,
2578 1631 2791 1703 quando
2813 1631 3006 1689 fratres
3029 1648 3347 1705 sororesque
3366 1648 3497 1690 con-

1898 1722 2061 1779 nubio
2074 1722 2454 1795 jungebantur.
2473 1724 2563 1779 Sic
2584 1736 2638 1781 et
2660 1724 2790 1794 Eva,
2815 1740 2948 1781 uxor
2966 1725 3101 1795 ejus,
3116 1726 3323 1796 utrique
3342 1724 3496 1784 sexui

1899 1815 2128 1873 ﬁliorum
2157 1816 2255 1873 fuit
2281 1826 2337 1873 et
2369 1831 2556 1873 socrus
2580 1829 2634 1873 et
2664 1826 2835 1873 mater
2868 1836 2880 1872 :
2909 1833 3028 1889 qua:
3063 1819 3107 1873 si
3134 1818 3253 1874 dua:
3281 1817 3498 1876 femirm

1899 1908 2160 1979 fuissent,
2187 1920 2361 1967 mater
2384 1911 2549 1967 altera
2572 1953 2586 1978 ,
2618 1919 2674 1967 et
2699 1925 2887 1965 socrus
2914 1910 3080 1966 altera
3102 1952 3116 1977 ,
3145 1912 3412 1983 copiosius
3436 1926 3499 1971 se

1900 2003 2113 2060 socialis
2154 2003 2370 2062 dilectio
2408 2004 2701 2076 colligaret.
2747 2003 2865 2074 ipsa
2903 2003 3129 2076 denique
3164 2004 3274 2075 jam
3304 2018 3496 2073 soror,

1900 2095 2041 2167 quod
2062 2095 2084 2127 ³
2110 2095 2269 2151 etiam
2299 2111 2433 2151 uxor
2459 2094 2640 2163 ﬁebat,
2668 2096 2805 2150 duas
2833 2095 3048 2151 tenebat
3075 2110 3175 2151 una
3203 2096 3497 2152 necessitu-

1900 2186 2053 2243 dines
2083 2205 2097 2241 :
2129 2188 2320 2260 quibus
2349 2202 2446 2258 per
2470 2188 2705 2260 singulas
2735 2188 3055 2255 distributis,
3086 2198 3143 2243 ut
3167 2191 3329 2245 altera
3351 2196 3499 2247 esset

1903 2294 2077 2345 soror,
2101 2280 2268 2336 altera
2298 2295 2459 2347 uxor,
2487 2280 2762 2335 hominum
2793 2295 3016 2335 numero
3040 2280 3253 2337 socialis
3281 2281 3499 2353 propin~

1902 2372 2077 2442 quitas
2100 2382 2405 2442 augeretur.
2431 2370 2541 2428 Sed
2569 2369 2671 2427 hoc
2700 2370 2841 2427 unde
2867 2371 3021 2427 ileret
3062 2381 3185 2427 tunc
3215 2388 3319 2426 non
3346 2378 3500 2439 erat,

1903 2461 2118 2533 quando
2152 2463 2257 2518 nisi
2286 2462 2479 2520 fratres
2517 2472 2575 2519 et
2607 2478 2824 2518 sorores
2849 2477 2916 2519 ex
2947 2462 3053 2518 illis
3078 2463 3284 2518 duobus
3310 2465 3501 2537 primis

1904 2554 2037 2609 nulli
2067 2553 2312 2611 homines
2336 2563 2508 2611 erant.
2536 2553 2682 2611 Fieri
2707 2569 2836 2627 ergo
2860 2553 3042 2610 debuit
3067 2555 3278 2626 quando
3310 2556 3501 2627 potuit,

1905 2657 1966 2703 ut
1999 2649 2265 2705 existente
2304 2649 2457 2719 copia
2490 2647 2615 2705 inde
2642 2647 2963 2705 ducerentur
2995 2663 3218 2715 uxores,
3245 2664 3365 2719 quin
3394 2662 3504 2707 nou

1904 2751 2058 2799 erant
2076 2741 2189 2813 jam
2214 2756 2459 2807 sorores;
2487 2750 2542 2798 et
2566 2756 2673 2798 non
2700 2740 2877 2797 solum
2906 2740 3043 2795 istud
3075 2749 3131 2795 ut
3158 2739 3331 2807 ﬁeret,
3359 2737 3505 2797 nulla

1905 2832 2199 2891 necessitas
2238 2845 2419 2901 esset,
2450 2850 2637 2891 verum
2663 2835 2823 2889 etiam
2854 2834 2900 2889 si
2935 2833 3121 2901 iieret,
3154 2833 3304 2891 nefas
3337 2842 3503 2892 esset.

1905 2925 2038 2983 Nam
2065 2927 2111 2981 si
2138 2933 2194 2983 et
2216 2935 2439 2998 nepotes
2464 2926 2762 2998 primorum
2790 2924 3065 2981 hominum
3086 2966 3101 2992 ,
3128 2928 3217 2997 qui
3239 2928 3349 2997 jam
3377 2941 3509 2984 con-

1906 3019 2154 3077 sobrinas
2178 3028 2425 3090 poterant
2452 3021 2694 3090 accipere
2717 3019 2993 3091 conjuges,
3024 3020 3296 3076 sororibus
3321 3020 3507 3078 matri-

1907 3112 2089 3168 monio
2111 3112 2501 3183 jungerentur;
2531 3127 2636 3167 non
2653 3112 2765 3181 jam
2791 3112 2933 3180 duae,
2960 3112 3054 3168 sed
3081 3123 3188 3167 tres
3212 3114 3262 3168 iu
3287 3114 3507 3173 homine

1908 3218 2016 3259 uno
2056 3204 2474 3260 necessitudines
2515 3203 2733 3269 tierent,
2768 3218 2889 3274 qum
2935 3213 3153 3274 propter
3188 3204 3505 3263 charitatem

1910 3297 2279 3353 numerosiore
2325 3297 2719 3370 propinquitate
2769 3297 3117 3365 nectendam,
3165 3298 3506 3356 disseminari

1911 3406 2007 3462 per
2029 3389 2267 3461 singulos
2292 3389 2514 3461 singulae
2539 3387 2859 3445 debuerunt.
2893 3389 3045 3444 Esset
3072 3388 3213 3443 enim
3242 3405 3378 3446 unus
3407 3389 3508 3447 ho-

1909 3498 2001 3540 mo
2026 3483 2150 3539 tiliis
2171 3482 2319 3551 suis,
2347 3482 2497 3538 fratri
2525 3482 2731 3538 scilicet
2770 3481 3047 3551 sororiquc
3076 3481 3424 3553 conjugibus,
3452 3490 3510 3540 et

1912 3587 2063 3650 pater
2086 3585 2141 3632 et
2168 3591 2325 3633 socer
2360 3584 2417 3632 et
2450 3576 2789 3633 avunculus:
2823 3575 2893 3629 ita
2922 3583 2973 3630 et
3002 3589 3136 3629 uxor
3171 3575 3288 3645 ejus
3317 3574 3509 3634 iisdem

1910 3670 2283 3727 communibus
2306 3669 2429 3725 filiis
2448 3678 2504 3726 et
2528 3678 2700 3725 mater
2722 3678 2777 3723 et
2802 3668 2965 3723 amita
2991 3680 3046 3724 et
3069 3683 3293 3726 socrus:
3317 3669 3508 3727 iidem-

1911 3779 2015 3836 que
2040 3763 2179 3820 inter
2205 3776 2266 3819 se
2293 3761 2388 3818 illii
2418 3776 2625 3826 eorum,
2658 3776 2764 3815 non
2792 3760 2965 3815 solum
2991 3770 3171 3816 essent
3201 3760 3395 3819 fratres
3420 3770 3509 3819 at-

1911 3871 2016 3927 que
2038 3855 2295 3926 conjuges
2317 3894 2334 3921 ,
2362 3868 2549 3910 verum
2579 3850 2742 3908 etiam
2768 3850 3110 3918 consobrini;
3141 3852 3265 3924 quia
3300 3859 3359 3908 et
3394 3850 3509 3910 fra-

1916 3958 2055 4005 trum
2087 3947 2201 4003 iilii.
2231 3947 2432 4004 Omnes
2457 3954 2633 4001 autem
2665 3946 2781 4001 ista
2805 3944 3248 4012 necessitudines,
3274 3961 3393 4017 qua:
3416 3945 3512 4003 uni

1914 4041 2116 4099 homini
2145 4051 2254 4097 tres
2280 4040 2524 4097 homines
2550 4038 2972 4106 connectebant,
3002 4053 3193 4094 novem
3220 4047 3511 4097 connecte-

1914 4145 2069 4205 rent,
2111 4136 2158 4193 si
2202 4143 2383 4191 essent
2427 4134 2481 4189 in
2525 4134 2746 4206 singulis
2785 4132 3043 4205 singulae,
3080 4142 3138 4188 ut
3172 4147 3310 4188 unus
3348 4131 3513 4190 homo

1914 4229 2137 4287 haberet
2171 4231 2393 4286 alteram
2433 4243 2675 4285 sororem
2695 4270 2712 4297 ,
2743 4227 2965 4284 alteram
2998 4242 3219 4283 uxorem
3241 4267 3257 4294 ,
3288 4227 3511 4284 alteram

1914 4324 2287 4379 consobrinam
2307 4364 2323 4391 ,
2352 4323 2579 4379 alterum
2623 4330 2862 4393 patrem,
2894 4323 3121 4378 alterum
3157 4321 3511 4389 avunculum,

1915 4417 2142 4473 alterum
2170 4432 2413 4473 socerum
2432 4458 2446 4481 ,
2474 4416 2696 4470 alteram
2724 4425 2946 4471 matrem
2967 4457 2984 4483 ,
3013 4415 3234 4471 alteram
3261 4414 3511 4483 amitam,

1916 4509 2140 4565 alteram
2170 4524 2384 4563 socrum
2417 4524 2430 4561 :
2461 4516 2621 4577 atque
2648 4507 2717 4561 ita
2746 4521 2805 4562 se
2837 4522 2942 4561 non
2973 4506 3024 4561 in
3062 4506 3327 4577 paucitate
3352 4519 3511 4561 coar-

1916 4612 2139 4668 ctatum,
2166 4601 2261 4657 sed
2288 4601 2446 4655 latius
2474 4610 2630 4670 atque
2658 4599 2993 4654 numerosius
3029 4599 3513 4673 propinquitatibus

1917 4693 2121 4749 crebris
2146 4690 2414 4745 vinculum
2446 4689 2642 4744 sociale
2668 4687 3007 4745 diffunderet.

1987 4786 2043 4841 2.
2071 4772 2221 4854 Quod
2252 4784 2485 4840 humano
2510 4798 2703 4854 genere
2732 4791 3007 4839 crescente
3035 4793 3089 4837 et
3127 4783 3513 4853 multiplicato,

1920 4880 2080 4936 etiam
2126 4880 2265 4934 inter
2311 4877 2502 4947 impios
2546 4877 2766 4931 deorum
2813 4876 3102 4932 multorum
3151 4873 3514 4943 falsorumque

1921 4974 2157 5029 cultores
2185 4972 2263 5027 sic
2292 4971 2564 5026 observari
2590 4971 2857 5025 cernimus
2877 5010 2891 5037 ,
2921 4979 2975 5025 ut
3006 4968 3223 5025 etiamsi.
3245 4967 3515 5036 perversis

1923 5066 2126 5137 legibus
2152 5065 2526 5136 permittantur
2552 5062 2781 5117 fraterna
2809 5061 3049 5132 conjugia
3070 5101 3084 5123 ,
3118 5058 3305 5112 melior
3334 5066 3512 5114 tamen

1921 5156 2252 5213 consuetudo
2280 5157 2447 5227 ipsam
2478 5154 2626 5209 malit
2665 5153 2951 5208 exhorrere
2982 5151 3282 5215 licentiam;
3311 5160 3363 5204 et
3389 5165 3513 5205 cum

1923 5264 2138 5306 sorores
2164 5249 2409 5318 accipere
2443 5249 2493 5301 in
2525 5246 2919 5300 matrimonium
2959 5243 3143 5312 primis
3173 5242 3390 5298 lutmani
3418 5260 3516 5315 ge-

1927 5345 2069 5401 neris
2094 5343 2425 5414 temporibus
2450 5340 2669 5394 omnino
2696 5338 2921 5403 licuerit,
2944 5338 3023 5392 sic
3044 5347 3341 5404 aversetur,
3364 5339 3515 5409 quasi

1927 5452 2195 5508 nunquam
2228 5435 2392 5491 licere
2422 5432 2670 5503 potuerit.
2706 5430 2785 5486 Ad
2814 5430 3100 5484 humanum
3127 5430 3268 5485 enim
3297 5445 3513 5485 sensum

1926 5532 2009 5587 vel
2030 5529 2386 5594 alliciendum,
2406 5527 2488 5583 vel
2511 5523 2886 5581 oll'endendum
2908 5538 3027 5579 mos
3046 5524 3189 5580 valet
3209 5523 3515 5594 pluriumm.

1927 5626 2026 5696 Qui
2059 5641 2178 5681 cum
2206 5624 2260 5679 in
2290 5623 2389 5678 hac
2418 5636 2576 5677 causa
2605 5617 3101 5675 immoderationem
3129 5618 3515 5690 concupiscen-

1992 5808 2008 5837 ί
2047 5813 2144 5853 itm.
2171 5810 2224 5853 et
2254 5809 2384 5863 πίοι,
2422 5811 2474 5851 in
2496 5810 2610 5849 ima.
2653 5795 2975 5847 Emendantur
3015 5795 3074 5845 ad
3106 5790 3242 5843 νιοιι.
3268 5796 3343 5843 Fr.
3384 5789 3518 5842 etuti

1927 5872 2291 5928 manuscriptos.

1992 5930 2014 5962 ⁸
2046 5929 2151 5979 Sola
2170 5922 2324 5977 editio
2346 5932 2478 5984 Lov.,
2503 5922 2840 5988 colligendam.

1997 5993 2019 6026 ³
2051 5989 2220 6044 Plures
2235 5996 2363 6052 nu,
2385 5999 2512 6052 qua.

1830 6180 1831 6183 η
1898 6101 1931 6115 ν
2701 6067 3039 6161 (Quinze./
