4054 6472
567 449 675 508 459

564 566 651 620 tim
682 571 952 635 coerceat,
975 576 1099 624 eum
1124 560 1411 634 dissignari
1426 564 1444 594 ⁸
1471 568 1634 633 atque
1664 560 1938 632 corrumpi
1965 557 2159 615 merito

566 672 687 715 esse
714 657 972 717 nefarium
995 654 1281 729 iudicatur.
1312 653 1373 713 Si
1397 655 1543 714 enim
1577 654 1820 728 iniquum
1845 663 1961 722 est,
1985 652 2157 711 avidi-

567 758 678 807 tate
717 748 1022 821 possidendi
1056 746 1361 822 transgredi
1395 747 1620 806 limitem
1650 761 1934 820 agrorum,
1959 754 2161 820 quanto

565 853 650 903 est
677 841 908 916 iniquius
935 842 1157 903 libidine
1181 841 1574 901 eoneumbendi
1597 841 1916 903 subvertere
1933 842 2159 899 limitem

566 935 819 993 morum?
854 933 1079 1007 Experti
1119 944 1301 995 autem
1337 950 1527 994 sumus
1557 935 1617 992 in
1647 934 1930 993 manubiis
1960 949 2158 993 conso-

564 1026 839 1087 brinorum
870 1030 1036 1088 etiam
1076 1030 1277 1089 nostris
1313 1028 1640 1101 temporibus
1678 1036 1900 1102 propter
1934 1026 2161 1102 gradum

567 1120 980 1193 propinquitatis
1003 1119 1245 1181 fraterno
1267 1120 1462 1196 gradui
1487 1121 1818 1194 proximum,
1850 1136 2011 1194 quam
2035 1136 2160 1179 raro

565 1228 661 1284 per
686 1228 867 1273 mores
891 1214 1077 1281 flebat,
1101 1213 1243 1287 quod
1270 1213 1389 1272 fieri
1413 1229 1508 1285 per
1533 1214 1679 1286 leges
1707 1214 1934 1281 licebat;
1956 1214 2082 1288 quia
2105 1213 2159 1272 id
2254 1261 2263 1268 .

563 1318 668 1361 nec
693 1303 876 1363 divina
902 1304 1211 1378 prohibuit,
1234 1313 1287 1363 et
1312 1304 1550 1363 nondum
1575 1304 1920 1377 prohibuerat
1944 1306 2031 1364 lex
2054 1304 2157 1365 hu-

566 1411 723 1453 mana
753 1392 850 1471 (a).
876 1390 1258 1454 Verumtamen
1285 1396 1483 1454 factum
1508 1398 1670 1456 etiam
1699 1396 1901 1455 licitum
1939 1406 2160 1471 propter

565 1489 891 1549 vicinitatem
938 1490 1257 1548 horrebatur
1298 1491 1504 1557 illiciti;
1548 1499 1605 1548 et
1649 1491 1797 1565 quod
1834 1491 1997 1549 fiebat
2036 1508 2161 1549 cum

566 1585 908 1655 consobrina,
936 1600 1075 1658 pene
1099 1601 1225 1642 eum
1245 1600 1431 1643 sorore
1458 1584 1576 1643 ﬁeri
1606 1585 1886 1643 videbatur
1915 1604 1929 1642 :
1959 1584 2083 1659 quia
2104 1595 2163 1643 et

567 1676 669 1750 ipsi
708 1678 846 1736 inter
878 1694 937 1737 se
970 1687 1189 1751 propter
1216 1687 1325 1735 tam
1352 1677 1710 1753 prepinquam
1731 1679 2164 1753 consanguinita-

568 1778 677 1826 tem
700 1770 894 1827 fratres
920 1779 1198 1839 vocantur,
1229 1778 1288 1829 et
1310 1785 1450 1844 pene
1475 1772 1723 1843 germani
1742 1781 1887 1829 sunt.
1915 1770 2039 1829 Fuit
2062 1786 2161 1829 au-

569 1870 679 1918 tem
705 1862 937 1934 antiquis
963 1860 1202 1935 patribus
1228 1863 1493 1937 religiosae
1517 1879 1681 1933 curre,
1709 1879 1778 1922 ne
1803 1865 1915 1939 ipsa
1942 1865 2161 1938 propin-

566 1952 742 2025 quitas
785 1968 844 2011 se
886 1954 1143 2026 paulatim
1191 1957 1547 2030 propaginum
1586 1956 1869 2015 ordinibus
1905 1957 2165 2016 dirimens

560 2040 776 2119 longius
817 2046 990 2105 abiret
1029 2056 1086 2105 et
1130 2048 1497 2121 propinquitas
1536 2064 1657 2106 esse
1692 2049 2017 2119 desisteret,
2044 2064 2165 2107 eam

566 2137 805 2196 nondum
829 2139 985 2213 longe
1010 2141 1237 2213 positam
1259 2156 1446 2198 rursus
1468 2141 1795 2198 matrimonii
1818 2142 2029 2198 vinculo
2052 2140 2167 2199 col-

562 2224 753 2303 ligare,
776 2240 834 2288 et
851 2232 1248 2305 quodammodo
1268 2247 1528 2292 revocare
1548 2232 1860 2306 fugientem.
1883 2231 2037 2292 Unde
2050 2234 2163 2305 iam

565 2322 730 2397 pleno
756 2323 1063 2384 hominibus
1085 2325 1218 2384 orbe
1248 2333 1539 2392 terrarum.
1566 2341 1681 2382 non
1705 2326 1920 2397 quidem
1949 2340 2165 2383 sorores

565 2398 641 2473 ex.
670 2427 825 2488 patre
861 2417 950 2475 vel
987 2425 1159 2474 matre
1177 2458 1195 2485 ,
1224 2418 1312 2476 vel
1338 2432 1407 2473 ex
1429 2416 1690 2475 ambobus
1718 2417 1831 2475 suis
1856 2417 2165 2490 parentibus

570 2517 742 2578 natas,
771 2510 868 2569 sed
893 2520 1071 2570 tamen
1098 2512 1350 2571 amabant
1373 2510 1442 2568 de
1462 2526 1564 2567 suo
1588 2525 1787 2584 genere
1808 2510 2007 2568 dueere
2032 2525 2163 2569 υιαρ

568 2616 677 2661 res.
704 2601 904 2661 Verum
928 2603 1048 2676 quis
1075 2602 1287 2662 dubitet
1311 2602 1586 2661 honestius
1609 2601 1713 2659 hoc
1739 2610 1980 2676 tempore
2003 2602 2165 2659 etiam

568 2695 1014 2754 consobrinorum
1031 2697 1054 2729 ¹
1096 2695 1365 2769 prohibita
1392 2709 1514 2753 esse
1547 2695 1829 2769 coniugia?
1858 2711 1966 2752 non
1991 2697 2166 2754 solum

569 2790 866 2848 secundum
889 2805 954 2848 ea
978 2806 1100 2864 qua:
1121 2790 1533 2862 disputavimus,
1559 2799 1781 2863 propter
1807 2789 2166 2863 multiplican-

568 2877 667 2938 das
708 2879 1026 2952 afﬁnitates,
1071 2896 1142 2940 ne
1184 2881 1381 2939 habeat
1423 2881 1557 2941 duas
1598 2881 2023 2941 necessitudines
2062 2898 2168 2941 una

568 2984 835 3044 persona,
864 2986 987 3030 eum
1014 2972 1134 3030 dum
1175 2973 1383 3045 possint
1417 2988 1510 3031 eas
1551 2972 1784 3040 habere,
1816 2982 1874 3031 et
1909 2989 2168 3033 numerus

556 3061 981 3139 propinquitatis
1001 3063 1223 3139 augeri;
1240 3066 1339 3123 sed
1364 3066 1523 3123 etiam
1549 3067 1675 3139 quia
1698 3066 1878 3123 nescio
1898 3067 2168 3139 quomodo

569 3154 714 3214 inest
752 3157 999 3216 hmnanm
1040 3159 1378 3217 verecundia:
1419 3158 1674 3233 quiddam
1719 3161 1964 3219 naturale
2006 3170 2169 3236 atque

567 3246 856 3319 laudabile,
884 3259 941 3308 ut
963 3251 1048 3310 cui
1069 3251 1235 3310 debet
1268 3266 1430 3310 causa
1481 3253 1894 3329 propinquitatis
1916 3269 2169 3315 reveren—

568 3339 699 3400 dum
719 3342 741 3375 ³
769 3342 1054 3413 honorem,
1081 3344 1150 3402 ab
1174 3360 1239 3403 ea
1267 3344 1563 3412 contineat,
1591 3345 1836 3419 quamvis
1871 3348 2169 3420 generaui-

567 3448 714 3504 cem,
735 3444 914 3494 tamen
943 3437 1239 3506 libidinem,
1266 3437 1335 3494 de
1362 3452 1467 3510 qua
1493 3437 1819 3497 erubescere
1829 3436 2089 3504 videmus
2112 3449 2170 3499 et

569 3527 743 3602 ipsam
770 3527 1079 3603 pudicitiam
1107 3529 1464 3604 coniugalem.

641 3619 697 3678 ὅ.
723 3618 1004 3695 Copulatio
1029 3621 1190 3696 igitur
1213 3622 1378 3680 maris
1407 3628 1465 3679 et
1484 3620 1727 3709 feminae,
1756 3630 2019 3696 quantum
2038 3626 2165 3682 atti-

569 3722 664 3771 net
690 3713 757 3770 ad
783 3728 955 3788 genus
982 3714 1309 3784 mortalium,
1333 3712 1602 3788 quoddam
1624 3713 1968 3773 seminarium
1990 3724 2074 3773 est
2094 3717 2169 3774 ci-

568 3806 748 3864 vitatis
774 3823 789 3862 :
821 3806 918 3865 sed
944 3816 1156 3867 terrena
1183 3806 1372 3865 civitas
1397 3805 1747 3880 generatione
1775 3807 2164 3878 tantummodo,

568 3899 805 3961 calestis
844 3909 1026 3958 autem
1070 3900 1234 3958 etiam
1274 3899 1681 3973 regenerationis
1716 3914 1850 3972 opm
1892 3900 2080 3970 habet,
2111 3911 2170 3959 ut

569 4009 766 4051 noxam
785 3994 1147 4068 generationis
1166 3992 1377 4051 evadat.
1403 3992 1594 4053 Utrum
1617 4000 1794 4050 autem
1819 3993 2035 4067 aliquod
2051 3994 2168 4054 fue-

570 4086 679 4154 rit,
703 4086 791 4143 vel
816 4087 862 4142 si
887 4084 1021 4156 fuit,
1049 4086 1208 4159 quale
1244 4085 1402 4141 fuerit
1440 4085 1722 4157 corporale
1761 4094 1921 4159 atque
1961 4088 2170 4145 visibile

570 4177 996 4249 regenerationis
1024 4177 1235 4250 signum
1265 4184 1391 4233 ante
1414 4175 1672 4233 diluvium
1698 4176 1805 4250 (b),
1834 4179 1972 4235 sicut
1999 4180 2169 4239 Abra-

570 4267 658 4327 hae
696 4270 1034 4327 circumcisio
1076 4280 1263 4343 postea
1303 4277 1388 4327 est
1429 4267 1688 4342 imperata
1717 4268 1868 4340 (Gen.
1908 4287 2046 4341 xvu,
2079 4273 2166 4343 10,

564 4356 689 4437 ll),
709 4376 861 4419 sacra
882 4360 1106 4419 historia
1128 4369 1286 4419 tacet.
1313 4359 1656 4420 Sacriﬁcasse
1675 4369 1852 4418 tamen
1876 4363 1985 4422 Deo
2009 4364 2169 4422 etiam

566 4452 695 4513 illos
740 4455 1143 4528 antiquissimos
1191 4454 1439 4512 homines
1478 4468 1583 4511 non
1627 4461 1769 4512 tacet
1799 4473 1813 4510 :
1842 4456 1984 4529 quod
2022 4465 2078 4515 et
2116 4458 2169 4513 in

571 4548 783 4609 duobus
807 4551 995 4624 primis
1015 4548 1270 4607 fratribus
1294 4548 1518 4617 claruit;
1539 4558 1597 4607 et
1616 4547 1727 4606 Noe
1752 4558 1872 4621 post
1889 4549 2166 4621 diluvium,

574 4656 697 4700 cum
726 4641 797 4701 de
819 4658 941 4701 area
971 4641 1161 4701 fuisset
1186 4656 1457 4716 egressus,
1491 4641 1693 4700 hostias
1719 4642 1829 4699 Deo
1853 4642 2046 4714 legitur
2069 4644 2170 4700 im-

573 4735 809 4796 molasse
835 4736 961 4809 (Id.
992 4753 1123 4807 vnt,
1154 4735 1224 4794 20
1245 4737 1285 4807 ).
1317 4736 1393 4793 De
1422 4750 1525 4808 qua
1554 4750 1613 4792 re
1652 4735 1704 4791 in
1744 4734 2170 4809 praecedentibus

636 4894 657 4927 ι
690 4893 830 4955 mm,
1138 4890 1309 4957 Helius
1328 4889 1498 4957 plures
1519 4891 1853 4957 ωευυδβτίριίι
2152 4907 2170 4955 ;

566 4954 626 5012 κ
647 4954 1313 5030 εαξη-νοιιξζεεάίηιεηηίτ
1334 4954 1777 5030 ζὲίείηθεφιίοέ
1791 4954 2167 5030 Αίξεῑρδιῖθαιμὲ

639 5206 661 5265 ξ
691 5206 766 5256 Sic
780 5153 1127 5265 mm,
1152 5203 1561 5257 consobrinarum.

551 5275 560 5329 ;
638 5264 661 5329 9
690 5264 829 5329 βαίη,
852 5263 1177 5329 mmmam
1194 5279 1213 5329 ,-
1233 5265 1636 5329 dissentientibus
1657 5270 1764 5316 Mss.

547 5312 597 5404 ἶ
614 5312 1990 5404 ίῇῐένζᾷῖψίηφ
2014 5335 2069 5404 st
2084 5341 2168 5392 ρα-

575 5393 749 5451 rentes
768 5389 1009 5451 inirentur
1024 5390 1340 5451 matrimonia,
1359 5389 1522 5451 laudat
1536 5389 1758 5441 aurelius
1780 5392 1935 5451 victor
1949 5393 2000 5443 in
2015 5389 2170 5443 Theo-

575 5449 808 5518 dosio,__et
1136 5449 1222 5503 lib.
1248 5452 1297 5515 8,
1324 5449 1467 5518 epist.
1487 5450 1571 5518 66,
1586 5464 1795 5518 caroque
1808 5449 1977 5518 legem
1995 5453 2167 5518 fortas-

867 5508 950 5563 ωε
1153 5508 1449 5580 Αηεώιὶἱιυε
1470 5508 1638 5581 verbis
1654 5508 1753 5565 illis
1773 5527 1796 5581 :_
1820 5508 2043 5581 tierunt
2056 5517 2169 5581 quis

580 5590 607 5623 ι
624 5573 823 5643 dubitet
836 5572 1089 5643 honestius
1102 5576 1195 5643 hoc
1221 5572 1444 5643 tempore
1467 5578 1615 5643 etiam
1636 5577 2033 5643 consobrinorum
2052 5572 2167 5643 p'ro-

581 5650 606 5702 ς
624 5632 779 5702 hibita
802 5646 915 5685 esse
937 5634 1157 5702 conjugis
1169 5636 1195 5689 ἲ
1210 5655 1235 5687 ι
1261 5632 1362 5691 Le'x
1385 5651 1530 5702 porro
1545 5640 1639 5690 ista
1655 5637 1911 5702 Theodosii
1930 5632 2167 5702 hactenus

556 5694 887 5775 idesideratur
899 5694 1167 5775 z’sttjferEst
1190 5711 1355 5775 autem
1373 5694 1428 5775 in
1453 5702 1673 5775 eamdem
1696 5716 1802 5775 rem
1819 5700 1903 5750 lox
1926 5701 2167 5775 aiia,_quae

574 5760 851 5824 Constantio
873 5760 1119 5824 tribuitur,
1153 5766 1338 5817 saneita
1373 5772 1549 5824 Romae,
1585 5765 1844 5815 Arbetione
1868 5774 1921 5815 et
1957 5760 2165 5814 Lolliimn

574 5820 871 5891 consulibus,
899 5823 946 5871 in
963 5820 1409 5891 milfTheodqlib.
1430 5826 1463 5891 2
1500 5820 1565 5876 de
1587 5828 1762 5877 incest.
1788 5832 1927 5890 Νυνὶ.
1960 5828 2164 5891 υῇδρειιο

575 5894 731 5951 satum
755 5884 868 5951 olim
884 5889 1211 5951 atresarihus,
1238 5884 1296 5940 ut
1309 5887 1530 5951 legitima
1556 5894 1693 5951 esset
1711 5902 1837 5940 uxor
1855 5884 2157 5951 consobrina,

573 5949 719 6017 docet
740 5947 1042 6017 mssitnlorus
1066 5957 1287 6017 Senator,
1308 5947 1392 5999 liii.
1417 5951 1447 5999 7
1472 5950 1675 6017 variam,
1693 5964 1801 6017 cap.
1819 5950 1899 6003 iii.

635 6008 708 6073 (ὁ)
732 6010 862 6061 colit.
889 6011 971 6061 lib.
999 6014 1029 6071 5
1047 6019 1174 6063 cont.
1200 6012 1393 6075 iulium,
1417 6026 1467 6063 n.
1492 6012 1570 6064 45.

1607 443 1695 502 ne
1733 442 2057 501 ClVl’l‘ATE
2098 396 2328 508 ustis.
2359 435 2729 497 sponsum

3750 442 3856 502 ιω

2264 555 2422 617 libris
2444 557 2556 629 jam
2579 556 2828 625 diximus,
2856 572 2965 615 non
2989 558 3059 616 ob
3084 559 3231 617 aliud
3253 561 3525 620 daemones
3544 573 3860 638 arrogantes

2264 648 2371 706 sibi
2401 648 2728 707 divinitatem
2760 652 2997 724 deosque
3032 667 3094 711 se
3130 652 3277 711 credi
3315 656 3592 728 cupientes
3629 657 3733 715 sibi
3763 674 3858 714 ex-

2262 750 2452 813 petere
2477 742 2798 800 sacriﬁcium
2814 785 2829 809 ,
2861 754 2917 801 et
2941 745 3177 818 gaudere
3199 745 3505 819 huiusmodi
3532 750 3859 823 honoribus,

2262 833 2373 893 nisi
2395 836 2518 909 quia
2545 851 2732 895 verum
2754 838 3074 899 sacriﬁcium
3099 857 3230 900 vero
3252 843 3365 903 Deo
3390 845 3575 904 deberi
3602 848 3803 906 sciunt.

2265 971 2495 1032 CAPUT
2519 974 2682 1034 XVII.
2702 1002 2773 1021 ι-
2798 977 2874 1035 0e
2901 981 3097 1037 duobus
3122 997 3187 1038 ex
3208 998 3312 1039 uno
3336 984 3559 1056 genitore
3586 986 3863 1058 praemis

2688 1073 2914 1143 patribus
2938 1084 3090 1145 atque
3118 1075 3445 1149 principibus.

2337 1183 2474 1241 Cum
2512 1200 2642 1260 ergo
2675 1199 2819 1245 esset
2846 1188 3017 1246 Adam
3052 1194 3328 1266 utriusque
3356 1196 3567 1267 generis
3597 1206 3784 1268 pater,
3813 1198 3864 1255 id

2269 1286 2385 1348 est,
2416 1288 2469 1336 et
2504 1282 2656 1351 cujus
2694 1283 2862 1340 series
2900 1282 2967 1339 ad
3010 1293 3305 1356 terrenam,
3337 1297 3392 1344 et
3419 1289 3569 1361 cujus
3598 1291 3771 1347 series
3798 1291 3865 1347 ad

2270 1368 2544 1428 emlestem
2583 1374 2812 1444 pertinet
2852 1374 3159 1449 civitatem;
3191 1380 3372 1435 occiso
3410 1382 3580 1449 Abel,
3610 1392 3777 1456 atque
3812 1382 3867 1439 in

2272 1463 2387 1536 ejus
2418 1462 2789 1523 interfectione
2818 1469 3193 1525 commendato
3221 1470 3449 1528 mirabili
3492 1483 3865 1541 sacramento,

2269 1552 2393 1611 facti
2434 1564 2558 1613 sunt
2595 1556 2702 1615 duo
2744 1568 2923 1632 patres
2958 1560 3287 1635 singulorum
3322 1579 3606 1635 generum,
3637 1562 3771 1621 Cain
3815 1574 3872 1624 et

2270 1643 2400 1704 Seth
2431 1665 2446 1701 :
2473 1647 2525 1704 in
2553 1664 2779 1722 quorum
2806 1650 2945 1720 filiis,
2972 1667 3105 1726 quos
3130 1656 3536 1713 commemorari
3562 1659 3866 1730 oportebat,

2271 1736 2497 1797 duarum
2529 1742 2748 1800 istarum
2783 1743 3054 1802 civitatum
3091 1746 3142 1803 in
3179 1764 3377 1821 genere
3414 1752 3715 1809 mortalium
3752 1755 3893 1811 evi-'

2270 1830 2487 1892 dentius
2518 1835 2707 1894 indicia
2744 1838 2947 1895 clarere
2984 1851 3279 1913 coeperunt.
3309 1842 3437 1901 Cain
3465 1847 3660 1918 quippe
3687 1847 3870 1919 genuit

2271 1923 2479 1996 Enoch,
2513 1929 2567 1986 in
2593 1930 2745 2006 cujus
2770 1920 2987 1992 nomine
3014 1937 3256 1994 condidit
3277 1940 3571 2011 civitatem,
3600 1952 3869 2001 terrenam

2273 2020 2495 2087 scilicet,
2527 2037 2632 2080 non
2660 2025 3093 2098 peregrinantem
3115 2030 3168 2086 in
3190 2030 3290 2088 hoc
3316 2034 3534 2103 mundo,
3562 2036 3655 2092 sed
3678 2037 3735 2092 in
3756 2037 3871 2109 ejus

2273 2114 2552 2185 temporali
2584 2131 2713 2187 pace
2745 2133 2809 2174 ac
2840 2117 3093 2179 felicitate
3120 2124 3503 2196 quiescentem.
3530 2129 3660 2186 Cain
3689 2140 3873 2189 autem

2273 2202 2659 2278 interpretatur
2684 2208 2962 2269 Possessio
2990 2232 3002 2268 :
3035 2216 3177 2274 unde
3205 2217 3405 2276 dictum
3433 2229 3517 2278 est
3539 2223 3755 2294 quando
3777 2240 3874 2281 na-

2273 2305 2360 2353 tus
2384 2308 2496 2368 est,
2527 2300 2641 2358 sive
2666 2317 2696 2358 a
2720 2312 2901 2375 patre,
2929 2304 3045 2364 sive
3068 2322 3100 2364 a
3125 2319 3297 2368 matre
3320 2312 3435 2385 ejus
3451 2354 3471 2382 ,
3498 2314 3750 2388 Λαικίάυὶ
3773 2318 3874 2375 lto-

2272 2389 2459 2445 minent
2488 2409 2580 2464 per
2603 2392 2770 2450 Deum
2802 2395 2955 2469 (Gen.
2983 2415 3055 2468 tv,
3086 2400 3159 2475 l).
3180 2401 3369 2462 Enoch
3386 2422 3537 2476 vero,
3556 2409 3872 2470 Dedicatio:

2272 2480 2361 2538 hic
2385 2482 2527 2540 enim
2548 2485 2824 2546 dedicatur
2845 2498 3056 2549 terrena
3083 2494 3295 2563 civitas.
3319 2498 3408 2555 ubi
3433 2499 3714 2572 conditur;
3739 2519 3874 2577 quo-

2273 2574 2417 2632 niam
2448 2573 2538 2635 hic
2562 2576 2727 2638 habet
2750 2597 2873 2638 eum
2892 2626 2909 2653 ,
2936 2599 3098 2658 quem
3124 2587 3352 2647 intendit
3376 2601 3433 2649 et
3453 2596 3657 2666 appetit
3683 2573 3874 2654 linem.

2272 2667 2443 2728 Porro
2484 2672 2577 2731 ille
2618 2670 2747 2733 Seth
2788 2677 3131 2738 Resurreetio
3174 2683 3587 2758 interpretatur,
3626 2700 3684 2748 et
3722 2691 3876 2750 I‘utos

2274 2758 2418 2862 filius
2454 2764 2573 2862 ejus
2610 2766 2989 2862 interpretptnr
3018 2773 3191 2831 Homo
3218 2794 3232 2832 :
3262 2793 3377 2835 non
3412 2780 3551 2838 sicut
3586 2782 3761 2841 Adam
3786 2785 3879 2858 (et

2272 2853 2448 2928 ipsum
2488 2857 2630 2915 enim
2671 2853 2886 2934 nomen'
2907 2864 3290 2938 interpretatur
3328 2870 3563 2945 Homo),
3592 2876 3687 2932 sed
3717 2853 3876 2935 eont-

2273 2964 2436 3008 mune
2474 2953 2786 3025 perhibetur
2813 2972 2935 3016 esse
2972 2960 3027 3016 in
3066 2960 3155 3019 illa
3184 2963 3398 3037 lingua,
3426 2967 3478 3024 id
3504 2979 3589 3025 est
3614 2972 3873 3042 hebrum,

2273 3042 2513 3100 masculo
2552 3053 2608 3102 et
2646 3045 2880 3105 feminae.
2927 3050 3062 3108 Nam
3104 3054 3181 3111 sic
3217 3056 3285 3114 de
3325 3057 3418 3115 illo
3457 3061 3713 3132 scriptum
3742 3075 3874 3123 est:

2275 3132 2564 3192 Herculum
2589 3148 2637 3194 et
2661 3141 2904 3219 [emittm
2933 3145 3051 3217 fecit
3082 3146 3200 3203 illos
3219 3190 3238 3216 ,
3268 3158 3319 3204 et
3356 3151 3606 3210 benedixit
3637 3156 3795 3227 illos,
3828 3170 3880 3215 et

2273 3229 2644 3300 cognominavit
2670 3247 2851 3289 nomen
2875 3250 3048 3292 eorum
3073 3237 3239 3296 Adam
3260 3239 3369 3312 (Id.
3400 3258 3450 3309 ν,
3480 3243 3560 3316 2).
3584 3246 3743 3306 Unde
3766 3265 3878 3308 non

2274 3318 2580 3393 ambigitur,
2610 3322 2687 3379 sic
2716 3326 3039 3398 appellatam
3069 3329 3235 3389 fuisse
3262 3334 3517 3392 feminam
3544 3337 3712 3397 Evam
3745 3358 3879 3412 pro-

2273 3413 2391 3485 prio
2429 3416 2666 3485 nomine,
2699 3427 2758 3475 ut
2789 3428 2964 3478 tamen
2992 3422 3187 3493 Adam,
3215 3426 3358 3498 quod
3386 3429 3744 3503 iutepretatur
3767 3435 3881 3494 He-

2273 3521 2385 3577 mo,
2409 3524 2605 3566 nomen
2632 3520 2773 3568 esset
2794 3514 3098 3574 amborum.
3127 3518 3274 3576 Eoos
3299 3530 3477 3579 autem
3505 3525 3582 3582 sic
3610 3525 3882 3600 interpre-

2274 3605 2416 3655 tatur
2453 3600 2651 3670 Homo,
2694 3614 2757 3661 ut
2786 3604 2891 3663 hoc
2931 3622 3039 3665 non
3082 3624 3242 3681 posse
3282 3611 3533 3673 feminam
3574 3624 3881 3693 nuncupari

2275 3691 2432 3763 periti
2458 3692 2651 3767 lingua:
2677 3694 2823 3755 illius
2846 3711 3189 3771 asseverent,
3218 3712 3468 3777 tanquam
3506 3708 3648 3767 illius
3684 3691 3880 3772 resur-

2274 3785 2553 3856 rectionis,
2581 3787 2669 3845 ubi
2695 3804 2803 3847 non
2831 3792 3055 3862 nubent,
3083 3810 3260 3867 neque
3279 3812 3473 3856 uxores
3490 3799 3691 3860 ducent
3715 3804 3881 3876 (Lee.

2274 3893 2381 3947 xx,
2425 3877 2555 3953 35).
2607 3880 2725 3939 Non
2770 3885 2913 3941 enim
2954 3888 3059 3944 erit
3103 3887 3177 3945 ibi
3220 3892 3528 3964 generatio,
3574 3910 3697 3953 cum
3748 3900 3884 3959 illnc

2276 3970 2583 4043 perduxerit
2620 3980 2974 4047 regeneratio.
3006 3979 3187 4049 Quare
3221 3990 3279 4039 et
3312 3982 3418 4041 hoc
3452 4000 3561 4043 non
3596 3988 3883 4049 incassum

2273 4064 2566 4121 notandum
2600 4067 2865 4137 arbitror,
2904 4072 3046 4144 quod
3083 4074 3139 4130 in
3178 4074 3258 4133 eis
3290 4080 3730 4147 generationibus
3756 4101 3885 4157 qua:

2274 4168 2637 4231 propagentur
2682 4176 2748 4219 ex
2793 4164 2887 4219 illo
2932 4165 3025 4237 qui
3071 4175 3156 4224 est
3195 4169 3493 4241 appellatus
3534 4172 3700 4245 Seth,
3752 4192 3885 4236 cum

2272 4251 2522 4323 genuisse
2566 4253 2705 4312 ﬁlios
2748 4257 2993 4332 ﬁliasque
3033 4260 3343 4332 dicantur‘,
3390 4266 3538 4322 nulla
3573 4268 3648 4325 ibi
3690 4272 3885 4343 genita

2275 4348 2587 4406 nominatim
2631 4349 2828 4408 femina
2871 4368 3124 4427 expressa
3154 4365 3282 4414 est:
3314 4358 3370 4415 in
3402 4357 3487 4417 his
3526 4369 3710 4419 autem
3755 4382 3887 4437 qua

2275 4449 2635 4512 propagentur
2663 4457 2729 4500 ex
2756 4441 2923 4512 Cain,
2953 4444 3006 4501 in
3041 4446 3159 4518 ipso
3187 4448 3293 4505 fine
3331 4465 3610 4526 quousque
3646 4466 3884 4526 proten-

2274 4530 2470 4590 duntur
2489 4535 2535 4603 ',
2561 4535 2851 4594 novissima
2876 4536 3077 4595 femina
3112 4542 3294 4614 genita
3324 4545 3630 4603 notuittatnr
3652 4546 3764 4621 (a).
3794 4549 3889 4609 Sic

2274 4626 2416 4683 enim
2464 4627 2656 4701 legitur
2685 4647 2700 4687 :
2729 4628 3023 4688 lfatlzuaael
3065 4636 3243 4706 genuit
3285 4636 3508 4695 Lentuli
3532 4656 3551 4696 ε
3574 4650 3631 4697 et
3657 4647 3889 4716 sumpsit

2273 4718 2368 4775 sibi
2394 4719 2618 4777 Lameclt
2655 4723 2786 4779 duas
2822 4740 3008 4783 mres
3028 4767 3048 4794 ,
3083 4744 3268 4785 nomen
3305 4731 3393 4786 uni
3435 4733 3551 4788 Ade
3570 4775 3590 4803 ,
3615 4744 3664 4789 et
3690 4753 3891 4793 nam

2272 4815 2509 4872 secundm
2543 4814 2815 4885 Sella;et
2854 4822 3697 4893 ριραὶιΔΔαιιώειεήίιει-οι
3736 4840 3891 4902 pater

2275 4907 2611 4965 habitantium
2656 4910 2712 4966 in
2762 4910 3101 4969 tabernaculis
3151 4916 3524 4987 pecuaria-um.
3571 4918 3643 4974 Et
3688 4938 3893 4979 narrat

2274 5003 2448 5076 fratris
2473 5004 2586 5075 ejus
2632 5004 2792 5063 lubal
2836 5020 2855 5062 :
2885 5006 2969 5061 hic
2997 5008 3095 5079 fuit
3128 5009 3218 5080 qui
3254 5011 3471 5067 «me
3500 5012 3813 5083 penita-istm
3838 5025 3892 5071 et

2273 5101 2541 5157 citharam.
2573 5102 2721 5159 Sella
2756 5112 2927 5159 autem
2966 5105 3162 5176 peperit
3190 5115 3241 5161 et
3273 5106 3389 5178 ipso
3424 5104 3653 5174 Thobel,
3681 5118 3743 5163 et
3774 5121 3892 5166 emt

2272 5196 2485 5251 gratius
2523 5204 2572 5250 et
2616 5196 2881 5277 malleator
2922 5198 3183 5254 amenti
3224 5207 3273 5254 et
3313 5199 3458 5269 ferri.
3498 5199 3660 5256 Soror
3702 5212 3890 5257 autem
3934 5232 3943 5263 ι⁴

2276 5285 2467 5344 Thobel
2492 5285 2692 5343 Noctua
2706 5288 2728 5321 ³
2751 5287 2903 5360 (Gen.
2932 5305 3009 5357 tv,
3036 5289 3245 5360 18-23).
3274 5290 3391 5345 Huc
3414 5302 3585 5359 usque
3605 5305 3890 5360 pet-rectm

2273 5391 2398 5439 sunt
2423 5382 2797 5453 generationes
2823 5399 2889 5439 ex
2917 5383 3067 5448 Cain,
3095 5395 3215 5451 quae
3239 5390 3363 5435 sunt
3391 5395 3577 5438 omnes
3601 5382 3673 5440 ab
3694 5386 3884 5441 Adam

2271 5486 2424 5546 octo,
2452 5485 2807 5535 annumerato
2838 5477 2959 5548 ipso
2994 5474 3165 5535 Ada-
3184 5516 3202 5541 .
3230 5485 3437 5549 septem
3464 5478 3670 5535 scilicet
3695 5491 3887 5549 usque

2270 5572 2340 5630 ad
2376 5570 2642 5640 Lamech,
2678 5571 2775 5643 qui
2812 5571 3039 5630 duarum
3086 5571 3313 5629 mal-itus
3348 5585 3576 5631 uorum
3619 5566 3727 5626 fuit
3773 5587 3792 5627 :
3830 5581 3888 5628 et

2334 5758 2351 5789 ¹
2385 5758 2461 5809 Sic
2480 5765 2584 5807 λιες.
2612 5761 2667 5803 At
2692 5754 2827 5813 editi,
2850 5750 3066 5806 dicatur.

2334 5822 2353 5850 ¹
2389 5818 2609 5885 Plerique
2630 5824 2756 5875 uss,
2783 5817 3089 5885 portendunt.

2334 5881 3009 5946 ’Norttmilintss.l\cemniﬂ-
3167 5937 3185 5946 Α
3400 5934 3412 5946 .
3509 5940 3520 5946 -
3651 5936 3661 5946 .

2334 5947 2404 6005 (ιι)
2432 5954 2544 5992 mm
2570 5946 2643 5993 ille.
2663 5952 2712 5992 ut
2734 5943 3054 6003 sequentibus
3071 5937 3235 5992 confer
3251 5934 3617 5989 ’[ιιωσιοτθωω
3649 5936 3888 5990 incerte-

2274 6009 2383 6071 sitn,
2409 6012 2583 6071 quaest.
2602 6006 2678 6056 47.
2702 6012 2950 6062 Coeumus.
