4054 6480
251 420 346 480 461

239 541 426 591 oetam
456 547 542 596 est
566 537 842 612 generatio
879 541 927 594 in
962 537 1082 592 tiliis
1108 538 1254 608 ejus,
1290 536 1341 591 in
1372 537 1564 606 quibus
1590 550 1829 591 comme-

241 635 485 685 moratur
513 636 573 686 et
621 632 836 688 femina.
877 631 974 687 Ubi
1012 629 1283 700 eleganter
1328 627 1681 699 signiﬁcatum
1720 635 1835 693 est,

240 729 510 780 terrenam
540 725 812 779 civitatem
842 737 1009 793 usque
1035 722 1086 776 in
1116 721 1198 775 sui
1233 721 1392 775 linem
1418 717 1661 774 carnales
1688 717 1839 772 habi-

243 826 410 870 turam
439 817 840 885 generationes,
867 831 986 886 qua:
1009 813 1236 868 marium
1261 811 1685 882 feminarumque
1710 825 1840 867 cou-

237 907 516 976 junctione
565 907 901 978 proveniunt.
947 905 1101 963 Unde
1149 913 1204 962 et
1253 905 1414 976 ipse,
1457 903 1594 976 quod
1646 914 1840 976 praeter

241 999 402 1054 Evam
449 1013 718 1072 nusquam
761 997 1028 1072 reperitur
1058 1007 1184 1056 ante
1216 995 1470 1054 diluvium
1492 1040 1505 1063 ,
1538 996 1839 1053 nominibus

241 1091 473 1162 propriis
517 1092 891 1164 exprirmmtur
927 1103 1120 1148 uxores
1159 1088 1300 1145 illius
1335 1087 1597 1156 hominis,
1627 1091 1714 1160 qui
1746 1103 1842 1142 no-

241 1183 478 1238 minatur
499 1183 590 1238 hie
614 1183 932 1238 novissimus
959 1191 1128 1253 pater.
1152 1180 1302 1238 Sicut
1329 1189 1506 1237 autem
1527 1181 1676 1247 Cain,
1699 1181 1840 1252 quod

239 1276 629 1347 interpretatur
659 1273 952 1343 Possessio,
985 1285 1211 1332 terrente
1240 1273 1484 1332 conditor
1509 1274 1757 1339 civitatis,
1786 1284 1842 1329 et

241 1367 376 1424 ﬂius
403 1371 548 1438 ejrrs,
578 1370 633 1425 in
659 1370 810 1440 cujus
839 1368 1055 1424 nomine
1083 1365 1296 1424 condita
1329 1374 1431 1434 est,
1462 1365 1668 1430 Enoch,
1696 1367 1839 1439 quod

239 1460 630 1530 interpretatur
655 1461 947 1527 Dedicatio,
973 1457 1174 1516 indicat
1197 1459 1351 1514 istam
1377 1457 1646 1515 civitatem
1666 1467 1720 1514 et
1742 1457 1841 1514 ini-

237 1551 368 1606 am
410 1559 470 1608 et
509 1551 675 1608 ﬁnem
711 1551 913 1608 habere
954 1561 1259 1618 terrenum;
1302 1552 1389 1608 ubi
1429 1549 1560 1606 nihil
1599 1560 1840 1622 speratur

238 1643 490 1713 amplius,
518 1657 684 1716 quam
703 1645 721 1677 ⁸
751 1645 806 1699 in
835 1645 936 1700 hoc
959 1645 1158 1700 saeculo
1182 1643 1328 1700 cerni
1354 1650 1528 1714 petest
1553 1660 1565 1697 :
1591 1643 1660 1698 ita
1685 1641 1837 1710 Seth,

239 1735 382 1804 quod
404 1731 791 1806 interpretatur
812 1735 1176 1802 Resurrectio,
1199 1749 1321 1790 cum
1347 1735 1416 1790 sit
1440 1736 1839 1806 generationum

241 1840 492 1882 mnum
525 1835 1068 1884 eommemoratarum
1110 1837 1295 1898 pater,
1323 1825 1450 1898 quid
1479 1827 1547 1883 de
1581 1825 1688 1881 tilio
1727 1825 1842 1897 ejus

244 1935 396 1978 sacra
424 1925 544 1978 haec
571 1922 792 1977 historia
823 1921 984 1987 dicat,
1015 1919 1326 1978 intuendum
1356 1930 1458 1976 est.

241 2033 468 2093 CAPUT
491 2031 680 2094 XVIII.
700 2067 770 2076 —
793 2035 930 2104 Quid
945 2035 1283 2108 significatum
1305 2033 1369 2090 sit
1389 2035 1440 2089 in
1459 2033 1600 2103 Abel,
1625 2043 1670 2088 et
1692 2033 1837 2124 Setia,

314 2138 362 2183 et
409 2127 571 2196 Enos,
603 2127 747 2202 quod
767 2138 1009 2201 appareat
1039 2127 1107 2183 ad
1131 2126 1382 2184 Christum
1424 2138 1468 2182 et
1499 2141 1680 2199 corpus
1709 2127 1836 2198 ejus,

311 2222 368 2276 id
390 2232 466 2278 est
500 2218 801 2290 Ecclesium,
834 2223 1100 2292 pertinere.

315 2331 380 2387 Et
424 2331 574 2402 Seth,
605 2333 798 2405 inquit,
827 2345 976 2390 natus
1001 2343 1074 2390 est
1102 2333 1264 2403 filius,
1291 2341 1338 2389 et
1365 2333 1639 2389 nominavit
1660 2348 1840 2388 nomen

244 2429 346 2499 ejus
363 2423 506 2483 Enos
523 2445 542 2481 :
563 2428 644 2482 hic
660 2429 875 2498 speravit
890 2429 1125 2484 invocare
1137 2444 1320 2484 nomen
1339 2426 1544 2482 Domini
1560 2425 1653 2482 Dei
1674 2429 1690 2495 (
1712 2425 1839 2484 Gen.

245 2519 440 2592 miti).
462 2519 672 2592 Nempe
697 2517 894 2578 clamat
914 2519 1186 2578 attestatio
1201 2519 1460 2577 veritatis.
1480 2519 1541 2578 ln
1559 2535 1660 2592 spe
1685 2519 1844 2592 igitur

242 2611 369 2667 vivit
387 2610 556 2668 homo
572 2613 714 2668 [ilius
742 2612 1183 2680 resurrectionis;
1206 2613 1264 2669 in
1291 2627 1390 2684 spe
1412 2613 1566 2680 vivit,
1591 2611 1843 2684 quamdiu

239 2703 612 2778 peregrinatur
641 2705 730 2766 hic
765 2707 952 2764 civitas
980 2707 1095 2773 Dei,
1124 2721 1246 2778 quae
1265 2706 1501 2778 gignitur
1525 2722 1592 2763 ex
1625 2705 1732 2762 [ide
1759 2721 1842 2762 re—

239 2799 597 2856 surrectionis
625 2798 846 2857 Christi.
877 2799 961 2858 Ex
989 2799 1202 2864 duobus
1222 2815 1457 2872 uanique
1478 2800 1586 2856 illis
1607 2800 1841 2856 homini-

239 2889 365 2959 bus,
394 2887 557 2959 Abel,
593 2891 739 2964 quod
762 2892 1144 2966 interpretatur
1171 2891 1400 2961 Luctus,
1423 2902 1482 2949 et
1519 2893 1636 2964 ejus
1679 2894 1844 2951 fratre

239 2979 399 3055 Seth,
425 2987 574 3061 quod
597 2990 978 3060 interpretatur
1002 2988 1374 3057 Rcsurrectio,
1397 3005 1550 3047 mors.
1570 2990 1772 3047 Christi
1790 2999 1846 3047 et

238 3080 346 3137 vita
371 3081 495 3153 ejus
521 3099 598 3140 ex
625 3083 854 3140 mortuis
893 3082 1171 3154 ﬁgeretur.
1215 3083 1292 3139 Ex
1333 3099 1437 3154 qua
1467 3083 1573 3141 ﬁde
1612 3084 1845 3156 gignitur

239 3171 330 3230 hie
349 3173 547 3231 civitas
577 3175 695 3242 Dei,
720 3175 776 3232 id
801 3185 884 3232 est
913 3175 1096 3241 homo,
1114 3177 1456 3249 quispenvit
1481 3178 1730 3235 invocare
1749 3193 1846 3235 no-

239 3277 365 3322 men
390 3265 610 3323 Domini
635 3266 748 3323 Dei.
783 3265 894 3337 Spe
918 3267 1054 3324 enim
1079 3265 1208 3322 salvi
1232 3268 1357 3340 facti
1379 3283 1578 3337 unius,
1599 3270 1675 3325 ait
1698 3271 1841 3340 Apo-

241 3353 438 3414 stolus.
455 3356 592 3430 Spes
611 3366 777 3413 auum
795 3373 910 3429 qua
931 3358 1150 3426 videtur,
1174 3375 1274 3413 non
1289 3369 1365 3413 cst
1387 3375 1501 3431 spes
1521 3374 1540 3415 :
1558 3361 1693 3429 quod
1713 3361 1848 3415 enim

240 3449 372 3504 ridet
397 3450 538 3520 quis,
585 3449 708 3521 quid
751 3450 960 3522 sperat?
989 3450 1052 3508 Si
1077 3459 1247 3508 autem
1287 3452 1424 3526 quod
1472 3469 1574 3508 non
1601 3453 1842 3518 vitlem",

241 3555 534 3610 speramus,
561 3541 653 3612 μὶν
684 3542 978 3612 patientiam
1005 3553 1356 3614 exspectamus
1383 3542 1560 3617 (Rom.
1606 3561 1718 3609 Vili,
1749 3544 1842 3612 24,

241 3631 358 3705 25).
387 3633 531 3690 Nam
573 3634 696 3706 quis
719 3650 912 3694 vacare
939 3635 1044 3693 hoc
1066 3638 1342 3694 existimet
1365 3637 1434 3692 ah
1457 3637 1736 3694 altitudine
1762 3654 1847 3694 sa-

244 3729 546 3788 cramenti?
571 3731 840 3804 Numquid
868 3733 1014 3790 enim
1041 3733 1180 3790 Abel
1199 3747 1306 3789 non
1333 3734 1570 3804 speravit
1593 3734 1846 3790 invocare

244 3838 446 3881 nomen
493 3823 709 3882 Domini
735 3825 854 3892 Dei,
897 3828 1050 3896 cujus
1087 3826 1411 3883 sacriﬁcium
1439 3828 1710 3898 Scriptura
1741 3839 1848 3883 tam

247 3927 526 3989 acceptum
546 3918 664 3975 Deo
681 3917 844 3976 {niese
859 3919 1282 3976 commemorat?
1303 3919 1561 3989 numquid
1582 3920 1698 3990 ipse
1718 3919 1849 3976 Seth

247 4022 358 4066 non
379 4009 626 4080 speravit
649 4010 904 4068 invocare
925 4027 1124 4068 nomen
1149 4011 1360 4068 Domini
1391 4011 1507 4079 Dei,
1534 4011 1604 4068 de
1626 4025 1733 4081 quo
1769 4012 1850 4067 di-

250 4108 394 4156 ctum
421 4109 535 4168 est,
563 4099 840 4157 Savium?
877 4103 1010 4157 enim
1039 4102 1166 4157 mihi
1207 4101 1348 4158 Deus
1373 4118 1546 4158 senscn
1572 4102 1716 4157 aliud
1753 4120 1848 4174 pro

247 4192 372 4248 Abel
397 4192 559 4264 (Gen.
589 4209 668 4256 tv,
695 4194 826 4267 25)?
869 4195 978 4251 Cur
1006 4210 1138 4266 ergo
1173 4195 1298 4251 huic
1342 4195 1558 4266 proprie
1600 4195 1852 4252 tribuitur

249 4287 392 4360 quod
419 4289 636 4358 piorum
662 4290 904 4345 omniatm
933 4289 1244 4360 intelligitur
1266 4304 1388 4345 esse
1413 4303 1720 4356 commune,
1745 4289 1850 4346 nisi

249 4381 377 4452 quin
402 4381 688 4452 oportebat
729 4382 784 4436 in
827 4396 894 4438 eo
935 4382 1026 4453 qui
1071 4382 1139 4438 de
1181 4389 1332 4452 patre
1360 4383 1768 4453 generationum
1797 4383 1853 4437 in

253 4473 534 4530 meliorem
564 4482 792 4545 partem,
816 4475 918 4530 hoc
947 4484 1030 4530 est
1056 4488 1303 4545 supernae
1324 4473 1558 4530 civitatis
1581 4481 1860 4544 separata-

252 4579 396 4633 rum,
424 4567 634 4636 primus
659 4574 1112 4623 commemoratur
1129 4574 1372 4634 exortus,
1401 4564 1728 4638 praeﬁgurari
1749 4564 1857 4621 ho-

255 4659 486 4728 minem,
517 4659 577 4716 id
598 4669 684 4716 est
709 4660 986 4717 hominum
1016 4661 1347 4728 societatem,
1376 4675 1497 4732 quae
1522 4675 1632 4716 non
1659 4673 1855 4716 secun-

253 4747 384 4804 dum
412 4749 689 4808 hominem
717 4753 780 4808 in
795 4769 856 4810 re
880 4753 1144 4810 felicitatis
1165 4762 1416 4822 terrena,
1437 4752 1538 4810 sed
1558 4753 1854 4811 secundum

255 4839 424 4897 Deum
445 4842 578 4900 vivit
594 4843 653 4900 in
679 4858 777 4915 spe
806 4843 1074 4902 felicitatis
1097 4845 1350 4902 uterne?
1376 4845 1488 4901 Nec
1517 4845 1720 4902 dictum
1747 4855 1852 4916 est,

259 4935 355 4992 Hic
379 4939 618 5008 speravit
659 4940 711 4994 in
746 4940 1028 4996 Dominum
1077 4941 1277 5006 Deum;
1319 4949 1431 5009 aut,
1462 4939 1562 4997 Hic
1585 4941 1857 4996 invocavit

254 5041 454 5087 nam
480 5031 700 5088 Mitti
721 5033 850 5089 Dei:
879 5033 994 5101 sed,
1027 5027 1128 5088 Hic
1146 5035 1384 5104 speravit,
1410 5033 1598 5106 inquit,
1620 5033 1855 5089 invocare

253 5137 446 5177 nonam
463 5122 678 5179 Domini
699 5123 815 5178 Dei.
846 5123 982 5194 Quid
1011 5125 1112 5182 sibi
1141 5126 1243 5180 hoc
1273 5126 1402 5192 vult,
1437 5126 1674 5197 Speravit
1713 5125 1855 5181 invo-

255 5229 392 5278 care,
424 5215 524 5270 nisi
545 5216 669 5285 quia
697 5217 976 5288 prophetia
1003 5228 1110 5287 est,
1137 5231 1446 5274 exorturum
1471 5219 1746 5290 populum,
1765 5219 1854 5290 qui

256 5304 556 5376 secundum
583 5305 901 5364 electionem
926 5310 1109 5381 gratia:
1137 5311 1619 5366 invocaretnomen
1651 5310 1854 5366 Domini

256 5395 514 5451 Dei‘il'ioc
534 5405 636 5461 est,
659 5398 802 5466 quod
829 5412 924 5467 per
949 5398 1110 5454 alium
1133 5401 1447 5471 prophetam
1475 5401 1695 5467 dictum,
1715 5403 1858 5472 Apo-

258 5482 428 5542 stolus
456 5486 526 5543 de
559 5489 660 5543 hoc
688 5490 883 5559 populo
922 5491 1169 5562 intelligit
1190 5491 1256 5547 ad
1287 5492 1382 5548 Dei
1417 5493 1642 5563 gratiam
1689 5493 1858 5563 perti-

261 5584 462 5631 lente:
486 5577 554 5632 Et
577 5581 693 5646 erit,
725 5581 888 5634 omnis
907 5583 1208 5652 quicumque
1231 5583 1533 5637 invocaverit
1560 5599 1740 5638 nomen
1759 5582 1860 5638 Do-

258 5666 404 5732 mini,
435 5669 605 5725 salvus
629 5673 725 5726 erit
755 5671 931 5742 (Rom.
958 5691 1012 5739 χ,
1048 5675 1146 5740 15;
1193 5675 1308 5730 Joel
1342 5693 1397 5741 ιι,
1432 5676 1544 5746 '59.).
1578 5676 1687 5732 l‘loc
1713 5675 1854 5732 cnim

259 5757 438 5828 ipsum
467 5761 610 5830 quod
654 5763 868 5830 dicitur,
910 5765 975 5819 Et
1017 5767 1292 5821 nominavit
1323 5786 1500 5823 nomen
1541 5770 1649 5840 ejus
1691 5767 1853 5837 Enos,

257 5853 396 5921 quod
424 5852 786 5924 interpretatur
814 5857 1014 5926 Homo;
1045 5875 1106 5915 ac
1130 5861 1320 5916 deinde
1347 5864 1575 5928 additur,
1609 5863 1707 5919 llic
1734 5881 1854 5935 spe-

329 5964 346 5994 ¹
378 5965 515 6027 aliti,
531 5979 678 6030 quam
701 5974 847 6033 quod.
875 5973 1037 6036 Abest,
1063 5976 1208 6039 quod,
1235 5991 1264 6026 a
1282 5982 1386 6026 ζιιοδ.

1407 421 1608 478 LIBER
1651 415 1945 477 DECNUS
1982 416 2299 486 QUINTUS.

3430 421 3535 484 462

1949 533 2075 587 ravit
2097 533 2328 589 invocare
2344 551 2521 590 nomen
2541 535 2746 592 Domini
2766 536 2897 593 Dei:
2919 540 3046 594 satis
3060 539 3379 606 ostenditur,
3399 546 3538 614 quod

1947 643 2051 682 non
2084 628 2132 680 in
2166 643 2224 682 se
2253 627 2367 698 ipso
2395 643 2545 699 spem
2577 645 2777 702 ponere
2801 631 2993 688 debeat
3024 633 3205 690 homo.
3232 630 3538 690 Maledictus

1945 717 2084 773 enim
2109 718 2292 784 omnis,
2323 716 2461 774 sicut
2486 719 2610 776 alibi
2637 721 2846 794 legitur,
2874 724 2960 795 qui
2985 741 3124 794 spent
3153 742 3297 781 suam
3328 729 3468 799 ponit
3489 728 3544 786 in

1947 808 2148 864 homine
2171 808 2380 882 (Jerem.
2415 827 2552 880 xvu,
2585 811 2672 884 5):
2701 829 2766 870 ac
2793 831 2888 886 per
2917 817 3037 886 hoc,
3069 834 3168 876 nec
3192 817 3247 875 in
3273 836 3354 891 se,
3383 832 3440 876 ut
3471 822 3544 880 sit

1946 901 2082 958 civis
2102 902 2319 959 alterius
2347 903 2595 971 civitatis,
2625 920 2743 977 qum
2770 922 2875 962 non
2903 909 3192 966 secundum
3216 910 3384 968 lilium
3409 907 3542 969 Cain

1956 991 2236 1048 dedicatur
2263 994 2366 1052 hoc
2393 1002 2658 1068 tempore,
2685 995 2738 1052 id
2781 1008 2863 1055 est
2904 1002 3147 1058 mortalis
3175 997 3334 1075 hujus
3361 1006 3544 1063 saeculi

1945 1083 2158 1144 labente
2187 1096 2519 1156 transcursu,
2551 1085 2647 1144 sed
2673 1087 2727 1143 in
2755 1085 2843 1144 illa
2887 1088 3285 1152 immortalitate
3311 1093 3543 1154 beatitu‘

1946 1179 2085 1237 diuis
2111 1182 2473 1253 sempiternas.

2033 1271 2261 1330 CAPUT
2300 1271 2442 1330 XIX.
2467 1302 2539 1315 —-
2561 1272 2640 1329 De
2662 1274 3032 1347 signiﬁcatione
3056 1294 3168 1350 qua:
3196 1280 3250 1334 in
3279 1277 3460 1337 Enoclt

2402 1366 2734 1422 translatione
2761 1376 3087 1427 monstratur.

2017 1453 2148 1510 Nam
2189 1466 2242 1512 et
2284 1457 2384 1513 ista
2413 1473 2670 1530 propago,
2698 1459 2850 1530 cujus
2892 1468 2976 1517 est
3013 1469 3173 1532 pater
3205 1463 3359 1531 Seth,
3403 1465 3453 1520 in
3480 1481 3544 1522 ea

1945 1546 2288 1616 generatione
2318 1547 2481 1606 habet
2504 1547 2857 1607 dedicationis
2901 1568 3119 1621 nomen,
3157 1570 3277 1626 quae
3319 1557 3545 1627 septima

1947 1649 2030 1696 cst
2054 1641 2121 1696 ab
2150 1641 2342 1712 Adam,
2389 1653 2743 1701 annumerato
2785 1643 2977 1702 Adam.
3010 1647 3282 1720 Septimus
3310 1650 3452 1706 enim
3479 1651 3547 1706 ab

1948 1733 2036 1792 illo
2079 1747 2235 1793 natus
2282 1747 2366 1795 est
2404 1737 2617 1809 Enoch,
2664 1738 2808 1811 quod
2838 1740 3220 1812 interpretatur
3249 1743 3542 1800 Dedicatio.

1945 1823 2049 1884 Sed
2081 1829 2196 1900 ipse
2222 1839 2303 1886 est
2331 1829 2423 1888 ille
2452 1832 2760 1899 translatus,
2793 1832 3044 1903 quoniam
3075 1833 3276 1903 placuit
3315 1835 3447 1903 Deo,
3492 1847 3548 1892 et

1948 1920 2139 1993 insigni
2163 1937 2384 1979 numero
2407 1924 2458 1980 in
2481 1923 2668 1982 ordine
2689 1927 3114 1998 generationum,
3137 1942 3243 1998 quo
3262 1929 3542 1986 sabbatum

1945 2023 2315 2070 consecratum
2343 2023 2445 2082 est,
2474 2017 2704 2090 septimo
2743 2015 2946 2082 scilicet
2974 2017 3042 2074 ab
3070 2018 3263 2075 Adam.
3305 2022 3387 2078 Ab
3428 2023 3545 2092 ipso

1946 2113 2123 2161 autem
2151 2116 2302 2178 patre
2327 2109 2544 2165 istarum
2572 2111 3000 2181 generationum,
3023 2127 3142 2184 quae
3167 2113 3544 2170 discernuntur

1946 2212 1975 2252 a
1994 2200 2284 2270 propagine
2309 2199 2464 2269 Cain,
2494 2200 2546 2256 id
2574 2211 2656 2258 est
2684 2219 2712 2257 a
2743 2201 2898 2273 Seth,
2927 2212 3110 2260 sextus
3135 2213 3251 2262 est:
3277 2215 3441 2278 quoto
3456 2207 3546 2264 die

1947 2286 2120 2345 factus
2167 2298 2252 2345 est
2280 2289 2464 2360 homo,
2497 2301 2552 2347 et
2578 2293 2971 2350 consummavit
2999 2295 3141 2353 Deus
3171 2298 3349 2353 omnia
3380 2313 3545 2369 opera

1947 2396 2061 2437 sua.
2095 2381 2200 2438 Sed
2230 2381 2388 2454 hujus
2419 2383 2603 2439 Enoch
2651 2385 2929 2443 translatio
2969 2398 3168 2445 nostra:
3196 2389 3545 2448 dedicationis

1947 2484 2031 2530 est
2075 2474 2412 2548 praeﬁgurata
2457 2475 2661 2535 dilatio.
2689 2478 2820 2548 Qua:
2846 2479 3062 2552 quidem
3083 2480 3194 2553 jam
3220 2483 3358 2540 facta
3383 2492 3468 2543 est
3491 2485 3545 2541 in

1947 2564 2161 2623 Christo
2187 2567 2367 2639 capite
2390 2578 2599 2638 nostro,
2628 2573 2718 2642 qui
2745 2572 2822 2628 sic
2847 2575 3158 2642 resurrexit,
3199 2582 3264 2630 ut
3293 2589 3402 2632 non
3425 2591 3546 2632 mo-

1947 2657 2114 2716 riatur
2157 2657 2404 2730 ulterius,
2437 2662 2531 2718 sed
2561 2661 2721 2718 etiam
2770 2665 2886 2736 ipse
2927 2667 3214 2724 translatus
3243 2677 3355 2724 est:
3379 2677 3550 2726 restat

1947 2760 2124 2808 autem
2157 2753 2325 2810 altera
2366 2752 2631 2810 dedicatio
2675 2755 2943 2813 universa:
2988 2757 3201 2827 domus,
3253 2759 3404 2830 cujus
3435 2759 3550 2832 ipse

1951 2841 2196 2900 Christus
2225 2853 2308 2900 est
2352 2841 2781 2915 fundamentum,
2828 2863 2950 2920 quae
2978 2847 3220 2905 differtur
3265 2849 3318 2905 in
3359 2850 3547 2918 linem,

1949 2929 2166 3006 quando
2217 2936 2320 2992 erit
2366 2941 2606 2993 omnium
2648 2939 2998 3010 resurrectio,
3027 2958 3134 2998 non
3166 2943 3547 3001 moriturorum

1949 3026 2197 3098 amplius.
2226 3027 2350 3084 Sive
2371 3039 2548 3086 autem
2569 3030 2760 3088 domus
2782 3031 2879 3088 Dei
2899 3031 3124 3101 dicatur,
3149 3034 3264 3092 sive
3291 3036 3550 3107 templum

1951 3117 2070 3189 Dei,
2093 3119 2207 3176 sive
2224 3120 2410 3177 civitas
2433 3121 2546 3188 Dei,
2574 3123 2804 3195 idipsum
2826 3134 2930 3194 est,
2953 3140 3053 3181 nec
3073 3126 3328 3184 abhorret
3346 3145 3378 3184 a
3399 3129 3549 3186 latin:

1951 3208 2148 3283 eloquii
2177 3213 2584 3271 consuetudine.
2629 3213 2760 3272 Nam
2789 3224 2845 3273 et
2887 3216 3139 3288 Virgilius
3170 3219 3552 3290 imperiosissi-

1953 3319 2094 3359 mam
2133 3305 2402 3362 civitatem
2448 3307 2664 3363 domum
2708 3308 2940 3380 appellat
2979 3309 3246 3378 Assaraci,
3279 3312 3552 3371 Romanos

1955 3395 2140 3454 volens
2172 3397 2416 3472 intelligi,
2464 3400 2552 3472 qui
2579 3397 2647 3458 de
2671 3402 2936 3459 Assaraco
2974 3419 3070 3475 per
3097 3404 3358 3476 Trojanos
3387 3408 3550 3479 origi-

1953 3507 2075 3547 nem
2095 3489 2324 3558 ducunt;
2366 3501 2424 3548 et
2451 3492 2668 3550 domum
2699 3493 2887 3552 [Encas
2907 3496 3126 3553 eosdem
3145 3497 3288 3569 ipsos
3308 3497 3548 3571 (/Eneid.

1955 3584 2040 3638 lib.
2080 3585 2132 3650 i,
2159 3601 2287 3641 vers.
2312 3584 2448 3654 984;
2484 3586 2573 3642 lib.
2602 3588 2656 3656 3,
2684 3604 2812 3644 vers.
2847 3587 2966 3665 97),
2995 3592 3116 3663 quia
3146 3606 3212 3648 eo
3240 3592 3378 3650 duce
3407 3592 3548 3649 Tro-

1949 3675 2062 3750 jani
2090 3694 2213 3733 cum
2243 3678 2449 3735 italiam
2479 3682 2772 3751 venissent,
2803 3683 2871 3739 ab
2900 3685 2978 3740 eis
3004 3686 3215 3742 condita
3241 3696 3324 3742 est
3352 3686 3546 3746 Roma.

1956 3767 2195 3850 imitatus
2238 3787 2467 3844 namque
2511 3782 2592 3829 est
2634 3783 2790 3845 poeta
2838 3776 2929 3834 ille
2977 3792 3160 3834 sacras
3201 3778 3454 3850 Litteras,
3496 3782 3553 3839 in

1955 3845 2145 3935 quibus
2169 3865 2363 3921 dicitur
2391 3866 2584 3924 domus
2611 3867 2776 3925 Jacob
2821 3881 2927 3925 tam
2972 3871 3161 3942 ingens
3189 3873 3414 3945 populus
3436 3845 3553 3932 lle-

1955 3957 2246 4014 brmorum.

1957 4070 2183 4129 CAPUT
2223 4071 2343 4129 XX.
2364 4103 2435 4114 —
2460 4073 2540 4128 De
2565 4091 2626 4131 eo
2649 4075 2786 4146 quod
2813 4075 2941 4133 Cain
2965 4080 3213 4135 successio
3240 4082 3293 4136 in
3335 4092 3446 4137 octo
3488 4085 3554 4140 ab

2028 4165 2196 4220 Adam
2219 4169 2566 4240 generationes
2591 4167 2867 4239 clauditur,
2894 4180 2942 4226 et
2959 4171 3013 4227 in
3045 4175 3260 4244 posteris
3287 4176 3349 4231 ab
3379 4175 3554 4234 cadent

2031 4269 2175 4330 patre
2200 4261 2364 4316 Adam
2397 4261 2515 4318 Noe
2537 4263 2762 4318 decium
2781 4264 3052 4321 invenitur.

2033 4377 2083 4430 i.
2130 4377 2278 4432 Dicet
2302 4377 2530 4448 aliquis:
2562 4377 2619 4434 Si
2663 4377 2766 4434 hoc
2805 4380 3114 4438 intendebat
3141 4383 3371 4453 scriptor
3394 4381 3556 4455 hujus

1959 4469 2197 4527 historiae
2221 4471 2278 4526 in
2305 4472 2792 4529 commemorandis
2820 4475 3255 4546 generationibus
3291 4492 3355 4534 ex
3382 4476 3555 4534 Adam

1959 4575 2056 4635 per
2084 4562 2251 4618 tilium
2279 4562 2397 4634 ejus
2421 4562 2570 4631 Seth,
2612 4572 2673 4619 ut
2711 4579 2808 4635 per
2844 4565 2964 4624 illas
2993 4569 3298 4637 perveniret
3322 4567 3390 4626 ad
3417 4567 3553 4640 Noe,

1959 4657 2059 4714 sub
2083 4669 2192 4728 quo
2220 4655 2417 4712 factum
2446 4665 2527 4711 est
2551 4656 2832 4728 diluvium,
2864 4674 2894 4714 a
2930 4673 3037 4731 quo
3081 4675 3269 4719 rursus
3296 4671 3555 4722 contexe-

1958 4756 2111 4806 retur
2134 4747 2272 4805 ordo
2297 4749 2650 4815 nascentium,
2688 4762 2798 4821 quo
2834 4751 3139 4821 perveniret
3165 4754 3231 4809 ad
3259 4754 3553 4826 Abraham,

1960 4855 1992 4898 ι
2016 4855 2122 4913 quo
2146 4840 2427 4897 Mattheus
2455 4842 2782 4914 evangelista
2811 4842 2998 4916 incipit
3021 4846 3413 4918 generationes,
3440 4848 3558 4918 qui-

1960 4934 2062 4992 bus
2085 4933 2153 4990 ad
2176 4933 2448 4992 Christum
2489 4934 2734 5008 pervenit
2777 4945 3036 4994 azternum
3084 4938 3283 5010 Regem
3327 4935 3558 4998 civitatis

1962 5029 2092 5096 Dei;
2122 5028 2249 5101 quid
2276 5028 2590 5087 intendebat
2633 5031 2687 5087 in
2734 5023 3165 5103 generationibus
3201 5047 3270 5088 ex
3307 5031 3458 5102 Cain,
3501 5045 3559 5092 et

1961 5137 2068 5194 quo
2108 5136 2199 5179 eas
2245 5123 2538 5194 perducere
2564 5124 2807 5180 volebat?
2846 5123 3254 5196 ReSpondetur:
3283 5125 3465 5199 Usque
3489 5129 3559 5185 ad

1961 5216 2244 5284 diluvium,
2275 5232 2381 5289 quo
2407 5225 2576 5272 totum
2605 5216 2732 5273 illud
2757 5231 2922 5289 genus
2950 5224 3178 5274 terrente
3203 5219 3433 5277 civitatis
3461 5222 3556 5278 ab-
3595 5239 3606 5265 ί

1962 5320 2231 5385 sumptum
2258 5323 2361 5383 est,
2380 5314 2475 5370 sed
2494 5321 2796 5384 reparatum
2819 5329 2885 5370 ex
2915 5313 3038 5371 filiis
3056 5313 3189 5372 Noe.
3208 5314 3389 5388 Neque
3411 5319 3557 5376 enim

1961 5405 2148 5462 deesse
2177 5404 2373 5477 poterit
2401 5405 2517 5462 haec
2538 5415 2748 5461 terrena
2776 5405 2965 5463 civitas
2999 5407 3336 5482 societasque
3377 5412 3585 5482 homi-i

1963 5513 2090 5552 num
2134 5475 2429 5553 secundum
2467 5495 2738 5552 hominem
2778 5497 3071 5554 viventium
3109 5475 3280 5572 usque
3305 5502 3372 5557 ad
3401 5475 3585 5576 hujus,

1963 5589 2143 5646 smculi
2175 5590 2355 5656 linem,
2397 5590 2464 5646 de
2489 5605 2594 5662 quo
2623 5589 2876 5647 Dominus
2903 5593 2997 5661 ait,
3047 5591 3173 5648 Filii
3204 5596 3356 5665 hujus
3383 5599 3558 5651 smculi

1963 5696 2223 5760 generant,
2256 5696 2302 5742 ct
2326 5695 2630 5759 generantur
2657 5686 2807 5758 (an.
2845 5703 2938 5755 xx,
2969 5687 3080 5759 54).
3108 5688 3387 5744 Civitatem
3429 5709 3554 5747 vero

1967 5784 2059 5838 Dei
2087 5782 2508 5852 peregrinantem
2534 5783 2586 5836 in
2619 5783 2717 5837 hoc
2738 5785 2933 5838 szeculo
2954 5786 3287 5853 regeneratio
3313 5785 3557 5853 perducit

1963 5875 2029 5930 ad
2062 5875 2285 5930 alterum
2320 5873 2596 5942 sacculum,
2618 5876 2768 5946 cujus
2798 5876 2889 5931 lilii
2914 5891 3014 5931 nec
3036 5885 3312 5948 generant,
3349 5891 3447 5930 nec
3471 5893 3558 5947 ge-

1965 5976 2240 6022 nerantur.
2269 5967 2362 6023 llic
2391 5984 2515 6038 ergo
2549 5971 2788 6040 generari
2824 5980 2874 6024 et
2900 5984 3158 6038 generare
3185 5967 3387 6025 civitati
3420 5967 3558 6024 utri~
