4054 6526
483 393 592 454 465

475 524 584 583 que
608 520 894 565 commune
919 510 1035 562 est:
1064 497 1306 575 quamvis
1341 495 1437 554 Dei
1459 493 1646 553 civitas
1685 491 1877 548 habeat
1900 488 2062 583 etiam

1558 378 1649 436 on
1687 345 2010 435 mirare
2049 368 2181 436 DEI,
2221 370 2281 426 s.
2321 365 2688 426 AUGUSTINI

2171 483 2519 540 detrahantur
2539 503 2552 539 :
2575 482 2830 556 numquid
2851 482 3105 541 credibile
3121 492 3204 540 est
3228 499 3324 556 per
3340 486 3488 544 mille
3503 488 3756 560 quadrin-

3643 370 3749 429 εει

479 578 571 660 llic
610 600 776 658 multa
818 599 1010 654 civium
1053 593 1241 658 millia,
1269 605 1388 662 quae
1417 589 1486 644 ab
1509 601 1673 656 Opere
1698 579 1982 656 generandi
2009 591 2068 632 se
2171 587 2381 648 gentos,
2411 587 2467 632 et
2487 579 2626 649 quod
2651 578 2906 646 excurrit,
2933 592 3122 644 annos,
3152 579 3241 650 qui
3271 590 3471 636 restant
3500 595 3670 654 usque
3690 583 3758 640 ad

480 694 785 757 abstinent;
808 689 903 747 sed
923 688 1085 745 habet
1109 684 1272 741 etiam
1293 682 1383 738 illa
1403 696 1469 737 ex
1498 678 1792 734 imitatione
1817 671 2066 746 quadam,

483 787 612 845 licet
634 781 983 840 errantium'.
1019 777 1101 833 Ad
1143 790 1262 832 eam
1305 786 1535 842 namque
1578 767 1848 840 pertinent
1886 762 2068 827 etiam,

482 879 575 952 qui
603 875 877 932 deviautes
905 871 973 926 ab
1000 869 1161 940 hujus
1204 865 1309 922 fide
1352 863 1600 920 diversas
1626 859 1859 914 Increses
1884 847 2072 908 conifi-

2174 670 2453 738 diluvium,
2497 671 2802 743 progeniem
2843 670 2972 727 Cain
3018 685 3049 726 a
3092 673 3526 744 generationibus
3569 690 3762 733 vacare

2177 765 2450 836 potuisse?

2248 859 2303 916 5.
2331 858 2434 915 Sed
2462 859 2550 930 qui
2575 875 2642 916 ex
2670 859 2774 918 hoc
2797 869 3061 930 movetur,
3109 863 3433 932 meminerit,
3465 879 3589 920 cum
3618 875 3790 936 qum-'

484 971 714 1028 derunt:
742 963 1036 1023 secundum
1082 960 1352 1016 hominem
1383 957 1580 1026 quippe
1608 952 1812 1015 νίνιιηιν
1853 962 1962 1002 ηοη
1991 959 2078 998 εθ-
2181 967 2357 1009 rerem
2384 954 2654 1024 quomodo
2674 953 3000 1011 credendum
3023 955 3115 1020 sit,
3146 955 3394 1026 antiquos
3440 957 3561 1014 illos
3590 957 3772 1014 homi-

485 1060 722 1119 cundum
751 1058 942 1114 Deum.
970 1055 1037 1110 Et
1055 1052 1306 1109 Indorum
1328 1043 1815 1121 Gymnosopbistaa,
1837 1038 1926 1110 qui
1952 1034 2078 1092 nudi

487 1150 844 1226 perhibentur
875 1144 1242 1220 philosophari
1274 1142 1328 1197 in
1371 1136 1747 1195 solitudinibus
1777 1128 2082 1226 Indian-ci-

2183 1060 2282 1102 ues
2305 1061 2402 1119 per
2428 1055 2536 1102 tam
2557 1048 2752 1103 multos
2788 1063 2960 1105 annos
3003 1064 3035 1104 a
3071 1049 3349 1121 gignendis
3389 1050 3510 1106 filiis
3558 1067 3775 1110 cessare

2188 1139 2443 1210 potuisse,
2462 1139 2669 1196 duobus
2702 1139 2876 1196 modis
2911 1139 3069 1197 istam
3106 1143 3334 1199 solutam
3371 1157 3491 1199 esse
3519 1145 3776 1216 quastio-

451 1289 458 1298 .
489 1219 588 1302 ves
611 1243 730 1314 ejus
771 1219 918 1308 sunt,
948 1247 1004 1294 et
1028 1253 1060 1292 a
1084 1231 1390 1308 generando
1428 1244 1489 1286 se
1529 1227 1783 1285 cohibent
1822 1223 1920 1293 (a).
1940 1219 2084 1314 lion
2188 1245 2311 1286 nem
2335 1247 2352 1298 ς
2383 1230 2560 1287 auide
2600 1246 2722 1287 εει-ει
2764 1231 3042 1303 pubem“,
3062 1274 3080 1302 ν
3105 1234 3452 1306 proportione
3475 1243 3582 1291 um
3602 1235 3778 1308 ιοηεω

493 1311 750 1395 eninrest
777 1331 882 1388 hoc
923 1330 1144 1394 bonum,
1189 1325 1293 1381 nisi
1335 1339 1458 1379 cum
1501 1322 1561 1376 lit
1601 1315 1894 1375 secundum
1927 1311 2086 1368 fidem

498 1428 694 1487 summi
720 1424 868 1490 boni,
899 1423 990 1494 qui
1035 1431 1120 1476 est
1163 1417 1326 1474 Deus.
1357 1415 1470 1471 Hoc
1499 1423 1676 1468 tamen
1711 1423 1870 1465 nemo
1899 1404 2091 1462 fecisse

500 1529 626 1576 ante
665 1517 925 1573 diluvium
965 1511 1262 1584 reperitur:
1287 1504 1718 1580 quandoquidem
1763 1500 1926 1556 etiam
1976 1498 2092 1569 ipse

502 1611 691 1670 Enoch
728 1611 986 1680 septimus
1027 1605 1096 1662 ab
1142 1604 1337 1670 Adam,
1385 1601 1476 1671 qui
1523 1599 1814 1654 translatus
1865 1591 2094 1649 refertur

505 1721 648 1771 esse,
682 1718 787 1760 non
818 1709 1079 1764 mortuus,
1121 1699 1303 1770 genuit
1347 1696 1483 1750 filios
1531 1703 1587 1748 et
1633 1691 1768 1745 filias
1811 1696 2096 1757 antequam

505 1799 913 1862 transferretur;
955 1794 1011 1849 in
1055 1792 1248 1864 quibus
1277 1789 1374 1845 fuit
1402 1786 1770 1848 Mathusalem,
1804 1797 1898 1853 per
1937 1795 2097 1853 quem

509 1888 910 1962 generationnm
936 1882 1400 1940 memorandarum
1426 1877 1561 1934 ordo
1589 1873 1920 1932 transcurrit.

579 1982 634 2037 2.
674 1980 783 2037 Cur
805 1994 934 2050 ergo
961 1985 1107 2033 tanta
1147 1974 1385 2046 paucitas
1427 1970 1827 2027 successionum
1860 1981 2102 2022 comme-

513 2081 755 2128 moratur
783 2073 835 2125 in
860 2067 1293 2140 generationibus
1321 2081 1388 2121 ex
1413 2062 1565 2131 Cain,
1598 2061 1646 2118 si
1688 2075 1782 2117 eas
1823 2074 1993 2131 usque
2034 2057 2104 2114 ad

515 2165 774 2222 diluvium
805 2161 1024 2234 perduci
1051 2159 1353 2232 oportebat,
1398 2171 1498 2212 nec
1542 2162 1660 2210 erat
1702 2151 1952 2207 diuturna
1974 2158 2105 2206 mtas

515 2257 852 2331 praeveniens
880 2255 1236 2326 pubertatem.
1263 2267 1383 2323 quae
1406 2259 1621 2307 centum
1642 2248 1727 2304 vel
1752 2246 1981 2316 amplius
2006 2258 2106 2297 an-

517 2366 617 2407 nos
645 2356 862 2404 vacaret
885 2362 915 2402 a
946 2346 1177 2402 fetibus?
1206 2343 1340 2400 Nam
1367 2342 1414 2398 si
1442 2358 1549 2397 non
1589 2339 1897 2397 intendebat
1924 2343 2110 2392 auctor

517 2441 640 2497 libri
671 2439 830 2511 hujus
855 2438 1111 2508 aliquem,
1163 2436 1229 2491 ad
1271 2451 1431 2506 quem
1462 2432 1766 2490 necessario
1793 2429 2114 2502 perduceret

520 2533 716 2590 seriem
757 2530 1182 2602 generalionum,
1231 2527 1368 2583 sicut
1416 2526 1467 2580 in
1513 2525 1616 2580 illis
1653 2538 1772 2594 qua:
1801 2523 2023 2578 veniunt
2046 2520 2116 2578 de

523 2627 730 2684 semine
753 2625 883 2682 Setb
915 2622 1227 2679 intendebat
1254 2622 1532 2692 pervenire
1555 2618 1623 2674 ad
1646 2617 1781 2681 Noe.
1807 2632 1836 2672 a
1861 2632 1968 2688 quo
1997 2631 2117 2671 rur-

525 2734 619 2775 sus
639 2718 774 2774 ordo
795 2715 1131 2772 necessarius
1159 2721 1505 2785 sequeretur;
1533 2711 1659 2783 quid
1687 2725 1824 2780 opus
1848 2718 1964 2767 erat
1989 2725 2119 2780 pra-.-

529 2815 828 2869 termittere
858 2810 1240 2884 primogenitos
1269 2807 1428 2874 filios.
1461 2816 1520 2863 ut
1547 2805 1918 2878 perveniretur
1935 2803 2001 2860 ad
2025 2803 2123 2861 La-

531 2893 710 2972 ntech,
735 2905 787 2960 in
814 2903 966 2975 enjus
993 2902 1116 2958 filiis
1138 2901 1318 2957 finitur
1339 2901 1425 2955 illa
1446 2899 1740 2962 contextio,
1761 2908 1948 2954 octava
1967 2912 2124 2970 gene-

532 2997 740 3053 ratione
760 2995 965 3052 scilicet
988 3011 1054 3050 ex
1080 2993 1268 3058 Adam,
1299 2992 1523 3062 septima
1543 3007 1606 3046 ex
1630 2990 1781 3054 Cain,
1809 2989 1960 3060 quasi
1980 2997 2126 3046 esset

535 3088 660 3144 inde
686 3085 883 3158 aliquid
905 3085 1154 3154 deinceps
1173 3081 1622 3148 connectendum,
1653 3079 1793 3136 unde
1819 3079 2130 3150 pervenire-

535 3190 622 3236 tur
641 3179 725 3234 vel
747 3179 813 3234 ad
838 3175 1181 3233 Israeliticqu
1203 3175 1476 3246 populum,
1502 3173 1554 3229 in
1576 3188 1682 3244 quo
1698 3172 1903 3228 caelesti
1924 3170 2126 3228 civitati

537 3273 696 3329 etiam
732 3281 943 3327 terrena
972 3267 1271 3324 Jerusalem
1323 3268 1544 3336 figuram
1593 3264 1956 3336 propltelicam
1988 3279 2128 3334 pra:-

534 3364 668 3430 buit,
695 3362 780 3418 vel
799 3361 866 3417 ad
886 3359 1157 3416 Christum
1180 3356 1475 3414 secundum
1495 3371 1731 3423 carnem,
1755 3355 1846 3427 qui
1865 3364 1948 3412 est
1969 3369 2131 3424 super

540 3459 718 3514 omnia
748 3456 890 3511 Deus
918 3453 1228 3510 benedictus
1272 3452 1325 3506 in
1372 3451 1563 3506 smcula
1595 3449 1770 3521 (Rom.
1801 3466 1874 3516 tx,
1908 3447 1988 3520 5),
2035 3463 2130 3502 su-

540 3565 720 3620 perna:
747 3547 1041 3603 Jerusalem
1071 3543 1359 3599 fabricator
1385 3554 1544 3610 atque
1577 3551 1854 3611 regnator;
1884 3557 2003 3595 cum
2024 3550 2132 3595 tota

539 3642 829 3714 progenies
857 3638 986 3695 Cain
1009 3637 1210 3694 diluvio
1235 3638 1305 3692 sit
1330 3635 1540 3691 deleta?
1567 3634 1720 3692 Unde
1740 3634 1908 3691 videri
1935 3643 2131 3705 potest,

542 3733 596 3788 in
624 3731 814 3788 eodem
858 3730 1047 3786 ordine
1088 3729 1492 3800 generationnm
1541 3727 1920 3797 primogenitos
1971 3725 2136 3782 fuisse

543 3831 1013 3879 commemoratos.
1059 3820 1168 3875 Cur
1190 3835 1319 3890 ergo
1347 3829 1451 3874 tam
1481 3819 1631 3887 pauci
1660 3819 1818 3872 sunt?
1851 3817 1961 3871 Non
1992 3817 2136 3871 cnim

544 3932 714 3988 usque
739 3915 805 3970 ad
833 3915 1086 3970 diluvium
1117 3922 1195 3970 tot
1223 3929 1344 3969 esse
1373 3921 1676 3983 pmuerunt,
1703 3927 1806 3965 non
1831 3911 2137 3966 vacantibus

545 4025 716 4077 usque
745 4008 810 4063 ad
840 4008 1202 4063 eentenariam
1230 4006 1562 4075 pubertatem
1595 4003 1832 4072 patrihus
1865 4003 1931 4057 ab
1960 4001 2138 4056 ofﬁcio

545 4099 861 4172 generandi,
894 4100 938 4154 si
967 4115 1074 4154 non
1114 4106 1232 4153 erat
1259 4105 1384 4151 tunc
1409 4095 1753 4166 proportione
1783 4094 2139 4162 longmvitatis

548 4192 689 4248 illius
714 4192 874 4246 etiam
905 4205 1027 4246 sera
1057 4189 1330 4260 pubertas.
1375 4187 1442 4242 Ut
1479 4184 1622 4241 enim
1657 4199 1900 4255 peraeque
1925 4183 2140 4253 triginta

549 4297 810 4338 annorqu
835 4280 1047 4345 fuerint,
1066 4294 1188 4335 cum
1215 4277 1352 4331 filios
1375 4291 1632 4348 generare
1653 4285 1952 4345 coeperunt,
1971 4274 2142 4331 octies

553 4373 740 4430 triceni
772 4371 1046 4443 (quoniam
1075 4379 1200 4425 octo
1247 4377 1372 4422 sunt
1415 4367 1788 4438 generationes
1812 4381 1934 4420 cum
1971 4365 2141 4419 Adam

550 4475 606 4523 et
629 4481 748 4522 cum
779 4465 858 4519 eis
886 4477 1020 4534 quos
1045 4461 1226 4534 genuit
1252 4458 1534 4528 Lamech),
1566 4457 1782 4513 ducenti
1821 4465 1876 4512 et
1908 4455 2139 4526 quadra-

549 4561 694 4631 ginta
725 4563 853 4612 sunt
879 4554 1004 4609 anni
1029 4571 1041 4606 :
1067 4569 1192 4608 num
1225 4552 1403 4621 itaque
1431 4560 1544 4605 toto
1573 4548 1764 4604 deinde
1793 4557 2034 4618 tempore
2055 4563 2144 4603 us-

553 4667 656 4723 que
673 4649 738 4704 ad
756 4647 1009 4703 diluvium
1028 4662 1136 4705 non
1152 4642 1578 4716 generavernnt?
1598 4641 1710 4710 Qua
1729 4639 1943 4696 tandem
1959 4654 2145 4710 causa,

553 4745 644 4817 qui
695 4743 808 4798 haec
853 4740 1086 4810 scripsit,
1125 4738 1501 4812 generationes
1527 4748 1954 4791 commemorare
1977 4732 2146 4788 noluit

553 4847 675 4908 quae
705 4831 1036 4903 sequuntur?
1061 4829 1196 4886 Nam
1239 4844 1304 4883 ex
1349 4827 1518 4884 Adam
1574 4843 1741 4897 usque
1779 4824 1844 4880 ad
1889 4824 2144 4880 diluvium

554 4933 933 4998 computantur
975 4922 1122 4986 anni,
1168 4920 1462 4977 secundum
1505 4918 1719 4974 codices
1761 4927 1993 4981 nostros,
2038 4915 2147 4973 duo

559 5019 722 5077 millia
771 5015 989 5073 ducenti
1035 5013 1308 5085 sexaginta
1346 5011 1490 5066 duo'
1522 5028 1534 5064 :
1565 5009 1857 5065 secundum
1905 5007 2147 5064 ltebra-os

592 5122 758 5176 utem,
779 5109 923 5163 mille
950 5104 1188 5162 sexcenti
1216 5102 1594 5173 quinquaginta
1613 5117 1725 5156 sex.
1748 5101 1814 5157 Ut
1832 5115 1960 5170 ergo
1985 5099 2147 5156 istum

513 5199 517 5204 ’
559 5219 841 5261 numerum
868 5201 1127 5256 minorem
1157 5198 1440 5254 credamus
1468 5211 1589 5252 esse
1615 5196 1898 5262 veriorem,
1920 5193 1986 5250 dc
2003 5195 2148 5252 mille

523 5352 526 5354 ν
559 5297 829 5351 sexcentis
854 5291 1236 5365 quinquaginta
1259 5305 1356 5347 sex
1381 5288 1537 5346 annis
1560 5287 1772 5345 ducenti
1799 5287 2148 5359 quadraginta

627 5450 642 5479 ι
680 5453 746 5498 Ita
768 5453 874 5496 Mss.
897 5445 1014 5496 mliti
1037 5453 1217 5501 autem,
1243 5445 1330 5496 sed
1353 5441 1492 5495 habet
1514 5441 1658 5494 etiam
1693 5439 1779 5492 illa
1801 5440 1926 5493 cives
1947 5439 2150 5493 nonnul-

563 5508 632 5560 ιος
657 5508 759 5559 istis
781 5505 962 5558 similes
975 5520 1040 5558 ea:
1058 5506 1319 5571 imitmione
1340 5506 1552 5571 quadam
1567 5504 1676 5571 licet
1689 5511 1932 5571 errantes.

628 5576 644 5602 ε
683 5570 868 5632 aliquot
904 5575 1032 5630 Mss,
1059 5568 1167 5632 duo,
1191 5565 1363 5632 initlia'
1387 5567 1580 5619 ducenti
1611 5565 1971 5632 quinquaginta.
2005 5572 2154 5616 Euse-

563 5633 689 5692 bius,
715 5629 1046 5694 ttieronymus,
1079 5631 1204 5680 Beda
1227 5630 1417 5694 aliique
1445 5631 1722 5694 secundum
1742 5629 2054 5691 Septuaginta
2067 5635 2151 5694 _tn-

565 5689 839 5758 terpretum
854 5689 1062 5758 codices
1093 5689 1372 5758 cornputant
1392 5693 1491 5758 duo
1505 5691 1683 5758 millia
1696 5689 1943 5758 ducentos
1954 5689 2156 5758 quadra-

563 5751 698 5821 ginia
744 5763 816 5864 et“
835 5755 956 5803 duos
993 5766 1162 5804 annos.
1186 5751 1431 5806 -l—Codex
1466 5753 1607 5817 2050,
1650 5753 1745 5805 duo
1765 5751 1923 5805 millia
1959 5751 2155 5804 ducents

563 5833 714 5864 um.
783 5837 837 5864 ἶ.

561 5833 714 5870 ικιιι.
783 5833 837 5866 1“.

629 5881 703 5947 (α)
727 5878 856 5930 conf.
881 5889 1046 5940 supra,
1065 5877 1148 5928 lib.
1171 5877 1245 5939 lt,
1271 5891 1376 5942 cap.
1408 5878 1478 5941 l7,
1505 5879 1552 5929 in
1574 5878 1655 5930 tiu.

2191 1324 2314 1380 vitae
2338 1339 2355 1391 ;
2381 1333 2470 1380 aut
2491 1324 2559 1381 de
2579 1325 2703 1381 ﬁliis
2729 1325 2823 1398 qui
2841 1337 3330 1385 commemorantur
3347 1329 3400 1385 in
3424 1331 3780 1402 geerationi-

2194 1415 2314 1482 bus,
2336 1417 2476 1488 quod
2510 1433 2615 1474 non
2641 1418 2838 1476 fuerint
2875 1419 3210 1492 primogeniti
3235 1422 3368 1488 ;sed
3417 1422 3473 1478 bi
3524 1439 3622 1495 per
3645 1437 3784 1495 quos

2195 1506 2262 1564 ad
2285 1523 2429 1578 eum,
2453 1526 2610 1581 quem
2629 1512 2936 1570 intendebat
2986 1521 3174 1570 auctor
3199 1514 3341 1582 libri,
3395 1525 3604 1588 poterat
3659 1532 3784 1587 per-

2197 1601 2403 1668 venire,
2429 1602 2569 1658 sicut
2592 1603 2657 1657 ad
2679 1603 2794 1660 Noe
2813 1604 2866 1660 in
2913 1606 3346 1677 generationibus
3371 1607 3524 1664 Seth.
3555 1608 3789 1666 Proinde

2200 1690 2253 1746 in
2306 1693 2734 1764 generationibus
2761 1693 2916 1764 Cain,
2954 1697 3000 1752 si
3042 1713 3151 1754 non
3179 1700 3410 1756 occurrit
3446 1699 3535 1771 qui
3564 1699 3791 1758 deberet

2203 1783 2424 1851 intendi,
2455 1785 2523 1842 ad
2563 1803 2721 1858 quem
2748 1790 3119 1859 pratermissis
3157 1791 3544 1864 primogenitis,
3574 1809 3672 1866 per
3695 1811 3791 1852 eos

2203 1877 2292 1946 qui
2321 1881 2724 1936 commemorati
2744 1890 2889 1949 sunt,
2921 1883 3188 1954 perveniri
3213 1886 3661 1956 oportebat,.scra
3690 1903 3792 1958 pu-

2206 1973 2385 2029 bertas
2405 1974 2746 2047 intelligenda
2773 1977 2994 2034 restabit
3019 1995 3034 2044 ;
3065 1987 3121 2033 ut
3140 1979 3410 2051 aliquanto
3441 1989 3794 2052 postcentum

2203 2083 2398 2134 annos,
2426 2069 2656 2140 puberes
2680 2069 2988 2142 habilesque
3037 2071 3104 2129 ad
3133 2072 3456 2145 gignendum
3511 2072 3637 2131 facti
3682 2073 3771 2130 fue

2211 2161 2335 2227 rint,
2358 2172 2415 2217 ut
2430 2164 2564 2218 ordo
2580 2165 2980 2232 generationnm
3010 2181 3107 2235 per
3127 2167 3507 2238 primogenitos
3529 2175 3796 2234 curreret,

2212 2263 2268 2310 et
2293 2270 2459 2326 usque
2486 2255 2552 2310 ad
2596 2256 2850 2312 diluvium
2899 2257 2965 2311 ad
2996 2273 3279 2312 numerum
3329 2273 3590 2313 annorum
3636 2267 3802 2315 tanta

2213 2346 2532 2416 quantitatis
2555 2356 2884 2403 occurreret.
2931 2348 3192 2415 Quamvis
3218 2348 3334 2404 fieri
3364 2349 3551 2420 possit,
3580 2358 3637 2404 ut
3669 2364 3802 2419 pro-

2216 2444 2338 2508 pter
2385 2438 2616 2508 aliquam
2654 2439 2996 2495 sccretiorcm
3052 2455 3291 2509 causam,
3341 2456 3461 2511 qua:
3513 2457 3600 2496 me
3647 2441 3805 2510 latet,

2218 2545 2387 2600 usque
2405 2531 2471 2586 ad
2493 2530 2725 2587 Lamech
2753 2541 2806 2586 et
2832 2531 2952 2603 ejus
2995 2531 3133 2590 ﬁlios
3183 2533 3588 2604 generationnm
3618 2547 3808 2603 perve-

2221 2623 2403 2679 niente
2428 2633 2703 2689 contextu,
2752 2624 3222 2681 commendaretur
3245 2624 3362 2680 hsce
3407 2625 3613 2690 civitas,
3639 2641 3808 2696 quam

2221 2715 2450 2772 dicimus
2467 2731 2588 2772 esse
2614 2725 2880 2775 terrenam
2909 2733 3012 2784 ;ac
3061 2717 3258 2774 deinde
3299 2726 3536 2774 cessaret
3575 2719 3812 2790 scriptor

2226 2806 2346 2864 libri
2365 2822 2788 2865 commemorare
2813 2818 3060 2877 caeteras,
3083 2824 3203 2879 quae
3245 2823 3414 2881 usque
3457 2809 3522 2864 ad
3551 2807 3812 2866 diluvium

2225 2916 2346 2958 esse
2375 2910 2662 2974 potuerunt
2687 2900 2786 2974 (a).
2817 2902 3000 2959 Potest
3027 2910 3080 2958 et
3109 2901 3198 2958 illa
3219 2915 3341 2958 esse
3364 2915 3545 2967 causa,
3574 2917 3671 2958 cur
3701 2917 3812 2957 non

2229 2993 2363 3048 ordo
2385 2993 2790 3065 generationnm
2839 3009 2934 3063 per
2983 2992 3368 3064 primogenitos
3397 2991 3706 3060 duceretur,
3758 3001 3818 3049 ut

2231 3099 2451 3142 necesse
2475 3101 2581 3141 non
2599 3086 2669 3140 sit
2688 3085 2737 3140 in
2767 3085 2870 3140 illis
2909 3084 3216 3142 hominibus
3243 3093 3352 3140 tam
3382 3099 3558 3142 seram
3587 3083 3821 3141 credere

2233 3179 2592 3247 pubertatem,
2612 3176 2753 3248 quod
2783 3177 2990 3234 scilicet
3028 3176 3216 3233 eadem
3244 3176 3455 3243 civitas,
3501 3192 3659 3247 quam
3685 3177 3822 3234 Cain

2234 3272 2286 3327 in
2315 3272 2528 3327 nomine
2558 3271 2740 3327 Enocb
2783 3273 2874 3328 lilii
2900 3273 2982 3328 sui
3010 3272 3270 3341 condidit,
3310 3273 3468 3344 longe
3493 3272 3705 3343 lateque
3736 3286 3825 3328 re-

2232 3377 2398 3433 gnare
2424 3363 2675 3432 potuerit,
2707 3373 2761 3419 et
2788 3378 2940 3433 reges
2967 3362 3164 3420 habere
3185 3379 3290 3419 non
3320 3363 3478 3422 simul
3505 3365 3704 3435 plures,
3725 3363 3826 3420 sed

2234 3457 2346 3511 suis
2372 3455 2617 3511 retatihus
2635 3455 2896 3528 singulos,
2935 3471 3070 3526 quos
3089 3456 3397 3527 genuissent
3425 3457 3524 3511 sibi
3555 3457 3570 3488 ¹
3599 3471 3827 3512 succes-

2237 3563 2391 3602 suros
2417 3549 2739 3619 quicumque
2771 3559 3103 3619 regnassent.
3123 3549 3323 3604 Horum
3378 3563 3560 3618 regum
3619 3549 3828 3616 primus

2237 3657 2358 3697 esse
2389 3642 2556 3713 potuit
2584 3641 2699 3712 ipse
2743 3640 2899 3708 Cain,
2953 3641 3219 3696 secundus
3274 3640 3414 3696 filius
3465 3640 3581 3711 ejus
3617 3639 3826 3708 Enoclt,

2240 3735 2297 3789 in
2325 3740 2478 3804 cujus
2507 3734 2724 3790 nomine
2743 3733 2830 3788 ubi
2853 3743 3188 3804 regnaretur,
3220 3733 3432 3788 condita
3474 3742 3558 3788 est
3595 3733 3789 3789 civitas
3813 3748 3825 3764 ·

2241 3826 2427 3880 tertius
2445 3823 2669 3892 Gaidad,
2686 3840 2844 3896 quem
2866 3823 3244 3895 genuitEnoch
3266 3833 3512 3894 :qnartus
3535 3822 3766 3878 Manibel
3785 3825 3831 3890 ’,

2242 3931 2401 3986 quem
2446 3917 2632 3986 genuit
2665 3915 2866 3970 Gaidad
2902 3931 2914 3967 :
2944 3915 3161 3984 quintus
3207 3913 3521 3976 Matltnsael,
3551 3929 3711 3982 quem
3739 3929 3834 3984 ge-

2244 4008 2359 4062 nuit
2375 4006 2605 4061 Manihel
2625 4014 2838 4061 :sextus
2856 4004 3112 4070 Lamecb,
3129 4021 3288 4076 quem
3309 4007 3491 4077 genuit
3511 4003 3833 4071 Mathusael,

2243 4103 2331 4172 qui
2360 4102 2616 4172 septimus
2632 4110 2716 4155 est
2740 4099 2808 4154 ab
2829 4099 3000 4154 Adam
3039 4115 3133 4169 per
3161 4098 3314 4155 Cain.
3343 4099 3459 4155 Non
3502 4108 3684 4155 autem
3713 4109 3838 4156 erat

2246 4207 2600 4261 Consequens,
2633 4203 2689 4246 ut
2711 4191 3048 4262 primogeniti
3072 4207 3258 4263 regum
3287 4191 3308 4222 ³
3336 4193 3680 4262 regnantibus
3706 4208 3838 4250 suc-

2245 4285 2497 4342 cederent
2513 4286 2770 4356 patribus,
2799 4285 2892 4341 sed
2913 4301 3046 4358 quos
3063 4286 3319 4358 regnandi
3337 4287 3582 4343 meritum
3610 4296 3840 4358 propter

2248 4382 2499 4436 virtutem
2560 4390 2788 4436 terrente
2834 4381 3016 4437 utilem
3074 4381 3320 4447 civitati,
3372 4381 3456 4437 vel
3489 4397 3607 4435 sors
3656 4383 3838 4453 aliqua

2248 4477 2526 4545 reperiret,
2555 4472 2636 4528 vel
2657 4472 2749 4528 ille
2779 4472 3110 4542 potissimum
3142 4473 3450 4528 succederet
3491 4473 3624 4544 patri
3657 4472 3840 4529 barre-

2247 4566 2438 4620 ditario
2458 4564 2692 4636 quodam
2711 4564 2832 4634 jure
2856 4563 3132 4634 regnandi,
3161 4579 3320 4636 quem
3349 4579 3456 4633 prae
3481 4565 3690 4619 caeteris
3714 4565 3842 4619 filiis

2247 4659 2538 4714 dilexisset.
2572 4657 2749 4712 Potuit
2785 4667 2963 4712 autem
2999 4655 3209 4713 vivente
3237 4655 3410 4710 adhuc
3466 4654 3701 4711 Lamech
3761 4664 3845 4710 at-

2247 4769 2353 4824 que
2373 4761 2631 4824 regnante
2658 4750 2771 4806 ﬁeri
2795 4750 3076 4814 diluvium,
3102 4758 3160 4804 ut
3187 4750 3360 4820 ipsum
3380 4763 3501 4805 cum
3523 4747 3644 4803 aliis
3656 4747 3844 4803 omni-

2251 4846 2348 4902 bus
2377 4845 2701 4912 hominibus,
2749 4843 2989 4914 exceptis
3024 4842 3113 4913 qui
3160 4842 3210 4896 in
3242 4857 3367 4896 arca
3412 4839 3646 4907 fuerunt,
3674 4856 3846 4911 quem

2316 5004 2334 5036 ι
2367 5001 2472 5054 sola
2497 5002 2645 5054 editio
2665 5007 2798 5062 Lov.,
2819 4997 2889 5052 ibi
2910 5010 2926 5050 :
2947 5003 3000 5050 et
3020 4996 3165 5061 paulo
3193 5003 3330 5062 post,
3353 4994 3436 5049 ubi
3454 4999 3678 5061 reginam
3689 5005 3712 5057 ;
3735 5007 3850 5059 pro.

2287 5065 2334 5115 bi
2355 5071 2660 5115 remretur.

2252 5071 2334 5115 ubi
2355 5071 2660 5117 remremr.

2287 5078 2334 5115 οι
2355 5078 2660 5123 regnaretur.

2287 5189 2299 5201 .
2313 5131 2348 5201 ag
2368 5127 2558 5190 Aliquot
2578 5125 2881 5201 laevia.
2897 5129 2951 5175 Et
2977 5121 3194 5174 nonnulli
3210 5155 3226 5186 ,
3251 5117 3467 5174 ﬂuviust.
3491 5118 3623 5184 Apud
3644 5124 3853 5182 56W-

2251 5189 2386 5255 ginta
2411 5185 2545 5249 vero,
2572 5185 2802 5239 Malelecl.
3354 5245 3365 5255 _
3393 5243 3404 5255 .
3428 5244 3438 5254 ι

2317 5253 2340 5286 ³
2368 5251 2443 5302 Sic
2462 5251 2656 5302 codices
2670 5250 2839 5300 nostri.
2865 5253 2917 5299 tn
2937 5254 3011 5311 Β..
3033 5253 3083 5298 ut
3098 5247 3404 5314 primogenut
3419 5258 3470 5294 ιιι
3493 5254 3735 5314 regium,
3761 5252 3821 5314 at.

2315 5319 2338 5377 (
2356 5325 2389 5376 ι)
2415 5318 2568 5380 credo
2599 5328 2724 5380 _cssc_
2767 5309 3074 5361 enuntetatas
3087 5309 3672 5380 itaut-utit’geueraliones
3708 5309 3856 5380 gain,

2251 5371 2542 5441 qtt'c'puuit‘t
2581 5376 2830 5425 debebant
2867 5371 3410 5441 prqjterfratricidiutn:
3443 5371 3518 5419 sic
3539 5371 3678 5441 enim
3706 5375 3831 5441 ,ιυιξξ

2256 5427 2588 5502 βωέδριιὶιέίι,
2634 5445 2787 5502 Anttq.
2813 5427 2917 5483 Ju'd.
2946 5427 3029 5482 lib.
3047 5495 3058 5502 _
3075 5434 3116 5492 l,
3139 5445 3244 5502 cap.
3271 5431 3317 5502 ξ,
3343 5433 3366 5493 §
3439 5444 3451 5479 :
3480 5449 3503 5476 ι
3533 5429 3644 5480 Cain
3664 5427 3856 5502 sacrifi-

2261 5494 2432 5550 icium
2455 5494 2724 5549 celebranti
2755 5494 2811 5547 ac
2833 5495 3067 5563 poscenti
3094 5506 3158 5544 ne
3180 5494 3244 5563 ob
3281 5494 3372 5563 hoc
3392 5495 3524 5563 iram_
3549 5494 3852 5563 susciperet,

2262 5579 2288 5612 ι
2308 5565 2560 5612 suaviorem
2601 5574 2789 5623 pcenatu
2833 5553 3081 5623 homicidii
3119 5555 3389 5616 relaxavit;
3428 5553 3856 5623 maledictumque

2263 5644 2287 5674 ι
2314 5639 2423 5674 esse
2447 5616 2711 5682 constituit,
2740 5629 2791 5673 et
2822 5624 2928 5683 ejus
2950 5617 3167 5669 sobolem
3201 5631 3358 5681 usque
3381 5617 3439 5683 ad
3478 5616 3738 5683 septimam
3765 5628 3856 5676 ge-

2264 5706 2288 5737 ¢
2314 5689 2615 5736 net'atit'ntem
2654 5678 3011 5747 interminatus
3041 5687 3119 5747 est
3158 5678 3619 5747 esse'puniemdam.
3648 5690 3682 5747 ,ξ
3726 5682 3854 5722 Tum

2259 5758 2406 5801 etaim
2428 5763 2583 5812 usque
2608 5750 2665 5797 a:l
2693 5750 2738 5796 id
2759 5755 2953 5812 tempus
2971 5745 3088 5792 vixit
3113 5743 3219 5790 Cain
3243 5757 3256 5792 :
3281 5740 3421 5812 cujus
3441 5740 3584 5812 linem
3618 5740 3854 5812 viuere-t-

2258 5805 2630 5870 generationem
2665 5812 2774 5877 ejus
2808 5806 3006 5860 nolebat
3037 5811 3254 5861 narrator
3290 5805 3688 5869 prastermittere.
3735 5805 3856 5858 wn.
