4054 6504
226 391 324 452 ωε

228 509 497 585 perdaet,
528 508 822 568 inveniret.
865 509 1052 585 Neque
1096 511 1241 569 enim
1295 513 1601 569 mirandum
1645 523 1749 581 est,
1778 514 1829 570 si

229 606 368 663 varia
388 606 705 677 quantitate
728 608 1138 663 numerositatis
1188 623 1451 665 annorum
1491 610 1826 679 interposita,

232 690 322 773 per
347 709 456 755 tam
478 700 697 773 longam
724 710 938 758 aetatem
978 703 1046 759 ab
1084 703 1251 766 Adam
1291 719 1457 774 usque
1483 704 1549 758 ad
1571 704 1826 758 diluvium

233 810 333 849 non
361 794 589 864 aequalis
606 796 815 851 numeri
845 796 1218 867 generationes
1240 798 1422 853 habuit
1454 808 1675 868 utraque
1702 814 1830 869 pro-

232 886 434 957 genies,
465 887 561 942 sed
596 903 690 956 per
714 886 842 942 Cain
870 900 1207 959 septem,per
1236 888 1365 944 Seth
1387 899 1565 945 autem
1598 891 1820 946 decem:

234 979 493 1047 septimus
521 990 604 1034 est
626 982 794 1047 enim,
852 990 908 1036 ut
948 984 1059 1052 jam
1090 982 1221 1049 dixi,
1250 983 1317 1036 ab
1349 982 1514 1037 Adam
1572 982 1827 1049 Lamech,

235 1070 476 1125 decimus
505 1069 620 1128 Noe
646 1081 735 1129 :et
775 1072 893 1128 ideo
922 1088 1028 1128 non
1073 1089 1208 1128 unus
1241 1074 1380 1128 ﬁlius
1410 1072 1662 1138 Lamecb,
1697 1074 1833 1129 sicut

238 1163 286 1218 in
311 1167 528 1219 cmteris
557 1167 825 1235 superius,
857 1167 950 1222 sed
997 1167 1178 1238 plures
1229 1168 1631 1223 commemorati
1662 1174 1785 1220 sunt
1811 1181 1828 1234 ;

237 1255 352 1327 quia
387 1258 655 1313 incertum
683 1268 798 1314 erat
826 1259 945 1328 quis
973 1260 1022 1315 ei
1050 1258 1238 1315 luisset
1292 1268 1504 1315 mortuo
1550 1270 1831 1312 successu-

240 1362 347 1412 rus,
372 1348 417 1403 si
446 1350 704 1420 regnandi
752 1360 960 1421 tempus
995 1352 1133 1407 inter
1163 1352 1333 1422 ipsum
1359 1359 1413 1406 et
1447 1350 1701 1406 diluvium
1744 1364 1831 1405 re-

240 1440 547 1496 mansisset.
790 1511 799 1522 '

308 1533 362 1586 4.
390 1531 501 1588 Sed
538 1548 754 1605 quoquo
801 1534 960 1591 modo
1009 1551 1067 1591 se
1110 1534 1320 1600 habeat,
1355 1538 1469 1591 sive
1498 1549 1593 1605 per
1626 1534 1828 1605 primo-

241 1623 472 1693 genitos,
503 1625 619 1681 sive
646 1642 740 1695 per
783 1642 958 1697 reges,
988 1644 1054 1683 ex
1108 1627 1238 1685 Cain
1280 1628 1681 1699 generationum
1699 1627 1832 1682 ordo

244 1714 562 1784 decurrens,
592 1718 721 1773 illud
738 1718 865 1774 mihi
886 1720 1029 1774 nullo
1051 1729 1202 1788 pacto
1231 1720 1657 1791 prtetereundum
1672 1720 1832 1775 sileno

244 1808 313 1864 tio
341 1809 581 1876 videtur,
612 1811 755 1883 quod
807 1828 926 1867 cum
974 1812 1206 1868 Lamecb
1259 1813 1519 1882 septinms
1548 1812 1615 1867 ab
1664 1812 1833 1867 Adam

244 1901 431 1958 fuisset
461 1904 737 1970 inventus,
763 1913 843 1960 tot
866 1906 981 1975 ejus
1007 1908 1345 1961 annnmerati
1368 1914 1494 1960 sunt
1520 1905 1634 1973 lilii,
1662 1903 1836 1960 donec

246 1990 573 2054 nndenarius
594 2013 849 2056 numerus
878 1999 1206 2070 impleretur,
1237 2015 1344 2069 quo
1368 1999 1696 2069 signiﬁcatur
1712 2012 1835 2068 pec-

245 2098 441 2144 catum.
478 2089 762 2145 Adduntur
795 2092 937 2147 enim
964 2100 1075 2147 tres
1096 2091 1208 2153 lilii.
1238 2100 1293 2147 et
1343 2107 1446 2153 una
1478 2090 1601 2145 lilia.
1632 2088 1838 2146 Uxores

246 2191 423 2237 autem
456 2183 601 2238 aliud
626 2193 847 2255 possunt
890 2185 1210 2255 signiﬁcare,
1254 2198 1359 2239 non
1398 2183 1499 2239 hoc
1527 2182 1665 2254 quod
1698 2196 1840 2237 nunc

248 2277 733 2333 commendandum
780 2277 1010 2334 videtur.
1041 2277 1193 2334 Nunc
1216 2279 1358 2333 enim
1384 2278 1451 2332 de
1480 2274 1840 2347 generationi-

249 2369 344 2425 bus
380 2371 653 2441 loquimur
684 2390 698 2427 :
733 2371 836 2425 illa:
859 2386 987 2427 vero
1036 2370 1177 2425 unde
1229 2369 1337 2425 sint
1383 2369 1598 2439 genitas,
1624 2368 1840 2422 tacitum

249 2469 348 2517 est.
377 2460 645 2529 Quoniam
673 2476 799 2531 ergo
824 2461 932 2516 Lex
960 2460 1182 2516 denario
1226 2476 1452 2515 numero
1498 2460 1840 2531 prtedicatur,

250 2558 392 2614 unde
416 2568 504 2614 εει
552 2557 920 2613 memorabilis
951 2556 1038 2611 ille
1090 2556 1378 2626 Decalogus
1408 2572 1423 2621 ;
1454 2553 1691 2625 proiecto
1744 2568 1844 2607 nu-

249 2664 431 2704 merus
457 2650 807 2715 undrnarius,
836 2650 1085 2718 quoniam
1136 2646 1525 2717 transgreditur
1543 2644 1840 2711 denarium,

251 2742 732 2812 transgressionem
764 2741 915 2812 legis,
942 2757 1005 2796 ac
1056 2756 1151 2811 per
1195 2738 1298 2795 hoc
1325 2748 1597 2809 peccatum
1639 2734 1845 2807 signiﬁ-

249 2844 352 2891 ait.
384 2835 523 2890 Hinc
542 2843 625 2890 est
670 2832 813 2905 quod
860 2834 913 2888 in
949 2832 1294 2889 tabernaculo
1337 2829 1648 2892 testimonii,
1703 2826 1846 2898 quod

254 2928 441 2983 eratin
475 2927 669 2981 itinere
728 2926 904 2997 populi
940 2925 1029 2980 Dei
1075 2924 1219 2979 velut
1262 2922 1516 2993 templum
1552 2920 1850 2975 ambulato-

254 3018 392 3074 rium
426 3019 472 3084 ⁸,
520 3018 767 3075 undecim
810 3017 925 3072 vela
976 3016 1183 3072 cilicina
1235 3014 1348 3070 ﬁeri
1397 3022 1659 3085 praecepta
1722 3018 1851 3067 sunt

255 3108 274 3182 (
302 3108 475 3165 Exod.
505 3126 649 3176 xm,
672 3110 703 3164 7
732 3112 770 3180 ).
799 3107 856 3164 ιιι
877 3108 1051 3164 cilicio
1073 3108 1268 3179 quippe
1293 3105 1594 3163 recordatio
1609 3113 1694 3161 est
1719 3119 1849 3175 pec-

253 3211 520 3268 catorum,
556 3210 774 3273 propter
801 3200 982 3256 laedes
1033 3200 1098 3255 ad
1132 3199 1404 3254 sinistram
1445 3199 1680 3252 futuros:
1707 3194 1851 3267 quod

255 3294 581 3351 conﬁtentes
610 3296 661 3349 in
690 3294 866 3350 cilicio
895 3292 1306 3365 prosternimur,
1337 3299 1588 3361 tanquam
1607 3287 1851 3345 dicentes

257 3389 397 3460 quod
422 3391 475 3443 in
503 3388 717 3444 Psalmo
745 3389 999 3458 scriptum
1025 3396 1131 3454 est,
1162 3385 1228 3440 Et
1251 3392 1510 3456 peccatum
1545 3399 1709 3438 meum
1733 3390 1853 3438 ante

258 3498 336 3536 me
358 3491 433 3537 est
454 3480 693 3551 semper(
722 3478 867 3533 Psal.
899 3494 951 3546 ι..
976 3479 1010 3535 5
1040 3479 1081 3550 ).
1113 3478 1403 3549 Progenies
1424 3492 1554 3547 ergo
1590 3492 1654 3532 ex
1679 3474 1849 3530 Adam

261 3589 354 3645 per
394 3572 531 3628 Cain
565 3573 887 3627 sceleratum
930 3571 1229 3627 nndenario
1256 3586 1481 3626 numero
1521 3570 1721 3635 linitur,
1744 3583 1851 3640 quo

260 3676 538 3737 peccatum
565 3665 893 3735 signiﬁcatur
933 3682 947 3719 :
977 3672 1031 3720 et
1054 3666 1167 3735 ipse
1190 3677 1446 3719 numerus
1471 3662 1669 3717 femina
1699 3662 1851 3717 clau-

262 3759 421 3825 ditur,
457 3775 619 3831 aquo
646 3772 777 3814 sexu
831 3759 1037 3814 initium
1095 3758 1295 3815 factum
1339 3767 1421 3814 est
1465 3757 1691 3829 peccati,
1757 3771 1855 3827 per

262 3852 402 3921 quod
419 3867 609 3908 omnes
647 3851 926 3908 morimur.
958 3851 1313 3908 Commissum
1338 3860 1423 3907 est
1464 3861 1640 3907 autem
1664 3893 1682 3920 ,
1717 3860 1777 3907 ut
1800 3859 1857 3908 et

264 3945 511 4015 voluptas
531 3946 730 4012 carnis,
754 3961 873 4015 qua:
898 3945 1109 4016 spiritui
1167 3947 1463 4012 resisteret,
1518 3954 1852 4016 sequeretur.

263 4035 394 4091 Nam
423 4048 475 4093 et
504 4039 620 4108 ipsa
647 4038 750 4092 ﬁlia
780 4037 1012 4094 Lamech
1043 4037 1243 4094 Noema
1300 4038 1553 4109 Voluptas
1594 4039 1851 4108 interpre-

266 4139 426 4184 tatur.
458 4130 562 4184 l’er
589 4128 719 4185 Seth
750 4138 925 4185 autem
967 4132 1034 4185 ab
1060 4130 1228 4185 Adam
1258 4144 1424 4202 usque
1441 4130 1507 4185 ad
1546 4129 1656 4185 Noe
1683 4129 1853 4184 dena-

264 4224 377 4277 rius
405 4223 709 4278 insinuatur
736 4224 1001 4294 legitimus
1018 4239 1290 4279 numerus.
1319 4223 1414 4279 Cui
1443 4225 1553 4279 Noe
1581 4235 1692 4280 tres
1717 4223 1855 4293 adji-

265 4315 477 4370 ciuntur
526 4316 658 4370 ﬁlii:
709 4314 850 4370 unde
903 4332 1008 4370 uno
1062 4316 1211 4387 lapso
1257 4316 1365 4371 duo
1419 4315 1857 4371 benedicuntura

266 4419 437 4479 patre,
473 4418 531 4463 ut
560 4419 768 4463 remoto
795 4408 1029 4479 reprobo
1076 4418 1132 4465 et
1155 4409 1394 4480 probatis
1435 4408 1555 4462 libis
1580 4407 1645 4461 ad
1671 4422 1857 4462 nume-

266 4519 385 4559 rum
410 4502 609 4557 additis
647 4504 808 4557 etiam
854 4502 1215 4558 duodenarius
1258 4516 1511 4556 numerus
1560 4500 1853 4567 intimetur,

266 4599 355 4668 qui
385 4610 439 4652 et
470 4600 521 4652 in
564 4596 993 4653 Patriarcbarum
1023 4607 1075 4653 et
1122 4599 1174 4653 in
1224 4598 1602 4668 Apostolorum
1636 4610 1859 4651 numero

268 4688 490 4759 insignis
517 4698 621 4757 est,
645 4698 864 4759 propter
887 4689 1172 4759 septenarii
1195 4698 1394 4759 partes,
1420 4689 1641 4743 alteram
1663 4701 1757 4757 per
1776 4687 1859 4741 al-

269 4791 441 4837 teram
476 4782 875 4852 multiplicatas.
908 4780 1041 4838 Nam
1090 4790 1171 4837 ter
1222 4780 1486 4852 quaterni,
1538 4779 1623 4834 vel
1672 4788 1860 4848 quater

270 4876 407 4928 terni
440 4874 614 4943 ipsum
637 4872 855 4929 facitn‘tt.
894 4874 988 4928 llis
1007 4873 1079 4929 ita
1095 4888 1154 4929 se
1180 4873 1519 4939 habentibus,
1543 4870 1700 4927 video
1727 4885 1861 4925 eon-

269 4964 614 5020 siderandnm
644 4958 707 5021 et
726 4967 1277 5033 commemorandum,
1335 4966 1435 5022 ista
1485 4974 1710 5037 utraque
1730 4979 1860 5037 pro-

268 5060 477 5129 genies,
510 5076 631 5131 qua:
678 5060 943 5117 distinctis
982 5062 1417 5133 generationibus
1463 5061 1596 5117 duas
1629 5062 1864 5118 insinuat

268 5152 538 5218 civitates,
570 5169 729 5208 unam
773 5153 1179 5225 terrigenarum,
1236 5155 1457 5210 alteram
1511 5163 1859 5225 regeneratu-

270 5260 414 5311 rum,
447 5245 720 5316 quomodo
742 5256 926 5317 postea
955 5248 1033 5303 sic
1057 5248 1348 5303 commixta
1376 5247 1533 5303 fuerit
1554 5257 1715 5319 atque
1733 5262 1866 5304 con-

270 5334 414 5403 fusa,
445 5346 503 5393 ut
530 5338 837 5395 universum
862 5353 1032 5411 genus
1081 5339 1396 5407 humanum,
1452 5341 1691 5412 exceptis
1740 5348 1865 5397 octo

277 5432 606 5502 hominibus,
638 5436 813 5507 perire
835 5446 1133 5493 mereretur
1160 5436 1379 5493 diluvio.

273 5593 506 5653 CAPUT
544 5597 688 5653 XXI.
714 5629 784 5639 —
815 5598 929 5667 Qua
975 5598 1170 5653 ratione
1229 5606 1616 5652 commemorato
1665 5595 1863 5660 Enoch,

351 5690 437 5759 qui
464 5692 561 5758 fuit
587 5693 728 5757 ﬁlius
753 5694 896 5754 Cain,
926 5693 1078 5748 totius
1129 5692 1459 5762 generationis
1485 5694 1595 5761 ejus
1617 5707 1773 5761 usque
1799 5690 1869 5744 ad

352 5782 594 5836 diluvium
619 5786 683 5837 sit
738 5785 1027 5839 continuata
1076 5783 1342 5848 narratio;
1365 5792 1750 5837 commemorato
1777 5799 1870 5835 tm-

346 5942 363 5977 ⁸
395 5948 448 5997 ιιι
466 5942 575 5997 sola
596 5941 814 5995 editione
835 5948 969 6007 toto,
991 5940 1221 6011 templum
1243 5937 1691 5995 deombulatoriwn.

1398 390 1603 454 LIBER
1639 390 1936 453 DECIMUS
1962 393 2278 464 QUINTUS.

2012 524 2108 568 tem
2133 514 2294 586 Enos,
2322 517 2412 587 qui
2435 517 2533 590 fuit
2558 517 2695 589 ﬁlius
2740 516 2888 585 Seth,
2916 518 2985 573 ad
3009 518 3309 575 conditionis
3334 521 3517 577 huma-

2010 622 2090 662 na:
2113 609 2416 681 principium
2441 613 2504 665 sit
2527 612 2764 667 reditum.

2009 701 2189 755 Primo
2219 711 2394 757 autem
2424 704 2736 759 intuendum
2783 714 2885 773 est,
2925 705 3373 778 quemadmodum
3398 721 3521 764 cum

1937 810 2006 849 ex
2036 795 2163 850 Cain
2213 798 2583 867 generationes
2624 810 3083 868 enumerarentur,
3133 816 3525 856 commemora-

1936 895 1994 943 to
2019 898 2143 944 ante
2167 899 2390 945 caeteros
2441 900 2679 960 posteros
2707 891 2821 962 ejus
2874 893 2962 947 illo
2991 894 3045 948 in
3087 893 3235 964 cujus
3291 893 3528 949 nomine-

1937 982 2148 1036 condita
2177 991 2262 1039 est
2288 982 2496 1047 civitas,
2523 983 2570 1036 id
2594 993 2676 1039 est
2698 984 2902 1051 Enoch,
2928 986 3160 1040 contexti
3189 994 3312 1039 sunt
3341 984 3524 1040 caeteri

1937 1090 2103 1145 usque
2126 1073 2195 1131 ad
2240 1076 2387 1129 illum
2443 1075 2621 1141 ﬁnem,
2655 1074 2722 1129 de
2761 1091 2866 1143 quo
2920 1077 3126 1131 locutus
3165 1091 3315 1140 sum,
3349 1075 3522 1131 donec

1938 1165 2066 1220 illud
2096 1182 2266 1236 genus
2291 1177 2450 1236 atque
2469 1166 2714 1220 universa
2735 1182 2969 1237 propago
2986 1167 3182 1221 diluvio
3204 1166 3476 1222 deleretur
3499 1182 3514 1218 :

1936 1275 2057 1315 cum
2100 1277 2227 1316 vero
2282 1261 2421 1316 ﬁlius
2473 1260 2602 1316 Seth
2659 1275 2798 1315 unus
2850 1270 3295 1314 commemoralns
3340 1259 3527 1313 fuisset

1938 1354 2367 1420 Enos,'nondum
2419 1368 2585 1424 usque
2646 1352 2711 1407 ad
2759 1353 3012 1407 diluvium
3054 1352 3245 1406 additis
3296 1352 3524 1417 cmteris,

1936 1446 2191 1501 articulus
2212 1445 2423 1515 quidam
2449 1445 2802 1513 interponitur
2824 1452 2877 1498 ct
2919 1443 3131 1507 dicitur,
3164 1441 3264 1495 Hic
3285 1443 3407 1496 liber
3434 1458 3529 1495 na-

1937 1537 2140 1593 tivitatis
2168 1540 2445 1603 hominum,
2474 1555 2571 1609 qua
2592 1539 2672 1591 die
2696 1540 2813 1609 fecit
2846 1537 2978 1592 Deus
3038 1536 3223 1600 Adam,
3250 1533 3317 1587 ad
3346 1534 3530 1605 imagi-

1938 1649 2051 1687 nem
2075 1631 2172 1688 Dei
2187 1633 2303 1706 fecit
2330 1632 2497 1688 illum.
2529 1630 2814 1687 Masculum
2839 1640 2885 1685 et
2915 1632 3154 1702 feminam
3180 1629 3295 1699 fecit
3316 1628 3453 1695 illos,
3483 1640 3533 1685 α

1941 1727 2349 1790 ὺιιηθιιίπὶιίιιοε,
2399 1736 2441 1780 et
2490 1725 2857 1797 cognominavit
2906 1741 3085 1777 nomen
3139 1740 3311 1776 eorum
3340 1720 3528 1789 Adam,

1939 1836 2039 1889 qua
2068 1819 2149 1872 die
2169 1818 2287 1888 fecit
2310 1818 2425 1872 illos
2462 1818 2480 1887 (
2509 1815 2635 1871 Gen.
2663 1833 2717 1879 v,
2746 1818 2797 1877 1.
2820 1816 2856 1869 2
2885 1816 2924 1885 ).
2953 1814 3104 1881 Quod
3152 1814 3278 1867 mihi
3310 1812 3520 1866 videtur

1940 1913 2005 1967 ad
2029 1912 2131 1967 hoc
2156 1912 2550 1981 interpositum,
2575 1920 2629 1964 ut
2672 1909 2797 1963 hinc
2824 1921 3005 1961 rursus
3037 1906 3294 1975 inciperet
3322 1904 3389 1956 ab
3416 1904 3533 1973 ipso

1944 2007 2111 2061 Adam
2130 2005 2485 2059 dinumeratio
2511 2012 2830 2073 temporum,
2854 2016 3010 2070 quam
3045 2000 3213 2054 noluit
3238 1996 3413 2052 facere
3439 1994 3532 2067 qui

1946 2099 2060 2153 luce
2085 2098 2298 2168 scripsit
2328 2098 2379 2151 in
2405 2095 2619 2164 civitate
2678 2104 2889 2150 terrena
2919 2112 2933 2148 :
2968 2103 3217 2166 tanquam
3250 2106 3367 2147 eam
3393 2091 3533 2144 Deus

1946 2192 2511 2254 siccommemoraret,
2555 2196 2613 2243 ut
2666 2202 2770 2243 non
2812 2197 3164 2256 computarct.
3212 2182 3315 2239 Sed
3366 2195 3536 2251 quare

1949 2284 2069 2338 hinc
2093 2284 2295 2338 reditur
2344 2282 2411 2337 ad
2444 2283 2597 2336 istam
2647 2279 3158 2350 rccapitnlationem,
3189 2284 3534 2346 posteaquam

1948 2386 2398 2433 commcmoratus
2417 2385 2495 2429 est
2524 2374 2664 2429 lilius
2686 2371 2839 2437 Seth,
2869 2371 3030 2426 homo
3059 2369 3146 2439 qui
3192 2367 3427 2437 speravit
3456 2365 3537 2419 in-

1950 2485 2143 2525 vocare
2173 2484 2366 2524 nomen
2424 2466 2632 2522 Domini
2674 2464 2768 2539 Dei
2798 2481 2813 2529 ;
2843 2464 2945 2517 nisi
2990 2462 3115 2532 quia
3152 2461 3228 2515 sic
3260 2456 3541 2531 oportebat

1952 2563 2081 2618 istas
2095 2562 2229 2617 duas
2251 2576 2549 2633 proponere
2599 2559 2861 2619 civitates,
2885 2570 3044 2610 unam
3099 2570 3192 2624 per
3222 2550 3539 2606 homicidam

1953 2672 2123 2729 usque
2147 2657 2214 2711 ad
2246 2655 2564 2711 homicidam
2592 2669 2607 2719 ;
2631 2668 2752 2707 nam
2797 2660 2847 2705 et
2876 2647 3109 2704 Lamccb
3135 2645 3342 2701 duabus
3362 2642 3542 2697 uxori-

1952 2749 2053 2805 bus
2081 2750 2191 2803 suis
2218 2764 2277 2804 se
2306 2758 2643 2819 perpetrasse
2689 2741 3033 2799 bomicidium
3051 2738 3336 2793 conﬁtetur
3365 2734 3385 2806 (
3410 2732 3538 2789 Gen.

1957 2859 2027 2909 tv,
2057 2843 2166 2914 23)
2198 2842 2457 2895 :altetam
2490 2854 2584 2907 per
2614 2852 2734 2892 eum
2775 2834 2865 2905 qui
2918 2831 3153 2903 speravit
3178 2830 3423 2884 invocare
3446 2839 3546 2879 no-

1954 2951 2077 2990 men
2105 2933 2313 2988 Domini
2346 2931 2490 2987 Dei?
2522 2930 2635 2986 Hoc
2670 2938 2753 2984 est
2777 2928 2972 2998 quippe
3013 2925 3063 2979 in
3097 2924 3196 2977 boc
3225 2917 3424 2976 mundo
3449 2930 3544 2986 pe-

1954 3024 2275 3097 regrinantis
2303 3023 2531 3080 civitatis
2560 3022 2653 3077 Dei
2685 3028 2852 3075 totum
2873 3026 3033 3084 atque
3061 3025 3329 3069 summum
3367 3008 3419 3063 in
3443 3006 3544 3062 bac

1954 3118 2278 3176 mortalitate
2304 3112 2747 3187 negotium,quod
2776 3126 2872 3182 per
2887 3124 3050 3163 unum
3071 3107 3362 3167 hominem,
3384 3115 3544 3173 quem

1957 3227 2087 3269 sane
2110 3210 2273 3265 occisi
2312 3207 2636 3264 resurrectio
2669 3204 2876 3275 genuit,
2904 3195 3391 3255 commendandum
3424 3192 3541 3247 fuit.

1957 3302 2132 3359 Homo
2159 3300 2355 3374 quippe
2400 3299 2490 3355 ille
2525 3306 2664 3354 unius
2702 3295 2864 3349 totius
2908 3304 3153 3360 supernm
3204 3285 3433 3342 civitatis
3461 3289 3545 3338 est

1958 3398 2168 3465 unitas;
2228 3395 2462 3453 nondum
2522 3391 2738 3463 quidem
2788 3388 3074 3458 completa,
3132 3380 3227 3437 sed
3266 3377 3545 3452 prmmissa

1959 3494 2057 3549 ista
2086 3492 2391 3563 prophetica
2424 3484 2852 3560 praeﬁguratione
2888 3475 3226 3549 complenda.
3259 3472 3423 3528 Filius
3445 3484 3539 3526 er-

1958 3604 2027 3659 go
2050 3587 2203 3653 Cain,
2235 3586 2336 3639 hoc
2382 3592 2466 3638 est
2491 3582 2629 3636 illius
2655 3570 3053 3651 possessionis(
3082 3570 3254 3639 cnjns,
3312 3565 3409 3620 nisi
3441 3574 3547 3618 ter-

1961 3657 2194 3750 rente?)
2235 3677 2429 3733 habeat
2479 3688 2673 3730 nomen
2718 3671 2771 3725 in
2814 3669 3027 3725 civitate
3056 3673 3285 3724 terrena,
3319 3674 3458 3750 quasi
3489 3657 3545 3711 in

1961 3775 2077 3844 ejus
2108 3749 2323 3827 nomine
2362 3767 2576 3823 condita
2618 3772 2723 3819 est.
2755 3762 2832 3817 De
2852 3760 2935 3815 bis
2965 3767 3047 3813 est
3089 3756 3229 3811 enim
3262 3752 3329 3807 de
3356 3749 3547 3820 quibus

1962 3874 2205 3921 cantatur
2228 3865 2278 3918 in
2310 3861 2543 3924 Psalmo,
2576 3855 2890 3911 Invocobnnt
2930 3851 3132 3905 nomina
3174 3862 3344 3901 eorum
3368 3846 3420 3897 in
3446 3852 3547 3895 ter-

1960 3960 2033 4014 ris
2060 3958 2285 4029 ipsorum
2312 3955 2329 4020 (
2364 3952 2508 4007 Psal.
2566 3965 2752 4013 XLVIII,
2787 3946 2853 4002 12
2881 3946 2920 4016 ).
2954 3945 3181 4013 Propter
3205 3937 3342 4029 quod
3374 3935 3549 4029 sequi-

1964 4062 2049 4108 tur
2074 4028 2167 4105 eos
2192 4047 2407 4119 quodin
2458 4045 2563 4100 alio
2609 4042 2822 4098 Psalmo
2877 4038 3131 4106 scriptum
3172 4041 3272 4096 est,
3309 4028 3545 4093 Domine,

1963 4144 2238 4199 incivitate
2265 4152 2350 4194 tua
2386 4137 2655 4209 imaginem
2693 4134 2919 4203 ipsorum
2968 4128 3035 4181 ad
3087 4124 3301 4179 nihilum
3351 4120 3548 4190 redigas

1970 4236 2149 4309 (Psal.
2181 4250 2341 4299 Lxxn,
2368 4232 2438 4287 ΞΟ
2464 4230 2503 4303 ).
2538 4228 2701 4283 Filius
2746 4232 2921 4278 autem
2968 4218 3120 4283 Seth,
3155 4218 3254 4270 boc
3298 4222 3382 4269 est
3412 4211 3550 4309 ﬁlius

1963 4304 2397 4390 resurrectionis,
2448 4328 2627 4391 Speret
2654 4320 2901 4373 invocare
2956 4328 3151 4369 nomen
3186 4306 3392 4363 Domini
3432 4304 3546 4359 Dei.

1966 4422 2094 4476 Eam
2113 4420 2306 4491 quippe
2332 4416 2642 4472 societatem
2674 4411 2947 4464 hominum
2972 4406 3273 4475 praeﬁgurat
3301 4413 3419 4468 quce
3464 4396 3541 4450 di-

1965 4517 2058 4580 cit,
2084 4511 2194 4585 Ego
2227 4523 2410 4575 autem,
2436 4510 2564 4563 sicut
2585 4506 2717 4561 oliva
2763 4502 3031 4575 fructifera
3053 4501 3105 4551 in
3137 4496 3287 4550 domo
3316 4492 3409 4545 Dei
3438 4505 3552 4560 spe-

1966 4608 2092 4665 ravi.
2123 4608 2174 4659 in
2202 4602 2543 4658 misericordia
2564 4598 2661 4652 Dei
2685 4596 2703 4664 (
2727 4594 2874 4648 Psal.
2905 4608 2975 4656 Li,
3002 4590 3068 4646 lO
3097 4591 3137 4661 ).
3172 4588 3345 4643 Vanas
3372 4592 3551 4643 autem

1966 4698 2161 4769 glorias
2190 4694 2374 4750 famosi
2400 4694 2452 4747 in
2487 4703 2623 4745 terra
2651 4687 2879 4743 nominis
2931 4680 3289 4751 nonrcquirat
3320 4695 3332 4731 :
3364 4674 3553 4730 Beatus

1967 4792 2107 4847 enim
2132 4791 2227 4857 vir,
2272 4788 2419 4853 cuius
2468 4794 2541 4839 est
2568 4799 2747 4837 nomen
2790 4778 2995 4833 Domini
3039 4792 3150 4847 spes
3196 4775 3322 4846 ejus,
3380 4780 3552 4823 etnon

1968 4885 2183 4955 respexit
2250 4883 2303 4936 in
2342 4880 2611 4941 vanitates,
2662 4889 2704 4929 et
2750 4875 2976 4927 insanias
3020 4866 3283 4922 mendaces
3307 4864 3321 4893 ¹
3356 4863 3372 4929 (
3404 4860 3551 4912 l’sal.

1968 4993 2151 5041 xxxix,
2184 4974 2275 5049 5).
2308 4971 2601 5044 Propositis
2640 4970 2818 5040 itaque
2869 4965 3078 5020 duabus
3103 4956 3425 5019 civitatibus,
3447 4967 3555 5006 una

1971 5072 2022 5127 in
2045 5086 2103 5125 re
2120 5068 2276 5138 hujus
2302 5065 2503 5130 seculi,
2531 5063 2695 5118 altera
2718 5062 2768 5114 in
2785 5073 2879 5129 spe
2902 5056 3015 5118 Dei,
3042 5064 3289 5121 tanquam
3311 5062 3376 5101 ex
3400 5061 3552 5101 com-

1972 5166 2140 5225 muni,
2172 5179 2290 5233 qum
2316 5169 2499 5231 aperta
2521 5166 2605 5213 est
2653 5158 2705 5209 in
2757 5155 2947 5213 Adam,
2993 5149 3154 5218 janna
3209 5142 3552 5233 mortalitatis

1972 5228 2220 5323 egressis,
2277 5228 2739 5316 ut'procnrrant'
2770 5248 2825 5294 et
2865 5242 3149 5291 excurrant
3184 5228 3249 5284 ad
3296 5228 3560 5283 discretos

1974 5322 2217 5417 preprios
2246 5355 2308 5395 ac
2325 5338 2534 5394 debitos
2569 5334 2724 5399 ﬁnes,
2773 5329 2959 5400 incipit
3012 5322 3367 5381 dinumeratio
3416 5330 3557 5376 tem-

1974 5413 2164 5511 porum
2199 5454 2213 5491 :
2246 5435 2297 5489 in
2338 5447 2440 5503 qua
2473 5440 2528 5484 et
2551 5428 2671 5482 alia:
2703 5422 3078 5495 generationes
3107 5417 3445 5488 adjiciuntur,
3476 5413 3557 5468 l'a-

1974 5507 2058 5586 cta
2082 5523 2518 5597 rccapitnlatione
2545 5535 2609 5574 ex
2633 5516 2823 5581 Adam,
2851 5529 2916 5569 ex
2928 5513 3080 5582 cujus
3101 5510 3307 5580 origine
3336 5507 3559 5561 damna-

1979 5637 2049 5690 ta,
2082 5622 2244 5677 veluti
2274 5632 2445 5673 massa
2477 5630 2578 5669 una
2604 5611 2808 5666 merita:
2851 5604 3181 5684 damnationi
3201 5597 3560 5665 tradita,l‘ecit

2040 5808 2055 5839 ¹
2091 5805 2239 5864 Editi,
2265 5800 2427 5866 falsas.
2454 5806 2508 5848 At
2538 5805 2664 5855 Mss,
2700 5791 2956 5843 mendaces
2981 5803 2998 5841 :
3021 5789 3091 5840 sic
3128 5786 3302 5851 passim
3338 5779 3559 5844 Augustis

1974 5883 2160 5983 “uitta
2175 5933 2282 5979 mss.
2305 5925 2423 5978 Editi
2440 5930 2624 5987 autem.
2646 5924 2949 5988 percurram.
