4054 6516
452 374 554 431 167

450 491 590 546 Deus
620 490 723 546 alia
746 489 799 546 in
836 485 1210 545 contumeliam
1233 497 1357 539 vasa
1385 484 1508 547 irae,
1541 482 1642 537 alia
1696 482 1749 537 in
1776 481 2034 536 honorem

1516 368 1604 423 DE
1642 363 1960 424 CIVITATE
1996 361 2133 432 ιιιιι,
2173 360 2231 419 S.
2281 357 2652 421 AUGUSTI!“

2146 477 2243 533 filii
2278 477 2373 535 Dei
2415 476 2785 549 neglexerunt.
2822 482 2885 529 et
2922 473 3060 535 (ilics
3095 473 3373 530 hominum
3410 471 3741 533 dm

404 584 409 587 ‘
451 594 577 637 vasa
600 578 981 637 misericordia
1010 574 1200 651 (Rom.
1229 591 1305 645 ix,
1332 574 1425 647 25)
1458 591 1473 642 ;
1501 574 1608 631 illis
1641 572 1872 630 reddens
1897 569 2051 642 quod
2144 569 2351 640 Quibus
2391 568 2600 627 duobus
2639 565 2949 624 nominibus
2987 565 3119 622 satis
3158 565 3347 621 civitas
3390 573 3617 635 uta-aque

451 674 677 731 debetur
718 673 771 729 in
816 686 972 745 ptena
1005 712 1021 738 ,
1069 669 1184 725 istis
1236 669 1440 725 donans
1478 667 1618 741 quod
1662 681 1769 722 non
1817 663 2042 721 debetur

451 762 508 822 in
555 766 725 838 gratia
759 783 771 819 :
803 775 861 821 ut
903 780 969 820 ex
1011 762 1125 834 ipsa
1168 763 1326 819 etiam
1370 761 1768 834 comparatione
1792 773 2041 815 vasorum

452 856 566 922 irae,
588 867 814 926 superna
832 855 1019 911 civitas
1038 853 1230 921 discat,
1256 870 1373 924 qum
1400 850 1770 925 peregrinatur
1793 850 1847 907 in
1862 850 2040 920 terris,

452 963 564 1005 non
588 947 754 1004 ﬁdere
806 946 1054 1004 libertate
1081 945 1288 1004 arbitrii
1316 946 1418 1013 sui,
1443 943 1539 1001 sed
1567 952 1748 1015 speret
1797 942 2045 1003 invocare

453 1052 654 1097 nomen
700 1038 912 1095 Domini
952 1038 1072 1095 Dei.
1112 1038 1373 1107 Quoniam
1436 1035 1705 1101 voluntas,
1757 1032 1811 1091 in
1859 1041 2047 1090 natura

454 1146 574 1204 quas
589 1131 724 1187 facta
754 1140 836 1188 est
873 1131 1010 1187 bona
1037 1144 1066 1185 a
1086 1130 1197 1186 Deo
1215 1129 1377 1193 bono,
1412 1126 1506 1183 sed
1537 1123 1807 1181 mutabilis
1851 1122 1920 1179 ab
1945 1121 2048 1178 iiu-

456 1222 719 1290 mutabili,
751 1222 875 1294 quia
903 1236 971 1278 ex
1016 1219 1203 1288 nihilo,
1232 1229 1285 1275 et
1309 1236 1338 1274 a
1375 1218 1516 1275 bono
1552 1227 1730 1291 potest
1755 1215 2042 1281 declinare,

456 1324 517 1373 ut
564 1316 729 1372 faciat
760 1314 981 1382 malum,
1010 1313 1151 1385 quod
1182 1310 1240 1367 lit
1260 1311 1428 1367 libero
1455 1309 1675 1365 arbitrio
1702 1324 1718 1374 ;
1748 1315 1800 1363 et
1824 1321 1854 1361 a
1880 1304 2044 1374 male,

457 1417 519 1465 ut
537 1408 698 1465 faciat
717 1408 917 1465 bonum
941 1450 957 1477 ,
987 1406 1131 1479 quod
1173 1420 1280 1461 non
1306 1403 1365 1460 lit
1409 1403 1526 1459 sine
1548 1400 1728 1458 divino
1757 1395 2043 1472 adiutorio.

460 1518 687 1578 CAPUT
727 1518 987 1577 XXII.—
1014 1518 1093 1576 De
1132 1519 1281 1590 lapsu
1326 1518 1552 1588 ﬁliorum
1596 1514 1695 1570 Dei
1731 1513 2048 1585 alienigena»-

530 1628 647 1668 rum
666 1612 937 1668 mulierum
958 1626 1129 1668 antore
1146 1619 1429 1682 captorum,
1459 1606 1595 1664 unde
1608 1615 1658 1662 et
1681 1620 1876 1671 omnes,
1896 1617 2049 1659 exce-

536 1705 637 1776 ptis
664 1714 775 1761 octo
801 1705 1106 1771 hominibus,
1136 1703 1325 1759 diluvio
1348 1701 1511 1774 perire
1539 1706 1852 1755 meruerunt.

534 1816 651 1874 Hoc
688 1817 871 1889 itaque
908 1817 1078 1875 libero
1120 1814 1409 1871 voluntatis
1446 1810 1670 1871 arbitrio
1713 1821 1915 1880 genere
1956 1805 2051 1862 bu-

462 1923 626 1969 mano
664 1909 1035 1981 progrediente
1078 1916 1241 1981 atque
1282 1914 1578 1972 crescente,
1629 1901 1770 1961 facta
1808 1907 1892 1957 est
1936 1913 2056 1969 pero

464 2002 674 2069 minio,
722 2011 779 2061 et
818 2002 1099 2074 iniquitate
1142 2000 1455 2072 partieipata
1491 1995 1736 2068 quaedam
1777 1994 2056 2064 utriusque

463 2095 709 2157 confusio
740 2095 988 2153 civitatis.
1024 2094 1181 2164 Quod
1206 2094 1410 2153 malum
1437 2106 1469 2149 a
1508 2104 1643 2151 sexu
1666 2087 1900 2147 femineo
1924 2101 2055 2143 cau-

464 2203 581 2247 sam
612 2203 799 2251 rursus
842 2188 1083 2245 invenit:
1111 2201 1221 2247 non
1262 2185 1480 2258 quidem
1518 2183 1613 2243 illo
1652 2180 1816 2239 modo
1840 2194 1949 2251 quo
1987 2177 2058 2235 ab

464 2279 659 2349 initio;
703 2295 812 2337 non
839 2280 985 2339 enim
1011 2277 1329 2350 cujusquam
1373 2275 1537 2337 etiam
1562 2281 1693 2333 tunc
1717 2269 1924 2329 fallacia
1966 2282 2057 2326 se-

465 2371 639 2433 ductte
665 2372 772 2429 illae
799 2371 1014 2429 femina:
1046 2375 1427 2442 persuaserunt
1452 2372 1731 2438 peccatum
1756 2360 1930 2418 viris:
1961 2358 2059 2417 sed

466 2463 537 2521 ab
565 2463 717 2522 initio
738 2478 859 2535 qua:
887 2462 1067 2535 pravis
1087 2461 1329 2519 moribus
1355 2459 1568 2521 fuerant
1603 2456 1660 2514 in
1684 2464 1898 2514 terrena
1921 2452 2057 2511 civi-

467 2564 599 2626 tate,
635 2556 691 2615 id
715 2567 800 2616 est
827 2556 882 2612 in
908 2554 1295 2626 terrigenarum
1334 2550 1612 2617 societate,
1646 2555 1839 2605 amata
1876 2553 2005 2604 sunt
2027 2559 2060 2603 a

470 2648 596 2706 filiis
625 2648 745 2717 Dei,
775 2647 982 2705 civibus
1006 2645 1214 2705 scilicet
1239 2641 1632 2715 peregrinantis
1653 2641 1712 2697 in
1740 2638 1844 2697 hoc
1862 2637 2063 2696 saculo

469 2737 693 2797 alterius
730 2738 960 2795 civitatis
979 2779 998 2807 ,
1052 2744 1273 2809 propter
1317 2731 1769 2807 pulchritudinem
1822 2727 2063 2800 corporis

471 2830 629 2902 (Gen.
669 2846 743 2900 vt,
774 2831 802 2887 ι
834 2830 992 2902 349.).
1032 2828 1187 2900 Quod
1226 2829 1429 2885 bonum
1475 2825 1573 2883 Dei
1605 2822 1819 2896 quidem
1860 2820 2061 2879 donum

470 2934 557 2986 eat
584 2940 599 2979 :
628 2923 725 2981 sed
766 2931 1050 2996 propterea
1091 2921 1147 2979 id
1176 2921 1402 2993 largitur
1427 2917 1588 2976 etiam
1626 2915 1805 2983 malis,
1846 2929 1918 2973 ne
1944 2926 2063 2973 ma-

470 3033 637 3091 gnum
678 3018 879 3075 bonum
905 3016 1151 3075 videatur
1181 3013 1359 3075 bonis.
1399 3013 1624 3073 Deserto
1663 3010 1841 3081 itaque
1869 3020 2066 3078 magno

470 3110 619 3169 bono
631 3120 687 3168 et
706 3111 969 3168 bonorum
998 3108 1235 3180 proprio,
1256 3108 1437 3177 lapsus
1461 3112 1547 3163 est
1573 3102 1745 3163 factus
1768 3102 1838 3160 ad
1863 3101 2063 3165 bonum

471 3204 772 3271 minimum,
816 3218 923 3263 non
951 3203 1108 3261 bonis
1134 3201 1433 3273 proprium.
1475 3197 1573 3257 sed
1615 3197 1772 3255 bonis
1801 3195 2067 3266 malisque

472 3309 796 3361 commune:
824 3309 888 3351 ac
922 3294 1003 3353 sic
1029 3293 1125 3349 ﬁlii
1153 3291 1250 3349 Dei
1288 3290 1515 3349 ﬁliarum
1560 3289 1838 3347 hominum
1881 3299 2067 3343 amore

474 3396 603 3447 sunt
623 3386 785 3460 capti,
813 3395 973 3457 atque
1000 3393 1059 3441 ut
1079 3384 1157 3442 eis
1179 3381 1496 3454 coniugibus
1514 3382 1837 3445 fruerentur,
1868 3378 1923 3435 in
1949 3391 2069 3434 me.

473 3493 565 3541 res
613 3477 885 3536 societatis
924 3476 1208 3548 terrigenae
1231 3472 1590 3539 deﬂuxerunt,
1620 3470 1832 3528 deserta
1869 3468 2069 3541 pietate

475 3581 639 3641 quam
662 3568 716 3625 in
742 3576 924 3623 sancta
944 3566 1203 3625 societate
1221 3564 1526 3623 servabant.
1548 3561 1641 3619 Sic
1659 3560 1802 3619 enim
1826 3559 2068 3632 corporis

472 3660 836 3737 pulchritudo,
881 3675 915 3717 ει
954 3659 1066 3717 Deo
1102 3657 1322 3733 quidem
1360 3653 1582 3724 factum,
1623 3654 1722 3715 sed
1750 3652 2069 3727 temporale.

474 3754 709 3823 carnale,
733 3751 975 3810 inﬁmum
995 3752 1219 3820 bonum,
1232 3749 1376 3811 male
1388 3756 1599 3807 amatur
1612 3745 1912 3826 postposito
1933 3750 2065 3821 Deo,

477 3854 705 3925 aeterno,
753 3847 987 3915 interno,
1034 3845 1365 3918 sempiterno
1404 3843 1548 3907 bono
1575 3859 1591 3907 ι
1619 3845 2081 3921 quemadmodum.

356 4004 367 4025 π
473 3938 681 4013 iustitia
723 3937 939 3997 deserta
982 3949 1040 3999 et
1085 3952 1281 3999 aurum
1322 3951 1533 4000 amatur
1575 3942 1646 3999 ab
1686 3941 1879 4008 avaris,
1924 3938 2075 3997 nullo

475 4041 703 4106 peccato
737 4032 876 4101 auri,
905 4030 1001 4088 sed
1023 4030 1282 4094 hominis.
1326 4036 1401 4093 Ita
1429 4048 1495 4091 se
1515 4032 1679 4091 habet
1712 4033 1887 4088 omnis
1921 4046 2074 4089 crea-

476 4133 622 4187 tura.
662 4124 794 4187 Cum
830 4128 976 4191 enim
1014 4131 1156 4188 bona
1197 4132 1289 4197 sit,
1328 4138 1384 4185 et
1412 4128 1553 4187 bene
1580 4136 1757 4200 potest
1793 4128 1986 4194 amari,
2018 4134 2074 4185 et

478 4216 661 4283 male:
687 4222 849 4294 bene,
890 4223 1096 4281 scilicet
1140 4222 1325 4279 ordine
1368 4220 1664 4288 custodito;
1698 4220 1856 4288 male,
1885 4219 2076 4278 ordine

478 4316 818 4390 perturbato.
866 4315 1022 4386 Quod
1066 4316 1121 4373 in
1169 4314 1324 4373 laude
1373 4314 1601 4386 quadam
1645 4314 1799 4375 Cerei
1843 4313 2077 4372 breviter

480 4410 726 4471 versibus
751 4409 861 4467 dixi
879 4411 897 4444 ί
929 4412 957 4466 ε’

572 4523 1960 4600 ρςοωξιωηινιρηεςιιηιιςωιιειιιφ-ειξωςεειξτ

578 4588 891 4651 Minoem
915 4586 1065 4640 estin
1088 4588 1180 4650 els,
1204 4586 1303 4639 nisi
1319 4586 1449 4651 quod
1471 4598 1733 4651 peccamus
1751 4592 1992 4647 amantes,

578 4650 759 4707 Ordine
776 4649 1025 4716 neglecto,
1050 4662 1138 4714 pro
1160 4647 1231 4713 te,
1252 4647 1385 4715 quod
1404 4647 1627 4701 conditur
1650 4647 1738 4699 abs
1758 4654 1829 4700 te.

482 4759 713 4820 Greater
742 4769 920 4815 autem
949 4759 996 4814 si
1021 4758 1284 4816 veraciter
1321 4766 1557 4825 ametur,
1593 4757 1694 4815 hoc
1728 4764 1829 4821 est,
1865 4755 1911 4813 si
1940 4755 2071 4827 ipse,

483 4866 596 4910 non
637 4848 783 4911 aliud
808 4865 909 4924 pro
946 4850 1037 4907 illo
1067 4850 1209 4922 quod
1240 4865 1346 4905 non
1389 4859 1472 4907 est
1515 4850 1651 4920 ipse,
1680 4855 1911 4918 ametur,
1938 4848 2078 4905 male

485 4943 656 5001 amari
685 4958 794 5000 non
818 4950 1015 5014 potest.
1059 4941 1192 4996 Nam
1217 4949 1272 4997 et
1296 4955 1448 4999 amor
1477 4940 1591 5017 ipse
1615 4940 1863 4997 ordinate
1888 4954 2078 5001 aman—

486 5035 588 5094 dus
624 5046 724 5105 est,
755 5050 862 5107 quo
887 5034 1024 5091 bene
1049 5042 1261 5090 amatur
1285 5033 1428 5105 quod
1456 5032 1742 5093 amandum
1785 5040 1887 5101 est,
1922 5042 1979 5089 ut
2012 5034 2081 5093 sit

487 5128 545 5186 in
569 5129 726 5187 nobis
759 5130 927 5185 virtus
963 5144 1068 5201 qna
1106 5128 1303 5185 vivitur
1329 5127 1485 5184 bene.
1513 5127 1665 5187 Unde
1694 5127 1822 5185 mihi
1848 5127 2080 5197 videtur,

489 5221 633 5295 quod
669 5221 910 5281 deﬁnitio
939 5222 1117 5280 brevis
1146 5231 1197 5281 et
1226 5238 1353 5280 vera
1382 5222 1615 5292 virtutis,
1641 5221 1786 5281 Ordo
1820 5230 1903 5283 est
1928 5229 2080 5281 amo;

488 5313 607 5374 ris:
633 5322 852 5387 propter
877 5315 1020 5386 quod
1046 5314 1102 5372 in
1129 5323 1315 5375 sancto
1351 5314 1575 5372 Cantica
1599 5314 1924 5373 canticorum
1950 5329 2081 5373 cano

491 5412 572 5464 tat
613 5418 808 5476 sponsa
848 5405 1069 5475 Christi,
1108 5408 1297 5465 civitas
1327 5408 1442 5477 Dei,
1492 5405 1740 5465 Ordinate
1779 5409 1834 5464 in
1859 5423 1937 5465 me
1963 5408 2086 5465 cha-

490 5499 694 5556 ritatem
713 5495 931 5571 (Cantic.
956 5515 1015 5567 ιι,
1045 5499 1123 5571 ὁ).
1154 5500 1323 5571 liuius
1344 5502 1500 5573 igitur
1520 5500 1820 5568 cbaritatis,
1855 5500 1956 5559 hoc
1979 5512 2081 5573 est,

492 5587 796 5652 dilectionis
842 5596 899 5649 et
944 5591 1141 5652 amoris
1184 5591 1369 5650 ordine
1391 5590 1466 5666 (a)
1519 5592 1858 5664 perturbato,
1915 5592 2083 5651 Deum

557 5744 966 5861 una.
980 5747 1389 5861 $1533.33.
1417 5754 1472 5797 Al.
1491 5747 1625 5811 editi,
1649 5748 1701 5799 in
1722 5745 1865 5799 laude
1888 5745 2087 5812 quidam

558 5869 636 5937 (a)
656 5869 789 5922 Coei.
813 5868 901 5924 lib.
929 5871 951 5922 1
978 5871 1043 5922 de
1066 5878 1197 5925 Dect.
1219 5873 1410 5936 Christ.,
1434 5887 1484 5926 ιι.
1510 5871 1590 5925 28.

2149 639 2433 719 scernitur.
2464 661 2650 733 Neque
2676 659 2819 716 enim
2844 665 2900 715 et
2926 658 3003 713 an
3028 672 3132 715 non
3156 666 3315 715 erant
3338 657 3437 713 lilii
3465 639 3746 715 actutm-‘-

2150 773 2245 829 per
2271 766 2517 813 naturam
2548 773 2560 811 :
2595 754 2692 813 sed
2720 752 2865 810 aliud
2891 766 3090 809 nomen
3120 761 3398 821 (imperat
3423 750 3624 809 habere
3650 765 3749 821 per

2150 852 2398 922 gratiam.
2447 848 2583 907 Nam
2634 849 2690 904 in
2734 846 2923 904 eadem
2966 845 3267 916 Scriptura.
3313 845 3403 902 ubi
3444 844 3576 900 dicti
3620 851 3751 903 sunt

2150 942 2406 1000 dilexisse
2448 941 2584 998 ﬁlias
2624 940 2901 997 hominum
2951 938 3043 996 lilii
3089 938 3203 1007 Dei,
3247 937 3407 995 iidem
3455 936 3586 994 dicti
3623 944 3753 997 sunt

2151 1037 2311 1095 etiam
2335 1036 2506 1107 angeli
2531 1035 2646 1092 Dei.
2668 1033 2824 1093 Unde
2843 1034 2964 1093 illos
2982 1032 3135 1091 multi
3155 1040 3346 1104 putant
3360 1042 3473 1089 non
3498 1030 3751 1089 homines

2152 1128 2335 1197 fuisse,
2369 1128 2463 1184 sed
2491 1127 2730 1199 angelos.

2152 1238 2379 1303 CAPUT
2405 1236 2595 1294 XXIII.
2616 1266 2687 1279 -—
2705 1237 2784 1292 An
2805 1237 3113 1292 audendum
3132 1236 3201 1291 sit
3222 1235 3431 1307 angelos
3454 1234 3757 1289 substantia

2225 1333 2527 1403 spiritalis,
2570 1347 2744 1386 sum
2774 1332 3120 1401 speciosam
3145 1330 3413 1385 mulierum
3436 1338 3633 1399 captos,
3662 1342 3757 1383 ea-

2226 1425 2461 1479 rumdem
2504 1424 2679 1479 iniisse
2720 1423 2993 1493 conjugia,
3039 1438 3101 1476 ea:
3145 1422 3325 1492 quibus
3378 1420 3609 1493 gigantes
3648 1419 3757 1476 sint

2227 1519 2400 1574 creati.

2228 1636 2282 1691 Ι.
2324 1634 2494 1703 Quam
2532 1633 2885 1705 quaestionem
2915 1644 3015 1688 nos
3040 1638 3382 1687 transeunter
3421 1644 3756 1687 commemo-

2156 1735 2329 1782 ratam
2354 1726 2408 1783 in
2431 1725 2588 1782 tertio
2609 1724 2769 1797 huius
2793 1725 2973 1796 operis
3001 1723 3139 1780 libro
3169 1723 3325 1797 (cap.
3350 1721 3406 1795 5)
3438 1720 3760 1794 reliquimus

2159 1818 2466 1887 insolutam,
2494 1817 2683 1875 Utrum
2724 1817 2931 1889 possint
2975 1816 3169 1889 angeli,
3200 1831 3320 1872 cum
3368 1815 3589 1887 spiritus
3624 1815 3756 1885 sint,

2159 1911 2511 1983 corporaliter
2551 1910 2697 1968 coire
2725 1924 2850 1967 cum
2891 1908 3123 1967 feminis.
3157 1908 3427 1982 Scriptum
3458 1917 3540 1964 est
3586 1907 3756 1977 enim,

2165 2005 2267 2073 Qui
2292 2005 2415 2078 facit
2444 2004 2650 2078 angelos
2678 2020 2797 2060 suos
2833 2002 3041 2077 spiritus
3065 2018 3082 2059 :
3111 2001 3176 2058 id'
3194 2010 3297 2068 est,
3324 2017 3418 2059 eos
3444 1999 3534 2074 qui
3567 2011 3760 2059 natura

2161 2100 2379 2171 spiritus
2401 2106 2550 2168 sunt,
2588 2097 2714 2153 facit
2737 2111 2857 2154 esse
2882 2095 3100 2170 angelos
3137 2109 3287 2163 suos,
3318 2091 3648 2165 iniungendo
3672 2092 3754 2148 eis

2162 2190 2397 2249 ofﬁcium
2444 2189 2745 2247 nuntiandi.
2785 2188 2887 2259 Qui
2922 2187 3065 2245 enim
3104 2198 3277 2258 grtnce
3321 2183 3516 2240 dicitur
3538 2190 3758 2253 ἄγγελος,

2163 2283 2307 2356 quod
2346 2298 2545 2340 nomen
2573 2282 2736 2339 latina
2778 2280 3138 2338 declinatione
3177 2276 3399 2350 angelus
3425 2274 3759 2350 perhibetur,

2162 2376 2326 2434 latina
2368 2374 2544 2447 lingua
2584 2372 2805 2430 nuntius
2847 2373 3249 2444 interpretatur.
3297 2366 3403 2425 Sed
3442 2374 3621 2429 utrum
3662 2381 3761 2423 eo-

2164 2483 2283 2525 rum
2325 2480 2554 2539 corpora
2597 2472 2991 2536 consequenter
3031 2461 3356 2533 adiunxerit,
3396 2456 3647 2525 dicendo,
3696 2454 3766 2510 Et

2164 2561 2422 2616 ministros
2445 2574 2563 2616 suos
2584 2558 2752 2632 ignem
2773 2556 3032 2613 ardentem
3056 2552 3231 2625 (Pent.
3254 2567 3367 2619 Clll,
3398 2548 3455 2620 5)
3485 2568 3499 2606 :
3527 2560 3597 2606 an
3616 2545 3766 2620 quod

2165 2652 2427 2710 ebaritate
2472 2661 2724 2723 tanquam
2781 2649 2905 2725 igne
2956 2647 3221 2722 spirituali
3268 2647 3476 2703 fervere
3528 2643 3770 2700 debeant

2166 2744 2397 2804 ministri
2425 2743 2565 2816 eius,
2596 2742 2901 2815 ambiguum
2932 2750 3034 2797 est.
3084 2738 3409 2811 Apparuisse
3438 2748 3616 2792 tamen
3658 2733 3765 2790 ho-

2168 2836 2401 2896 minibus
2423 2835 2646 2908 angelos
2674 2835 2728 2891 in
2757 2832 2952 2891 talibus
2989 2830 3328 2904 corporibus,
3361 2836 3418 2885 ut
3444 2843 3550 2885 non
3584 2826 3768 2884 solum

2166 2926 2358 2995 videri,
2389 2942 2575 2983 verum
2614 2925 2776 2982 etiam
2806 2922 2949 2996 tangi
2984 2929 3223 2996 possent,
3260 2920 3448 2977 eadem
3475 2917 3767 2981 verissim

2169 3018 2444 3093 Scriptum
2471 3028 2715 3077 testatur.
2743 3014 2815 3074 Et
2850 3016 3100 3090 quoniam
3133 3012 3458 3075 creberrima
3490 3016 3629 3072 fama
3655 3020 3765 3084 est,

2170 3114 2430 3186 multique
2452 3125 2513 3170 se
2531 3119 2804 3183 expertos,
2826 3109 2911 3166 vel
2934 3108 3003 3165 ab
3021 3108 3101 3165 eis
3122 3107 3213 3187 qui
3236 3108 3448 3183 experti
3468 3117 3673 3176 essent,
3695 3105 3770 3164 de

2169 3220 2397 3280 quorum
2445 3203 2549 3262 fide
2585 3203 2935 3265 dubitandum
2970 3216 3079 3264 non
3122 3205 3261 3274 est‘,
3307 3203 3520 3260 audisse
3558 3199 3768 3258 conﬁr-

2171 3305 2340 3365 mant,
2368 3295 2616 3353 Silvanus
2630 3295 2675 3361 ',
2708 3302 2764 3351 et
2786 3290 3022 3366 Faunos,
3051 3312 3187 3370 quos
3227 3294 3387 3368 vulgo
3416 3292 3640 3352 incubes
3662 3307 3769 3349 vo-

2171 3401 2315 3458 cant,
2342 3388 2618 3462 improbos
2652 3402 2797 3464 saepe
2825 3388 3098 3449 exstitisse
3126 3384 3461 3454 mulieribus,
3491 3396 3546 3443 et
3578 3395 3770 3443 earum

2171 3480 2441 3555 appetisse
2483 3500 2547 3545 ac
2570 3484 2844 3558 peregisse
2891 3483 3232 3540 concubitum
3259 3480 3374 3553 (a);
3423 3486 3478 3535 ct
3504 3475 3772 3552 quosdam

2174 3573 2467 3649 dementes,
2497 3590 2632 3652 quos
2661 3575 2855 3634 Dusios
2875 3570 3012 3633 Galli
3037 3581 3367 3645 nuncupant,
3394 3569 3536 3627 hanc
3552 3569 3776 3625 assidue

2174 3671 2569 3729 inmunditiam
2608 3679 2666 3728 et
2703 3675 2917 3727 tentare
2955 3677 3009 3725 et
3037 3665 3276 3733 eﬂleere,
3305 3662 3486 3736 plures
3527 3662 3777 3737 talesque

2175 3773 2506 3834 asseverant,
2533 3772 2595 3820 ut
2619 3764 2723 3820 hoc
2747 3760 2950 3833 negare
2971 3756 3317 3831 impudentiae
3340 3754 3586 3813 videatur
3614 3770 3629 3809 :
3659 3768 3775 3810 non

2177 3859 2303 3916 hinc
2320 3850 2521 3929 aliquid
2546 3852 2717 3913 audeo
2742 3850 2986 3921 deﬁnire,
3013 3860 3193 3908 utrum
3222 3849 3386 3921 aliqui
3412 3846 3633 3920 spiritus
3659 3845 3778 3903 ele-

2178 3959 2360 4009 mento
2400 3949 2547 4006 aerio
2589 3945 2859 4021 corporati
2904 3946 3052 4019 (nam
3089 3942 3195 3999 hoc
3242 3940 3569 4000 elementum
3608 3937 3781 3996 etiam

2179 4059 2300 4101 cum
2329 4043 2558 4115 agitatur
2581 4040 2819 4109 ﬂabello,
2864 4051 3027 4096 sensu
3070 4035 3315 4107 corporis
3352 4040 3605 4106 tactuque
3655 4045 3781 4087 sen-

2182 4138 2353 4211 titur),
2386 4138 2593 4209 possint
2612 4135 2771 4193 etiam
2798 4134 2937 4189 hanc
2964 4129 3075 4205 pati
3099 4128 3397 4199 libidinem,
3425 4138 3485 4185 ut
3503 4124 3782 4204 quomodo

2180 4244 2426 4307 possunt,
2456 4230 2808 4290 sentientibus
2834 4226 3048 4286 feminis
3090 4225 3434 4284 misceantur.
3467 4222 3563 4281 Dei
3594 4231 3784 4280 tamen

2181 4309 2413 4398 Angelos
2459 4331 2676 4381 sanctos
2724 4320 2874 4378 nullo
2917 4320 3079 4378 modo
3122 4319 3214 4376 illo
3259 4324 3499 4390 tempore
3539 4316 3618 4373 sic
3667 4314 3784 4373 labi

2184 4420 2420 4491 potuisse
2454 4415 2773 4474 crediderim
2805 4434 2819 4470 :
2852 4426 2951 4470 nec
2997 4412 3195 4497 de‘liis
3229 4410 3431 4468 dixisse
3472 4408 3783 4483 apostolum

2183 4514 2423 4580 Petrum,
2449 4510 2510 4568 Si
2535 4510 2666 4566 enim
2690 4508 2824 4565 Deus
2847 4506 3039 4580 angelis
3060 4504 3379 4579 peccantibus
3403 4521 3503 4559 non
3531 4503 3783 4574 pepercit,

2183 4606 2272 4663 sed
2301 4603 2585 4661 carceribus
2606 4601 2839 4673 caliginis
2863 4598 3014 4671 inferi
3038 4597 3304 4653 retrudens
3330 4593 3536 4650 tradidit
3563 4594 3615 4648 in
3640 4593 3788 4660 iudi-

2183 4698 2262 4753 cio
2297 4695 2578 4768 puniendos
2617 4692 2863 4749 reservari
2889 4685 2959 4765 (ll
2992 4685 3131 4745 Petr.
3163 4703 3221 4757 ιι,
3252 4687 3345 4761 4);
3384 4686 3480 4743 sed
3510 4682 3687 4757 potius
3714 4682 3791 4741 de

2185 4788 2294 4846 illis
2338 4788 2431 4860 qui
2478 4787 2705 4861 primum
2756 4788 3122 4856 apostatantes
3166 4795 3197 4837 a
3244 4777 3357 4837 Deo
3397 4792 3518 4837 cum
3563 4773 3792 4833 diabolo

2186 4881 2427 4955 principe
2463 4893 2563 4937 suo
2609 4874 2938 4942 ceciderunt,
2967 4874 3056 4947 qui
3092 4871 3323 4945 primum
3364 4869 3639 4927 hominem
3683 4881 3793 4939 per

2187 4972 2444 5031 invidiam
2473 4969 2779 5042 serpentina
2804 4965 3006 5024 fraude
3034 4962 3285 5037 deiecit'.
3330 4960 3563 5035 Angelus
3601 4969 3792 5016 autem

2187 5067 2354 5126 fuisse
2393 5069 2553 5124 etiam
2583 5064 2680 5122 Dei
2718 5062 2963 5119 homines
3004 5066 3359 5129 nuncupatos,
3399 5054 3587 5111 eadem
3632 5053 3795 5109 Scri-

2187 5169 2342 5234 ptura
2380 5165 2562 5216 sancta
2586 5154 3007 5228 locupletissima
3030 5152 3187 5209 testis
3222 5157 3305 5207 est
3333 5145 3431 5223 (ὑ).
3459 5144 3593 5202 Nam
3633 5152 3685 5199 et
3719 5144 3797 5201 de

2187 5254 2395 5312 Joanne
2431 5251 2688 5323 scriptum
2728 5257 2832 5317 est,
2866 5246 3000 5303 Ecce
3026 5244 3169 5300 mitto
3197 5241 3434 5316 angelum
3473 5254 3638 5296 meum
3667 5248 3800 5295 ante

2255 5431 2969 5497 ’Νοεινίοοὰίοθενοειξυωειο
3031 5430 3092 5477 τι·
3256 5486 3273 5497 .
3337 5487 3351 5497 .
3598 5481 3668 5497 κη,

2252 5500 2280 5583 ἶ
2308 5481 2904 5583 ᾖῖιξέίιιίᾶἰξόνζίἂᾱιιιιτ,
2931 5501 3084 5542 Panes
3107 5502 3125 5541 :
3147 5486 3274 5554 quod
3307 5487 3372 5539 ab
3408 5485 3554 5537 editis
3590 5481 3697 5534 aliis
3740 5488 3797 5533 et

2257 5623 2279 5655 ³
2311 5621 2386 5673 sic
2407 5628 2512 5673 Mss.
2536 5618 2814 5681 Fditivero,
2839 5614 3046 5681 decepi}.

2252 5680 2829 5812 causam
2849 5677 3380 5812 ξξνῒίιῗιξεηυθιροευρ
3402 5729 3793 5812 maestis?-

2639 5804 3016 5871 Cbrysostomus,
3034 5796 3236 5853 Humilia
3259 5796 3314 5850 21
3340 5802 3390 5850 in
3426 5798 3677 5850 Genesitn.
3700 5801 3793 5850 Oo-

2197 5888 2260 5934 ou
