4054 6508
243 249 340 304 M39

221 355 392 424 («idem
421 361 583 420 tuam,
627 369 712 424 qut
752 353 1056 425 praeparabit
1093 355 1226 408 viam
1275 363 1411 412 tum
1433 353 1626 428 (Hm.
1655 369 1696 420 I,
1725 353 1802 428 2).

220 433 280 498 lit
323 443 612 502 Malacbias
653 445 916 518 prOpheta
955 447 1170 520 propria
1215 447 1464 520 quadam,
1503 447 1553 504 id
1597 457 1683 504 est
1711 447 1811 503 sibi

219 538 425 610 preprie
473 539 784 612 impertita,
832 541 1000 614 gratia
1047 539 1221 598 dictus
1268 551 1352 600 est
1389 541 1608 616 angelus
1645 541 1810 614 (Ma-

219 635 348 706 lagh.
385 649 446 700 ιι,
472 633 552 704 7).

285 726 339 780 2.
383 723 586 781 Verum
619 725 722 782 hoc
761 737 941 782 movet
981 727 1263 798 quosdam,
1305 729 1446 800 quod
1485 745 1552 784 ex
1583 729 1688 784 illis
1725 727 1816 800 qui

218 815 342 884 dicti
370 827 498 873 sunt
529 817 706 888 angeli
737 817 855 884 Dei,
901 827 955 874 et
988 833 1054 874 cx
1097 817 1412 874 mulieribus
1441 834 1574 892 quas
1601 834 1819 876 amave-

223 919 360 976 runt,
389 925 500 965 non
527 915 680 982 quasi
717 911 961 968 homines
985 911 1199 984 generis
1233 911 1426 980 nostri,
1455 912 1548 970 sed
1577 913 1818 984 gigantes

225 1003 446 1075 legimus
495 1019 616 1060 esse
665 1011 837 1060 natos.
891 1003 1054 1072 Quasi
1100 1019 1230 1060 vero
1269 1018 1495 1074 corpora
1543 1005 1818 1062 hominum

225 1095 438 1152 modum
475 1107 718 1152 nostrum
749 1097 909 1170 longe
939 1097 1274 1168 excedentia,
1307 1095 1452 1170 quod
1473 1097 1634 1154 etiam
1659 1113 1820 1168 supra

224 1192 638 1248 commemoravi
685 1193 844 1262 (cap.
877 1193 952 1263 9),
987 1208 1094 1248 non
1133 1191 1292 1248 etiam
1335 1191 1534 1248 nostris
1572 1191 1822 1262 tempori-

227 1283 321 1339 bus
347 1295 476 1339 nata
501 1295 644 1340 sunt.
675 1283 863 1340 Nonne
887 1295 1011 1342 ante
1037 1299 1236 1356 paucos
1263 1299 1454 1354 annos,
1477 1299 1600 1340 cum
1625 1283 1822 1340 Roma-

227 1394 304 1432 nae
339 1377 516 1446 urbis,
549 1377 692 1450 quod
725 1395 754 1432 a
785 1377 972 1435 Gothis
1005 1377 1200 1434 factum
1225 1387 1328 1444 est,
1359 1377 1820 1450 apprOpinquarel

229 1471 518 1538 excidium,
565 1470 752 1527 Romae
780 1471 878 1527 l‘uit
921 1471 1121 1530 femina
1157 1487 1278 1528 cum
1317 1485 1415 1528 suo
1442 1479 1594 1542 patre
1635 1480 1688 1530 et
1726 1486 1826 1528 sua

228 1573 394 1618 matre
414 1606 430 1632 ,
487 1579 609 1636 quae
661 1579 888 1636 corpore
936 1563 1330 1636 quodammodo
1365 1565 1614 1638 giganteo
1665 1563 1826 1636 longe

228 1653 435 1710 caeteris
481 1655 998 1724 prmemiueret?Ad
1043 1671 1199 1728 quam
1245 1655 1518 1714 visendam
1568 1655 1826 1714 mirabilis

229 1745 386 1802 ﬁebat
431 1763 814 1820 usquequaque
845 1764 1157 1804 concursus.
1193 1749 1259 1804 Et
1291 1749 1392 1806 hoc
1433 1757 1550 1806 erat
1589 1748 1826 1807 maxime

231 1839 595 1910 admirationi,
646 1841 788 1912 quod
835 1841 992 1898 ambo
1037 1851 1285 1914 parentes
1325 1844 1442 1912 ejus
1491 1856 1592 1898 nec
1633 1841 1826 1898 saltem

235 1941 334 1986 tam
379 1933 530 2004 longi
574 1931 818 1989 homines
857 1943 1032 1998 erant,
1059 1951 1220 2008 quam
1261 1935 1604 2008 longissimos
1647 1935 1828 1992 videre

231 2027 632 2084 consuevimus.
663 2025 958 2084 Potuerunt
997 2043 1124 2102 ergo
1147 2029 1388 2100 gigantes
1415 2028 1562 2086 nasci
1601 2029 1830 2100 etprius

232 2133 388 2190 quam
435 2119 532 2176 ﬁlii
563 2119 680 2190 Dei,
708 2121 796 2192 qui
836 2130 886 2177 et
927 2121 1100 2192 angeli
1137 2121 1232 2177 Dei
1262 2121 1390 2180 dicti
1433 2131 1578 2190 sunt,
1619 2121 1830 2178 ﬁliabus

235 2213 538 2278 hominum,
587 2213 690 2270 hoc
733 2223 814 2270 est
862 2215 1154 2271 secundum
1199 2215 1470 2272 hominem
1514 2215 1826 2284 viventium,

235 2305 629 2372 miscerentur;
663 2305 760 2361 ﬁlii
783 2307 988 2363 scilicet
1015 2305 1150 2364 Scth
1181 2307 1394 2363 ﬁliabus
1431 2307 1581 2364 Cain.
1613 2307 1748 2363 Nam
1777 2317 1832 2364 et

235 2399 492 2454 mrtonica
521 2397 800 2470 Scriptura
835 2400 913 2456 sic
941 2399 1195 2472 loquitur,
1231 2401 1284 2456 in
1312 2415 1418 2472 quo
1443 2399 1584 2457 libro
1611 2399 1724 2456 haec
1751 2400 1830 2455 le-

233 2492 424 2562 gimus,
447 2493 606 2562 cujus
627 2492 786 2550 verba
813 2493 910 2548 ista
937 2503 1065 2549 sunt
1095 2509 1110 2546 :
1133 2493 1202 2548 Et
1229 2495 1422 2566 factum
1440 2501 1532 2558 est,
1565 2503 1832 2564 postquam

235 2596 493 2654 creparent
513 2585 744 2642 hostium
765 2587 910 2642 multi
941 2589 1053 2656 fieri
1073 2601 1226 2658 super
1245 2597 1451 2654 terram,
1481 2597 1528 2644 et
1547 2587 1672 2658 ﬁlia:
1695 2597 1832 2643 natte

235 2687 348 2734 sunt
383 2677 496 2734 illis
519 2693 540 2733 :
559 2678 782 2732 videntes
801 2679 1004 2734 autem‘
1043 2679 1212 2750 angeli
1243 2677 1342 2734 Dei
1381 2678 1518 2750 ﬁlias
1547 2679 1830 2744 hominum,

235 2769 350 2836 quia
395 2769 546 2826 bona
581 2781 720 2834 sunt,
771 2781 1094 2841 suntpserunt
1135 2771 1232 2826 sibi
1273 2787 1458 2826 umores
1503 2787 1566 2826 ex
1604 2771 1835 2826 omnibus

233 2877 356 2928 quas
373 2863 658 2933 elegerant.
685 2863 754 2918 Et
775 2865 906 2919 dixit
934 2862 1186 2919 Dominus
1211 2865 1350 2920 Deus
1375 2881 1394 2920 :
1419 2863 1541 2920 Non
1569 2881 1835 2937 permane-

238 2955 302 3010 bit
329 2955 550 3024 spiritus
583 2973 722 3010 uicus
745 2958 802 3010 in
837 2955 1124 3012 munibus
1147 2957 1226 3011 his
1253 2957 1308 3010 in
1335 2965 1600 3024 cateruam,
1631 2965 1838 3028 propter

237 3048 368 3116 quod
393 3063 520 3104 caro
541 3057 680 3104 sunt.
705 3047 873 3104 Erunt
897 3059 1068 3103 autent
1089 3049 1196 3105 dies
1231 3065 1406 3105 eorum
1431 3057 1634 3104 centum
1661 3049 1838 3122 viginti

239 3142 384 3198 Iuni.
409 3141 656 3213 Gigantes
685 3152 856 3197 uteris
897 3151 1046 3198 erant
1073 3158 1228 3213 super
1257 3151 1444 3197 terram
1471 3141 1528 3196 in
1559 3140 1734 3196 diebus
1771 3141 1838 3195 il-

244 3233 306 3288 lis
325 3250 346 3290 .'
373 3243 424 3290 et
455 3245 574 3306 post
589 3235 723 3290 illud
745 3251 860 3290 cum
881 3237 1130 3290 intrarent
1157 3235 1256 3305 ﬁlii
1283 3233 1380 3289 Dei
1413 3235 1486 3289 ad
1513 3235 1650 3306 ﬁlias
1677 3234 1842 3288 nenti-

241 3341 382 3394 sunt,
413 3336 464 3382 et
503 3327 809 3397 merebant
845 3327 962 3394 sibi,
993 3327 1074 3382 illi
1111 3337 1256 3381 erant
1283 3327 1534 3399 gigantes,
1575 3341 1610 3380 a
1655 3325 1840 3382 sicario

243 3417 470 3474 homines
513 3418 760 3474 nominati
789 3417 868 3492 (α)
903 3417 1054 3490 (Gen.
1085 3433 1157 3484 Vt,
1181 3417 1322 3489 1-4).
1352 3415 1480 3472 Hac
1527 3415 1648 3472 libri
1677 3416 1840 3473 verba

241 3507 406 3566 divini
439 3510 578 3568 satis
605 3510 862 3579 indicant,
889 3511 1000 3581 jam
1041 3509 1150 3566 illis
1181 3509 1374 3566 diebus
1411 3508 1578 3566 fuisse
1599 3509 1842 3580 gigantes

241 3614 402 3672 super
437 3610 666 3670 terram,
717 3601 934 3675 quando
985 3601 1084 3658 lilii
1125 3602 1220 3658 Dei
1271 3611 1596 3672 acceperunt
1645 3613 1842 3656 uxores

244 3691 378 3752 ﬁlias
407 3695 714 3762 hominum,
737 3710 863 3752 mn
891 3709 986 3752 ess
1023 3703 1270 3750 sererent
1293 3693 1484 3758 bonas,
1521 3691 1576 3750 id
1609 3700 1696 3748 est
1721 3693 1842 3763 pui-

248 3787 424 3844 ehras.
447 3785 798 3844 Consuetudo
819 3789 1018 3859 quippe
1045 3787 1338 3858 Scriptum
1359 3785 1520 3856 huius
1543 3795 1650 3852 est,
1679 3785 1842 3840 etiam

175 3885 178 3888 '
247 3880 524 3948 speciosus
557 3894 804 3951 carpam,
851 3881 1024 3937 honos
1061 3895 1272 3936 vocate.
1321 3879 1428 3936 Sed
1467 3887 1524 3936 et
1565 3885 1844 3950 postquam

247 3973 574 4032 hoelactum
617 3985 722 4044 est,
767 3977 878 4032 nati
917 3987 1044 4032 sunt
1086 3976 1348 4047 gigantes.
1397 3973 1490 4030 Sic
1533 3973 1680 4030 enim
1719 3973 1842 4028 ait:

249 4063 492 4138 Gigantes
536 4077 708 4124 autern
747 4079 892 4124 erant
935 4085 1088 4140 super
1117 4079 1304 4122 terram
1343 4068 1398 4122 in
1427 4065 1602 4123 diebus
1624 4063 1730 4122 illis
1756 4075 1846 4121 εει

249 4169 360 4228 post
397 4159 552 4228 illud,
583 4177 700 4216 cum
737 4163 984 4216 intrarent
1025 4160 1120 4230 ﬁlii
1163 4159 1261 4215 Dei
1285 4161 1358 4215 ad
1382 4161 1520 4231 ﬁlias
1561 4160 1840 4216 hominum.

249 4249 392 4323 Ergo
438 4261 492 4308 et
541 4261 672 4310 ante
695 4253 750 4308 in
777 4253 882 4310 illis
907 4253 1116 4320 diebus,
1145 4261 1200 4308 et
1221 4261 1342 4323 post
1371 4251 1523 4308 illud.
1551 4252 1705 4322 Quod
1745 4267 1846 4308 au-

135 4351 144 4356 '
251 4355 358 4402 tem
385 4347 482 4411 ait,
509 4345 578 4404 Et
603 4347 914 4418 genuerunt
941 4347 1058 4414 sibi,
1085 4347 1220 4402 satis
1248 4345 1484 4403 ostendit
1507 4346 1650 4418 quod
1673 4347 1844 4418 prius,

251 4447 536 4509 antequam
563 4440 645 4496 sic
669 4438 925 4496 caderem
951 4439 1046 4496 ﬁlii
1077 4437 1193 4506 Dei,
1227 4439 1337 4495 Deo
1359 4437 1708 4510 generabant,
1737 4453 1846 4495 non

247 4533 370 4598 sibi,
409 4533 464 4590 id
501 4543 610 4600 est,
649 4549 758 4592 non
804 4535 1116 4592 domitium
1165 4533 1386 4592 libidine
1425 4533 1654 4590 coeundi
1689 4574 1704 4598 ,
1751 4533 1846 4590 scd

249 4629 520 4684 serviente
537 4628 716 4686 οωάο
729 4629 1060 4701 propagandi
1081 4645 1096 4696 ;
1125 4643 1230 4684 non
1251 4628 1514 4683 familiam
1545 4628 1714 4684 fastus
1735 4629 1844 4697 sui,

247 4719 346 4776 sed
397 4721 546 4778 cives
581 4721 818 4778 civitatis
871 4721 967 4778 Dei
997 4739 1011 4776 :
1043 4723 1235 4793 quibus
1281 4722 1665 4777 annuntiarent
1725 4731 1846 4778 tan-

249 4825 410 4882 quam
447 4813 626 4882 angeli
670 4813 786 4880 Dei,
827 4821 888 4868 ut
931 4823 1194 4884 ponerent
1237 4813 1291 4869 in
1341 4813 1455 4869 Deo
1493 4827 1647 4884 spent
1695 4827 1848 4870 suam

253 4901 440 4973 (Pal.
485 4919 684 4974 una,
726 4905 836 4975 7),
881 4905 1086 4962 similia
1129 4905 1271 4961 illius
1305 4905 1400 4976 qui
1447 4911 1602 4960 natus
1649 4913 1734 4962 est
1783 4905 1850 4962 de

247 4994 402 5061 Setia,
439 4995 582 5054 ﬁlius
609 4998 1045 5067 resurrectimis,
1089 5007 1154 5054 et
1189 4999 1424 5068 speravit
1449 4997 1708 5054 invocare
1751 5011 1850 5054 no-

245 5101 374 5144 men
397 5087 614 5146 Domini
635 5089 736 5146 Dei
765 5106 778 5144 :
805 5089 866 5148 in
887 5105 998 5160 qua
1025 5103 1122 5160 spe
1149 5099 1338 5147 essem
1364 5103 1488 5146 cum
1521 5091 1640 5147 suis
1663 5099 1850 5162 poste-

245 5180 326 5236 ris
345 5179 656 5238 collect-edes
677 5189 1005 5242 aitet-norum
1034 5181 1320 5250 boum
1349 5190 1408 5240 et
1424 5181 1532 5239 sub
1559 5181 1674 5240 Deo
1699 5191 1849 5254 patre

245 5273 445 5330 frau'es
471 5273 726 5332 liliorum.
1591 5331 1616 5360 ⁸

309 5389 330 5420 ι
364 5385 818 5454 mutatmnutat,
841 5365 974 5454 qua.
989 5390 1168 5442 eadem
1189 5391 1241 5441 in
1263 5389 1408 5441 editis
1429 5388 1617 5452 fuerat,
1640 5387 1852 5441 habetur

243 5449 300 5500 in
323 5456 428 5514 stes.
451 5457 502 5502 et
517 5451 646 5514 apud
667 5457 798 5504 LXX.

267 5575 280 5586 .
315 5509 391 5574 (ο)
413 5516 496 5563 uie
533 5509 674 5564 locus
701 5519 950 5590 Geneseos
993 5515 1124 5566 male
1147 5527 1181 5588 a_
1199 5517 1456 5588 lactantia,
1497 5515 1852 5590 Institutiouum

245 5573 378 5636 libro
393 5574 442 5636 2,
463 5589 570 5636 cap.
583 5577 664 5636 15,
681 5573 892 5636 sulpicio
911 5585 1114 5636 severo,
1131 5585 1349 5628 Bistonas
1373 5583 1522 5628 saera:
1545 5575 1670 5627 libro
1684 5579 1731 5636 i,
1744 5591 1847 5636 cap.

245 5591 378 5625 ιωτο
395 5591 442 5636 Ζ,
463 5591 570 5640 cap.
583 5591 664 5649 19,
681 5591 892 5652 δῳρξαο
911 5591 1114 5640 severo,
1132 5591 1349 5628 lliSlOl'laB
1545 5591 1670 5652 ΙΙΙ)ςο
1684 5591 1706 5627 'l
1717 5614 1731 5637 ,
1744 5591 1847 5652 βψ.

243 5635 378 5713 δᾳ
395 5637 776 5713 nonnullis-alits
797 5638 1298 5713 intellectus,_attsam
1312 5639 1452 5713 dedit
1475 5639 1651 5692 fabulis
1673 5641 1854 5703 quibus

243 5699 472 5766 dicuntur
495 5699 670 5766 angeli
692 5713 752 5753 se
772 5711 884 5752 cum
905 5702 1195 5766 mulieribus
1237 5704 1517 5766 miscuisse;
1544 5699 1853 5766 quem—erro-

243 5775 361 5816 rem
377 5762 546 5826 plures
564 5762 638 5816 ex
655 5765 868 5826 antiquis
883 5765 1042 5817 secuti
1063 5773 1196 5817 sunt.
1215 5772 1452 5817 Lanaeus.

1440 241 1644 299 LIBER
1683 241 1978 302 DECIMUS
2016 243 2336 312 QUINTUS.

3405 245 3510 302 470

1987 355 2038 410 '5.
2067 353 2181 410 Non
2211 367 2388 413 autem
2419 353 2545 413 illos
2577 357 2646 413 ita
2669 357 2834 414 luisse
2863 358 3079 428 angelos
3102 358 3216 422 Dei,
3248 367 3308 412 ut
3331 351 3506 413 homi4

1919 463 2014 506 nes
2041 463 2146 504 non
2189 459 2402 516 essent,
2431 449 2568 506 stet
2607 445 2826 522 quidam
2855 459 3073 522 putant,
3120 449 3214 506 sed
3265 443 3509 508 homines

1920 541 2290 612 proculdubio
2315 542 2500 610 fuisse,
2531 543 2807 616 Scriptura
2835 545 2950 616 ipsa
2975 541 3094 602 sine
3119 543 3226 599 ulla
3253 544 3512 616 ambigui-

1921 642 2032 692 tate
2053 633 2310 690 declarat.
2337 635 2476 690 Cum
2515 636 2658 692 enim
2693 637 3029 706 put-missum
3069 643 3212 692 esset
3231 677 3246 702 ,
3269 633 3414 706 quod
3443 635 3514 689 ei-

1921 725 2093 782 dentes
2129 727 2297 797 angeli
2322 726 2418 782 Dei
2437 727 2572 797 filias
2611 729 2890 796 hominum,
2912 729 3032 799 etiis
3047 729 3194 784 bona
3211 737 3348 793 sunt,
3373 741 3514 782 sum-

1923 827 2130 888 pserunt
2153 819 2252 874 sibi
2269 835 2456 874 mres
2471 835 2540 876 ex
2553 821 2924 891 opinionisque
2947 823 3200 893 elegerant
3219 839 3238 888 ;
3265 835 3388 876 mox
3414 819 3512 875 ad-
3603 891 3610 898 .

1917 913 2162 984 junctum
2185 923 2270 970 est
2287 953 2302 977 ,
2327 912 2396 968 Et
2411 915 2546 969 διέπει
2571 913 2820 971 Destinet
2835 915 3010 972 Deus:
3045 914 3166 972 Non
3208 913 3520 986 permanebit

1923 1007 2132 1076 spiritus
2175 1021 2317 1062 utens
2357 1007 2411 1061 in
2437 1007 2724 1062 nonnullius
2771 1005 2848 1064 his
2885 1009 2942 1061 in
2987 1017 3262 1074 (sternunt,
3307 1015 3517 1080 propter

1927 1101 2062 1168 quod
2083 1115 2204 1154 caro
2221 1109 2360 1154 sunt.
2389 1099 2594 1170 Spiritu
2615 1099 2816 1170 quippe
2841 1100 2936 1156 Dei
2961 1099 3173 1157 fueram
3195 1099 3320 1156 facti
3343 1099 3518 1171 angeli

1928 1191 2022 1248 Dei
2047 1201 2104 1248 et
2127 1191 2224 1248 lilii
2255 1192 2350 1248 Dei
2373 1209 2390 1246 :
2417 1192 2512 1248 sed
2533 1191 2856 1248 declinando
2877 1192 2944 1248 ad
2969 1192 3242 1260 inferiora,
3273 1193 3522 1248 homines

1927 1285 2178 1344 dicuntur
2193 1287 2410 1344 nomine
2431 1295 2657 1354 natura),
2675 1299 2782 1340 non
2807 1285 3012 1356 gratim;
3033 1284 3284 1342 dicuntur
3299 1291 3356 1340 et
3373 1297 3520 1352 caro,

1931 1377 2232 1436 desertores
2267 1377 2486 1448 spiritus
2515 1387 2572 1434 et
2603 1375 2907 1436 deserendo
2931 1375 3150 1432 deserti.
3195 1375 3264 1431 Et
3297 1374 3524 1445 Septua-

1929 1471 2076 1543 ginta
2113 1469 2330 1542 quidem
2355 1470 2680 1543 interpretes
2705 1479 2764 1528 et
2803 1471 3023 1542 angelos
3053 1468 3146 1526 Dei
3169 1467 3417 1524 dixerunt
3447 1471 3524 1524 is-

1931 1572 2036 1631 tos,
2064 1571 2122 1620 et
2143 1563 2284 1620 ﬁlios
2315 1564 2408 1620 Dei
2441 1584 2454 1620 :
2483 1565 2626 1636 quod
2667 1563 2883 1636 quidem
2921 1577 3032 1620 non
3077 1577 3269 1620 omnes
3311 1563 3528 1620 codices

1931 1657 2158 1722 habent;
2179 1673 2302 1712 nam
2319 1657 2536 1729 quidam
2549 1657 2652 1713 nisi
2671 1657 2816 1714 ﬁlios
2833 1658 2929 1714 Dei
2959 1671 3065 1714 non
3095 1657 3314 1712 habent.
3339 1655 3527 1726 Aquila

1933 1755 2136 1816 autem,
2163 1763 2322 1820 quem
2349 1750 2694 1821 intemretetn
2725 1749 2895 1806 Judmi
2921 1750 3133 1806 exteris
3157 1757 3492 1820 anteponunt
3511 1791 3527 1816 ,

1935 1859 2044 1900 non
2069 1843 2290 1916 angelos
2321 1844 2437 1910 Dei,
2467 1859 2568 1902 nec
2595 1845 2734 1900 ﬁlios
2759 1843 2875 1912 Dei,
2905 1844 3000 1899 sed
3031 1843 3168 1900 ﬁlios
3197 1842 3420 1899 deorum
3449 1845 3532 1898 in-

1935 1945 2258 2006 terpretatus
2283 1947 2368 1992 est
2395 1938 2492 2010 (α).
2527 1937 2824 2008 Utrumque
2850 1947 3028 1992 autem
3055 1951 3241 1992 verum
3270 1943 3369 1992 est.
3397 1933 3530 1990 Nam

1933 2039 1988 2086 et
2019 2029 2111 2084 ﬁlii
2141 2029 2236 2086 Dei
2259 2041 2437 2097 erant,
2469 2031 2570 2086 sub
2591 2045 2696 2102 quo
2717 2037 2871 2102 patre
2895 2043 3114 2085 suorum
3139 2037 3345 2100 patrum
3369 2029 3530 2084 etiam

1935 2121 2130 2180 fratres
2153 2131 2338 2190 eram;
2365 2131 2422 2178 et
2447 2121 2541 2176 ﬁlii
2571 2121 2826 2190 deorum,
2873 2121 3125 2192 quoniam
3153 2135 3182 2172 a
3229 2119 3330 2175 diis
3367 2117 3533 2190 geniti

1935 2223 2110 2280 eram,
2133 2230 2252 2270 cum
2275 2214 2470 2284 quibus
2491 2223 2546 2270 et
2563 2215 2664 2286 ipsi
2687 2214 2758 2270 dii
2779 2221 2951 2280 erant,
2973 2214 3120 2284 juxta
3149 2211 3274 2267 illud
3297 2210 3492 2266 Psalmi
3515 2225 3531 2269 :

1939 2305 2052 2380 Ego
2078 2309 2210 2376 dixi,
2233 2307 2322 2362 Dii
2349 2308 2488 2374 estis,
2511 2317 2560 2362 et
2585 2307 2680 2377 ﬁlii
2713 2305 2914 2362 Επειεί
2939 2321 3110 2360 omnes
3137 2302 3316 2376 (Paul.
3343 2315 3530 2368 Lxm,

1939 2399 2028 2468 6).
2055 2399 2244 2456 nerito
2287 2399 2430 2454 enim
2473 2397 2772 2454 creduntur
2819 2395 3165 2468 Septuaginta
3213 2395 3532 2464 interpretes

1940 2493 2212 2562 accepisse
2247 2489 2624 2562 propheticum
2651 2491 2892 2561 spiritum
2919 2533 2933 2558 ,
2965 2497 3027 2544 ut
3053 2490 3096 2544 si
3127 2487 3252 2558 quid
3283 2487 3399 2558 eius
3429 2501 3530 2540 au-

1939 2586 2187 2642 ctoritate
2211 2593 2673 2658 mutarent,atque
2691 2586 2846 2642 aliter
2869 2600 3026 2656 quam
3059 2593 3176 2638 erat
3197 2582 3338 2656 quod
3370 2582 3538 2638 inter-

1943 2679 2289 2752 pretabantur
2309 2679 2568 2748 dicerent,
2591 2693 2764 2748 neque
2787 2677 2890 2736 hoc
2913 2675 3169 2734 divinitus
3193 2689 3314 2732 esse
3335 2673 3538 2730 dictum

1942 2773 2296 2830 dubitaretur.
2317 2773 2573 2841 Quamvis
2599 2771 2702 2828 hoc
2730 2773 2784 2828 in
2809 2771 3024 2828 hebrazo
3049 2784 3170 2828 esse
3195 2766 3538 2840 perhibeatur

1942 2869 2286 2942 ambiguum,
2313 2877 2451 2926 utet
2481 2869 2574 2924 ﬁlii
2603 2868 2698 2924 Dei
2723 2911 2736 2934 ,
2767 2877 2820 2924 et
2847 2867 2939 2922 ﬁlii
2970 2866 3216 2932 deorum,
3248 2871 3429 2934 posset
3455 2861 3540 2918 in-

1941 2961 2222 3033 terpretari
2233 3000 2245 3014 .

2019 3055 2073 3111 4.
2119 3053 2443 3110 Omittamus
2465 3053 2628 3125 igitur
2647 3067 2836 3109 earum
2863 3049 3250 3120 scripturarum
3295 3045 3539 3113 fabulas,

1943 3163 2062 3220 quae
2091 3147 2412 3219 apocrypha:
2443 3153 2836 3217 nuncupantur,
2861 3157 2926 3200 eo
2950 3141 3092 3214 quod
3122 3155 3306 3197 earum
3333 3137 3542 3194 occulta

1945 3243 2096 3314 origo
2129 3257 2242 3298 non
2279 3239 2473 3296 claruit
2519 3237 2795 3310 patribus,
2842 3253 2872 3292 a
2917 3235 3109 3308 quibus
3155 3247 3322 3306 usque
3348 3230 3414 3286 ad
3445 3245 3542 3286 nos

1947 3335 2234 3393 auctoritas
2255 3333 2524 3392 veracium
2545 3333 2944 3404 Scripturarum
2967 3327 3263 3386 certissima
3291 3335 3344 3382 et
3371 3325 3541 3382 notis-

1947 3431 2082 3486 sima
2130 3427 2474 3485 successione
2509 3426 2776 3498 pervenit.
2811 3423 2873 3481 ln
2903 3423 2986 3480 his
3014 3431 3194 3480 autem
3224 3417 3544 3492 apocryphis

1946 3523 2048 3579 etsi
2091 3521 2362 3578 invenitur
2403 3519 2580 3592 aliqua
2621 3519 2855 3586 veritas,
2885 3525 3064 3573 tamen
3109 3521 3332 3588 preptcr
3375 3511 3544 3567 multa

1949 3614 2078 3671 irrisa
2107 3615 2249 3670 nulla
2277 3624 2360 3670 est
2387 3613 2641 3671 canonica
2667 3611 2978 3670 auctoritas.
3005 3607 3301 3682 Scripsisse
3326 3603 3544 3678 quidem

1947 3706 2201 3762 nonnulla
2231 3705 2409 3763 divina
2432 3705 2639 3773 Euseb,
2661 3705 2812 3760 illum
2833 3704 3118 3774 septimum
3141 3701 3208 3756 ab
3233 3697 3425 3762 Adam,
3449 3711 3546 3752 ne-

1947 3811 2078 3872 gare
2107 3813 2212 3854 no
2257 3811 2542 3869 possumus
2563 3841 2578 3865 ,
2623 3809 2746 3853 cum
2791 3795 2896 3852 hoc
2935 3793 2990 3850 in
3021 3791 3261 3864 Epistula
3290 3785 3548 3846 canonica

1950 3891 2114 3948 Iudas
2141 3889 2420 3963 apostolus
2441 3889 2586 3947 dicat
2613 3889 2792 3964 (ludar
2813 3887 2925 3961 η).
2957 3885 3064 3944 Sed
3093 3897 3204 3942 non
3225 3883 3420 3939 frustra
3437 3895 3548 3936 non

1951 3991 2075 4040 sunt
2121 3985 2172 4038 in
2217 3997 2283 4040 eo
2323 3995 2534 4040 meone
2573 3979 2970 4054 Scriptor-arum
2991 4022 3006 4048 ,
3037 3977 3128 4052 qui
3154 3974 3466 4033 servabatur
3489 3967 3548 4030 in

1953 4077 2154 4150 templo
2183 4075 2395 4134 ﬂebrtei
2427 4075 2612 4148 populi
2637 4073 3038 4133 succedentium
3069 4065 3344 4142 diligentia
3365 4079 3549 4123 sacer-

1951 4171 2136 4229 dotum
2163 4215 2178 4242 ,
2229 4171 2333 4228 nisi
2361 4171 2484 4243 quia
2515 4171 2586 4228 ob
2603 4167 2978 4242 antiquitatem
3021 4173 3285 4236 suSpectte
3307 4159 3434 4217 ﬁdei
3458 4157 3550 4232 ju-

1951 4265 2125 4323 dicata
2157 4273 2289 4322 sunt
2308 4307 2322 4332 ,
2355 4280 2454 4321 nec
2483 4273 2662 4320 utrem
2687 4261 2802 4319 haec
2832 4267 3015 4319 essent
3041 4273 3162 4330 qua:
3187 4255 3279 4314 ille
3303 4251 3552 4326 scripsis-

1951 4365 2036 4416 set
2055 4359 2098 4428 ³,
2123 4365 2341 4430 poterat
2367 4355 2620 4425 inveniri,
2649 4369 2758 4413 non
2781 4353 2985 4412 talibus
3011 4347 3429 4425 proferentibus,
3457 4345 3550 4416 qui

1952 4463 2016 4508 ea
2039 4465 2142 4522 per
2157 4453 2354 4507 seriem
2383 4449 2742 4508 successionis
2767 4445 3134 4518 reperirentur
3156 4443 3260 4498 rite
3283 4449 3551 4497 servasse.

1953 4539 2109 4599 Unde
2139 4541 2224 4598 illa
2253 4559 2372 4614 quae
2397 4543 2494 4598 sub
2537 4541 2653 4612 ejus
2675 4539 2894 4600 nomine
2923 4537 3296 4610 proferuntur,
3323 4541 3380 4590 et
3420 4545 3552 4586 cou-

1957 4635 2129 4690 tinent
2173 4635 2303 4690 istas
2331 4633 2400 4690 de
2435 4631 2736 4706 gigantibus
2767 4627 3002 4695 fabulas,
3045 4626 3187 4698 quod
3215 4639 3323 4682 non
3351 4621 3548 4679 habue-

1954 4731 2064 4787 rint
2109 4729 2356 4786 homines
2381 4737 2592 4800 patres,
2623 4733 2775 4783 rccte
2801 4741 2832 4782 a
2857 4721 3212 4796 prudentibus
3248 4717 3552 4791 iudicantur

1955 4837 2064 4880 non
2090 4821 2258 4894 ipsius
2287 4837 2408 4880 esse
2433 4817 2698 4880 credenda
2721 4837 2737 4888 ;
2763 4819 2902 4876 sicut
2929 4818 3096 4874 multa
3122 4815 3223 4873 sub
3246 4809 3551 4869 nominibus

1955 4923 2012 4975 et
2027 4915 2260 4972 aliorum
2283 4913 2698 4988 Prophetarum,
2720 4921 2776 4972 et
2797 4909 3098 4970 recentiora
3120 4907 3219 4964 sub
3244 4901 3548 4961 nominibus

2541 5083 2640 5126 σν
2659 5065 3112 5134 “rem”
3131 5061 3550 5118 rm”

1953 5140 2214 5198 nuscriptis
2234 5140 2392 5192 abest.
2668 5197 2679 5198 ί
2716 5197 2721 5198 ί
3049 5197 3053 5198 ν
3244 5193 3254 5198 _
3475 5188 3484 5198 .

2019 5155 2214 5206 scripus
2234 5155 2392 5192 anesu
3475 5188 3484 5198 _

2019 5203 2094 5266 (α)
2117 5197 2596 5266 vixitl(Aqutla)_Anrb
2621 5197 2829 5266 Auriana
2853 5197 3150 5266 ῖωρθηροιὲθ
3168 5201 3183 5252 ;
3197 5193 3263 5266 Si
3277 5197 3554 5266 3039912

1955 5250 2360 5318 ῐόὰίειί
2395 5250 2746 5326 Mssa.--“
3135 5250 3558 5326 semper

1957 5313 2360 5392 ἶςῖῶἱόςῶἰὲᾷἱιό
2381 5313 2571 5388 studiis,
2581 5313 2766 5398 quibus
2783 5321 2982 5394 nimium
2998 5325 3106 5370 erat
3125 5315 3338 5392 deditus,

1958 5389 2094 5423 ein“:
2119 5395 2170 5423 ne
2192 5385 2440 5423 (lict-Inst“:
2461 5391 2662 5423 MmmL
2696 5381 3012 5423 nihilominus
3044 5385 3209 5423 tanien
3228 5391 3278 5423 m
3296 5389 3434 5423 vants
3455 5373 3551 5423 llis

1957 5373 2665 5450 ﬁnieta'sa’putuoomn,
2696 5381 3012 5450 nihilominus
3044 5377 3284 5450 tamenin
3296 5373 3444 5450 vanis
3455 5373 3551 5450 illis

1957 5441 2136 5518 studiis
2153 5441 2698 5518 persisteresW!
2733 5444 3032 5518 palaeae-
3065 5449 3171 5518 ηυξ

1957 5513 2071 5566 licto
2093 5507 2459 5564 christianismo'
2470 5510 2702 5562 transiret
2715 5507 2778 5570 ad
2789 5507 3106 5570 Judaismum,
3123 5513 3180 5558 et
3195 5515 3368 5570 magna
3383 5508 3551 5570 postea

1959 5579 2104 5628 animi
2121 5575 2436 5627 contentione
2449 5573 2700 5625 habt-ream
2715 5569 2884 5628 didicit
2896 5569 3131 5633 linguam,
3143 5581 3206 5620 eo
3222 5569 3399 5624 animo,
3424 5569 3554 5614 teste

1958 5639 2238 5702 Epiphanio,
2261 5641 2646 5702 utoppugnaret
2667 5634 3032 5702 translationem
3051 5633 3390 5702 septuaginta,
3405 5634 3456 5676 et
3471 5637 3553 5702 va:

1959 5697 2124 5752 ti'cihia
2146 5701 2210 5750 de
2231 5697 2419 5750 Christo
2455 5697 2829 5756 intervorteret,
2877 5703 2930 5748 et
2951 5697 3017 5746 ita
3047 5697 3475 5758 inturtu'ewratur,
3499 5697 3554 5739 ut

1961 5761 2080 5816 nihil
2097 5764 2258 5815 tuinus
2279 5761 2331 5812 in
2355 5759 2430 5812 eis
2451 5771 2594 5825 quam
2617 5757 2684 5810 de
2703 5759 2888 5830 thista
2911 5761 2990 5823 agi
3016 5757 3282 5816 viduetur.
3302 5763 3554 5813 manus.

3549 559 3574 666 ἒ
