4054 6478
491 315 593 378 471

491 433 874 507 Apostolorum
901 433 970 492 ab
1002 433 1272 491 haereticis
1317 431 1692 506 proferuntur,
1743 452 1864 508 qua:
1910 437 2089 493 omnia

495 530 718 587 nomine
746 529 1175 604 apocrypborum
1203 530 1274 585 ab
1311 531 1631 586 auctoritate
1669 532 1923 588 canonica
1965 531 2094 588 dili-

497 621 646 689 genti
691 622 1086 677 examinatione
1133 629 1338 676 remota
1386 629 1534 676 sunt.
1587 621 1753 693 Igitur
1799 622 2092 678 secundum

498 710 806 782 Scripturas
831 713 1117 768 canonicas
1138 711 1382 768 hebraeas
1407 721 1570 784 atque
1595 713 1933 780 christianas,
1957 713 2095 768 mul-

499 813 584 860 tos
607 804 848 874 gigantes
871 817 996 861 ante
1023 804 1282 860 diluvium
1314 803 1502 870 fuisse,
1531 819 1636 860 non
1663 804 1881 860 dubium
1909 814 2009 871 est,
2041 812 2096 860 et

497 896 600 952 hos
632 897 793 952 fuisse
820 897 966 953 cives
1012 897 1297 969 terrigenae
1342 898 1618 953 societatis
1658 897 1966 962 hominum;
2000 896 2092 952 Dei

498 998 678 1043 autem
702 988 860 1053 ﬁlios,
889 990 981 1060 qui
1008 990 1303 1047 secundum
1325 1006 1540 1047 carnem
1567 991 1636 1047 de
1661 991 1792 1047 Setb
1820 991 2094 1062 propagati

498 1090 660 1148 sunt,
693 1082 746 1137 in
791 1082 930 1140 hanc
957 1085 1270 1140 societatem
1299 1085 1511 1141 deserta
1536 1084 1741 1155 jnstitia
1771 1084 2090 1140 declinasse.

499 1170 608 1228 Nec
635 1174 935 1230 mirandum
963 1185 1064 1242 est,
1095 1176 1238 1248 quod
1264 1177 1426 1232 etiam
1452 1175 1520 1232 de
1543 1178 1672 1247 ipsis
1687 1178 1926 1247 gigantes
1948 1172 2094 1232 nasci

505 1277 806 1337 potuerunt.
837 1269 1021 1340 Neque
1064 1271 1209 1326 enim
1255 1287 1444 1327 omnes
1471 1272 1748 1343 gigantes,
1789 1273 1884 1328 sed
1927 1272 2097 1343 magis

501 1361 656 1416 tnnlti
690 1363 874 1433 utique
905 1374 1032 1420 tunc
1063 1366 1277 1420 fuerunt
1299 1406 1314 1432 ,
1341 1381 1500 1437 quam
1531 1375 1654 1438 post
1676 1365 1931 1420 diluvium
1963 1375 2098 1422 tem-

501 1454 720 1522 poribus
748 1457 978 1512 caeteris.
1011 1457 1157 1526 Quos
1190 1468 1471 1529 prepterea
1497 1473 1684 1514 creare
1711 1458 1911 1527 placuit
1934 1458 2098 1514 Crea-

503 1545 637 1611 tori,
669 1554 727 1601 nt
756 1547 918 1602 etiam
945 1547 1070 1603 hinc
1096 1549 1471 1604 ostenderetur
1508 1566 1613 1604 non
1653 1549 1829 1605 solum
1862 1549 2097 1618 pulchri-

505 1636 737 1705 tudines,
765 1655 948 1694 verum
970 1643 1129 1696 etiam
1155 1651 1210 1696 et
1243 1641 1638 1712 magnitudines
1663 1651 1718 1696 et
1763 1642 2099 1698 fortitudines

505 1741 792 1799 corporum
816 1748 924 1786 non
953 1733 1440 1803 tnagnipendendas
1461 1748 1582 1789 esse
1602 1735 1846 1804 sapienti,
1876 1734 1962 1804 qui
1988 1733 2098 1804 spi-

504 1823 788 1879 ritualibus
815 1835 973 1895 atque
1001 1826 1390 1881 immortalibus
1418 1827 1576 1897 longe
1601 1826 1914 1880 melioribus
1941 1835 2100 1894 atque

507 1912 833 1970 firmioribus
858 1927 915 1971 et
942 1915 1203 1971 bonorum
1225 1917 1481 1988 propriis,
1505 1931 1612 1971 non
1637 1916 1901 1972 bonorum
1928 1915 2100 1970 malo-

507 2022 734 2078 rumque
760 2011 1134 2066 communibus
1179 2010 1510 2066 beatiﬁcatur
1549 2009 1728 2067 bonis.
1770 2009 1938 2076 Quam
1987 2022 2101 2064 rem

442 2165 445 2167 _
505 2098 642 2154 alius
664 2101 923 2171 propheta
955 2102 1341 2157 commendans
1368 2103 1444 2156 ait
1471 2120 1486 2157 :
1519 2100 1602 2156 Ibi
1631 2102 1835 2172 fuerunt
1876 2101 2103 2173 gigantes

503 2191 583 2247 illi
607 2193 886 2257 nominati,
933 2195 1020 2266 qui
1060 2195 1122 2248 ab
1165 2195 1309 2249 initio
1337 2199 1541 2267 fuerunt
1581 2195 1854 2260 staturosi,
1895 2194 2105 2248 scientes

505 2285 762 2354 praelium.
789 2284 908 2340 Non
934 2287 1026 2341 Itos
1047 2286 1192 2358 elegit
1220 2287 1490 2354 Dominus,
1518 2304 1608 2342 nec
1626 2288 1757 2341 viam
1777 2287 1996 2341 scientia:
2019 2286 2108 2340 de-

506 2378 580 2431 dit
608 2378 710 2434 illis
733 2394 752 2434 :
775 2389 822 2433 et
845 2381 1165 2447 interierunt,
1191 2381 1310 2452 quia
1335 2397 1436 2435 non
1462 2381 1744 2434 habuerunt
1773 2379 2104 2450 sapientiam,

507 2470 763 2538 perierunt
782 2483 988 2542 propter
1015 2472 1494 2527 inconsiderantiam
1522 2471 1750 2544 (Baruclt
1789 2487 1870 2537 ιιι,
1897 2467 2105 2543 26-28).

507 2607 736 2664 CAPUT
761 2607 956 2664 XXIV.
981 2640 1054 2651 —
1079 2610 1344 2677 Quomodo
1373 2609 1756 2682 intelligendum
1779 2609 1866 2675 sit,
1893 2609 2028 2678 quod
2047 2609 2110 2664 de

579 2699 652 2753 eis
670 2699 756 2771 qui
795 2700 985 2755 diluvio
1007 2701 1252 2772 perdendi
1275 2711 1420 2757 erant
1444 2745 1460 2769 ,
1483 2701 1731 2757 Dominus
1759 2701 1908 2771 dixit,
1938 2700 2112 2757 Erunt

583 2791 701 2847 dies
721 2807 907 2848 eorum
934 2802 1148 2849 centum
1176 2794 1360 2866 viginti
1383 2794 1528 2850 anni.

587 2929 740 2998 Quod
770 2937 951 2986 autem
979 2928 1112 2986 dixit
1143 2929 1285 2985 Deus
1305 2969 1322 2996 ,
1364 2927 1533 2983 Erunt
1559 2927 1674 2982 dies
1709 2942 1880 2982 eorum
1914 2933 2112 2980 centum

511 3021 690 3093 viginti
721 3025 848 3076 anni
873 3020 1038 3094 (Gen.
1065 3037 1150 3087 vt,
1174 3023 1209 3078 3
1232 3021 1284 3094 ),
1318 3036 1430 3077 non
1459 3021 1539 3076 sic
1583 3019 1949 3091 accipiendum
1993 3026 2110 3087 est,

513 3116 666 3186 quasi
691 3116 1107 3187 praenuntiatum
1148 3117 1256 3182 sit,
1305 3124 1428 3187 post
1475 3114 1591 3171 hazc
1630 3115 1872 3170 homines
1901 3123 2113 3170 centum

515 3208 700 3279 viginti
734 3223 908 3264 annos
929 3208 1157 3264 vivendo
1183 3223 1288 3264 non
1317 3206 1639 3279 transgredi,
1663 3222 1783 3263 cum
1811 3217 1864 3262 et
1887 3217 2005 3278 post
2028 3205 2112 3261 di-

516 3301 716 3357 luvium
747 3302 910 3358 etiam
941 3303 1260 3374 quingentos
1285 3302 1588 3358 excessisse
1625 3299 1977 3356 inveniamus.
2005 3297 2116 3355 Sed

421 3433 424 3436 .
516 3393 920 3464 intelligendum
940 3404 1024 3450 est
1053 3395 1153 3450 hoc
1181 3393 1350 3450 Deum
1373 3393 1595 3460 dixisse,
1629 3407 1751 3448 cum
1783 3392 1924 3448 circa
1953 3391 2116 3446 ﬁnem

515 3488 930 3560 quingentorum
940 3503 1199 3544 annorum
1213 3487 1503 3552 essetNoe,
1517 3486 1569 3543 id
1586 3494 1686 3552 est,
1703 3485 2118 3556 quadringentos

516 3581 789 3653 octoginta
804 3582 928 3638 vita:
945 3596 1120 3638 annos
1146 3589 1352 3653 ageret,
1374 3595 1511 3652 quos
1540 3594 1692 3635 more
1720 3593 1820 3634 suo
1844 3577 2119 3648 Scriptura

518 3675 842 3748 quingentos
888 3684 1080 3743 vocat,
1123 3674 1342 3731 nomine
1387 3674 1552 3730 totius
1581 3673 1869 3728 maximam
1913 3679 2119 3742 partem

518 3768 834 3840 plerumque
877 3768 1185 3840 significans
1230 3784 1246 3822 :
1292 3765 1688 3824 sexcentesimo
1733 3763 1930 3835 quippe
1976 3777 2120 3817 anno

518 3860 645 3916 vitae
677 3860 821 3929 Noe,
851 3861 1090 3917 secundo
1117 3876 1303 3916 mense
1348 3860 1546 3916 factum
1590 3867 1676 3916 est
1701 3857 1956 3914 diluvium
1987 3854 2118 3928 (1d.

520 3970 628 4022 vn,
681 3956 820 4026 ll);
852 3969 916 4010 ac
944 3955 1026 4010 sic
1049 3963 1268 4011 centum
1314 3953 1501 4025 viginti
1530 3950 1657 4008 anni
1708 3949 1948 4022 praedicti
1997 3957 2123 4006 sunt

522 4047 687 4103 futuri
713 4047 836 4103 vita:
866 4047 1142 4104 hominum
1195 4045 1585 4117 periturorum,
1617 4043 1813 4116 quibus
1840 4041 2121 4098 transactis

522 4138 722 4196 diluvio
763 4138 1088 4195 delerentur.
1134 4137 1245 4194 Nec
1293 4137 1493 4192 frustra
1530 4135 1767 4192 creditur
1802 4134 1882 4190 sic
1922 4133 2120 4190 factum

523 4245 644 4287 esse
667 4230 948 4299 diluvium,
973 4231 1082 4302 jam
1103 4246 1212 4287 non
1234 4231 1464 4287 inventis
1483 4229 1538 4286 in
1559 4239 1696 4286 terra
1726 4229 1817 4300 qui
1836 4242 1941 4283 non
1967 4236 2122 4284 erant

523 4323 670 4396 digni
714 4325 802 4380 tali
850 4334 1024 4380 morte
1047 4323 1304 4395 defungi,
1347 4339 1450 4394 qua
1500 4323 1554 4378 in
1587 4322 1779 4393 impios
1797 4321 2120 4377 vindicatum

524 4426 609 4473 est
642 4435 654 4472 :
686 4433 792 4473 non
823 4431 930 4487 quo
961 4416 1048 4472 hic
1067 4417 1353 4488 quidquam
1380 4416 1536 4471 bonis
1555 4414 1873 4487 quandoque
1893 4414 2121 4471 moritu-

523 4509 602 4564 ris
633 4509 736 4563 tale
760 4523 930 4580 genus
955 4508 1144 4564 mortis
1189 4506 1352 4562 faciat
1395 4506 1593 4579 aliquid
1637 4506 1778 4578 quod
1823 4505 1906 4562 eis
1953 4510 2123 4577 possit

525 4600 720 4656 obesse
751 4609 870 4669 post
913 4609 1163 4655 mortem.
1196 4599 1575 4655 Verumtamen
1621 4599 1798 4654 nullus
1825 4614 2010 4654 corum
2039 4597 2119 4654 di-

528 4691 673 4746 luvio
701 4703 944 4748 mortuus
969 4701 1086 4756 est,
1115 4707 1250 4764 quos
1294 4693 1363 4748 de
1391 4693 1598 4748 semine
1627 4692 1757 4749 Seth
1803 4701 2123 4764 pr0pagatos

526 4793 710 4840 sancta
752 4785 1037 4863 Scriptura.
1074 4796 1482 4842 commemorat.
1529 4786 1618 4842 Sic
1645 4795 1822 4841 autem
1867 4783 2122 4840 divinitus

527 4877 718 4934 diluvii
744 4893 903 4934 causa
931 4887 1211 4934 narratur:
1243 4877 1449 4945 Videas,
1474 4877 1663 4950 inquit,
1687 4877 1939 4933 Dominus
1958 4875 2120 4946 Deus,

443 4979 448 4983 '
526 4972 646 5041 quia
674 4972 1024 5042 multiplicata:
1047 4981 1163 5026 sunt
1191 4970 1401 5026 malitia:
1436 4972 1694 5026 hominum
1725 4987 1878 5043 super
1904 4980 2118 5037 unum,

525 5071 574 5117 et
603 5065 764 5119 omnis
789 5065 1001 5136 quisque
1022 5066 1040 5097 ί
1065 5068 1249 5136 cogitat
1277 5065 1329 5118 in
1357 5065 1511 5118 corde
1549 5079 1642 5118 suo
1679 5063 1943 5136 diligenter
1969 5079 2124 5135 super

527 5157 755 5228 maligna
783 5174 955 5213 omnes
979 5158 1087 5212 dies
1107 5174 1126 5212 :
1154 5165 1202 5212 et
1231 5157 1466 5230 cogitavit
1506 5153 1646 5210 Deus
1670 5157 1788 5226 quia
1811 5155 1930 5226 fecit
1957 5154 2122 5209 homi-

527 5263 642 5303 nem
665 5265 818 5320 super
844 5261 1050 5316 terram,
1079 5259 1126 5306 et
1148 5251 1459 5322 recogitavit,
1482 5259 1529 5306 et
1553 5250 1682 5304 dixit
1707 5249 1863 5316 Deus,
1888 5249 2078 5304 Delebo
2096 5251 2119 5284 ²

531 5341 782 5397 hominem
810 5360 955 5414 quem
979 5346 1079 5419 feci
1102 5362 1134 5400 a
1159 5346 1290 5416 facie
1314 5355 1489 5412 terra,
1527 5346 1590 5399 ab
1614 5344 1817 5400 nomine
1851 5361 2007 5416 usque
2051 5345 2122 5402 ad

529 5450 702 5508 pecus,
730 5446 778 5491 et
798 5453 830 5490 a
847 5440 1108 5511 reptilibus
1135 5457 1290 5511 usque
1313 5441 1382 5494 ad
1405 5440 1632 5495 volatilia
1657 5439 1789 5509 caeli,
1816 5439 1936 5511 quia
1958 5439 2120 5496 iratus

524 5544 660 5598 sum,
689 5529 926 5600 quoniam
950 5532 1046 5603 feci
1075 5548 1159 5588 eos
1185 5531 1295 5603 (Id.
1322 5548 1392 5602 Vl,
1423 5532 1562 5605 5~7).

516 5705 785 5834 niﬂ‘ﬁ
803 5709 1444 5837 ἎἍἘΜΜΜ..Αι
1463 5722 1585 5785 llss._-
1620 5720 1664 5772 et
1689 5713 1843 5768 armis
1865 5714 2067 5783 quisque
2092 5727 2116 5771 ,-

586 5831 602 5837 ι
793 5805 808 5832 9
872 5832 882 5837 -
1094 5811 1109 5826 ο

583 5831 605 5864 ⁸
637 5839 768 5898 κει..
796 5831 1006 5888 υειθὰιη.

1549 317 1640 376 DE
1675 318 1998 380 CIVITA'I'E
2035 319 2171 392 DEI,
2209 323 2272 382 S.
2311 321 2682 386 AUGUSTINI

3680 334 3788 394 671

2200 441 2428 503 CAPUT
2456 445 2625 502 XXV.
2651 475 2722 487 —
2751 443 2829 503 De
2877 445 2959 502 ira
3000 445 3098 503 Dei
3122 488 3138 516 ,
3165 462 3278 518 quc
3322 447 3788 506 incommutabilem

2326 539 2740 610 tranquillitatem
2770 540 2912 594 nulla
2940 541 3342 612 inﬂammatione
3366 542 3647 615 perturbat.

2272 630 2352 686 Ira
2384 631 2476 686 Dei
2513 646 2619 687 non
2663 631 2992 704 perturbatio
3019 634 3183 688 animi
3220 634 3339 706 ejus
3365 644 3484 702 est,
3513 636 3607 692 sed
3641 635 3787 708 judi-

2199 725 2339 781 cium
2361 741 2468 797 quo
2493 725 2758 797 irrogatnr
2785 715 2938 798 poena
2967 739 3205 798 peccato.
3237 731 3498 802 Cogitatio
3518 747 3648 789 vero
3668 737 3789 802 ejus

2200 827 2254 874 ct
2283 820 2592 890 recogitatio
2615 861 2631 888 ,
2669 821 3043 877 mutandarum
3091 839 3272 879 rerum
3306 833 3388 881 est
3441 826 3788 884 immutabilis

2199 910 2358 968 ratio.
2388 911 2570 983 Neque
2602 914 2747 970 enim
2791 915 2929 971 sicut
2954 914 3226 972 hominem
3251 960 3268 987 ,
3297 919 3368 973 ita
3397 918 3562 976 Deum
3602 921 3788 988 cujus-

2199 1019 2356 1074 quam
2386 1004 2508 1061 facti
2549 1006 2630 1062 sui
2662 1008 2919 1077 pmnitet,
2951 1009 3104 1080 cujus
3129 1019 3212 1066 cst
3237 1010 3305 1066 de
3331 1012 3578 1069 omnibus
3608 1014 3789 1069 omni-

2200 1111 2271 1150 no
2293 1098 2453 1153 rebus
2476 1109 2580 1153 tatn
2612 1098 2714 1154 fixa
2743 1102 3004 1156 sententia
3027 1145 3040 1167 ,
3070 1118 3228 1174 quam
3256 1115 3402 1160 certa
3431 1106 3788 1174 praescientia.

2199 1187 2305 1245 Sed
2347 1192 2390 1246 si
2425 1207 2528 1246 non
2579 1202 2764 1249 utatur
2787 1194 3057 1267 Scriptura
3111 1197 3302 1254 talibus
3342 1200 3548 1266 verbis,
3582 1214 3688 1256 non
3735 1216 3792 1257 se

2200 1283 2596 1352 quodammodo
2632 1285 2944 1342 familiarius
2993 1289 3282 1345 insinuabit
3309 1293 3451 1346 omni
3478 1293 3662 1362 generi
3689 1292 3790 1346 lto-

2200 1376 2403 1432 minum
2424 1419 2442 1446 ,
2469 1378 2662 1448 quibus
2683 1381 2799 1434 vult
2819 1395 2936 1436 esse
2962 1383 3296 1451 consultum,
3325 1391 3384 1438 ut
3405 1393 3459 1440 et
3489 1393 3790 1456 perterreat

2201 1469 2593 1540 superbientes,
2619 1483 2672 1528 et
2699 1474 2895 1530 excitet
2920 1475 3266 1547 negligentes,
3296 1485 3352 1532 et
3377 1487 3622 1533 exerceat
3647 1494 3793 1550 quaa-

2201 1575 2416 1632 rentes,
2459 1575 2513 1622 et
2563 1568 2672 1621 alat
2711 1568 3064 1640 intelligentcs
3093 1588 3108 1625 :
3136 1569 3278 1641 quod
3322 1586 3424 1625 non
3467 1571 3698 1641 faceret,
3746 1572 3792 1628 si

2203 1671 2309 1712 non
2340 1673 2399 1713 se
2424 1659 2572 1730 prius
2601 1659 2884 1716 inclinaret
2904 1703 2918 1726 ,
2942 1671 2995 1716 ct
3023 1663 3418 1733 quodammodo
3441 1664 3795 1720 descenderet

2203 1748 2268 1803 ad
2304 1750 2564 1818 jacentes.
2606 1751 2758 1819 Quod
2805 1762 2982 1808 autem
3026 1753 3186 1807 etiam
3233 1754 3502 1810 interitum
3554 1757 3792 1812 omnium

2205 1841 2515 1896 animalium
2544 1852 2880 1899 terrenorutn
2909 1845 3310 1915 volatilinmque
3336 1846 3609 1902 denuntiat
3627 1889 3644 1916 ,
3675 1862 3792 1902 ma-

2204 1935 2538 2005 gnitudinem
2583 1934 2776 1991 futura:
2819 1936 2984 1991 cladis
3031 1936 3255 2004 effatur;
3283 1953 3388 1993 non
3437 1939 3796 1996 animantibus

2206 2027 2429 2081 rationis
2475 2028 2820 2098 expertibus,
2860 2037 3111 2100 tanquam
3155 2038 3210 2085 et
3259 2030 3371 2100 ipsa
3412 2033 3752 2101 peccaverint
3777 2072 3795 2102 ,

2207 2121 2440 2176 minatur
2476 2122 2717 2179 exitium.

2208 2235 2437 2292 CAPUT
2496 2235 2781 2292 XXVI.—
2809 2237 2960 2306 Quod
3003 2255 3124 2294 arca
3169 2248 3320 2310 quam
3365 2238 3481 2294 Noe
3501 2241 3680 2312 jussus
3727 2246 3798 2294 est

2261 2331 2426 2400 facere
2445 2370 2459 2395 ,
2481 2330 2533 2383 in
2556 2330 2787 2386 omnibus
2809 2331 3063 2386 Christum
3087 2330 3464 2404 Ecclesiamque
3481 2333 3730 2404 signiﬁcet

2283 2445 2335 2499 ί.
2376 2443 2494 2500 Jam
2521 2460 2649 2501 vero
2677 2445 2818 2517 quod
2863 2445 2974 2502 Noe
3012 2447 3214 2502 homini
3250 2447 3432 2518 justo,
3461 2456 3516 2504 et
3557 2449 3694 2504 sicut
3732 2447 3800 2505 de

2213 2536 2305 2592 illo
2331 2537 2604 2608 Scriptura
2656 2539 2887 2595 veridica
2926 2541 3192 2610 loquitur,
3222 2540 3275 2594 in
3315 2555 3411 2596 sua
3451 2541 3801 2612 generatione

2214 2629 2450 2700 perfecto
2481 2631 2636 2698 (Gen.
2689 2647 2774 2698 Vl,
2813 2631 2870 2706 9)
2911 2645 3040 2706 (non
3089 2633 3271 2704 utique
3317 2633 3456 2689 sicut
3495 2633 3801 2705 perficiendi

2214 2734 2338 2780 sunt
2381 2725 2527 2782 cives
2577 2727 2809 2783 civitatis
2845 2727 2936 2782 Dei
2981 2728 3034 2782 in
3079 2727 3169 2783 illa
3222 2728 3658 2797 immortalitate,
3695 2741 3802 2800 qua

2215 2819 2570 2890 :equabuntur
2594 2821 2814 2891 Angelis
2855 2821 2989 2888 Dei,
3017 2821 3110 2877 sed
3149 2820 3288 2876 sicut
3323 2835 3444 2877 esse
3481 2830 3704 2892 possunt
3747 2820 3802 2876 in

2216 2910 2319 2967 hac
2338 2913 2767 2984 peregrinatione
2798 2911 3062 2986 perfecti),
3094 2913 3324 2984 imperat
3349 2913 3510 2982 Deus,
3539 2923 3596 2968 ut
3621 2928 3803 2970 arcam

2219 3002 2407 3070 faciat,
2456 3004 2510 3059 in
2555 3021 2657 3077 qua
2705 3021 2826 3061 cum
2885 3005 3030 3072 suis,
3077 3003 3130 3060 id
3175 3014 3292 3072 est,
3339 3021 3537 3072 uxore,
3564 3005 3723 3072 filiis,
3752 3011 3806 3062 et

2218 3097 2472 3165 nuribus,
2505 3107 2560 3153 et
2596 3113 2718 3154 cum
2763 3099 3082 3154 animalibus
3105 3139 3122 3166 ,
3153 3113 3274 3170 quae
3310 3097 3378 3153 ad
3429 3097 3577 3153 illum
3605 3113 3671 3154 ex
3714 3096 3807 3154 Dei

2219 3200 2487 3262 prarcepto
2513 3192 2566 3248 in
2590 3207 2767 3248 arcam
2795 3192 3033 3263 ingressa
3055 3200 3198 3257 sunt,
3223 3191 3540 3247 liberaretur
3559 3205 3590 3246 a
3619 3189 3807 3247 diluvii

2219 3285 2501 3350 vasﬁtate;
2536 3285 2720 3356 procul
2755 3283 2920 3340 dubio
2973 3285 3136 3356 figura
3185 3292 3270 3340 est
3317 3284 3709 3356 peregrinantis
3751 3282 3807 3338 in

2220 3375 2324 3432 hoc
2369 3378 2565 3433 sazculo
2605 3377 2836 3432 civitatis
2865 3377 2993 3442 Dei,
3034 3375 3139 3432 hoc
3184 3385 3269 3432 est
3297 3375 3570 3443 Ecclesia,
3597 3389 3722 3447 quae
3752 3374 3811 3430 ﬁt

2222 3471 2363 3525 salva
2391 3485 2488 3540 per
2528 3469 2730 3542 lignum
2755 3510 2772 3537 ,
2801 3472 2852 3525 in
2881 3487 2989 3541 quo
3022 3469 3274 3542 pependit
3315 3469 3573 3526 Mediator
3612 3469 3708 3524 Dei
3756 3476 3812 3524 et

2222 3559 2498 3616 ltominum
2529 3560 2690 3617 homo
2714 3561 2957 3618 Christus
2973 3562 3129 3619 lesus
3154 3563 3199 3633 (Ι
3229 3560 3364 3616 Tim.
3396 3577 3454 3627 ll,
3484 3561 3564 3632 5).
3590 3560 3728 3616 Nam
3757 3569 3813 3617 et

2221 3669 2490 3711 mensum
2509 3654 2638 3726 ipsa:
2657 3657 2672 3688 '
2696 3656 3056 3728 longitudinis,
3079 3655 3392 3724 altitudinis,
3412 3654 3814 3727 latitudinisqne

2222 3747 2360 3819 ejus,
2377 3747 2674 3820 significant
2694 3764 2891 3821 corpus
2911 3753 3221 3815 humanum,
3237 3749 3290 3806 in
3310 3749 3461 3822 cujus
3481 3751 3710 3806 veritate
3733 3749 3800 3805 ad

2223 3838 2467 3898 homines
2521 3843 2906 3913 praanuntiatns
2947 3853 3032 3898 est
3073 3853 3361 3911 venturus,
3392 3851 3448 3899 et
3485 3843 3652 3899 venit.
3698 3842 3813 3898 llu-

2225 3936 2364 3992 mani
2404 3935 2602 4008 quippe
2626 3937 2870 4006 corporis
2899 3935 3174 4007 longitudo
3219 3952 3251 3990 a
3286 3936 3484 3992 vertice
3527 3949 3698 4004 usque
3745 3933 3813 3989 ad

2223 4028 2445 4100 vestigia
2468 4031 2646 4085 sexies
2673 4038 2874 4084 tantum
2906 4029 3099 4097 habet,
3127 4043 3285 4100 quam
3313 4027 3554 4095 latitudo,
3578 4043 3701 4097 quae
3731 4036 3817 4084 est

2223 4119 2293 4175 ab
2319 4135 2426 4175 uno
2453 4120 2621 4176 latere
2665 4121 2732 4176 ad
2777 4120 3008 4176 alterum
3051 4120 3227 4186 latus;
3257 4129 3313 4175 et
3353 4118 3535 4175 decies
3563 4128 3772 4174 tantum
3796 4160 3814 4188 ,

2225 4225 2384 4282 quam
2409 4211 2654 4276 altitudo,
2675 4210 2828 4280 cujus
2857 4210 3152 4266 altitudinis
3178 4224 3423 4266 mensura
3449 4217 3531 4265 est
3561 4210 3612 4264 in
3647 4210 3818 4266 latere

2224 4319 2257 4359 a
2282 4303 2444 4359 dorso
2469 4304 2534 4358 ad
2561 4313 2800 4360 ventrem
2834 4322 2848 4359 :
2881 4305 3024 4360 velut
3047 4304 3091 4360 si
3113 4304 3376 4374 jacentem
3405 4303 3680 4360 hominem
3705 4318 3822 4360 me-

2227 4397 2376 4453 tiaris
2405 4398 2651 4467 supinum
2672 4438 2687 4464 ,
2715 4413 2808 4453 seu
2859 4413 3082 4467 pronum
3105 4439 3123 4464 ,
3154 4399 3328 4454 sexies
3371 4406 3574 4451 tantum
3626 4398 3820 4468 longus

2226 4501 2310 4546 est
2340 4506 2370 4544 a
2402 4491 2576 4562 capite
2609 4491 2676 4546 ad
2706 4489 2872 4562 pedes
2893 4531 2910 4557 ,
2941 4506 3101 4563 quam
3136 4489 3272 4546 latus
3297 4504 3329 4544 a
3359 4489 3545 4545 dextra
3574 4488 3643 4543 ad
3684 4489 3822 4544 sini-

2226 4593 2392 4640 stram
2415 4625 2429 4650 ,
2459 4586 2540 4640 vel
2584 4601 2614 4640 a
2642 4586 2858 4641 sinistra
2889 4586 2942 4640 in
2968 4586 3282 4652 dexteram;
3307 4593 3364 4642 et
3403 4584 3619 4653 decies,
3654 4599 3822 4656 quam

2227 4677 2365 4733 altus
2399 4693 2428 4731 a
2469 4687 2635 4733 terra.
2689 4677 2842 4735 Unde
2883 4678 3017 4734 facta
3057 4686 3138 4734 est
3178 4693 3304 4749 arca
3344 4686 3712 4734 trecentorum
3767 4677 3821 4733 in

2228 4769 2557 4840 longitudine
2582 4771 2880 4827 cubitorum
2900 4811 2916 4838 ,
2942 4780 2998 4827 et
3025 4771 3400 4843 quinquaginta
3431 4770 3485 4826 in
3513 4769 3820 4839 latitudine,

2227 4872 2284 4920 et
2336 4863 2549 4935 triginta
2591 4864 2646 4918 in
2677 4863 2975 4920 altitudine.
3004 4863 3074 4919 Et
3115 4863 3256 4936 quod
3300 4863 3495 4919 ostium
3544 4862 3597 4918 in
3650 4864 3826 4919 latere

2227 4960 2465 5029 accepit.
2512 4957 2750 5030 profecto
2807 4959 2938 5015 illud
2992 4967 3076 5014 est
3131 4958 3360 5026 vulnus,
3410 4956 3626 5029 quando
3679 4957 3825 5013 latus

2227 5054 2468 5110 cruciﬁxi
2510 5055 2696 5111 lancea
2738 5055 3064 5127 perforatum
3089 5064 3172 5111 est
3198 5055 3378 5127 (Joan.
3406 5071 3518 5117 xtx.
3542 5053 3635 5126 54)
3672 5070 3688 5108 :
3724 5053 3828 5110 hac

2226 5147 2424 5220 quippe
2469 5148 2536 5204 ad
2580 5149 2728 5205 illum
2775 5149 3052 5206 venientes
3095 5147 3654 5221 ingrediuntur;quia
3699 5145 3828 5202 inde

2225 5241 2574 5330 Sacramepta
2619 5251 2939 5311 manarunt,
2969 5242 3164 5314 quibus
3199 5241 3481 5298 credentes
3513 5239 3826 5295 initiantur.

2226 5336 2294 5391 Et
2317 5336 2460 5409 quod
2487 5335 2556 5392 de
2583 5336 2739 5408 lignis
2761 5335 3034 5408 quadratis
3061 5334 3174 5391 ﬁeri
3190 5334 3426 5406 jubetur,
3455 5333 3694 5405 undique
3718 5343 3830 5388 sta-

2222 5427 2385 5487 bilem
2416 5430 2578 5487 vitam
2608 5439 2916 5487 sanctorum
2956 5429 3218 5500 significat
3250 5447 3264 5485 :
3296 5442 3634 5502 quacumque
3675 5425 3827 5481 enim

2222 5523 2450 5581 verteris
2488 5525 2804 5597 quadratum
2828 5566 2843 5592 ,
2871 5523 3051 5580 stabit.
3083 5523 3151 5579 Et
3197 5532 3390 5580 caetera
3417 5537 3538 5593 qua:
3581 5523 3634 5575 in
3671 5521 3828 5588 ejus-

2222 5619 2343 5676 dem
2393 5634 2532 5676 arcas
2575 5619 2971 5676 constructione
3017 5617 3300 5685 dicuntur,
3330 5615 3829 5674 ecclesiasticarum

2221 5715 2372 5788 signa
2397 5724 2522 5772 sunt
2552 5728 2754 5771 rerum.

2291 5842 2307 5875 ⁸
2343 5838 2512 5892 Plures
2524 5844 2649 5902 Mss,
2672 5834 2840 5902 ipsius.
2864 5838 2936 5887 Sic
2957 5839 3100 5889 etiam
3121 5835 3257 5887 2051.
3322 5842 3379 5887 It.
