4054 6548
241 408 344 470 673

305 522 360 577 2.
399 516 507 576 Sed
533 530 602 574 ea
638 529 785 574 nunc
819 515 1068 590 persequi
1091 514 1307 587 longum
1353 524 1437 571 est
1465 534 1480 573 :
1512 526 1565 572 et
1592 517 1692 572 hoc
1718 516 1828 586 jam

242 614 462 673 fecimus
486 612 540 668 in
566 625 732 683 Opere
751 609 893 682 quod
919 609 1177 666 adversus
1203 607 1456 664 Faustum
1479 607 1828 663 Manichzeum

241 705 550 776 scripsimus
582 703 716 778 (lib.
750 703 853 772 12,
904 719 1020 772 cap.
1055 702 1182 772 14),
1234 708 1515 771 negantem
1573 700 1624 755 in
1681 699 1832 757 libris

243 798 587 856 Hebrmornm
618 795 816 868 aliquid
858 795 925 852 de
950 793 1168 850 Christo
1193 809 1312 850 esse
1340 791 1739 865 prephetatum.
1764 791 1834 848 Et

242 893 352 948 ﬁeri
381 891 598 964 quidem
639 898 852 963 potest,
879 897 938 945 ut
981 897 1036 945 et
1080 887 1234 945 nobis
1264 887 1526 958 quispiam
1551 929 1566 954 ,
1612 896 1668 943 et
1696 886 1834 943 alius

241 986 343 1042 alio
372 994 610 1057 exponat
636 984 752 1040 luce
775 983 950 1054 aptius
985 1001 999 1038 :
1029 981 1154 1037 dum
1188 991 1361 1038 tamen
1394 996 1455 1036 ea
1487 996 1605 1052 qua;
1642 979 1832 1036 dicun-

244 1089 352 1144 tur,
385 1073 456 1133 ad
488 1077 628 1132 hanc
652 1075 721 1132 de
751 1091 853 1146 qua
898 1074 1164 1146 loquimur
1194 1069 1580 1128 Dei‘c’ivitatem
1605 1113 1622 1139 ,
1654 1072 1709 1127 in
1733 1071 1837 1128 hoc

244 1170 442 1226 saculo
483 1168 722 1239 maligno
757 1177 1012 1238 tanquam
1046 1167 1097 1222 in
1125 1165 1329 1221 diluvio
1358 1165 1786 1237 peregrinantem
1816 1205 1833 1233 ,

244 1265 420 1319 omnia
462 1261 808 1330 referantur;
834 1261 879 1317 si
909 1260 978 1317 ab
1007 1259 1123 1332 ejus
1149 1274 1308 1315 sensu
1339 1259 1426 1329 qui
1464 1259 1564 1314 ista
1592 1257 1836 1313 conscri-

245 1359 339 1423 sit,
395 1371 508 1412 non
559 1355 675 1412 vult
720 1356 876 1426 longe
913 1355 1166 1410 aberrare
1206 1353 1295 1425 qui
1325 1353 1564 1425 exponit.
1595 1351 1836 1422 Exempli

245 1449 410 1523 gratia
433 1492 448 1515 ,
480 1448 627 1505 velut
649 1448 695 1504 si
721 1447 985 1520 quispiam
1013 1444 1155 1518 quod
1187 1445 1274 1500 hic
1300 1445 1559 1516 scriptum
1589 1452 1710 1512 est,
1742 1441 1839 1498 In-

246 1546 432 1618 feriore
461 1544 766 1599 bicamerata
794 1552 840 1597 et
870 1541 1191 1596 tricamerata
1216 1538 1370 1612 facies
1408 1555 1519 1592 eam
1549 1539 1564 1570 ¹
1595 1534 1840 1610 (Geram,

248 1637 333 1711 16)
356 1655 372 1704 ;
399 1652 509 1692 non
537 1635 680 1708 quod
710 1649 808 1708 ego
842 1634 895 1690 in
922 1634 1014 1689 illo
1037 1647 1201 1704 Opere
1230 1631 1338 1688 dixi
1369 1631 1482 1704 (lib.
1513 1632 1567 1697 ι,
1591 1629 1838 1703 cap.l6),

247 1733 368 1789 velit
389 1731 649 1802 intelligi;
671 1731 790 1802 quia
818 1746 883 1785 ex
907 1728 1158 1785 omnibus
1180 1727 1426 1799 gentibus
1449 1725 1684 1780 Ecclesia
1709 1739 1842 1780 con-

246 1835 503 1897 gregatur
527 1865 543 1890 ,
577 1824 958 1880 bicameratam
1003 1821 1200 1878 dictam
1221 1863 1237 1889 ,
1265 1829 1488 1892 propter
1513 1819 1618 1875 duo
1644 1833 1840 1888 genera

247 1917 558 1985 hominum,
609 1914 1075 1971 circumcisionem
1125 1913 1331 1968 scilicet
1379 1921 1431 1968 et
1483 1912 1840 1983 praeputium,

247 2025 378 2080 quos
403 2009 700 2080 Apostolus
741 2017 794 2064 et
833 2007 940 2063 alio
969 2005 1131 2063 modo
1155 2005 1284 2062 dicit
1309 2004 1522 2062 Iudaeos
1547 2014 1604 2061 et
1628 2005 1844 2061 Grzrcos

249 2099 419 2172 (Rern.
454 2115 544 2167 ιιι,
574 2099 669 2170 9);
705 2099 1100 2155 tricameratam
1155 2113 1284 2154 vero
1308 2139 1323 2164 ,
1354 2113 1419 2152 eo
1466 2096 1607 2168 quod
1656 2110 1845 2151 omnes

247 2200 429 2262 gentes
475 2191 544 2247 de
594 2191 762 2246 tribus
810 2190 931 2245 liliis
962 2189 1074 2246 Noe
1119 2198 1242 2260 post
1290 2188 1544 2244 diluvium
1585 2197 1844 2258 reparata:

247 2295 366 2340 sunt
398 2302 413 2341 :
445 2284 542 2341 sed
579 2284 722 2340 aliud
767 2284 909 2339 dicat
961 2283 1156 2354 aliquid
1184 2325 1200 2352 ,
1241 2281 1384 2354 quod
1424 2298 1452 2336 a
1498 2280 1619 2338 ﬁdei
1667 2280 1844 2352 regula

248 2395 348 2434 non
378 2379 450 2433 sit
486 2379 743 2434 alienum;
773 2378 904 2433 Nam
933 2377 1186 2450 quoniam
1218 2393 1322 2432 non
1352 2377 1496 2432 solas
1541 2377 1591 2431 in
1621 2375 1840 2431 inferio:

247 2472 393 2527 ribus
424 2472 738 2526 mansiones
782 2470 979 2526 habere
1007 2485 1186 2526 arcam
1216 2469 1423 2537 voluit,
1455 2485 1638 2524 verum
1685 2467 1845 2522 etiam

248 2562 298 2618 in
347 2564 762 2634 superioribus,
811 2572 865 2619 et
914 2561 1028 2617 hate
1076 2561 1210 2617 dixit
1263 2561 1629 2628 bicanierata;
1679 2573 1733 2616 et
1793 2563 1845 2616 in

248 2658 617 2730 superioribus
672 2656 1040 2728 superiorum,
1087 2664 1140 2710 et
1189 2654 1303 2710 lucc
1345 2656 1630 2726 appellavit
1688 2657 1846 2709 trica-

249 2760 449 2807 merata
478 2768 494 2807 :
529 2761 589 2805 ut
613 2749 681 2803 ab
707 2751 818 2804 imo
845 2764 1056 2803 sursum
1096 2762 1283 2803 versus
1312 2747 1464 2803 tertia
1501 2754 1850 2818 consurgeret

257 2845 544 2899 habitatio.
577 2843 812 2899 Possunt
849 2840 934 2896 hic
964 2840 1184 2912 intelligi
1211 2850 1262 2895 et
1303 2840 1389 2894 illa
1420 2839 1516 2894 tria
1540 2855 1658 2910 qua:
1696 2853 1848 2893 com-

248 2939 467 2995 mendat
492 2939 784 3009 Apostolus
806 2979 822 3006 ,
857 2937 988 2992 ﬁdes
1011 2977 1027 3000 .
1055 2951 1178 3006 Spes
1203 2978 1216 3001 ,
1246 2934 1480 2989 cbaritas
1507 2935 1550 3005 (t
1581 2932 1700 2990 Cor.
1729 2947 1845 2999 χιιι,

257 3031 367 3101 i3).
402 3031 640 3087 Possunt
683 3030 843 3087 etiam
891 3030 1060 3085 multo
1118 3027 1528 3084 convenientins
1574 3035 1683 3082 tres
1742 3025 1848 3082 illa:

248 3124 528 3182 ubertates
575 3124 933 3197 evangelicae,
983 3123 1221 3190 tricena,
1270 3135 1576 3191 sexagena,
1623 3130 1850 3174 centena

251 3215 468 3288 (Matth.
504 3232 621 3283 xm,
650 3215 743 3289 8);
777 3224 834 3270 ut
860 3215 911 3270 in
940 3214 1128 3270 inﬁmo
1159 3213 1359 3268 habitet
1386 3211 1637 3284 pudicitia
1665 3210 1850 3281 conju-

250 3310 380 3380 galis
406 3352 420 3374 ,
443 3315 620 3379 supra
664 3307 921 3373 vidualis,
952 3315 1112 3378 atque
1138 3306 1237 3360 hac
1261 3307 1507 3375 superior
1530 3303 1801 3376 virginalis
1832 3319 1846 3358 :

250 3412 302 3458 et
325 3404 369 3461 si
399 3403 531 3475 quid
556 3401 754 3458 melius
797 3400 1090 3458 secundum
1136 3399 1293 3455 ﬁdem
1323 3398 1554 3454 civitatis
1579 3397 1735 3468 hujus
1765 3396 1848 3451 in-

254 3495 420 3567 telligi
448 3503 509 3551 et
531 3493 638 3550 dici
683 3502 878 3566 potest.
910 3493 1022 3548 Hoc
1059 3493 1220 3548 etiam
1263 3491 1334 3547 de
1375 3489 1584 3546 caeteris
1612 3505 1732 3561 qua:
1767 3487 1854 3544 hic

255 3585 578 3660 exponenda
612 3594 775 3651 sunt,
808 3585 1036 3642 dixerim
1057 3625 1075 3654 ,
1105 3587 1227 3657 quia
1255 3583 1356 3640 etsi
1384 3598 1490 3638 non
1537 3599 1642 3637 uno
1679 3581 1852 3636 disse-

263 3690 454 3736 runtur
483 3677 681 3744 modo,
713 3677 780 3733 ad
821 3693 981 3733 unam
1022 3687 1202 3733 tamen
1249 3674 1529 3732 catholicae
1564 3672 1688 3730 ﬁdei
1725 3687 1854 3729 con-

257 3772 492 3828 cordiam
544 3769 844 3827 revocanda
886 3777 1030 3825 sunt.

257 3862 484 3920 CAPUT
512 3861 734 3918 XXVII.
756 3892 828 3903 —
845 3860 921 3916 De
939 3878 1058 3916 arca
1079 3869 1232 3932 atque
1255 3859 1447 3915 diluvio
1462 3901 1480 3928 ,
1502 3874 1592 3913 nec
1616 3857 1720 3912 illis
1749 3873 1857 3913 esse

328 3956 776 4022 consentiendum,
809 3954 894 4026 qui
939 3956 1104 4010 solam
1149 3953 1412 4009 Insloriam
1461 3952 1710 4023 recipiunt
1748 3951 1858 4005 sine

329 4053 607 4125 allegorica
641 4051 1053 4124 signiﬁcatione;
1084 4065 1174 4104 nec
1219 4048 1323 4103 illis
1368 4047 1456 4122 qui
1497 4046 1635 4102 solas
1663 4047 1857 4119 ﬁguras

333 4146 612 4219 defendunt
638 4145 910 4219 repudiata
936 4144 1179 4201 historica
1203 4143 1427 4198 veritate.

333 4240 387 4296 l.
427 4238 547 4296 Non
577 4248 756 4296 tamen
784 4237 1066 4311 quisquam
1099 4247 1291 4309 putare
1318 4234 1518 4300 debet,
1547 4240 1639 4288 aut
1660 4229 1858 4287 frustra

262 4330 377 4388 iure
401 4344 524 4388 esse
553 4331 857 4402 conscripta
883 4371 898 4396 ,
927 4338 1019 4384 aut
1046 4325 1416 4385 tantummodo
1461 4340 1640 4381 rerum
1683 4330 1861 4394 gesta-

264 4440 383 4481 rum
409 4425 694 4481 veritatem
725 4425 843 4480 sine
889 4424 1012 4480 ullis
1037 4422 1344 4494 allegoricis
1387 4405 1861 4492 signiﬁcationibus

265 4519 354 4575 hic
380 4535 501 4576 esse
530 4519 912 4592 quaerendam;
941 4527 1036 4574 aut
1083 4533 1114 4574 e
1157 4516 1432 4572 contrario
1477 4514 1595 4570 hazc
1642 4512 1862 4568 omnino

265 4623 410 4686 gesta
435 4630 542 4670 non
570 4629 694 4672 esse
712 4656 727 4683 ,
755 4613 848 4670 sed
875 4613 1018 4669 solas
1044 4605 1165 4668 esse
1185 4611 1473 4667 verborum
1502 4610 1736 4679 ﬁguras;
1771 4615 1863 4662 aut

265 4708 524 4781 quidquid
550 4707 680 4764 illud
706 4718 821 4772 est,
853 4722 1190 4779 nequaquam
1218 4705 1284 4760 ad
1313 4701 1648 4775 pr0pbetiatn
1676 4700 1866 4755 Eccle-

267 4803 362 4857 siae
390 4803 685 4874 pertinere.
714 4801 846 4872 Quis
873 4802 1019 4857 enim
1051 4800 1152 4857 nisi
1190 4807 1373 4853 mente
1399 4809 1719 4868 pervorsus,
1751 4793 1866 4848 ina-

268 4896 410 4952 niter
456 4896 687 4967 scriptos
734 4910 854 4954 esse
909 4893 1198 4951 contendat
1237 4893 1403 4948 libros
1457 4907 1552 4962 per
1599 4903 1863 4944 annorum

268 4987 435 5048 millia
479 4997 622 5043 tanta
669 4987 929 5060 religione
961 4995 1018 5044 et
1065 4997 1171 5042 tam
1197 4985 1459 5041 ordinatae
1511 4981 1866 5039 successionis

269 5079 608 5136 observantia
637 5079 970 5146 custoditos;
995 5088 1086 5134 aut
1114 5078 1256 5134 solas
1296 5093 1385 5134 res
1423 5085 1600 5148 gestas
1644 5075 1753 5130 illic
1781 5074 1866 5128 in-

269 5172 529 5241 tuendas,
561 5173 651 5230 ubi
693 5184 840 5229 certe
863 5215 878 5240 ,
909 5181 966 5228 ut
992 5172 1090 5228 alia
1120 5172 1363 5228 omittam
1391 5211 1406 5235 ,
1438 5169 1482 5225 si
1511 5166 1867 5224 numerositas

269 5268 582 5323 animalium
614 5267 842 5339 cogehat
870 5282 1009 5322 arca:
1037 5274 1238 5321 tantam
1267 5265 1380 5319 ﬁeri
1412 5260 1828 5334 magnitudinem
1849 5301 1866 5326 ,

269 5361 546 5418 immunda
585 5360 708 5417 bina
735 5369 792 5417 et
816 5359 1012 5416 munda
1039 5369 1260 5426 septena
1305 5356 1586 5413 intromitti
1617 5352 1869 5410 animalia

271 5455 426 5528 (Gen.
450 5472 546 5524 vn,
573 5455 630 5527 2)
658 5454 785 5528 quid
807 5453 1032 5526 cogebat
1051 5495 1066 5522 ,
1094 5469 1216 5510 cum
1256 5451 1478 5521 mqualis
1505 5449 1710 5504 numeri
1743 5462 1870 5517 pos-

270 5557 397 5606 sent
422 5559 651 5621 utraque
678 5547 882 5604 servari
915 5545 1032 5620 (a)?
1060 5547 1163 5602 Aut
1188 5560 1318 5601 vero
1347 5544 1508 5610 Deus,
1535 5541 1624 5613 qui
1654 5547 1874 5611 propter

273 5641 635 5715 reparandum
667 5655 838 5713 genus
878 5639 1140 5696 servanda
1169 5637 1423 5710 przeeepit
1444 5675 1460 5703 ,
1488 5650 1553 5688 eo
1593 5631 1752 5687 modo
1782 5630 1872 5684 illa

338 5738 358 5767 ⁸
393 5732 532 5791 edin.
553 5734 707 5798 facies
728 5745 807 5798 ea.
830 5738 888 5782 At
917 5729 1400 5798 manu_scr_*ipti,jt_1xta
1434 5726 1744 5798 Septuaginta
1761 5724 1876 5795 ,fa-

269 5797 375 5850 cies
396 5810 502 5846 earn
518 5790 536 5858 ,°
553 5790 616 5846 'et
640 5809 706 5846 ex
728 5795 806 5845 his
839 5795 1036 5859 quidam
1057 5790 1624 5854 habent,'bicameratam
1655 5792 1700 5838 et
1723 5790 1876 5836 uica-

593 5920 685 5974 lib.
710 5918 772 5974 12
793 5926 924 5974 cont.
947 5926 1103 5973 vsust.
1129 5916 1349 5983 saniem,
1373 5917 1513 5984 eam).
1535 5913 1599 5969 38
1623 5918 1676 5966 et
1700 5912 1778 5966 l5.

1413 397 1616 461 LIBER
1655 399 1954 461 DECIMUS
1992 397 2306 471 QUINTUS.

3413 397 3521 461 ιιι

1936 551 2043 609 quo
2069 536 2371 592 instituerat
2393 577 2408 603 ,
2439 537 2720 595 restituere
2743 551 2850 594 non
2876 535 3128 594 valebat?

2006 627 2060 682 2.
2090 626 2190 696 Qui
2220 643 2351 684 vero
2373 645 2477 684 non
2502 645 2624 686 esse
2646 640 2795 702 gesta
2820 672 2836 699 ,
2864 630 2959 686 sed
2989 631 3133 686 solas
3156 644 3335 686 rerum
3361 628 3526 701 signi-

1937 721 2265 776 ﬁcandarum
2307 721 2504 793 ﬁguras
2546 738 2666 779 esse
2714 723 3078 790 contendunt,
3126 725 3357 796 primum
3404 723 3526 795 opl-

1938 823 2134 870 nantur
2161 825 2267 870 tam
2295 831 2546 886 magnum
2579 816 2692 873 ﬁeri
2734 832 2839 873 non
2867 818 3105 888 potuisse
3142 817 3436 885 diluvium,
3469 823 3528 872 ut

1939 908 2228 964 altissimos
2254 918 2467 963 montes
2491 907 2794 979 quindecim
2837 909 3030 966 cubitis
3069 924 3206 982 aqua
3231 907 3528 965 crescendo

1941 1000 2374 1065 transcenderet;
2429 1009 2647 1073 prapter
2698 1002 2908 1073 Olympi
2971 1002 3230 1058 verticem
3286 1001 3523 1070 montis,

1940 1111 2100 1167 supra
2129 1110 2288 1168 quem
2334 1094 2684 1166 perhibentur
2725 1094 2895 1150 nubes
2932 1110 3036 1149 non
3082 1109 3242 1166 posse
3287 1108 3517 1150 concre-

1941 1204 2093 1246 scere
2120 1189 2137 1222 ί
2157 1230 2174 1258 ,
2203 1187 2344 1260 quod
2373 1195 2480 1243 tam
2508 1185 2754 1242 sublimis
2778 1203 2936 1258 quam
2961 1186 3155 1244 calum
3183 1187 3284 1255 sit,
3317 1195 3375 1242 ut
3415 1201 3525 1241 non

1941 1283 2015 1339 ibi
2043 1283 2113 1340 sit
2140 1298 2235 1338 aer
2281 1282 2383 1338 iste
2428 1280 2697 1348 crassior,
2729 1279 2817 1334 ubi
2847 1281 3028 1347 venti,
3059 1280 3266 1337 nebulae
3303 1279 3532 1335 imbres-

1943 1390 2048 1446 que
2071 1375 2361 1447 gignuntur
2385 1373 2505 1448 (a):
2541 1389 2642 1430 nec
2670 1371 2958 1428 attendunt
3000 1372 3239 1428 omnium
3292 1372 3532 1428 elemen-

1945 1476 2120 1523 torum
2159 1468 2549 1524 crassissimam
2599 1474 2796 1522 terram
2845 1464 2918 1520 ibi
2983 1477 3104 1520 esse
3150 1461 3404 1534 potuisse.
3449 1463 3532 1518 An

1945 1562 2081 1616 forte
2103 1567 2299 1630 negant
2319 1574 2438 1615 esse
2464 1568 2661 1614 terram
2691 1557 2944 1612 verticem
2973 1554 3214 1610 montis?
3242 1553 3351 1610 Cur
3376 1552 3537 1624 igitur

1945 1668 2116 1725 usque
2143 1652 2212 1708 ad
2239 1652 2333 1707 illa
2360 1651 2482 1708 cteli
2525 1650 2700 1721 spatia
2738 1649 2899 1705 terris
2939 1647 3164 1704 exaltari
3201 1646 3415 1702 licuisse
3440 1686 3455 1710 ,
3483 1651 3540 1700 et

1946 1761 2098 1818 aquis
2123 1745 2346 1802 exaltari
2375 1759 2481 1799 non
2505 1742 2720 1799 licuisse
2747 1739 3096 1806 contendunt,
3130 1754 3254 1796 cum
3281 1738 3366 1793 isti
3389 1751 3539 1793 men-

1948 1853 2100 1893 sores
2140 1847 2194 1893 et
2223 1850 2480 1908 pensores
2515 1834 2898 1890 elementorum
2924 1873 2940 1900 ,
2970 1846 3138 1902 aquas
3167 1831 3328 1886 terris
3357 1827 3539 1901 perbi-

1948 1927 2110 1983 beant
2133 1927 2435 1999 superiores
2457 1935 2615 1996 atque
2643 1924 2903 1980 leviores?
2927 1922 3063 1991 Quid
3094 1923 3272 1993 itaque
3312 1919 3540 1977 rationis

1949 2019 2178 2076 afferunt
2197 2060 2213 2085 ,
2237 2033 2402 2091 quare
2447 2026 2589 2074 terra
2617 2015 2830 2088 gravior
2854 2024 2911 2072 et
2962 2012 3185 2070 inferior
3213 2014 3388 2068 locum
3416 2011 3539 2067 caeli

1952 2111 2337 2184 tranquillioris
2366 2111 2624 2166 invaserit
2653 2124 2747 2180 per
2766 2107 3042 2163 volumina
3065 2114 3144 2161 tot
3166 2119 3429 2161 annorum
3449 2145 3464 2169 ,
3487 2109 3542 2158 et

1949 2220 2086 2277 aqua
2129 2205 2299 2260 levior
2322 2218 2387 2260 ac
2411 2203 2654 2275 superior
2679 2201 2942 2272 permissa
2987 2213 3094 2256 non
3128 2198 3198 2254 sit
3230 2196 3334 2254 hoc
3363 2196 3543 2252 facere

1950 2297 2139 2352 saltem
2165 2296 2233 2352 ad
2260 2307 2470 2367 tempus
2492 2293 2776 2365 exiguum?

2021 2391 2076 2446 3.
2121 2389 2318 2445 Dicunt
2351 2389 2512 2444 etiam
2561 2401 2666 2442 non
2713 2385 2951 2457 potuisse
2991 2397 3184 2455 capere
3219 2395 3358 2438 arca:
3402 2379 3543 2436 illius

1951 2485 2300 2557 quantitatem
2328 2480 2636 2537 animalium
2662 2492 2860 2550 genera
2893 2487 3000 2533 tam
3035 2475 3197 2530 multa
3223 2473 3276 2528 in
3318 2481 3544 2543 utroque

1951 2593 2105 2644 sexu,
2129 2577 2254 2632 bina
2277 2574 2346 2630 de
2367 2571 2676 2638 immundis,
2694 2579 2915 2640 septena
2939 2569 3007 2624 de
3032 2565 3264 2622 mundis.
3289 2565 3386 2634 Qui
3413 2562 3544 2619 mihi

1952 2670 2203 2726 videntur
2233 2684 2336 2722 non
2368 2675 2682 2736 computare
2716 2662 2816 2717 nisi
2848 2669 3090 2716 trecenta
3114 2658 3293 2714 cubita
3317 2655 3548 2726 longitu-

1951 2763 2110 2825 dinis,
2133 2770 2186 2817 et
2216 2759 2509 2815 latitudinis
2527 2756 2908 2828 quinquaginta
2939 2755 2984 2821 ³,
3013 2768 3110 2808 nec
3139 2751 3378 2822 cogitare
3403 2745 3546 2802 aliud

1954 2865 2160 2912 tantum
2188 2869 2308 2910 esse
2349 2854 2401 2908 in
2447 2849 2813 2921 superioribus
2837 2889 2852 2915 ,
2881 2848 3114 2917 itemque
3153 2844 3296 2900 aliud
3342 2851 3546 2898 tantum

1954 2950 2006 3005 in
2039 2946 2404 3018 superioribus
2430 2945 2792 3015 superiorum,
2821 2954 2886 2996 ac
2915 2956 3011 3009 per
3031 2936 3136 2992 hoc
3165 2947 3246 2992 ter
3269 2933 3428 2990 ducta
3459 2931 3547 2987 illa

1953 3042 2130 3097 cubita
2157 3041 2269 3095 ﬁeri
2299 3043 2567 3106 nongenta
2592 3044 2805 3089 centum
2836 3029 3240 3101 quinquaginta.
3285 3025 3342 3082 Si
3368 3035 3548 3082 autem

1955 3133 2254 3203 cogitemus
2295 3128 2436 3200 quod
2487 3126 2746 3196 Origenes
2787 3138 2893 3178 non
2946 3121 3276 3190 ineleganter
3324 3115 3553 3172 astruxit

1958 3226 2213 3298 (Honiilia
2240 3223 2276 3278 2
2312 3224 2365 3277 in
2413 3219 2668 3290 Genesim)
2693 3260 2710 3287 ,
2743 3217 2959 3288 Moysen
3013 3212 3220 3269 scilicet
3272 3210 3544 3268 hominem

1953 3319 2051 3377 Dei
2080 3320 2100 3352 ³
2140 3317 2410 3375 eruditum
2430 3354 2447 3384 ,
2474 3315 2612 3370 sicut
2667 3311 2922 3382 scriptum
2959 3315 3043 3363 est
3061 3349 3076 3374 ,
3108 3304 3254 3361 omni
3283 3303 3545 3375 sapientia

1956 3412 2332 3486 Egyptiorum
2361 3407 2498 3482 (Act.
2525 3421 2619 3464 vn.
2647 3404 2744 3476 9.2)
2765 3445 2781 3470 ,
2804 3401 2893 3473 qui
2918 3402 3296 3472 geometricam
3339 3393 3549 3450 dilexe-

1955 3485 2120 3574 runt,
2165 3501 2492 3576 geometrica
2544 3498 2721 3556 cubita
2781 3494 3082 3566 signiﬁcare
3133 3490 3408 3562 potuisse,
3457 3485 3548 3542 ubi

1955 3617 2121 3658 unum
2166 3607 2426 3670 quantum
2467 3609 2558 3650 sex
2615 3599 2796 3648 nostra
2837 3588 3018 3644 valere
3063 3591 3400 3648 asseverant;
3431 3580 3551 3651 quis

1957 3711 2064 3753 non
2098 3693 2274 3749 videat
2297 3700 2553 3762 quantum
2584 3701 2764 3742 rerum
2793 3696 2988 3751 capere
3031 3679 3203 3750 potuit
3231 3677 3320 3732 illa
3350 3673 3553 3743 magni-

1958 3788 2129 3846 tudo?
2156 3784 2291 3842 Nam
2323 3781 2453 3839 illud
2495 3779 2636 3851 quod
2673 3779 2947 3849 disputant
2983 3781 3148 3830 tantae
3173 3766 3552 3841 magnitudinis

1958 3896 2138 3940 arcam
2189 3895 2295 3934 non
2340 3875 2579 3950 potuisse
2630 3869 2937 3941 compingi,
2967 3865 3302 3939 ineptissime
3341 3862 3550 3918 calum-

1959 3977 2210 4040 niantur,
2239 3987 2360 4028 cum
2391 3970 2562 4026 sci'ant
2590 3967 2878 4022 immensas
2904 3961 3064 4017 urbes
3105 3958 3270 4014 fuisse
3307 3963 3555 4011 constru-

1960 4081 2110 4134 ctas.
2143 4083 2242 4125 nec
2281 4064 2568 4123 attendunt
2595 4069 2810 4117 centum
2857 4069 3027 4112 annos
3062 4053 3254 4124 quibus
3296 4063 3418 4105 arca
3465 4045 3552 4102 illa

1961 4174 2043 4222 est
2074 4162 2328 4218 fabricata
2362 4176 2376 4214 :
2406 4157 2507 4214 nisi
2538 4157 2673 4211 torte
2702 4151 2839 4224 lapis
2868 4148 3028 4221 lapidi
3057 4145 3333 4202 adhmrere
3380 4146 3557 4212 potest

1961 4257 2080 4315 sola
2103 4255 2255 4313 calce
2288 4251 2609 4323 conjunctus
2631 4289 2645 4313 ,
2675 4255 2732 4302 ut
2775 4258 2958 4299 murus
3001 4255 3098 4312 per
3125 4245 3204 4293 tot
3251 4234 3418 4292 millia
3447 4233 3553 4288 cir-

1963 4358 2296 4421 cumagatur,
2314 4356 2369 4403 et
2391 4346 2588 4416 lignum
2618 4341 2760 4412 ligno
2787 4353 2882 4409 per
2909 4331 3280 4396 subscudines,
3303 4328 3482 4399 epiros
3509 4323 3554 4394 ⁸,

2029 4512 2046 4542 ι
2080 4509 2154 4557 sic
2174 4513 2280 4556 Mss.
2304 4509 2359 4554 At
2389 4501 2524 4560 editi,
2551 4495 2890 4560 conscendere.
2915 4495 3224 4560 Postea-Mss;
3253 4485 3324 4536 sic
3355 4481 3557 4560 habent,

2000 4547 2573 4626 ηοάῖᾶτη-ἶίιῦὶῖπῆξίἇηὶ
2591 4547 2866 4626 crclumsit.
2877 4581 2936 4626 τ-
3122 4549 3332 4626 αρροεὲ
3344 4547 3560 4626 excepto

2000 4586 2091 4621 noa
2115 4586 2213 4619 tam
2235 4586 2450 4618 summus
2463 4586 2573 4624 μνη
2591 4586 2764 4610 ιιυιιυιι
2785 4586 2935 4608 οη.--
2949 4586 3098 4602 um.
3123 4586 3331 4606 νννωνυν
3352 4586 3554 4606 mus,"

1964 4586 2104 4708 Ξοδο,
2122 4631 2315 4708 ferunt,
2339 4624 2553 4685 sublime,
2574 4634 2680 4686 pro,
2705 4616 2942 4679 sublimis;
2968 4624 3020 4665 et
3039 4613 3115 4663 ed.
3133 4611 3245 4671 253,
3270 4621 3434 4675 quam,
3452 4617 3558 4670 pro,

1956 4702 2304 4807 IarinMeditis
2322 4750 2510 4818 additur
2528 4783 2543 4808 ,
2567 4743 2766 4818 triginta
2787 4733 3563 4818 altitadirtis.Lttt_paulo£ost£

1967 4789 2304 4885 superioribus.
2322 4789 2597 4885 "gJiEii'elii'
2977 4878 2987 4885 Δ
2996 4789 3438 4885 μὴὲρςιιὶι-,ξςειξξςξη

2338 4858 3566 4956 loci—eainsitfflﬁ.M“ﬂﬂiﬂ“mﬁSﬁlim"ﬁt

1968 4923 2285 5008 ένέἶ
2295 4923 2482 5008 atas;
2494 4923 2808 5008 (Mettum?
2819 4923 2891 5008 ’ἑά
2911 4923 3113 5008 (Ξὲῑὶἒὲ
3122 4923 3564 5008 ΡΕΒΕἨΪΕΨΞἏᾞ

2255 4987 2426 5074 amis
2439 4987 3399 5074 ειιίιρρηίῖιξχιξεξιςξιοέιᾞεωεεξειιξξ
3417 4988 3564 5074 suam.

1970 5039 2149 5074 ιιυιιυιω
2170 5039 2234 5056 ,υ-
2257 5039 2418 5053 wn...
2439 5039 2705 5050 .....-__----_
2725 5039 2820 5044 ---ν
2966 5039 2969 5040 ,

1970 5073 2077 5123 haec
2112 5069 2171 5120 ad
2206 5065 2497 5131 promsitam
2523 5057 2866 5131 diﬁicultatetn
2883 5039 3564 5131 'solven‘dam_pgnciq

1972 5105 2235 5196 ita,"an
2237 5105 2652 5196 ‘igagiiaaiha'ér
2660 5105 2924 5170 latitudinis
2943 5114 3103 5162 amita
3119 5145 3136 5172 ,
3157 5105 3287 5158 mira
3309 5105 3566 5168 scripturae

1973 5197 2068 5246 tlde
2090 5189 2427 5254 multiplicare.
2595 5245 2610 5254 ,
2679 5245 2704 5254 __
2866 5253 2871 5254 ί
2901 5235 3114 5254 ,____,_.,

2038 5226 2068 5291 ἵ
2519 5261 2547 5298 a
2563 5245 2786 5310 pluribus
2807 5235 3161 5300 manuscriptis,
3181 5244 3276 5281 non
3305 5238 3474 5281 tamen
3504 5226 3564 5278 ab

2039 5467 2112 5529 (α)
2135 5464 2360 5529 πριιιιίιυη
2403 5457 2694 5529 deolxmto
2727 5443 3286 5529 terreis-edam
3305 5437 3572 5529 θεὶεὲἓοςιὲφ

1977 5499 2529 5586 auiii’iéiii‘éfﬁiipqﬁn'
2537 5499 2828 5586 aulai-chius
2841 5513 2892 5586 in
2923 5499 3133 5586 .eLml-lio‘
3141 5501 3288 5586 flatile
3317 5499 3567 5586 (eauti);

1977 5566 2530 5650 Eiéh'xiiéhvlaids’ia‘c’ain
2553 5566 2717 5650 inquo
2750 5575 2908 5648 nubes
2943 5579 2997 5621 et
3019 5566 3310 5650 veqtiﬁttui,
3327 5569 3572 5650 stipem:

1977 5632 2225 5705 Eéa’iiiir“:
2245 5632 2544 5711 argumento
2581 5632 2673 5696 est,
2720 5639 2938 5711 cinerem
2961 5632 3428 5711 sacriﬁciorumtontq
3447 5633 3574 5711 ago

1979 5686 2548 5767 Fabitur-filiiﬁlii,
2573 5686 2850 5767 utvsolinns
2885 5695 3198 5767 (Polyhistor,
3235 5686 3574 5767 fap_-__9)_

1978 5751 2074 5830 bitt
2091 5751 2653 5836 labulos‘uni
2668 5764 2784 5836 dicit
2804 5751 3090 5836 Fraiiciscus
3103 5751 3572 5836 fbjlfhﬂ‘ﬁﬂnuj‘f:

1979 5809 2223 5890 $311353
2233 5809 2515 5886 a'Ec‘E‘éiésé
2542 5809 2781 5889 "insist;
2808 5809 2880 5875 fut
2899 5809 3007 5874 rem
3051 5826 3231 5871 tantam
3259 5809 3572 5879 'exploraret‘

1981 5911 2094 5958 ιω).
2120 5908 2277 5952 “vss.
