4054 6470
460 300 568 357 475

458 419 676 487 clavos,
701 419 880 493 gluten
931 418 1205 476 bituminis
1250 431 1358 473 non
1409 424 1589 489 potest
1634 414 1946 479 adha‘rerc,
1994 424 2053 468 ut

460 514 752 571 fabricetur
782 516 798 546 ¹
829 528 991 577 παι,
1018 524 1126 568 Ion
1166 510 1369 576 curvis,
1401 508 1495 565 sed
1523 508 1691 564 rectis
1716 507 1869 579 lineis
1896 508 2054 578 longe

461 604 675 678 lateque
694 614 970 677 porrecta,
994 618 1156 675 quam
1184 602 1360 658 rutilus
1398 601 1453 656 in
1492 615 1640 656 mare
1681 601 1858 655 mittat
1884 614 2051 655 cona-

469 706 556 754 tus
580 698 853 754 hominum
878 739 894 765 ,
924 694 1022 753 sed
1048 695 1191 752 levet
1215 694 1385 761 unda,
1416 707 1537 749 eum
1568 692 1792 760 venerit,
1824 691 2052 747 naturali

468 787 659 845 ordine
717 786 1046 858 ponderum,
1094 784 1375 858 magisque
1428 783 1607 840 divina
1680 782 2050 854 providentia,

469 897 631 952 quam
669 881 901 939 humana
928 879 1211 951 prudentia
1240 888 1514 937 natantem
1552 877 1846 950 gubernet,
1877 890 1949 932 ne
1973 876 2058 931 in-

468 984 655 1033 currat
681 975 1003 1047 ubicumque
1028 973 1385 1047 naufragium.

534 1069 590 1125 4.
629 1067 783 1136 Quod
829 1077 1013 1125 autem
1061 1066 1532 1138 scrupulosissime
1580 1065 1747 1135 queri
1798 1064 1938 1121 solet
1986 1063 2059 1120 de

469 1160 840 1219 minutissimis
860 1159 1142 1228 bestiolis,
1170 1175 1278 1216 non
1308 1159 1482 1215 solum
1508 1158 1693 1230 quales
1726 1166 1852 1213 sunt
1876 1170 2057 1213 mures

466 1238 861 1320 et'stelliones,
888 1268 1076 1311 verum
1100 1253 1264 1310 etiam
1292 1252 1481 1323 quales
1509 1251 1747 1318 locustaa,
1779 1250 2055 1317 scarabaei,

470 1360 671 1403 musca:
708 1345 942 1418 denique
969 1355 1025 1402 et
1051 1346 1284 1417 pulices,
1314 1354 1492 1401 utrum
1516 1360 1625 1402 non
1652 1343 1930 1415 amplioris
1953 1357 2057 1397 nu-

469 1438 605 1497 meri
632 1438 685 1494 in
708 1452 839 1497 area
862 1439 954 1495 illa
979 1437 1202 1508 fuerint,
1231 1454 1391 1511 quam
1413 1439 1507 1510 qui
1534 1447 1617 1495 est
1641 1437 1911 1505 deﬁnitus,
1934 1450 2059 1495 cum

471 1529 577 1591 hoc
600 1530 1049 1602 imperaretDeu
1078 1548 1101 1587 :
1124 1531 1271 1602 peius
1295 1529 1617 1586 admonendi
1640 1538 1764 1586 sunt
1783 1543 1920 1602 quos
1943 1530 2060 1586 haec

473 1630 727 1690 movent,
754 1623 835 1681 sic
857 1623 1222 1694 accipiendum
1248 1637 1373 1679 esse
1396 1623 1539 1695 quod
1564 1624 1769 1679 dictum
1797 1632 1908 1688 est,
1935 1625 2064 1691 ρυω

473 1725 659 1786 repunt
682 1733 835 1788 utpar
861 1726 1049 1773 term
1064 1731 1089 1784 ;
1104 1725 1165 1773 ιιι
1193 1730 1418 1773 necesse
1440 1730 1549 1773 non
1579 1715 1737 1773 fuerit
1750 1717 2060 1772 conservari

476 1808 533 1867 in
571 1823 724 1876 arca,
749 1824 869 1881 qui:
912 1818 1136 1880 possunt
1176 1824 1233 1865 tn
1279 1809 1435 1881 aquis
1479 1809 1695 1877 vivere,
1723 1821 1833 1866 non
1878 1808 2062 1865 solum

477 1917 694 1970 mersa,
738 1903 877 1963 sicut
925 1903 1137 1975 pisces:
1173 1918 1362 1960 verum
1412 1904 1574 1960 etiam
1623 1902 2061 1975 snpernatantia,

474 1993 616 2051 sicut
640 1993 1022 2051 multu‘alites.
1055 1994 1260 2052 Deinde
1296 2009 1418 2051 cuin
1459 1994 1683 2061 dicitur,
1718 1993 1976 2050 laxatus
2018 2000 2066 2048 et

478 2085 668 2156 [canina
707 2096 857 2143 eum
883 2102 903 2143 :
943 2086 1186 2159 profecto
1234 2088 1551 2160 intelligitur
1590 2087 1657 2144 ad
1705 2086 2065 2160 reparandum

477 2194 648 2249 genus
677 2179 785 2236 dici
812 2197 825 2235 :
857 2194 921 2236 ac
946 2195 1046 2253 per
1085 2180 1189 2238 hoc
1234 2195 1337 2239 nec
1371 2181 1462 2238 illa
1501 2193 1723 2238 necesse
1774 2180 1948 2236 fuerat
1995 2179 2066 2235 ibi

477 2287 618 2337 esse,
644 2287 766 2343 qua:
790 2280 1015 2343 possunt
1037 2273 1155 2330 sine
1183 2274 1469 2331 concubitu
1490 2272 1562 2328 dc
1584 2271 1885 2344 quibusque
1904 2270 2069 2327 rebus

478 2364 562 2421 vel
584 2378 769 2422 rerum
792 2367 1229 2439 emptionibus
1256 2368 1404 2425 nasci
1429 2384 1444 2423 :
1477 2366 1568 2423 vei
1588 2367 1633 2423 si
1660 2366 1874 2423 fuerunt
1890 2407 1905 2431 ,
1930 2365 2071 2421 sicut

482 2458 539 2515 ia
566 2458 817 2517 donibus
843 2475 967 2517 esse
991 2469 1388 2518 consueverunt
1407 2499 1421 2526 ,
1450 2461 1570 2517 sine
1594 2459 1710 2514 ullo
1730 2470 1957 2513 samem
1972 2455 2074 2513 de-

479 2550 630 2608 finito
655 2566 778 2611 ese
797 2552 1040 2624 potuisse
1070 2568 1084 2607 :
1116 2562 1211 2609 aut
1236 2553 1283 2610 si
1306 2552 1620 2625 mysterium
1647 2546 2070 2607 sacratissimum

482 2642 625 2713 quod
646 2643 927 2716 agebatur,
949 2653 1005 2701 et
1030 2653 1194 2701 tanta:
1219 2643 1298 2701 rei
1338 2644 1501 2717 ﬁgura
1534 2644 1693 2700 etiam
1727 2644 1780 2698 in
1804 2641 2030 2698 veritate
2048 2641 2073 2673 ⁸

485 2735 609 2792 facti
630 2736 791 2793 aliter
811 2752 920 2794 non
943 2745 1126 2809 posset
1145 2738 1359 2809 impleri
1376 2779 1389 2801 ,
1420 2738 1524 2793 nisi
1550 2744 1608 2791 ιιι
1626 2735 1806 2792 omnia
1834 2734 1904 2789 ibi
1926 2740 2076 2790 certo

487 2828 582 2884 illo
604 2843 837 2887 numero
856 2838 1042 2887 essent
1060 2872 1074 2897 ,
1104 2844 1225 2902 qua:
1244 2832 1428 2888 vivete
1468 2831 1521 2885 in
1544 2830 1698 2900 aquis
1724 2839 1913 2884 natura
1946 2840 2075 2898 pro-

487 2919 706 2978 hibente
730 2937 841 2980 non
865 2932 1087 2994 possunt
1106 2963 1123 2992 ,
1150 2939 1255 2979 non
1292 2924 1392 2979 fuit
1424 2924 1525 2979 ista
1556 2938 1680 2979 cura
1716 2922 1861 2978 illius
1898 2922 2076 2978 homi-

487 3012 603 3081 nis,
633 3014 717 3069 vel
740 3013 957 3070 illorum
987 3014 1263 3073 hominum
1283 3057 1298 3083 ,
1324 3015 1419 3071 sed
1453 3014 1655 3071 divina.
1689 3014 1803 3070 Non
1840 3013 1987 3069 enim
2013 3024 2078 3069 ea

488 3095 603 3157 Noe
628 3106 787 3169 capta
823 3099 1246 3169 iatmuittebat,
1273 3101 1368 3157 sed
1412 3101 1684 3157 venientia
1716 3109 1777 3159 et
1826 3098 2079 3155 intrantis

491 3190 856 3260 permittebat.
880 3193 963 3250 Ad
1008 3193 1116 3250 hoc
1162 3196 1311 3250 enim
1361 3196 1502 3253 valet
1545 3195 1688 3267 quod
1732 3195 1933 3251 dictum
1960 3201 2076 3259 est,

493 3278 773 3343 favebunt
816 3284 891 3340 ed
938 3294 987 3340 te
1015 3284 1170 3356 (Gen.
1194 3300 1279 3353 νι,
1306 3286 1397 3353 19,
1424 3286 1517 3358 ἳο)
1547 3303 1561 3341 :
1596 3301 1704 3343 non
1742 3286 1946 3341 scilicet
1982 3283 2082 3339 bo-

492 3372 654 3430 minis
673 3382 820 3440 actu.
856 3374 953 3433 sed
976 3376 1075 3434 Dei
1114 3386 1248 3437 nutu
1270 3397 1285 3433 :
1310 3378 1383 3433 ita
1406 3393 1560 3444 sane,
1577 3389 1635 3434 ιιι
1654 3392 1763 3434 non
1784 3378 1893 3434 illic
1916 3378 2083 3435 fuisse

496 3465 767 3529 audenda
814 3467 1114 3541 deum
1160 3484 1296 3531 seu
1340 3480 1545 3528 carem.
1596 3472 1971 3543 Pmcripma
1996 3481 2083 3528 est

494 3556 661 3625 cuitu,
693 3567 854 3630 atque
872 3558 1179 3630 deﬁniunt,
1200 3561 1464 3618 Horatian
1482 3572 1532 3618 et
1556 3563 1750 3636 fortuna
1764 3572 1935 3619 «aut.
1967 3563 2083 3619 Alia

499 3659 627 3707 sunt
651 3649 851 3722 quippe
874 3666 998 3724 quo
1028 3652 1102 3710 de
1123 3653 1428 3726 quibusque
1449 3652 1617 3711 rebus
1651 3654 1773 3713 sine
1793 3654 2086 3711 eonwbita

491 3742 567 3803 ita
609 3753 936 3813 irascuntur,
962 3754 1023 3803 ut
1057 3755 1245 3817 postea
1288 3747 1647 3807 wool-bant
1682 3755 1746 3804 et
1785 3754 2084 3818 gemunt,

492 3833 634 3893 sicut
656 3849 856 3897 musca
883 3837 1031 3897 talia
1057 3852 1191 3897 vero
1219 3839 1277 3899 iu
1311 3840 1509 3911 cuiius
1532 3839 1664 3896 nihil
1690 3840 1765 3896 ait
1801 3839 2001 3905 maris,
2028 3846 2091 3894 et

494 3924 742 3994 femina,
766 3928 1183 4001 sicutapwit‘e
1208 3945 1375 4002 porro
1399 3947 1521 4003 qum
1546 3932 1628 3989 sic
1653 3931 1855 3988 habuit
1876 3945 2086 3997 suum,

496 4028 555 4075 ut
582 4033 689 4077 non
716 4019 953 4079 habeant
988 4020 1186 4092 fetum,
1214 4023 1358 4081 sicut
1401 4024 1530 4081 muli
1571 4033 1626 4081 et
1660 4023 1825 4081 male
1847 4063 1865 4089 ,
1892 4023 2088 4079 mirum

495 4108 543 4164 si
581 4108 656 4166 ibi
696 4110 918 4171 fuerunt
939 4153 955 4182 ,
982 4128 1048 4170 ac
1084 4128 1195 4173 non
1246 4115 1423 4185 potius
1469 4125 1720 4186 parentes
1774 4128 1964 4172 eorum
2017 4114 2090 4170 ibi

493 4278 626 4336 gres,
643 4267 784 4336 juxta
801 4267 1051 4336 tsidorum,
1067 4268 1119 4320 in
1136 4271 1274 4336 cujus
1286 4269 1414 4336 libro
1434 4271 1642 4336 l9_orig.
1669 4283 1772 4336 cap.
1803 4270 1861 4322 19
1878 4270 2057 4336 legitur
2078 4285 2090 4321 :

502 4328 706 4393 inpigri
728 4335 784 4396 et
800 4328 924 4396 clavi
946 4328 1063 4396 sunt
1083 4328 1261 4396 quibus
1286 4331 1471 4396 lignum
1495 4328 1626 4395 ligno
1649 4328 1887 4385 adlinet.
1910 4328 2095 4385 {Post-

496 4390 1450 4479 iaévetoﬂiput‘xiossaiiomcorrigenilum
1487 4390 1581 4457 aii,
1619 4397 1843 4479 epiuros;
1867 4410 1931 4446 ex
1972 4409 2094 4479 voce

501 4593 528 4626 ι
550 4574 739 4651 φιιωι
757 4574 997 4651 haemi
1031 4574 1288 4651 diem
1319 4596 1372 4651 ι-
1403 4592 1476 4651 ,ιιιτ

565 4639 584 4715 ξ
617 4640 689 4715 _s_ic
710 4639 864 4715 ηοξιὶνί
887 4639 1155 4715 omnes._'tn
1173 4651 1255 4715 B.,_
1272 4652 1323 4696 ut
1341 4645 1682 4715 fabricare-tur.
1749 4651 1805 4695 it.

563 4702 585 4735 ⁸
616 4708 722 4766 Νι,
743 4703 892 4758 etiam
1380 4707 1450 4761 iit.

1529 297 1618 353 ns
1657 271 1980 354 cm'rari:
2021 294 2154 361 DEI,
2197 293 2257 352 s.
2295 293 2665 353 AUGUSTINI

3643 303 3752 377 tvo

2164 414 2327 469 fuisse
2355 414 2622 471 suffecerit
2643 457 2658 481 ,
2692 416 2944 487 equinum
2973 415 3228 477 videlicet
3265 427 3434 494 atque
3479 421 3753 481 asieitmm

2160 521 2330 579 genus
2361 524 2376 562 :
2409 514 2464 561 et
2489 508 2532 565 si
2549 523 2651 580 qua
2680 509 2783 564 alia
2809 518 2963 575 sunt,
2989 526 3109 583 qua:
3138 512 3523 572 commixtione
3550 514 3755 574 diversi

2163 600 2377 674 generis
2398 617 2565 673 genus
2595 600 2809 672 aliquod
2832 603 3074 675 gignunt.
3098 604 3202 661 Sed
3228 606 3277 660 si
3306 614 3363 663 et
3391 607 3493 665 hoc
3527 607 3595 665 ad
3638 624 3758 684 my-

2162 692 2387 749 sterium
2436 692 2771 763 pertinebat,
2806 694 2879 750 ibi
2923 704 3099 752 erant.
3147 696 3320 756 liabet
3355 700 3498 756 enim
3546 709 3603 757 et
3650 693 3755 757 hoc

2164 796 2333 853 genus
2363 783 2658 839 masculum
2689 794 2743 840 et
2770 783 3046 841 feminam.

2234 878 2290 934 5.
2314 876 2464 936 Solet
2482 878 2643 935 etiam
2671 894 2888 938 movere
2915 881 3201 939 nonnullos
3221 923 3241 953 ,
3282 897 3481 955 genera
3503 857 3755 941 escarum

2164 988 2284 1048 qua:
2310 970 2419 1029 illic
2438 970 2640 1028 habere
2664 982 2911 1044 poterant
2930 973 3212 1043 animalia,
3242 990 3364 1045 qutc
3391 976 3604 1033 nonnisi
3635 991 3759 1032 car-

2164 1083 2234 1123 ne
2257 1066 2398 1123 vesci
2428 1074 2683 1137 putantur
2704 1107 2721 1133 ,
2746 1074 2923 1125 utrum
2967 1077 3161 1137 prtcter
3203 1083 3483 1125 numerum
3533 1069 3602 1125 ibi
3640 1067 3746 1125 fue

2170 1160 2280 1217 rint
2306 1159 2424 1216 sine
2452 1159 2877 1231 transgressione
2908 1159 3167 1229 mandati,
3189 1176 3307 1232 qua:
3338 1161 3562 1218 aliorum
3601 1161 3760 1217 alen-

2166 1253 2359 1311 dorum
2412 1252 2713 1308 necessitas
2752 1252 2861 1307 illic
2893 1254 3156 1325 coegisset
3194 1253 3394 1311 inducti
3424 1272 3438 1309 :
3467 1269 3537 1311 an
3586 1268 3719 1309 vero
3742 1293 3760 1318 ,

2166 1345 2306 1419 quod
2336 1345 2514 1419 potius
2539 1355 2622 1403 est
2669 1343 2997 1402 credendum
3020 1386 3037 1412 ,
3083 1354 3280 1417 praeter
3304 1360 3500 1403 carnes
3518 1386 3535 1411 ,
3581 1344 3763 1414 aliqua

2167 1439 2417 1495 alimenta
2438 1452 2560 1496 esse
2576 1437 2866 1509 potuerint,
2886 1453 3005 1509 qua:
3020 1436 3267 1495 omnibus
3287 1437 3633 1495 convenirent
3654 1438 3763 1507 (a).

2167 1528 2424 1587 Novimus
2471 1529 2615 1587 enim
2674 1543 2833 1600 quam
2889 1529 3056 1586 multa
3083 1529 3369 1597 animalia,
3418 1528 3611 1600 quibus
3663 1543 3763 1585 ca-

2169 1639 2232 1682 ro
2259 1625 2413 1682 cibus
2441 1634 2525 1682 est
2547 1668 2564 1694 ,
2593 1623 2832 1697 frugibus
2883 1625 3162 1697 pomisque
3210 1633 3524 1690 vescantur,
3553 1618 3611 1681 et
3649 1637 3767 1679 ma-

2169 1721 2316 1776 xime
2346 1718 2447 1775 ﬁco
2476 1729 2637 1791 atque
2662 1719 2946 1775 castaneis.
2977 1717 3116 1788 Quid
3148 1734 3277 1791 ergo
3316 1717 3511 1773 mirum
3542 1758 3560 1784 ,
3591 1715 3636 1772 si
3683 1717 3770 1773 vir

2172 1812 2264 1868 ille
2295 1812 2510 1884 sapiens
2536 1822 2591 1866 et
2610 1811 2812 1882 justus,
2834 1810 2995 1868 etiam
3016 1808 3270 1867 divinitus
3297 1807 3620 1875 admonitus,
3636 1806 3769 1878 quid

2171 1906 2362 1976 cuique
2392 1912 2711 1975 congrueret
2735 1946 2750 1970 ,
2782 1904 2900 1960 sine
2942 1903 3194 1960 carnibus
3219 1911 3397 1973 aptam
3443 1902 3636 1975 cuique
3677 1916 3772 1973 ge-

2172 1999 2289 2054 neri
2340 1998 2646 2054 alimoniam
2672 1997 2993 2070 prrcparavit
3044 2006 3099 2053 ct
3140 1994 3481 2055 recondidit?
3509 1992 3647 2065 Quid
3685 2001 3775 2050 est

2175 2105 2351 2150 autem
2378 2134 2394 2162 ,
2417 2107 2527 2165 quo
2550 2091 2695 2149 vesci
2736 2105 2844 2147 non
2870 2098 3085 2161 cogeret
3125 2089 3325 2144 fames?
3353 2094 3445 2143 aut
3495 2084 3622 2158 quid
3660 2101 3773 2141 non

2176 2200 2340 2243 suave
2366 2199 2429 2240 ac
2457 2182 2670 2240 salubre
2710 2181 2888 2237 facere
2914 2188 3097 2253 posset
3126 2180 3299 2245 Deus,
3334 2179 3425 2251 qui
3465 2178 3659 2244 etiam,
3716 2186 3777 2235 ut

2177 2278 2295 2335 sine
2321 2277 2441 2334 cibo
2465 2279 2727 2346 viverent,
2759 2275 2937 2331 divina
2975 2273 3227 2329 facilitate
3249 2274 3266 2303 ¹
3294 2270 3524 2327 donaret
3544 2310 3560 2337 ,
3588 2270 3777 2326 nisiut

2181 2379 2526 2443 pascerentur
2541 2371 2700 2425 etiam
2727 2370 2829 2425 hoc
2854 2366 3138 2439 implenda:
3164 2366 3346 2438 figura:
3371 2367 3501 2421 tanti
3527 2365 3777 2437 mystcrii

2179 2464 2529 2520 conveniret?
2552 2462 2669 2518 Non
2695 2471 2873 2517 autem
2899 2460 2968 2516 ad
2994 2459 3433 2531 prtefigurandam
3474 2455 3777 2515 Ecclesiam
3866 2526 3871 2531 .

2180 2555 2454 2630 pertinere
2485 2566 2590 2610 tam
2616 2552 2929 2625 multiplicia
2954 2566 3134 2607 rerum
3164 2550 3314 2621 signa
3342 2557 3635 2619 gestarum,
3662 2547 3775 2602 nisi

2184 2650 2345 2707 fuerit
2384 2647 2750 2705 contentiosus
2772 2687 2789 2717 ,
2829 2659 2988 2700 nemo
3040 2642 3364 2714 permittitur
3389 2638 3617 2710 opinari.
3652 2636 3781 2694 lam

2185 2746 2330 2802 enim
2362 2752 2549 2814 gentes
2579 2740 2651 2796 ita
2684 2738 2979 2797 Ecclesiam
3006 2736 3385 2808 repleverunt,
3414 2730 3710 2803 mundique
3728 2738 3787 2786 et

2186 2834 2447 2892 immundi
2472 2876 2488 2900 ,
2532 2832 2705 2889 donec
2729 2841 2938 2889 certum
2980 2830 3224 2885 veniatur
3251 2826 3318 2883 ad
3344 2827 3539 2892 ﬁnem,
3561 2826 3631 2881 ita
3662 2823 3788 2896 ejus

2187 2926 2406 2986 unitatis
2435 2925 2662 2997 quadam
2716 2923 3034 2994 compagine
3063 2921 3408 2977 continentur
3436 2961 3453 2988 ,
3475 2926 3534 2975 ut
3556 2932 3623 2973 ex
3676 2917 3791 2973 hoc

2188 3037 2297 3077 uno
2325 3016 2786 3082 manifestissimo,
2815 3016 2977 3070 etiam
3003 3013 3070 3069 de
3096 3015 3329 3079 caeteris,
3352 3026 3472 3082 qum
3501 3008 3789 3067 obscurius

2188 3111 2476 3183 aliquando
2497 3108 2639 3166 dicta
2664 3116 2807 3175 sunt,
2835 3115 2891 3164 et
2912 3104 3178 3162 difﬁcilius
3202 3104 3417 3177 agnosci
3443 3110 3663 3174 queunt,
3683 3101 3789 3158 du-

2190 3203 2348 3262 bitari
2379 3202 2460 3259 fas
2488 3216 2595 3258 non
2621 3201 2708 3257 sit.
2736 3200 2867 3269 Quae
2891 3214 3013 3257 cum
3038 3198 3110 3255 ita
3141 3198 3250 3255 sint
3268 3240 3283 3265 ,
3312 3198 3358 3255 si
3383 3211 3484 3255 nec
3507 3198 3528 3229 ²
3555 3196 3792 3255 inaniter

2191 3296 2293 3353 ista
2323 3292 2625 3364 conscripta
2651 3306 2771 3348 esse
2790 3299 2978 3364 putare
2998 3290 3279 3363 quisquam
3305 3287 3389 3345 vel
3430 3287 3596 3346 durus
3621 3286 3795 3345 aude-

2192 3393 2304 3460 bit,
2349 3405 2449 3447 nec
2473 3388 2605 3445 nihil
2640 3387 2946 3460 signiﬁcare
2977 3400 3102 3442 cum
3138 3391 3286 3456 gesta
3332 3382 3443 3439 sint
3471 3423 3486 3446 ,
3517 3395 3619 3437 nec
3658 3380 3787 3439 sola

2192 3482 2338 3541 dicta
2364 3496 2484 3539 esse
2512 3479 2885 3554 signiﬁcativa,
2913 3493 3020 3534 non
3050 3476 3211 3546 facta,
3241 3488 3345 3533 nec
3371 3474 3545 3533 aliena
3568 3486 3693 3531 esse
3720 3472 3798 3530 ab

2194 3576 2435 3635 Ecclesia
2459 3574 2481 3607 ⁸
2518 3571 2862 3646 signiﬁcanda
2901 3566 3251 3643 probabiliter
3296 3567 3403 3624 diei
3451 3562 3803 3639 potestzsed

2195 3670 2365 3741 magis
2390 3665 2715 3724 credendum
2743 3674 2846 3729 est,
2876 3672 2931 3719 et
2952 3662 3225 3733 sapienter
3244 3674 3366 3717 esse
3397 3658 3671 3717 memoria:
3694 3656 3796 3714 iit-

2199 3762 2435 3832 terisque
2464 3757 2711 3813 mandata
2734 3795 2752 3823 ,
2778 3763 2833 3812 et
2848 3761 3001 3831 gesta
3022 3767 3163 3820 esse,
3188 3760 3243 3808 et
3270 3749 3570 3822 signiﬁcare
3588 3746 3801 3819 aliquid

2199 3861 2253 3910 et
2280 3852 2455 3925 ipsum
2497 3846 2695 3922 aliquid
2724 3844 2790 3903 ad
2818 3841 3262 3918 przetigurandam
3296 3841 3588 3901 Ecclesiam
3616 3840 3798 3913 perti-

2200 3958 2351 4000 nere.
2379 3941 2497 4000 Jam
2538 3956 2708 4015 usque
2736 3936 2805 3996 ad
2853 3936 2997 3993 hunc
3021 3936 3307 3992 articulum
3344 3933 3638 4007 perductus
3662 3931 3805 3990 liber

2202 4038 2304 4094 istc
2329 4032 2658 4092 claudendus
2694 4042 2782 4090 est
2808 4075 2823 4102 ,
2865 4041 2924 4088 ut
2943 4027 3221 4088 ambarum
3266 4028 3537 4087 civitatum
3564 4040 3761 4084 cursus
3784 4065 3803 4092 ,

2202 4140 2431 4187 terrente
2460 4129 2662 4184 scilicet
2686 4124 2977 4183 secundum
3007 4123 3276 4179 hominem
3305 4121 3529 4176 viventis
3549 4161 3566 4188 ,
3597 4129 3654 4176 et
3680 4133 3805 4177 cte—

2204 4224 2353 4281 lestis
2379 4204 2674 4278 secundum
2702 4219 2869 4276 Deum
2895 4259 2911 4286 ,
2942 4226 3063 4289 post
3086 4215 3344 4273 diluvium
3373 4224 3425 4271 et
3458 4214 3714 4285 deinceps
3747 4213 3807 4272 in

2205 4317 2365 4375 rebus
2390 4311 2840 4388 consequentibus
2867 4309 3188 4382 requiratur.

2269 4519 2283 4582 ξ
2314 4514 2419 4566 Sola
2442 4513 2590 4582 editio
2606 4518 2740 4582 ιλιι.)
2764 4510 3008 4582 fucuuate.

2266 4580 2290 4613 ί
2325 4585 2374 4628 ιιι
2396 4573 2679 4626 Corbeiensi
2697 4573 2801 4632 Ms'.,
2824 4573 2895 4622 sic
2910 4583 3017 4622 nec.

2186 4688 2199 4703 ,
2271 4643 2293 4677 ⁸
2323 4640 2485 4703 uide;
3042 4639 3099 4703 Il;

2267 4705 2341 4769 (a)
2362 4701 2495 4754 conf.
2519 4693 2698 4762 Quaest.
2725 4701 2775 4748 in
2797 4703 2937 4755 Gen.,
2961 4708 3045 4761 qu.
3068 4693 3117 4745 6.

499 4795 3798 4832 WW—

1084 4909 1565 5020 LIBER
1641 4905 2355 5022 DECIMUS
2432 4897 3085 5014 SEXTUS.

498 5093 549 5139 ιη
566 5091 708 5165 «te
731 5094 897 5165 μίση
925 5100 1067 5165 rare
1096 5093 1206 5158 tu).
1240 5105 1274 5145 ι
1309 5096 1470 5165 an.»
1491 5093 1733 5165 videlicet,
1764 5095 1921 5157 iam
1946 5092 2009 5143 ad
2027 5092 2397 5165 ειυεεαεςίωιιωι
2412 5050 3500 5165 caesumcaeseﬁassesee

1817 5138 2059 5220 {Eine-ad
2069 5138 2647 5220 z—posteriore
2686 5138 2853 5201 autem
2881 5138 3022 5213 parte
3042 5144 3108 5197 de
3135 5142 3352 5197 caelestis
3372 5138 3705 5196 tantummodo
3741 5141 3818 5191 ci-

562 5155 823 5206 exhibetur
861 5155 1132 5206 semiudum
1151 5155 1338 5208 sacram
1368 5155 1623 5209 historiam
1644 5170 1674 5208 a
1703 5155 1803 5207 Hoc

3538 5088 3819 5141 om

559 5216 722 5269 vitatis
734 5229 971 5280 ιιωαιιειιι
982 5219 1057 5279 ιιι¹
1068 5219 1305 5272 Abraham
1326 5232 1486 5285 mque
1500 5221 1559 5273 ad
1576 5216 1911 5272 tmelitarum'
1921 5229 2075 5285 reges
2086 5217 2376 5282 diSputatnr.

2007 5323 2275 5383 θκιειαο

500 5454 731 5516 CAPUT
754 5455 1043 5521 PRIMUM.
1066 5492 1143 5508 -—
1164 5462 1246 5521 An
1270 5473 1385 5537 post
1413 5464 1661 5523 diluvium
1680 5504 1699 5531 ,
1727 5481 1759 5519 a
1791 5462 1905 5520 Noe
1944 5478 2100 5534 usque

578 5550 647 5603 α
674 5550 933 5608 Abraham
954 5595 972 5625 ,
992 5556 1184 5631 aliqua
1209 5558 1421 5629 (anilia!
1445 5558 1722 5614 sestertium
1745 5557 1906 5614 Deum
1930 5557 2099 5613 viven-

588 5641 714 5701 tium
741 5644 1081 5717 reperiantur.
1582 5642 1585 5643 ⁷

579 5737 711 5797 Post
727 5739 983 5799 diluvium
1000 5745 1366 5816 procurrentis
1385 5752 1585 5805 sancta
1602 5744 1826 5820 vestigia
1838 5741 2096 5814 civitatis,

570 5838 648 5908 (a)
672 5841 771 5894 vid.
796 5840 885 5896 lib.
909 5842 982 5910 is,
1007 5859 1114 5911 cap.
1134 5844 1182 5898 ι.

2203 5468 2382 5517 utrum
2409 5457 2716 5514 continuata
2740 5455 2875 5522 sint,
2900 5468 2971 5511 an
2989 5448 3476 5511 intercurrentibus

2207 5553 2505 5622 interrupta
2550 5547 2919 5625 temporibus,
2950 5546 3023 5603 ita
3067 5553 3128 5602 ut
3166 5542 3343 5602 nullus
3387 5539 3662 5596 hominum
3689 5538 3819 5595 veri

2207 5644 2367 5703 unius
2386 5643 2485 5701 Dei
2513 5643 2686 5699 cultor
2703 5639 2993 5709 existeret,
3015 5637 3085 5695 ad
3113 5633 3373 5707 liquidum
3412 5628 3707 5701 Sta-imitri!
3728 5629 3817 5686 lo—

2204 5738 2491 5812 quentibus
2537 5736 2783 5792 invenire
2804 5732 3031 5790 difﬁcile
3077 5737 3161 5787 est
3189 5733 3510 5799 :propterea
3562 5718 3709 5793 quod
3760 5720 3818 5776 in

2207 5831 2487 5895 canonicis
2518 5830 2692 5887 Libris
2715 5836 2835 5902 post
2854 5825 2990 5895 Noe,
3020 5822 3111 5898 qui
3134 5835 3258 5883 cum
3284 5816 3515 5889 conjuge
3542 5828 3608 5879 ac
3634 5812 3819 5875 tribus
