4054 6470
249 386 352 446 477

251 503 369 561 iliis
414 508 750 583 totidemque
795 515 1019 570 nuribus
1060 517 1173 573 suis
1211 522 1412 577 meruit
1441 539 1536 594 per
1579 541 1758 582 arcam
1799 545 1832 585 a

250 600 543 656 vastatione
571 603 767 660 diluvii
793 605 1040 676 liberari,
1073 624 1176 664 non
1217 611 1518 671 invenimus
1568 634 1734 690 usque
1765 620 1831 675 ad

247 690 520 747 Abraham
538 696 859 768 cujusquam
882 700 1133 770 pietatem
1162 703 1394 761 evidenti
1415 705 1597 764 divino
1619 709 1833 783 eloquio

248 787 590 858 pradicatam
616 831 631 856 ,
663 789 765 845 nisi
795 791 935 861 quod
965 792 1076 849 Noe
1116 795 1250 852 duos
1300 799 1437 855 ﬁlios
1471 818 1598 858 suos
1625 805 1748 859 Sent
1779 817 1833 862 et

245 879 433 950 Japhet
463 883 780 952 prophetica
808 885 1180 945 benedictione
1218 895 1586 964 commendat,
1623 898 1832 955 intuens

241 982 292 1026 et
321 973 627 1041 praevidens
651 977 792 1046 quod
825 977 979 1050 longe
1027 980 1200 1038 fuerat
1227 996 1346 1054 post
1384 987 1637 1045 futurum.
1681 990 1832 1050 Unde

243 1066 432 1120 factum
459 1077 545 1122 est
566 1070 727 1124 etiam
759 1071 886 1128 illud
915 1116 928 1142 ,
956 1083 1014 1130 ut
1041 1073 1206 1131 ﬁlium
1234 1093 1385 1136 suum
1431 1082 1696 1150 medium,
1733 1088 1832 1142 hoc

241 1168 319 1213 est
345 1159 709 1231 primogenita
737 1164 1000 1222 minorem
1028 1167 1048 1200 ί
1081 1168 1373 1242 ultimoque
1417 1174 1710 1246 majorem,
1740 1179 1828 1248 qui

239 1263 556 1319 peccaverat
599 1254 654 1308 in
677 1263 904 1325 patrem,
933 1272 1040 1314 non
1087 1259 1141 1315 in
1169 1261 1320 1332 ipso,
1343 1265 1437 1319 sed
1470 1265 1522 1321 in
1557 1265 1669 1322 ﬁlio
1714 1269 1830 1338 ejus

237 1357 332 1399 suo
359 1353 560 1415 nepote
587 1349 934 1406 malediceret
961 1350 1046 1407 his
1091 1354 1274 1410 verbis
1307 1373 1321 1412 :
1356 1356 1663 1414 Malediclus
1690 1358 1827 1417 Cha-

236 1451 366 1490 naan
393 1453 545 1506 puer,
577 1441 802 1510 famulus
827 1441 922 1496 erit
942 1444 1185 1514 patribus
1205 1446 1327 1501 suis.
1377 1447 1630 1505 Chanaan
1667 1467 1828 1522 porro

235 1536 389 1584 natus
429 1529 609 1586 fuerat
650 1548 717 1588 ex
766 1533 966 1600 Cham,
1030 1539 1119 1607 qui
1169 1540 1335 1609 patris
1373 1541 1688 1601 dormientis
1731 1561 1829 1603 nec

234 1629 460 1689 texerat,
485 1623 582 1678 sed
611 1625 786 1694 potius
804 1626 1116 1697 prodiderat
1145 1631 1460 1688 nuditatem.
1486 1633 1637 1690 Unde
1665 1637 1825 1693 etiam

231 1713 372 1783 quod
394 1724 620 1770 secutus
646 1715 885 1790 adjungit
906 1718 1334 1778 benedictionem
1364 1723 1591 1780 duorum
1611 1727 1827 1784 maximi

231 1819 284 1862 et
306 1810 517 1865 minimi
540 1811 795 1880 ﬁliorum,
835 1813 1017 1871 dicens
1045 1814 1378 1874 :Benedictus
1400 1819 1648 1878 Dominus
1687 1821 1828 1880 Deus

232 1901 352 1956 Sent
375 1945 389 1970 ,
415 1913 467 1958 et
515 1906 608 1958 erit
637 1903 884 1962 Chanaan
913 1925 1038 1979 puer
1064 1911 1240 1978 illius;
1279 1913 1499 1984 [tati/iret
1552 1915 1686 1972 Deus
1731 1917 1827 1972 Ja-

230 1995 369 2064 pket,
402 2005 451 2050 et
473 1996 660 2052 habitet
682 1999 735 2053 in
761 1999 990 2074 domibus
1019 2001 1140 2058 Sem
1168 2003 1321 2076 (Gen.
1354 2022 1432 2075 ιχ,
1464 2008 1656 2082 25-27)
1683 2027 1696 2064 :
1722 2011 1825 2067 sic-

229 2097 284 2141 ut
307 2088 421 2158 ipsa
457 2090 700 2160 ejusdem
726 2091 841 2150 Noe
871 2103 923 2150 et
949 2095 1121 2151 vinea:
1164 2097 1454 2170 plantatio,
1495 2111 1550 2158 et
1588 2118 1657 2159 ex
1709 2103 1825 2175 ejus

230 2176 400 2233 fructu
439 2179 758 2248 inebriath,
784 2193 838 2240 et
879 2184 1194 2244 dormientis
1227 2190 1478 2259 nudatio,
1510 2203 1563 2248 et
1602 2210 1723 2265 qua:
1753 2195 1823 2251 ibi

226 2278 419 2326 uetera
453 2268 596 2326 facta
627 2281 790 2343 atque
816 2277 1119 2348 conscripta
1150 2290 1274 2335 sunt
1293 2322 1307 2346 ,
1337 2275 1664 2354 propheticis
1699 2293 1824 2342 sunt

224 2362 497 2432 gravidata
525 2366 774 2423 sensibus
800 2377 852 2425 et
872 2370 1045 2427 velata
1076 2373 1396 2446 tegminibus
1428 2376 1528 2450 (a).

223 2470 446 2532 CAPUT
477 2475 619 2533 ll.—
649 2477 787 2548 Quid
809 2480 862 2537 in
891 2483 1012 2551 ﬁliis
1043 2484 1158 2543 Noe
1181 2487 1472 2558 prophetico
1511 2491 1664 2562 fuerit
1689 2507 1825 2563 prte-

868 2575 1164 2648 ﬁguratum.

290 2662 341 2716 t.
368 2661 478 2718 Sed
503 2680 647 2721 nunc
667 2681 846 2722 rerum
875 2669 1063 2726 etiectu
1090 2670 1199 2742 jam
1224 2671 1278 2727 in
1300 2673 1529 2743 posteris
1557 2689 1820 2733 consecu-

222 2761 276 2806 ιο
302 2795 317 2818 ,
345 2769 468 2825 qua:
497 2768 684 2826 operta
716 2755 945 2829 fuerant,
979 2762 1109 2817 satis
1139 2774 1322 2834 aperta
1352 2775 1497 2824 sunt.
1523 2767 1652 2833 Quis
1679 2770 1820 2825 enim

220 2844 330 2900 hzec
355 2847 642 2920 diligenter
658 2860 711 2906 et
730 2851 1092 2925 intelligentcr
1108 2860 1416 2926 advertens,
1439 2875 1545 2919 non
1567 2871 1822 2933 agnoscat

215 2951 273 3013 ιιι
293 2937 535 2996 Christo?
563 2940 691 2998 Sem
707 2945 923 3019 quippe,
953 2947 1019 3006 de
1046 2949 1198 3021 cujus
1227 2951 1430 3007 semine
1457 2953 1511 3009 in
1539 2968 1702 3010 carne
1731 2970 1823 3010 na-

219 3043 301 3085 tus
321 3039 405 3088 est
418 3032 691 3104 Christus,
717 3035 1100 3110 interpretatur
1123 3041 1457 3102 Nominatus.
1475 3044 1613 3112 Quid
1638 3055 1818 3104 autem

220 3125 544 3183 nominatius
563 3125 800 3199 Christo,
829 3129 979 3202 cujus
1007 3148 1202 3191 nomen
1234 3134 1428 3207 ubique
1447 3138 1557 3208 jam
1582 3136 1816 3208 fragrat,

217 3221 286 3273 ita
312 3227 373 3275 ut
399 3220 455 3275 in
489 3219 710 3278 Cantica
728 3224 1058 3282 canticorum
1077 3267 1093 3292 ,
1120 3226 1282 3283 etiam
1304 3229 1419 3299 ipsa
1447 3229 1776 3302 prtecinente
1797 3232 1818 3263 '

217 3309 516 3383 prophetia,
541 3324 812 3388 unguento
838 3327 1179 3388 comparetur
1200 3319 1370 3375 elfuso
1392 3319 1612 3392 (Cantic.
1641 3322 1693 3387 1,
1720 3320 1815 3393 2):

215 3405 267 3455 in
313 3402 470 3474 cujus
495 3403 743 3462 domibus
767 3449 784 3474 ,
811 3405 862 3462 id
891 3417 973 3465 est
1020 3411 1264 3466 ecclesiis
1283 3453 1298 3476 ,
1328 3412 1531 3469 habitat
1580 3414 1818 3484 gentium

221 3493 447 3550 latitudo
467 3493 494 3549 ‘t
523 3495 656 3552 Nam
687 3494 914 3569 Japheth
940 3499 1192 3558 Latitudo
1221 3503 1618 3576 interpretatur.
1650 3504 1817 3563 Cbam

213 3601 392 3658 porro,
413 3588 559 3661 quod
585 3591 968 3666 interpretatur
994 3592 1251 3665 Calidus',
1271 3598 1479 3656 medius
1506 3599 1618 3656 Noe
1645 3600 1807 3668 ﬁlius,

212 3688 461 3753 tanquam
487 3698 547 3740 se
570 3683 637 3740 ab
657 3694 884 3759 utroque
903 3688 1216 3746 discernens
1256 3701 1312 3746 et
1350 3691 1488 3748 inter
1531 3701 1817 3764 utrumque

212 3788 530 3844 remanens,
557 3794 657 3835 nec
675 3775 729 3835 in
756 3781 1004 3852 primitiis
1029 3781 1406 3852 lsraclitarum,
1430 3799 1531 3841 nec
1555 3785 1609 3840 in
1637 3786 1815 3856 pleni-

213 3868 391 3924 tudine
414 3866 688 3940 Gentium,
704 3873 828 3944 quid
855 3873 1118 3945 signiﬁcat
1135 3875 1238 3932 nisi
1261 3875 1631 3934 haereticorum
1645 3893 1818 3949 genus

211 3958 461 4029 calidum,
482 3977 588 4017 non
607 3964 795 4034 spiritu
809 3966 1104 4038 sapientiae,
1120 3967 1216 4024 sed
1233 3967 1598 4040 impatientius,
1613 3985 1721 4041 quo
1731 3985 1818 4026 so-

210 4049 320 4106 lent
338 4051 362 4084 ⁸
381 4052 760 4118 haereticorum
790 4057 996 4118 fervere
1027 4060 1319 4131 praecordia
1338 4061 1381 4129 ',
1403 4070 1458 4118 et
1481 4077 1668 4134 pacem
1691 4078 1812 4134 per-

212 4143 429 4202 turbare
473 4150 826 4206 sanctorum?
849 4151 953 4209 Sed
981 4153 1096 4209 haec
1137 4153 1192 4208 in
1231 4169 1388 4212 usum
1417 4154 1614 4210 cedunt
1643 4155 1808 4226 proti-

209 4236 648 4310 cientium,juxta
672 4241 808 4297 illud
825 4243 1068 4314 Apostoli
1097 4262 1110 4300 :
1137 4244 1346 4316 Oportet
1366 4255 1412 4300 et
1439 4247 1654 4302 hiemes
1683 4263 1805 4314 esse,

208 4337 261 4379 ut
291 4329 490 4398 probati
513 4332 770 4403 manifesti
795 4335 923 4403 ﬁant
948 4337 1000 4392 in
1027 4337 1165 4392 vobis
1194 4337 1237 4409 (l
1262 4338 1380 4403 Cor,
1408 4354 1486 4406 at,
1511 4339 1627 4410 19).
1661 4339 1810 4396 Unde

209 4416 368 4473 etiam
395 4420 652 4493 scriptum
675 4433 757 4478 est
777 4466 792 4492 ,
820 4423 986 4481 Filius
1013 4427 1238 4484 eruditus
1260 4430 1461 4500 sapiens
1480 4431 1594 4497 erit,
1610 4431 1808 4500 impru-

208 4510 353 4565 dente
367 4520 532 4570 autem
551 4515 782 4571 ministro
800 4527 964 4574 utetur
981 4519 1159 4589 (Prov.
1178 4537 1232 4587 Χ,
1252 4523 1305 4588 4,
1323 4523 1462 4591 apud
1473 4521 1662 4593 LXX).
1684 4522 1811 4580 Mul-

209 4609 260 4654 ta
291 4602 487 4675 quippe
513 4605 579 4661 ad
599 4605 1091 4668 ﬁdemeatholicam
1121 4613 1462 4684 pertinentia,
1482 4613 1608 4670 dum
1638 4613 1810 4672 hane-

209 4695 433 4751 ticorum
454 4696 625 4756 calida
651 4700 671 4732 °
697 4702 1063 4774 inquietudine
1085 4707 1444 4778 exagitantur,
1475 4717 1532 4763 ut
1553 4708 1808 4768 adversus

207 4802 300 4843 eos
329 4787 545 4846 defendi
576 4794 819 4865 possint,
861 4809 916 4855 et
943 4798 1351 4856 considerantur
1376 4800 1680 4872 diligentius
1707 4845 1722 4872 ,
1752 4814 1809 4860 et

208 4879 575 4950 intelliguntur
599 4884 818 4954 clarius,
849 4897 902 4946 et
931 4890 1214 4950 instantius
1244 4891 1604 4964 praedicantur
1625 4913 1638 4950 :
1659 4905 1716 4951 et
1740 4897 1810 4954 ab

205 4972 513 5032 adversario
561 4991 708 5036 mota
754 4985 1017 5053 quwstio,
1047 4986 1288 5042 discendi
1343 4988 1523 5046 existit
1573 4992 1805 5048 occasio.

206 5066 462 5135 Quamvis
489 5087 596 5130 non
626 5074 799 5134 soluat
848 5079 939 5152 qui
979 5061 1115 5137 'sunt
1161 5081 1497 5152 apertissime
1539 5085 1804 5155 separati,

206 5176 392 5217 verum
423 5164 581 5237 etiam
613 5183 803 5230 omnes
827 5170 917 5241 qui
945 5171 1237 5230 christiano
1263 5175 1524 5233 vocabulo
1566 5176 1805 5248 gloriati.

269 5252 288 5285 ι
323 5253 725 5320 Mss.,jtmiorem.

267 5316 296 5347 ⁸
325 5321 457 5372 In.
485 5320 796 5372 Dracede

269 5330 310 5458 Ξ
834 5384 1067 5458 plerique
1102 5395 1212 5442 tua.
1255 5389 1472 5443 calﬁdtts
1509 5403 1528 5442 :
1563 5391 1805 5458 pauloque

202 5444 316 5510 [sust
326 5438 539 5510 habent,
563 5457 715 5510 genus
731 5438 878 5500 callt'd
884 5463 980 5501 um.

640 5515 693 5558 et
725 5514 823 5571 an,
847 5511 932 5561 sed
957 5511 1130 5576 spiritu
1152 5511 1417 5578 versspellis
1454 5515 1663 5579 astutite,
1697 5529 1806 5581 qua:

264 5623 764 5695 ξυξείκρτίηιονάια,

229 5687 306 5768 μ’,
325 5691 402 5741 εκ
419 5687 496 5768 ‘3'-
515 5693 635 5768 ΨΜ
657 5687 877 5768 teneam
901 5710 1011 5768 ςηω
1033 5698 1285 5765 plerisque
1315 5703 1669 5767 manumanus,
1701 5701 1802 5754 cat-

200 5747 323 5815 lida.
347 5777 412 5788 —
433 5761 514 5804 Ms.
535 5756 646 5815 εδδ,
671 5756 847 5808 calida.
912 5767 968 5810 tu.

265 5813 338 5894 (fl)
360 5821 542 5894 gigans
567 5813 679 5870 illus
699 5820 812 5871 vide
851 5821 935 5872 lib.
964 5823 1023 5874 t9.
1065 5835 1194 5877 cont.
1227 5833 1382 5880 Faust.
1412 5828 1634 5892 Manich.,
1657 5841 1799 5894 capp.

199 5873 336 5933 sset
353 5888 504 5948 seqq.

1424 407 1626 467 LIBER
1668 411 1962 473 DECIMUS
2001 419 2285 483 SEXTUS.

3423 441 3529 498 478

1951 545 2034 591 tur
2084 550 2134 594 et
2184 542 2388 611 perdite
2416 557 2633 616 kunt,
2664 564 2773 606 non
2818 549 3047 609 absurde
3091 563 3311 624 possunt
3359 556 3526 615 videri

1943 630 2120 686 medio
2149 632 2260 690 Noe
2308 635 2419 693 ﬁlio
2450 638 2654 710 ﬁgurati
2683 659 2696 697 :
2725 645 3024 712 passionem
3052 647 3248 718 quippe
3289 648 3524 717 Christi,

1941 741 2059 796 quae
2087 726 2228 782 illius
2258 729 2489 786 hominis
2523 735 2756 791 nuditate
2779 737 3074 809 signiﬁcata
3100 749 3202 806 est,
3236 750 3291 800 et
3316 757 3526 798 annun-

1945 818 2049 870 liatt
2061 828 2077 872 t
2091 821 2408 889 proﬁtendo,
2431 835 2479 879 et
2503 827 2638 882 ιιίηιρ
2653 831 2856 899 agendo
2871 833 3220 892 exltunorant.
3242 835 3319 894 De
3339 837 3528 894 talibus

1941 928 2066 982 ergo
2113 915 2310 971 dictum
2342 926 2457 985 est,
2492 919 2578 976 Ex
2601 924 2847 990 fructibus
2885 944 3055 984 eorum
3097 931 3404 1001 cognoscetis
3441 947 3527 986 eos

1943 1004 2154 1074 (Matth.
2188 1023 2264 1063 vn
2295 1051 2308 1076 ,
2339 1009 2453 1081 20).
2501 1011 2626 1068 ldro
2652 1014 2818 1072 Cham
2856 1018 2906 1073 in
2951 1019 3060 1074 ﬁlio
3086 1035 3184 1076 suo
3213 1022 3526 1078 maledictus
3590 1027 3595 1033 '

1939 1107 2038 1164 est,
2072 1108 2319 1169 tanquam
2345 1102 2395 1155 in
2419 1100 2594 1158 fructu
2626 1119 2743 1170 suo,
2771 1107 2822 1162 id
2848 1119 2930 1163 est
2960 1110 3010 1164 in
3033 1126 3195 1181 opere
3221 1127 3341 1170 suo.
3371 1112 3525 1170 Unde

1937 1191 2314 1248 convenienter
2340 1204 2393 1248 et
2424 1195 2536 1264 ipse
2566 1195 2708 1258 ﬁlius
2751 1197 2865 1270 ejus
2905 1198 3154 1258 Chanaan
3199 1203 3522 1274 interpreta-

1937 1289 2024 1336 tur
2074 1282 2247 1341 Motus
2274 1300 2461 1342 eorum
2486 1305 2499 1344 :
2528 1289 2670 1358 quod
2725 1289 2870 1344 aliud
2899 1291 3024 1362 quid
3071 1301 3172 1360 est,
3203 1310 3360 1366 quam
3389 1310 3525 1366 opus

1935 1388 2119 1430 eorum
2159 1376 2183 1429 ‘t
2238 1376 2363 1432 Sem
2421 1394 2548 1434 vero
2601 1390 2654 1436 et
2701 1381 2892 1452 Japltet
2941 1392 3189 1455 tanquam
3243 1387 3522 1446 circumci-

1934 1465 2015 1519 sio
2065 1475 2119 1522 et
2163 1469 2478 1540 praeputium
2504 1511 2519 1537 ,
2560 1471 2645 1526 vel
2689 1473 2827 1528 sient
2907 1475 3014 1530 alio
3067 1476 3228 1532 modo
3271 1491 3365 1536 eos
3428 1493 3522 1549 ap-

1939 1560 2096 1629 pellat
2117 1561 2424 1632 Apostolus,
2444 1563 2612 1619 .ludzei
2634 1573 2690 1620 et
2713 1564 2907 1633 Graeci,
2932 1567 3029 1622 sed
3057 1568 3230 1624 vocati
3256 1579 3310 1624 et
3325 1569 3526 1640 justiti-

1933 1653 2059 1719 cati,
2089 1655 2301 1724 cognita
2327 1670 2542 1726 quoquo
2571 1657 2732 1713 modo
2755 1657 2992 1716 nuditate
3014 1661 3206 1732 patris,
3233 1675 3338 1732 qua
3368 1662 3520 1732 signi~

1934 1744 2192 1802 licabatur
2231 1748 2408 1818 passio
2433 1749 2756 1819 Salvatoris,
2798 1761 3069 1810 sumentes
3105 1755 3479 1811 vestimentum
3503 1795 3520 1823 ,

1933 1849 2229 1910 posuerunt
2251 1856 2411 1913 supra
2437 1841 2594 1899 dorsa
2623 1858 2719 1898 sua
2748 1845 2784 1911 ¹,
2809 1853 2865 1900 et
2890 1846 3220 1906 intraverunt
3235 1848 3410 1904 aversi
3426 1890 3442 1915 ,
3467 1855 3520 1906 et

1931 1943 2261 2002 aperuerunt
2287 1935 2578 1992 nuditatem
2623 1937 2790 2007 patris
2815 1939 2896 1996 sui
2915 1978 2932 2006 ,
2961 1954 3062 1996 nec
3105 1939 3352 2000 viderunt
3377 1941 3520 2013 quod

1931 2027 2229 2084 reverenda
2257 2037 2496 2088 texerunt
2523 2029 2673 2101 (Gen.
2703 2047 2775 2097 ts,
2797 2031 2916 2102 25).
2933 2033 3172 2100 Quodam
3191 2036 3336 2092 enim
3357 2035 3520 2092 modo

1931 2118 1985 2174 in
2017 2119 2266 2190 passione
2291 2121 2512 2189 Christi,
2536 2132 2590 2178 et
2618 2123 2760 2193 quod
2782 2139 2880 2194 pro
2905 2125 3064 2182 nobis
3092 2125 3288 2184 factum
3309 2135 3393 2184 est
3419 2127 3518 2184 ho-

1929 2227 2186 2270 noramus
2208 2253 2223 2278 .
2251 2223 2307 2268 et
2349 2213 2658 2270 Judtoornm
2707 2215 2913 2274 facinus
2969 2231 3300 2278 aversantur.
3344 2219 3518 2277 Vesti-

1929 2313 2172 2372 meutum
2197 2288 2464 2376 signiﬁcat
2487 2316 2921 2374 sacramentum;
2962 2308 3122 2365 dorsa
3152 2349 3172 2378 ,
3203 2310 3517 2368 memoriam

1927 2397 2324 2469 prmtcritorum
2353 2416 2367 2451 :
2397 2399 2519 2469 quia
2537 2401 2840 2470 passionem
2865 2401 3064 2458 Christi
3089 2417 3156 2460 eo
3180 2404 3384 2460 scilicet
3404 2405 3517 2475 jam

1927 2495 2172 2560 temwre
2195 2502 2306 2559 quo
2329 2487 2535 2546 habitat
2576 2489 2772 2560 Japhet
2799 2491 2854 2547 in
2883 2491 3132 2549 domibus
3155 2492 3280 2552 Sent
3305 2504 3360 2553 et
3397 2510 3516 2550 nta-

1927 2579 2013 2637 lus
2028 2579 2192 2636 frater
2215 2581 2270 2638 in
2296 2580 2474 2638 medio
2493 2596 2700 2648 eorum,
2727 2592 3051 2640 transactam
3075 2585 3316 2643 celebrat
3339 2586 3518 2644 Eccle-

1925 2672 2022 2741 lia,
2041 2687 2145 2728 non
2169 2660 2352 2729 adhuc
2372 2684 2676 2745 prospectat
2704 2675 2955 2732 futuram.

1998 2763 2054 2818 2.
2084 2764 2188 2820 Sed
2219 2765 2388 2820 malus
2416 2764 2582 2822 frater
2605 2766 2657 2821 in
2689 2766 2798 2822 lilio
2837 2782 2970 2838 suo,
3021 2768 3123 2824 hoc
3147 2778 3233 2824 est
3270 2770 3322 2825 in
3352 2784 3518 2842 opere

1925 2872 2046 2923 suo,
2077 2873 2241 2926 puer,
2272 2849 2338 2914 ια’
2349 2866 2432 2914 est
2461 2873 2666 2926 servus,
2697 2869 2780 2914 est
2815 2858 3038 2918 fratrum
3069 2860 3328 2918 bonorum
3347 2902 3366 2928 ,
3393 2876 3515 2918 eum

1928 2950 2014 3006 vel
2053 2949 2120 3004 ad
2148 2949 2585 3006 exercitationem
2637 2951 2938 3022 patientiae,
2985 2953 3067 3010 vel
3110 2954 3177 3009 ad
3219 2955 3515 3024 profectum

1926 3042 2202 3112 sapientia:
2243 3042 2475 3097 scienter
2518 3052 2737 3098 utuntur
2775 3044 2928 3100 malis
2969 3045 3115 3100 boni.
3167 3047 3303 3102 Sunt
3339 3051 3508 3115 enim,

1926 3143 2061 3190 teste
2089 3134 2381 3204 Apostolo.
2421 3135 2509 3204 qui
2541 3133 2809 3190 Christum
2840 3137 3158 3194 annuntiant
3183 3153 3291 3196 non
3319 3150 3468 3196 caste
3495 3157 3510 3198 :

1927 3227 2033 3285 Sed
2051 3229 2153 3284 sive
2177 3226 2460 3296 occasione,
2491 3228 2684 3302 inquit,
2714 3230 2816 3284 sive
2839 3230 3043 3286 ueritate
3061 3228 3292 3287 Christus
3305 3247 3510 3290 annun-

1923 3324 2104 3392 tietur,
2135 3325 2188 3378 in
2214 3325 2310 3378 hoc
2335 3323 2560 3395 gaudeo,
2588 3325 2678 3378 sed
2703 3333 2749 3378 et
2779 3324 3007 3395 gaudebo
3033 3323 3288 3397 (Philipp.
3323 3340 3368 3388 ι,
3398 3324 3509 3397 18).

1924 3415 2043 3487 Ipse
2071 3418 2263 3488 quippe
2291 3417 2544 3486 plantavit
2569 3416 2780 3474 vineam
2803 3459 2818 3484 ,
2845 3417 2912 3473 de
2940 3431 3044 3488 qua
3066 3416 3196 3472 dicit
3223 3416 3506 3488 Propheta.

1932 3509 2090 3566 Vinea
2118 3509 2326 3566 Domini
2363 3511 2589 3570 Sabaoth
2627 3511 2808 3566 domus
2835 3508 3004 3566 Israel
3035 3520 3108 3566 est
3136 3509 3291 3580 (Isai.
3322 3527 3376 3567 ν.
3409 3512 3463 3584 7)
3491 3529 3509 3569 :

1922 3610 1978 3662 et
2003 3603 2135 3660 bibit
2160 3603 2229 3660 dc
2258 3604 2383 3662 vino
2410 3603 2563 3672 ejus:
2587 3605 2701 3662 sive
2746 3605 2838 3660 ille
2866 3604 3001 3661 calix
3042 3602 3129 3662 hic
3155 3603 3504 3675 intelligatur,

1920 3695 1986 3751 de
2012 3711 2118 3766 quo
2147 3697 2306 3763 dicit,
2343 3696 2561 3752 Potestis
2589 3696 2752 3751 bibere
2779 3698 3009 3762 calicem,
3037 3713 3181 3766 quem
3204 3713 3298 3766 ego
3324 3698 3508 3752 bibitu-

1918 3804 2006 3844 rtts
2042 3805 2157 3843 sum
2203 3786 2414 3860 (Matth.
2454 3804 2557 3854 xx,
2583 3787 2714 3858 22)?
2754 3798 2828 3856 et,
2866 3787 3042 3856 Pater,
3087 3788 3132 3843 si
3170 3788 3280 3858 ﬁeri
3323 3797 3506 3860 potest,

1921 3889 2140 3934 transeat
2167 3897 2198 3932 a
2221 3895 2300 3933 me
2324 3881 2462 3934 calix
2485 3890 2576 3936 iste
2607 3879 2715 3953 (Id.
2745 3896 2888 3947 XXVI,
2915 3878 3010 3951 59)
3033 3895 3046 3946 ;
3079 3895 3185 3952 quo
3213 3896 3364 3936 suam
3392 3882 3508 3936 sine

1918 3969 2080 4029 dubio
2123 3972 2384 4044 signiﬁcat
2413 3971 2714 4044 passionem
2742 3991 2755 4028 :
2779 3975 2890 4029 sive
2925 3974 3050 4045 quia
3080 3974 3259 4031 vinum
3303 3969 3508 4028 fructus

1917 4075 2000 4122 est
2027 4067 2219 4137 vinem,
2247 4066 2351 4124 hoc
2383 4067 2560 4138 potius
2603 4067 2696 4125 illo
2728 4062 2799 4124 sit
2841 4068 3194 4141 signiﬁcatum
3215 4110 3230 4137 ,
3269 4066 3410 4143 quod
3440 4082 3506 4123 ex

1919 4161 2031 4233 ipsa
2063 4162 2215 4217 vinea
2240 4203 2256 4230 ,
2301 4159 2406 4216 hoc
2429 4169 2512 4216 est
2536 4177 2602 4217 ex
2632 4177 2828 4234 genere
2855 4158 3218 4218 Israelitarum
3243 4205 3260 4230 ,
3290 4175 3506 4216 carnem

1917 4267 2014 4324 pro
2054 4253 2206 4310 nobis
2234 4262 2282 4310 et
2313 4253 2656 4324 sanguinem,
2701 4263 2757 4310 ut
2786 4253 2890 4327 pati
2919 4263 3129 4327 posset,
3179 4254 3503 4325 assumpsit:

1917 4343 1984 4401 Et
2014 4344 2284 4400 inebriatus
2309 4356 2409 4412 est,
2456 4345 2506 4402 id
2551 4356 2666 4415 est,
2711 4362 2900 4420 passus
2943 4355 3059 4403 est:
3086 4345 3149 4402 Et
3178 4347 3397 4403 nudatus
3435 4357 3506 4403 est

1921 4437 2068 4508 (Gen.
2104 4456 2154 4494 ιχ
2180 4481 2194 4505 ,
2235 4436 2364 4510 21);
2415 4438 2486 4494 ibi
2513 4455 2740 4510 namque
2769 4439 2962 4494 nudata
2990 4449 3072 4496 est
3095 4483 3111 4508 ,
3157 4437 3209 4494 id
3235 4447 3318 4494 est
3341 4453 3504 4510 appa-

1915 4533 2020 4588 ruit
2049 4533 2162 4602 ejus
2193 4530 2470 4586 inﬁrmitas
2502 4573 2515 4595 ,
2541 4531 2609 4588 de
2629 4548 2729 4604 qua
2758 4532 2886 4590 dicit
2912 4533 3220 4606 Apostolus,
3255 4532 3364 4589 Etsi
3384 4550 3498 4588 cru-

1914 4624 2097 4695 ciﬁxus
2137 4634 2207 4678 est
2241 4641 2303 4680 ex
2348 4624 2643 4694 inﬁrmitate
2680 4621 2744 4694 (ll
2772 4621 2890 4680 Cor.
2917 4642 3010 4682 χιιι
3030 4668 3045 4694 ,
3077 4625 3156 4700 4).
3185 4625 3336 4684 Unde
3367 4626 3503 4683 idem

1915 4716 2074 4782 dicit,
2109 4715 2381 4786 Iit/irinum
2412 4716 2507 4771 Dei
2535 4717 2722 4787 fortius
2760 4725 2832 4772 est
2863 4717 3180 4790 hominibus,
3212 4729 3259 4776 ct
3295 4717 3504 4774 stultum

1915 4807 2012 4865 Dei
2040 4811 2319 4882 sapientius
2348 4821 2418 4866 est
2449 4811 2733 4866 hominibus
2763 4809 2808 4884 (Ι
2829 4811 2943 4868 Cor.
2975 4829 3026 4882 ι,
3051 4813 3165 4886 25).
3197 4813 3348 4882 Quod
3377 4829 3504 4868 vero

1914 4921 2036 4962 cum
2067 4905 2264 4962 dictum
2296 4915 2468 4972 esset,
2500 4906 2567 4962 Et
2596 4908 2819 4964 nudatus
2845 4917 2952 4974 est;
2979 4907 3182 4966 addidit
3209 4907 3500 4978 Scriptura,

1912 4997 1967 5051 in
1996 4996 2144 5052 domo
2166 5013 2260 5052 sua
2283 5013 2301 5051 :
2326 4997 2596 5070 eleganter
2621 4999 2888 5066 ostendit,
2935 4999 3078 5069 quod
3116 5013 3146 5052 a
3186 5011 3298 5054 sua:
3325 4997 3504 5054 carnis

1912 5097 2071 5158 gente
2113 5097 2168 5145 et
2209 5087 2516 5146 domesticis
2562 5091 2834 5161 sanguinis
2877 5090 2989 5158 sui,
3038 5089 3219 5160 utique
3262 5087 3502 5158 Judzeis,

1912 5179 2084 5236 fuerat
2107 5195 2326 5238 crucem
2355 5191 2690 5255 mortemque
2718 5196 2991 5252 passurus.
3023 5179 3172 5236 Hanc
3197 5180 3503 5251 passionem

1911 5269 2109 5327 Christi
2140 5271 2269 5328 foris
2297 5274 2350 5330 in
2371 5288 2504 5330 sono
2524 5282 2727 5328 tantum
2749 5271 2896 5329 vocis
2916 5271 3132 5344 reprobi
3153 5273 3498 5330 annuutiant:

1913 5379 2020 5422 non
2049 5366 2193 5424 enim
2219 5366 2360 5437 quod
2391 5367 2707 5422 annuntiant
2725 5407 2742 5434 ,
2772 5365 3093 5438 intelligunt.
3136 5365 3296 5423 Probi
3323 5377 3501 5423 autem

1913 5459 1966 5515 in
1996 5459 2248 5516 interiore
2275 5459 2491 5516 homine
2529 5458 2728 5517 habent
2772 5466 2880 5516 tam
2914 5459 3118 5532 grande
3155 5459 3500 5534 mysterium,

1910 5559 2070 5620 atque
2099 5544 2366 5606 honorant
2404 5551 2546 5606 intus
2586 5551 2639 5606 in
2675 5549 2840 5606 corde
2873 5550 3154 5607 inﬁmum
3193 5562 3250 5609 et
3283 5553 3503 5609 stultum

1914 5641 2041 5710 Dei,
2069 5641 2209 5714 quod
2251 5640 2442 5698 fortius
2471 5649 2526 5698 et
2553 5643 2846 5714 sapientius
2872 5652 2955 5702 est
2979 5641 3306 5702 hominibus.
3335 5643 3504 5714 Hujus

1910 5733 1988 5790 rei
2017 5731 2178 5804 ﬁgura
2208 5742 2314 5802 est,
2341 5734 2484 5805 quod
2506 5734 2676 5791 Cham
2697 5736 2884 5794 exiens
2909 5735 3014 5794 hoc
3039 5736 3304 5794 nuntiavit
3329 5734 3499 5803 foris;

1979 5895 1998 5928 ι
2033 5893 2199 5946 Plures
2215 5883 2346 5960 Mss,
2371 5894 2468 5948 duo
2485 5895 2632 5950 dorsa
2651 5909 2761 5952 sua.

2496 6036 2523 6048 ’Δ
2581 6019 2686 6039 ψ
2695 6022 2840 6038 *δ’
2851 6027 2857 6030 α
