4054 6474
572 367 679 429 ιτς)

572 485 698 540 Sent
729 495 854 538 vero
876 489 930 536 et
950 477 1196 550 Japltetb,
1223 484 1283 533 ut
1308 475 1410 532 hoc
1434 473 1692 544 velarent,
1722 473 1771 530 id
1801 483 1881 530 est
1908 473 2141 528 honora-

576 587 716 645 rent,
746 577 968 650 ingressi
998 584 1138 638 sunt,
1172 573 1273 629 hoc
1302 582 1402 637 est,
1433 571 1652 627 interius
1681 569 1731 626 id
1759 578 1998 638 egerunt.

645 673 698 726 5.
741 671 865 726 Haec
899 670 1187 740 Scriptura:
1227 675 1430 722 secreta
1473 665 1665 719 divinae
1711 662 2038 733 indagamus,
2083 666 2144 714 ut

573 779 892 835 poswmus,
940 763 1073 817 alius
1107 762 1210 815 alio
1252 760 1418 830 magis
1459 759 1698 813 minusve
1748 762 2134 856 congruenter,

572 861 934 908 verumtamen
980 851 1206 908 ﬁdeliter
1231 861 1432 906 certum
1479 855 1755 913 tenentes,
1801 861 1903 900 non
1936 861 1996 898 ea
2026 851 2141 898 sine

569 941 739 1012 aliqua
789 942 1213 1012 praeﬁguratione
1265 940 1560 996 fulturarum
1610 946 1758 1007 gesta
1806 943 1963 1004 atque
2008 947 2138 986 con-

567 1035 759 1104 scripta
781 1077 796 1102 ,
843 1051 1014 1105 neque
1061 1036 1158 1090 nisi
1195 1034 1260 1088 ad
1300 1033 1564 1089 Christum
1595 1039 1645 1084 et
1675 1030 1788 1098 ejus
1817 1027 2102 1083 Ecclesiam
2122 1067 2138 1091 ,

569 1143 683 1196 quae
711 1127 896 1181 civitas
928 1127 1017 1181 Dei
1048 1135 1164 1194 est,
1209 1140 1327 1182 esse
1369 1123 1644 1180 referenda
1667 1140 1678 1175 :
1703 1121 1854 1190 cujus
1890 1121 1957 1174 ab
1993 1118 2142 1172 initio

569 1218 780 1286 generis
824 1218 1038 1272 humani
1087 1233 1191 1272 non
1239 1215 1406 1272 defuit
1456 1213 1786 1285 praedicatio,
1839 1225 1994 1280 quam
2046 1223 2143 1279 per

569 1308 743 1363 omnia
771 1309 1015 1364 videmus
1042 1309 1268 1379 impleri.
1296 1306 1596 1362 Benedictis
1617 1304 1775 1372 igitur
1792 1301 1999 1356 duobus
2019 1298 2140 1353 ﬁliis

567 1398 709 1465 Noe,
741 1408 898 1468 atque
928 1416 1034 1454 uno
1065 1401 1117 1454 in
1150 1399 1324 1455 medio
1348 1413 1528 1452 eorum
1559 1394 1860 1460 maledicto,
1890 1392 2140 1460 deinceps

566 1505 735 1560 usque
761 1489 824 1544 ad
857 1489 1120 1545 Abraham
1167 1489 1233 1544 de
1266 1488 1526 1558 justorum
1570 1486 1896 1556 aliquorum,
1937 1483 2024 1554 qui
2057 1483 2140 1552 pie

568 1581 733 1636 Deum
777 1582 1043 1646 colerent,
1089 1579 1592 1636 commemoratione
1635 1578 1830 1632 silitnm
1876 1575 1996 1629 est‘
2047 1588 2140 1641 per

565 1687 732 1728 annos
761 1673 984 1743 amplius
1009 1687 1164 1743 quam
1187 1670 1349 1726 mille.
1391 1669 1498 1726 Nec
1524 1683 1615 1723 eos
1642 1667 1870 1722 defuisse
1894 1664 2139 1720 credide-

565 1763 665 1819 rim
693 1763 821 1819 :sed
851 1763 895 1818 si
925 1779 1108 1818 omnes
1135 1769 1711 1825 commemorarentur,
1741 1758 1897 1814 nimis
1922 1758 2135 1826 longum

566 1855 744 1922 ﬁeret;
773 1865 826 1911 et
853 1856 966 1911 lucc
989 1865 1129 1912 esset
1164 1857 1329 1926 magis
1359 1854 1606 1909 historica
1635 1852 1902 1923 diligentia
1923 1893 1939 1916 ,
1978 1867 2138 1920 quam

563 1947 864 2016 prophetica
898 1947 1244 2017 providentia.
1291 1945 1382 2000 Illa
1426 1947 1604 2016 itaque
1631 1943 1940 2014 exsequitur
1966 1942 2136 1998 Litte-

564 2053 737 2092 rarum
765 2055 1032 2094 sacrarum
1060 2039 1287 2109 scriptor
1306 2038 1548 2104 istarum,
1572 2038 1654 2092 vel
1684 2037 1861 2107 potius
1892 2052 1987 2107 per
2012 2050 2134 2090 eum

563 2131 654 2186 Dei
683 2131 932 2202 Spiritus,
963 2133 1154 2203 quibus
1185 2147 1288 2187 non
1316 2132 1485 2186 solum
1518 2139 1802 2186 narrentur
1826 2129 2092 2200 prieterita
2115 2169 2132 2196 ,

559 2237 740 2278 verum
770 2223 927 2278 etiam
959 2225 1377 2294 priennntientur
1417 2223 1620 2288 futura,
1651 2237 1767 2292 qtne
1808 2230 1984 2277 tamen
2009 2237 2133 2292 per-

559 2316 728 2370 tinent
756 2315 822 2371 ad
857 2318 1120 2372 civitatem
1141 2318 1229 2373 Dei
1255 2335 1268 2371 :
1293 2317 1411 2388 quia
1429 2326 1482 2371 et
1501 2315 1569 2371 de
1590 2315 1896 2371 hominibus
1911 2318 1996 2385 qui
2028 2331 2132 2371 non

557 2417 675 2460 sunt
711 2408 854 2462 cives
894 2407 1029 2479 ejus,
1057 2408 1310 2479 quidquid
1342 2408 1425 2463 hic
1452 2407 1664 2475 dicitur,
1687 2408 1752 2462 ad
1783 2408 1882 2462 hoc
1905 2407 2130 2475 dicitur,

558 2506 617 2551 ut
641 2497 726 2550 illa
756 2513 818 2553 ex
861 2499 1256 2568 comparatione
1297 2499 1561 2554 contraria
1599 2499 1686 2554 vel
1731 2499 2002 2568 proﬁciat,
2047 2498 2131 2554 ve!

557 2588 806 2643 emineat.
831 2587 942 2642 Non
970 2605 1098 2644 sane
1121 2590 1295 2643 omnia
1314 2605 1430 2658 quae
1448 2599 1595 2660 gesta
1618 2597 1917 2651 narrantur,
1936 2588 2131 2659 aliquid

557 2682 714 2733 etiam
747 2680 1046 2749 signiﬁcare
1079 2680 1305 2750 putanda
1351 2690 1508 2736 sunt:
1533 2681 1625 2737 sed
1660 2692 1874 2750 propter
1898 2680 1982 2735 illa
2015 2695 2132 2752 quae

553 2770 751 2841 aliquid
782 2772 1096 2841 signiﬁcant,
1126 2773 1285 2828 etiam
1323 2789 1385 2828 ea
1413 2789 1531 2844 quae
1558 2774 1686 2829 nihil
1712 2775 2008 2862 signiﬁcant
2047 2783 2131 2829 at-

554 2871 820 2919 texuntur.
852 2864 978 2919 Solo
1001 2866 1140 2920 enim
1187 2882 1402 2922 vomere
1441 2878 1576 2922 terra
1618 2868 2002 2939 proscinditur;
2034 2867 2129 2922 sed

554 2967 610 3010 ut
633 2956 734 3011 hoc
761 2958 870 3012 ﬁeri
897 2961 1097 3028 possit,
1129 2959 1287 3016 etiam
1317 2971 1508 3016 caetera
1541 2961 1700 3015 aratri
1735 2961 1970 3016 membra
2005 2970 2129 3017 sunt

554 3052 852 3106 necessaria
879 3069 891 3103 :
916 3061 969 3107 et
996 3053 1092 3108 soli
1121 3054 1267 3108 nervi
1301 3054 1352 3108 in
1385 3053 1602 3108 citharis
1630 3063 1791 3124 atque
1819 3053 2124 3122 hujusmodi

555 3141 695 3195 vasis
723 3141 939 3196 musicis
965 3152 1212 3214 aptantur
1236 3143 1300 3198 ad
1327 3152 1570 3208 cantum;
1602 3145 1695 3199 sed
1723 3155 1782 3199 ut
1808 3145 1977 3215 aptari
2009 3160 2127 3214 pos-

551 3231 676 3300 sint,
712 3232 889 3288 insunt
923 3245 977 3289 et
1017 3243 1208 3290 caetera
1249 3236 1302 3291 in
1346 3237 1724 3308 compagibus'
1769 3253 2124 3310 organorum,

551 3341 670 3396 qttte
713 3342 816 3380 non
861 3328 1224 3396 percutiuntur
1251 3343 1280 3382 a
1301 3329 1633 3392 canentibus,
1659 3328 1752 3384 sed
1781 3344 1842 3384 ea
1870 3344 1986 3400 qua:
2009 3345 2129 3400 per-

551 3432 704 3473 cussa
743 3430 1023 3488 resonant,
1052 3421 1134 3475 his
1167 3431 1575 3477 connectuntur.
1615 3421 1688 3477 Ita
1719 3423 1769 3476 in
1808 3423 2116 3492 prophetica

555 3509 774 3564 historia
799 3510 1046 3566 dicuntur
1073 3521 1130 3568 et
1171 3513 1343 3584 aliqua
1383 3504 1658 3582 qnaz’nihil
1686 3513 2004 3585 signiﬁcant,
2031 3516 2125 3572 sed

549 3601 743 3672 quibus
768 3603 1074 3660 adhzereant
1107 3619 1222 3676 quae
1269 3603 1597 3677 signiﬁcant,
1641 3614 1696 3662 et
1734 3606 2126 3678 quodammodo

548 3693 852 3764 religentur.

548 3802 775 3862 CAPUT
818 3805 902 3862 Ill.
927 3805 1095 3864 —De
1121 3809 1526 3880 generationibus
1559 3811 1710 3866 trium
1738 3812 1959 3881 ﬁliorum
1989 3811 2121 3867 Noe.

620 3920 675 3976 i.
700 3920 1082 3979 Generationes
1107 3939 1234 3994 ergo
1255 3925 1482 3981 ﬁliorum
1503 3923 1614 3981 Noe
1639 3925 1891 4004 deinceps
1916 3927 2124 3982 intuen-

546 4009 664 4078 dae,
704 4020 757 4066 et
793 4011 934 4082 quod
971 4013 1040 4068 de
1084 4013 1166 4069 liis
1200 4013 1481 4069 dicendum
1524 4014 1752 4080 videtur,
1784 4016 2120 4071 attexendttm

547 4109 629 4155 est
656 4101 778 4156 huic
793 4103 960 4173 operi,
979 4119 1084 4174 quo
1103 4104 1330 4159 civitatis
1356 4106 1649 4176 utriusque,
1675 4114 1902 4162 terrena:
1921 4107 2123 4163 scilicet

547 4199 601 4247 et
621 4192 872 4260 ctelestis,
901 4209 996 4264 per
1023 4206 1256 4264 tempora
1283 4212 1566 4264 procursus
1589 4199 1900 4254 ostenditur.
1917 4199 2120 4271 Captae

545 4293 666 4339 sunt
684 4286 1313 4344 autem'connnemorari
1339 4303 1368 4342 a
1396 4290 1613 4344 minimo
1643 4291 1872 4362 ﬁlio,qui
1900 4302 2120 4349 vocatus

545 4387 627 4434 est
649 4377 874 4449 Japlieth
895 4397 910 4443 ;
937 4379 1086 4450 cujus
1114 4379 1202 4434 ﬁlii
1219 4389 1339 4437 octo
1358 4383 1610 4436 nominati
1633 4395 1755 4438 sunt
1775 4383 1878 4456 (a);
1899 4396 2119 4457 nepotes

545 4479 720 4525 autem
768 4481 969 4540 septem
1016 4473 1083 4526 de
1122 4471 1327 4529 duobus
1373 4474 1494 4528 ﬁliis
1537 4475 1674 4546 ejus,
1724 4485 1833 4532 tres
1877 4493 1941 4532 ex
1988 4493 2115 4545 uno,

545 4570 772 4630 quatuor
806 4577 871 4616 ex
922 4563 1088 4618 altero
1120 4582 1133 4618 :
1168 4563 1299 4618 ﬁunt
1336 4567 1511 4636 itaque
1563 4583 1750 4622 omnes
1791 4569 2114 4638 quindecim.

545 4650 661 4707 Filii
687 4661 864 4708 autem
889 4652 1052 4709 Cltam
1078 4697 1094 4719 ,
1142 4656 1240 4711 hoc
1270 4668 1352 4712 est
1383 4659 1541 4713 medii
1573 4659 1661 4714 ﬁlii
1692 4659 1826 4726 Noe,
1858 4672 2113 4731 quatuor,

545 4754 599 4800 et
627 4757 846 4816 nepetes
874 4746 1105 4818 quinque
1131 4764 1193 4804 ex
1225 4765 1331 4803 uno
1361 4751 1476 4820 ejus
1507 4752 1634 4816 ﬁlio,
1667 4763 1982 4825 pronepotes
2008 4755 2114 4810 duo

541 4853 604 4893 ex
648 4847 840 4909 nepote
883 4853 1022 4893 uno:
1048 4838 1106 4894 ﬁt
1142 4855 1324 4895 eorum
1361 4857 1565 4897 summa
1610 4843 1879 4900 undecim.
1911 4844 2116 4914 Quibus

541 4931 884 4995 enumeratis,
917 4930 1119 4985 reditur
1158 4938 1404 5001 tanquam
1435 4933 1500 4987 ad
1544 4945 1734 5003 caput,
1777 4944 1834 4990 et
1878 4935 2111 4993 dicitur:

541 5018 677 5075 Cltus
713 5030 880 5075 autem
907 5021 1075 5092 genuit
1099 5019 1357 5075 Nebrotlt‘
1377 5039 1390 5076 :
1410 5023 1491 5076 hic
1514 5025 1662 5095 coepit
1685 5041 1791 5079 esse
1808 5026 1948 5096 gigas
1965 5043 2117 5098 super

601 5179 622 5252 ξ
652 5179 726 5252 _Sic
744 5177 1004 5252 Vind;
1033 5183 1084 5228 et
1103 5184 1210 5228 tias.
1237 5185 1292 5230 At
1311 5186 1384 5252 Er.
1410 5186 1462 5252 et
1483 5187 1612 5244 um,
1639 5179 1878 5233 silentium
1898 5187 1986 5235 est.

600 5241 623 5306 ξ
653 5245 722 5290 tta
745 5248 848 5289 Mss.
871 5240 988 5290 l-‘tditi
1003 5253 1139 5299 vero,
1159 5241 1527 5306 compaginibus.

601 5303 624 5365 ξ
655 5307 782 5365 Itss.,
805 5308 981 5365 neptis
1001 5310 1110 5365 sint!
1132 5303 1276 5354 enan

599 5364 624 5432 ξ
654 5364 728 5432 sic
746 5364 797 5414 in
814 5363 1062 5432 veteribus
1079 5363 1214 5432 libris
1226 5371 1503 5432 constanter
1522 5367 1763 5428 scribitur,
1780 5374 1836 5419 ut
1854 5368 1980 5432 apud
1999 5375 2112 5424 LXX

538 5423 761 5504 Wm-
785 5427 912 5504 “iP
935 5427 1535 5504 θκαδὲεδεφζαᾷξ
1575 5502 1585 5504 -
1632 5501 1658 5504 ,Α
1708 5503 1715 5504 ,
1749 5423 1758 5428 γ

599 5487 672 5551 (a)
707 5490 995 5555 Augustinus
1013 5499 1212 5555 εςιωμιε
1241 5498 1329 5555 est
1353 5489 1547 5555 codices
1567 5501 1769 5555 gmoos,
1809 5491 1892 5555 qui
1930 5491 2110 5545 addunt

537 5547 756 5617 octavum
785 5547 934 5600 ﬁlium
954 5551 1186 5617 Japheth,
1203 5551 1399 5617 nomine
1435 5551 1553 5600 Elisa
1569 5547 1702 5617 {quo
1728 5547 1781 5617 ﬁt
1811 5547 1866 5603 tit
1888 5563 2108 5617 posteros

535 5611 737 5675 Japhetli
763 5611 1023 5661 numerent
1042 5613 1346 5675 quindecim;
1373 5627 1540 5662 verum
1571 5611 1704 5665 illum
1735 5614 1853 5664 nisa
1877 5611 1970 5666 nec
1989 5619 2107 5666 Scri-

568 5672 674 5722 tura
688 5672 932 5737 hebraica,
957 5672 1372 5737 nee’paraphrasis
1390 5675 1646 5735 chaldaica,
1666 5690 1757 5725 uec
1779 5690 1932 5737 graeca
1951 5685 2105 5729 trans-

585 5737 651 5784 tio
669 5735 1019 5804 Complutensis
1031 5734 1204 5795 habet;
1221 5748 1313 5804 nec
1333 5737 1544 5800 denique.
1561 5738 1592 5787 ii
1606 5734 1800 5790 cudices
1819 5743 1981 5804 mei,
1999 5743 2108 5804 qui-

531 5797 626 5870 bus
648 5809 765 5870 usus
882 5798 1208 5870 Hieronynnts,
1233 5796 1429 5870 habent,
1455 5796 1507 5848 ut
1528 5808 1714 5853 constat
1744 5815 1807 5852 ex
1821 5796 1952 5867 "ejus
1970 5796 2106 5865 Quaa-

533 5856 771 5916 stlonibus
788 5857 1030 5911 bebraicis
1051 5856 1100 5910 in
1119 5859 1360 5930 Genesim.
1394 5856 1640 5918 Cooumos.

1627 358 1716 422 ῡε
1751 352 2072 415 CIVITATE
2108 349 2242 420 DEI,
2271 352 2329 409 S.
2361 352 2726 416 AUGUSTINI

2245 479 2448 528 terram.
2475 474 2574 530 Hic
2597 486 2704 532 erat
2735 477 2878 550 gigas
2907 487 3114 537 venator
3133 491 3309 539 contra
3333 483 3606 544 Dominum
3631 487 3821 552 Deum.

2244 563 2463 635 Propter
2483 569 2577 621 hoc
2601 570 2809 625 dicunt:
2827 571 2970 626 Sicut
2991 572 3220 630 Nebroth
3240 577 3383 650 gigas
3412 591 3618 637 venator
3643 594 3824 640 contra

2245 652 2536 712 Dominum.
2578 659 2644 713 Et
2681 663 2873 733 factum
2909 673 2979 718 est
3015 667 3212 722 initium
3245 670 3386 742 regni
3423 673 3534 744 ejus
3565 673 3820 747 Babylon,

2245 747 2427 814 Oreclt,
2453 751 2675 820 Are/md,
2705 765 2752 808 et
2776 753 3035 812 C/talanne
3073 759 3127 814 in
3157 770 3293 816 terra
3321 763 3574 821 Sennaar.
3598 767 3672 824 De
3685 780 3824 828 terra

2240 837 2334 893 illa
2357 842 2476 896 exiit
2497 841 2682 912 Assur,
2713 857 2759 900 et
2788 848 3057 918 a’diﬁcavit.
3081 851 3298 910 Niniuen
3318 865 3367 910 et
3393 850 3622 915 Robootlt
3643 864 3820 920 civita-

2244 939 2371 996 tem,
2411 942 2459 987 et
2496 933 2740 1004 Clialach,
2784 948 2833 993 et
2875 939 3061 997 Dasem
3095 944 3227 1000 inter
3271 949 3488 1004 medium
3533 951 3748 1012 Niniues
3776 964 3824 1012 et

2243 1021 2467 1078 Cholaclt
2499 1041 2518 1080 :
2547 1027 2654 1081 [nec
2688 1030 2860 1086 civitas
2898 1050 3100 1106 magna.
3141 1035 3245 1093 Iste
3288 1055 3449 1110 porro
3483 1042 3628 1099 Chus
3668 1057 3823 1116 pater

2241 1115 2468 1184 gigantis
2495 1117 2730 1176 Nebroth
2759 1123 2960 1192 primus
2990 1128 3288 1186 nominatus
3305 1144 3388 1188 est
3410 1134 3461 1190 in
3488 1135 3610 1191 ﬁliis
3625 1115 3816 1208 Cham,

2241 1207 2390 1278 cujus
2417 1210 2648 1282 quinque
2678 1213 2771 1270 ﬁlii
2793 1216 2902 1287 jam
2933 1218 3140 1278 fuerant
3167 1229 3478 1296 comptttati,
3510 1239 3565 1286 et
3595 1207 3819 1301 nepotes

2241 1299 2364 1356 duo.
2395 1303 2499 1360 Sed
2527 1306 2684 1362 istum
2709 1312 2972 1382 gigantem
3001 1323 3096 1371 aut
3123 1328 3242 1386 post
3265 1331 3484 1392 nepotes
3509 1339 3634 1380 suos
3661 1299 3819 1383 natos

2239 1395 2453 1462 genuit;
2501 1407 2607 1465 aut,
2661 1402 2800 1470 quod
2845 1414 2925 1460 est
2963 1407 3286 1477 credibilius,
3333 1427 3573 1471 seorsum
3616 1414 3686 1473 de
3727 1417 3819 1474 illo

2241 1494 2455 1554 propter
2479 1487 2592 1558 ejus
2619 1492 2957 1552 eminentiam
2985 1498 3257 1570 Scriptura
3300 1503 3474 1559 locuta
3510 1517 3621 1575 est;
3648 1524 3821 1580 quan-

2238 1573 2521 1646 doquidem
2545 1589 2598 1634 et
2627 1596 2844 1652 regnum
2875 1587 2990 1655 ejus
3023 1604 3493 1652 commemoratum
3529 1573 3634 1666 est,
3665 1573 3819 1670 cujus

2238 1665 2445 1724 initium
2483 1683 2597 1726 erat
2625 1675 2711 1728 illa
2749 1677 3074 1737 nobilissima
3116 1684 3349 1755 Babylon
3377 1690 3583 1754 civitas,
3616 1665 3670 1747 et
3697 1665 3819 1765 qua

2233 1755 2381 1826 juxta
2403 1775 2832 1823 commemorata:
2851 1781 2991 1836 sunt,
3013 1773 3124 1828 sive
3140 1777 3400 1846 civitates,
3420 1781 3532 1838 sive
3548 1786 3816 1852 regiones.

2238 1850 2388 1917 Quod
2414 1870 2540 1910 vero
2565 1857 2762 1915 dictum
2805 1871 2917 1929 est,
2957 1864 3026 1921 de
3051 1875 3187 1922 terra
3221 1871 3308 1926 illa
3327 1913 3343 1933 .
3375 1872 3426 1928 id
3456 1887 3537 1930 est
3563 1850 3631 1933 de
3675 1887 3816 1936 terra

2235 1943 2475 2004 Setinaar
2493 1993 2508 2014 ,
2537 1968 2652 2022 qua:
2679 1956 2978 2024 pertinebat
3003 1962 3070 2015 ad
3097 1978 3316 2034 regnum
3342 1966 3578 2025 Nebroth
3596 2014 3610 2035 ,
3638 1975 3818 2031 exisse

2236 2041 2424 2106 Assur,
2470 2056 2523 2100 ct
2551 2047 2842 2106 aediﬁcasse
2871 2052 3092 2111 Niniven
3109 2099 3124 2121 ,
3151 2067 3205 2112 et
3231 2059 3360 2116 alias
3385 2079 3519 2132 quas
3543 2068 3818 2124 contexuit

2233 2132 2493 2202 civitates,
2542 2137 2696 2210 longe
2746 2153 2926 2212 postea
2966 2144 3161 2202 factum
3189 2159 3290 2216 est,
3339 2154 3478 2222 quod
3504 2171 3568 2211 ex
3597 2157 3699 2214 hac
3725 2173 3818 2215 oc-

2232 2226 2446 2282 casione
2471 2232 2816 2301 perstrinxit,
2860 2245 3075 2308 propter
3111 2240 3436 2300 nobilitatem
3466 2248 3614 2317 regni
3644 2248 3816 2322 Assy.

2235 2317 2472 2386 τίοι-ωτι,
2505 2321 2644 2392 quod
2687 2325 2998 2383 mirabiliter
3023 2329 3259 2388 dilatavit
3285 2334 3472 2401 Ninus,
3504 2339 3614 2394 Beli
3644 2317 3807 2409 ﬁlius,

2232 2411 2476 2467 conditor
2534 2414 2733 2470 Ninivac
2795 2417 3024 2474 civitatis
3078 2438 3282 2492 magmc
3325 2444 3338 2482 :
3378 2427 3528 2498 cujus
3579 2430 3814 2489 civitatis

2231 2518 2425 2560 nomen
2468 2523 2530 2562 ex
2574 2507 2714 2564 illius
2753 2513 2966 2568 nomine
3005 2514 3299 2574 derivatum
3339 2531 3450 2589 est,
3496 2532 3553 2578 ut
3593 2539 3625 2580 a
3673 2525 3814 2582 Nino

2230 2593 2417 2651 Ninive
2450 2609 2752 2656 vocaretur.
2788 2606 2956 2662 Assur
2999 2616 3199 2672 autent.
3242 2611 3381 2668 unde
3427 2613 3652 2686 Assyrii,
3699 2633 3810 2676 non

2232 2685 2330 2742 tttit
2367 2689 2418 2743 in
2461 2689 2582 2748 ﬁliis
2605 2691 2770 2750 Citam
2798 2699 2956 2754 medii
2985 2700 3074 2757 ﬁlii
3105 2703 3251 2768 Noe,
3297 2703 3390 2762 sed
3432 2705 3484 2760 in
3527 2685 3646 2764 ﬁliis
3680 2709 3810 2768 δοίη

2233 2783 2516 2850 reperitur,
2550 2786 2639 2856 qui
2669 2786 2762 2843 fuit
2789 2788 2901 2846 Noe
2929 2795 3191 2852 maximus
3220 2799 3379 2856 ﬁlius.
3415 2798 3562 2859 Unde
3587 2811 3812 2877 apparet

2230 2869 2297 2924 de
2339 2875 2588 2942 progenie
2622 2876 2744 2932 Sem
2773 2889 2988 2938 exortes
3033 2883 3197 2942 fuisse
3232 2890 3323 2960 qui
3365 2902 3546 2962 postea
3585 2869 3812 2967 regnum

2231 2962 2456 3032 gigantis
2481 2964 2621 3021 illius
2640 2968 2962 3039 obtinerent,
2999 2985 3053 3031 et
3090 2977 3214 3033 inde
3252 2982 3622 3054 procederent,
3649 2962 3812 3059 atque

2229 3055 2359 3109 alias
2387 3059 2679 3116 conderent
2707 3063 2949 3120 civitates
2968 3108 2984 3133 ,
3029 3083 3254 3138 quarum
3301 3073 3467 3143 prima
3495 3087 3580 3132 est
3613 3094 3644 3133 a
3671 3055 3812 3137 Nino

2228 3147 2486 3216 appellata
2518 3150 2726 3208 Ninive.
2757 3153 2890 3211 Hinc
2918 3157 3121 3216 reditur
3147 3161 3213 3217 ad
3240 3163 3401 3220 alium
3426 3165 3588 3223 ﬁlium
3615 3169 3806 3240 Cham,

2227 3239 2316 3308 qui
2342 3241 2632 3298 vocabatur
2666 3245 2910 3302 Mesraim
2934 3289 2949 3316 ,
2975 3259 3030 3305 et
3054 3265 3537 3314 commemorantur
3557 3275 3692 3330 quos
3719 3239 3812 3332 ge.

2228 3329 2370 3396 nuit;
2413 3348 2516 3387 non
2558 3343 2806 3406 tauquam
2852 3340 3048 3409 singuli
3090 3341 3367 3415 homines,
3419 3349 3511 3405 sed
3562 3329 3810 3409 nationes

2228 3432 2453 3494 septem.
2489 3426 2551 3481 Et
2576 3426 2642 3482 de
2667 3439 2815 3485 sexta
2835 3472 2850 3496 ,
2898 3434 3041 3488 velut
3066 3434 3133 3491 de
3157 3447 3310 3493 sexto
3340 3438 3467 3504 ﬁlio,
3499 3456 3631 3513 gens
3659 3459 3810 3499 cont-

2227 3526 2555 3572 memoratur
2579 3519 2794 3588 exiisse,
2823 3539 2940 3593 qua:
2968 3526 3268 3596 appellatur
3307 3529 3616 3599 Philistiim;
3666 3536 3809 3592 unde

2227 3602 2360 3659 ﬁunt
2384 3616 2525 3662 octo.
2554 3606 2680 3694 Inde
2727 3610 2917 3667 iterum
2969 3615 3034 3670 ad
3073 3615 3323 3675 Chanaan
3355 3621 3589 3690 reditur,
3619 3625 3673 3679 in
3700 3641 3808 3697 quo

2225 3697 2336 3754 ﬁlio
2371 3689 2682 3758 maledictus
2721 3714 2802 3760 est
2828 3704 3034 3773 Cham;
3078 3717 3132 3764 et
3178 3725 3312 3782 quos
3347 3715 3530 3784 genuit
3553 3689 3804 3778 undecim

2224 3791 2583 3848 nominantur.
2615 3794 2816 3853 Deinde
2844 3812 3009 3870 USqlle
3032 3799 3096 3856 ad
3118 3818 3253 3874 quos
3275 3804 3408 3862 ﬁnes
3431 3811 3801 3880 pervenerint,

2224 3887 2652 3942 commemoratis
2678 3889 2992 3960 quihusdam
3021 3895 3341 3967 civitatibus,
3373 3899 3586 3957 dicitur.
3611 3905 3691 3960 Ac
3711 3921 3802 3976 per

2224 3973 2364 4042 hoc,
2413 3976 2534 4032 ﬁliis
2585 3982 2972 4055 nepotibusque
3022 3992 3379 4062 computatis,
3432 3993 3498 4050 de
3547 3973 3802 4068 progenie

2224 4067 2388 4123 Cham
2419 4071 2628 4141 triginta
2661 4089 2796 4129 unus
2824 4078 2984 4146 geniti
3014 4078 3336 4138 referuntur.

2291 4158 2344 4213 2.
2365 4159 2549 4216 Restat
2565 4179 2984 4225 commemorare
3002 4169 3138 4226 ﬁlios
3153 4172 3297 4240 Sem,
3317 4178 3530 4231 maximi
3551 4176 3645 4234 ﬁlii
3664 4179 3798 4237 Noe:

2221 4251 2286 4307 ad
2315 4268 2434 4309 eum
2474 4257 2672 4328 quippe
2696 4262 2952 4330 gradatim
2979 4267 3378 4335 generationutn
3405 4270 3626 4326 istarum
3674 4289 3802 4344 per.

2222 4346 2365 4402 venit
2405 4363 2434 4402 a
2477 4350 2696 4406 minimo
2721 4364 2904 4409 exorta
2949 4359 3200 4413 narratio.
3241 4360 3343 4416 Sed
3373 4363 3510 4418 unde
3536 4364 3800 4436 incipiunt

2220 4443 2626 4497 commemorari
2662 4443 2752 4499 ﬁlii
2777 4446 2924 4512 Sem,
2953 4445 3112 4503 habet
3137 4450 3384 4520 quiddam
3411 4453 3794 4526 obscuritatis,

2219 4533 2358 4601 quod
2407 4534 2738 4602 expositione
2779 4537 3144 4594 illustrandum
3184 4544 3436 4614 est:quia
3483 4553 3538 4600 et
3571 4549 3798 4604 multum

2219 4623 2283 4677 ad
2314 4640 2426 4679 rem
2456 4627 2702 4695 pertinet,
2734 4645 2891 4699 quam
2918 4633 3258 4702 requirimus.
3281 4633 3370 4691 Sic
3393 4637 3534 4692 enim
3564 4637 3797 4709 legitur:

2220 4714 2288 4768 Et
2316 4716 2436 4771 Sem
2465 4729 2613 4773 natus
2639 4731 2711 4774 est
2735 4723 2886 4776 etiam
2907 4724 3008 4795 ipsi
3035 4726 3172 4795 patri
3196 4728 3418 4784 omnium
3440 4730 3664 4799 ﬁliorum
3692 4733 3802 4790 He-

2217 4806 2336 4872 ber,
2379 4809 2530 4878 fratri
2564 4809 2788 4882 Japheth
2826 4817 3028 4886 majori.
3073 4815 3216 4873 Ordo
3255 4820 3536 4877 verborum
3571 4834 3657 4880 est
3687 4844 3701 4881 :
3731 4826 3800 4883 Et

2216 4899 2340 4955 Sem
2386 4913 2538 4958 natus
2579 4915 2659 4959 est
2698 4905 2892 4971 Heber,
2938 4909 3096 4965 etiam
3139 4910 3271 4981 ipsi,
3303 4912 3355 4968 id
3387 4923 3468 4969 est
3496 4914 3594 4986 ipsi
3627 4917 3798 4988 Scm,

2215 5000 2369 5046 natus
2395 5002 2478 5048 est
2505 4993 2679 5050 Heber
2701 5038 2715 5063 ,
2743 4998 2832 5067 qui
2857 4997 2980 5054 Sem
3009 5009 3158 5070 pater
3188 5013 3271 5059 est
3295 5007 3531 5062 omnium
3559 5007 3795 5067 ﬁliorum

2213 5101 2431 5142 suorum
2469 5088 2511 5144 ⁸.
2558 5088 2680 5144 Sem
2733 5106 2860 5162 ergo
2912 5094 3266 5164 patriarcham
3335 5099 3555 5172 intelligi
3624 5103 3800 5162 voluit

2212 5179 2448 5233 omnium
2473 5181 2560 5250 qui
2587 5181 2654 5237 de
2690 5183 2856 5253 stirpe
2880 5184 2995 5255 ejus
3021 5189 3194 5244 exorti
3220 5198 3362 5257 sunt,
3390 5206 3520 5265 quos
3547 5209 3799 5253 comme-

2211 5281 2512 5328 moraturus
2545 5282 2658 5340 est,
2687 5276 2798 5331 sive
2825 5277 2932 5332 sint
2972 5279 3084 5346 ﬁlii,
3114 5282 3230 5338 sive
3255 5293 3494 5357 nepotes,
3527 5287 3642 5343 sive
3665 5305 3795 5360 pro-

2212 5374 2434 5434 nepotes
2455 5406 2470 5433 ,
2497 5374 2550 5420 et
2575 5365 2827 5439 deinceps
2853 5369 3085 5427 indidem
3116 5375 3307 5430 exorti.
3336 5374 3451 5431 Non
3472 5391 3601 5433 sane
3627 5380 3795 5436 istum

2210 5454 2386 5510 Heber
2412 5459 2596 5527 genuit
2619 5459 2742 5515 Sem
2768 5476 2782 5513 :
2805 5460 2897 5516 sed
2922 5461 2990 5517 ab
3015 5463 3107 5518 illo
3132 5467 3348 5535 quintus
3389 5468 3440 5522 in
3477 5471 3794 5539 progenito-

2209 5565 2326 5606 rum
2371 5550 2509 5606 serie
2549 5552 2832 5622 reperitur.
2879 5554 3002 5611 Sem
3050 5557 3245 5628 quippe
3299 5559 3436 5615 inter
3477 5560 3610 5616 alios
3650 5561 3795 5619 ﬁlios

2206 5647 2386 5717 genuit
2427 5649 2718 5720 Arpltaxat,
2768 5652 3036 5722 Arpliaxat
3082 5653 3262 5724 genuit
3301 5653 3536 5723 Cainan,
3580 5655 3792 5718 Cainan

2267 5864 2286 5900 ι
2318 5863 3232 5930 Abest,su0nmr,iacdd.2.’53et258.
3294 5878 3352 5927 It.
