4054 6478
251 412 341 474 b8!

1473 402 1678 461 LIBER
1717 399 2010 463 οεοωυε
2036 402 2321 463 SEXTUS.

3417 407 3527 469 483

252 526 428 603 genuit
450 524 575 582 Sala
599 565 617 593 ,
652 524 778 583 Sala
814 522 997 596 genuit
1025 520 1217 578 lleber.
1256 520 1374 578 Non
1400 520 1581 592 utique
1599 520 1617 553 ι
1642 519 1835 574 [rustra
1945 518 2170 577 CAPUT
2198 519 2285 576 ιν.
2312 549 2386 563 -
2407 520 2486 578 De
2512 522 2796 578 diversitate
2826 523 3115 596 linguarum
3136 563 3152 591 ,
3183 525 3530 598 principioque

253 623 363 694 ipse
392 620 600 690 primus
646 626 732 675 est
773 617 1076 672 nominatus
1121 615 1173 670 in
1215 613 1469 685 progenie
1499 612 1745 669 veniente
1772 611 1841 668 de

250 713 392 779 Sem,
416 721 471 766 et
499 710 756 782 pra-latus
783 708 945 766 etiam
975 706 1119 773 ﬁliis,
1148 722 1267 763 cum
1298 707 1369 763 sit
1391 705 1609 777 quintus
1633 719 1838 775 nepos;

252 809 349 865 nisi
390 807 513 879 quia
556 820 746 860 verum
784 810 868 858 est
895 801 1036 875 quod
1066 800 1289 856 traditur
1312 842 1328 867 ,
1371 815 1434 855 ex
1467 798 1559 854 illo
1586 797 1842 853 Hebraaos

254 914 371 957 esse
400 896 842 967 cognominatos,
880 903 1131 963 tanquam
1168 890 1420 946 Hebraeos
1446 908 1461 944 :
1490 904 1609 946 cum
1647 899 1704 945 et
1738 888 1843 944 alia

253 991 421 1063 possit
442 1004 565 1046 esse
590 988 773 1059 opinio
792 1028 806 1052 ,
837 995 894 1040 ut
920 1000 987 1040 ex
1014 982 1279 1039 Abraham
1312 991 1563 1052 tanquam
1590 978 1837 1036 Abrabaai

252 1084 374 1140 dicti
426 1098 549 1138 esse
590 1080 871 1138 videantur
921 1077 1021 1147 (a).
1064 1076 1169 1134 Sed
1214 1076 1463 1132 nimirum
1513 1075 1613 1131 hoc
1652 1090 1836 1131 verum

254 1184 355 1243 est,
388 1172 535 1247 quod
566 1190 632 1229 es
660 1172 834 1229 [leber
869 1169 1115 1228 Heberazi
1157 1169 1405 1241 appellati
1445 1178 1601 1235 sunt;
1652 1183 1715 1224 ac
1747 1168 1845 1223 de-

255 1268 414 1335 inde,
460 1283 566 1323 una
606 1266 843 1323 detracta
886 1265 1092 1331 littera,
1135 1262 1343 1319 Hebnei
1378 1277 1578 1334 :quam
1616 1262 1845 1333 linguam

253 1360 602 1418 hebraicam'
626 1358 775 1417 solus
820 1356 979 1413 Israel
1013 1356 1243 1427 populus
1269 1356 1440 1425 potuit
1463 1353 1709 1409 obtinere
1733 1394 1748 1420 ,
1793 1352 1846 1407 in

254 1470 359 1527 quo
404 1453 505 1510 Dei
544 1452 733 1508 civitas
772 1458 827 1506 et
866 1450 919 1506 in
958 1448 1157 1505 sanctis
1204 1446 1538 1519 peregrinata
1569 1454 1683 1513 est,
1713 1444 1847 1500 etin

256 1544 507 1600 omnibus
528 1550 864 1598 sacramento
889 1540 1225 1596 adumbrata.
1257 1537 1417 1610 Igitur
1444 1537 1537 1592 lilii
1558 1536 1681 1593 Sem
1705 1537 1850 1608 prius

258 1651 350 1692 ses
384 1636 755 1701 nominantur,
778 1631 973 1688 deinde
996 1647 1063 1687 ex
1091 1645 1198 1686 uno
1217 1646 1403 1686 eorum
1430 1629 1535 1684 nati
1564 1637 1687 1683 sunt
1712 1643 1848 1698 qua-

255 1738 377 1784 tuor
404 1736 632 1797 nepotes
657 1725 811 1796 ejus:
836 1725 1071 1794 itemque
1096 1723 1232 1779 alter
1258 1720 1487 1777 ﬁliorum
1514 1721 1640 1776 Sent
1666 1720 1851 1793 genuit

258 1821 375 1891 ejus
396 1829 669 1890 nepotem.
694 1827 852 1889 atque
873 1834 939 1871 ex
959 1816 1053 1871 illo
1081 1816 1261 1871 itidem
1284 1830 1551 1885 pronepos
1570 1824 1726 1870 natus
1746 1824 1849 1879 est,

258 1920 419 1981 atque
467 1909 594 1966 inde
632 1908 904 1980 abnepos,
950 1908 1040 1979 qui
1088 1914 1171 1962 est
1216 1905 1412 1962 Heber.
1439 1905 1635 1963 Genuit
1673 1916 1851 1963 autem

257 2002 436 2059 lleber
460 2002 597 2057 duos
626 2001 784 2067 ﬁlios,
817 2015 1046 2071 quorum
1074 2014 1240 2055 unum
1266 1999 1550 2069 appellavit
1582 1998 1813 2055 Phalech
1833 2041 1849 2066 ,

252 2094 396 2165 quod
426 2094 817 2164 interpretatur
846 2091 1121 2147 Dividens.
1172 2089 1373 2147 Deinde
1410 2090 1681 2161 Scriptura
1729 2090 1855 2145 sub-

260 2186 495 2256 jnngens
516 2226 530 2248 ,
579 2186 951 2256 rationemque
994 2182 1152 2253 ltujus
1178 2182 1411 2238 nominis
1436 2182 1693 2248 reddens,
1720 2184 1854 2251 Quia

258 2278 310 2332 in
334 2277 533 2340 diebus,
565 2276 756 2345 inquit,
785 2278 896 2347 eius
920 2274 1081 2329 divisa
1108 2284 1362 2329 estterra.
1391 2274 1501 2330 lloc
1519 2286 1696 2330 autem
1725 2277 1852 2347 quid

257 2372 347 2437 sit,
401 2382 589 2442 postea
616 2369 914 2441 apparebit.
960 2370 1110 2425 Alius
1158 2384 1288 2425 vero
1327 2369 1416 2441 qui
1463 2378 1617 2424 natus
1657 2378 1741 2426 est
1780 2386 1851 2425 es

258 2462 454 2530 Heber,
479 2462 667 2532 genuit
686 2460 970 2517 duodecim
998 2462 1241 2517 ﬁlios:ac
1268 2476 1363 2531 per
1383 2461 1485 2516 hoc
1509 2460 1641 2516 liunt
1661 2477 1853 2519 omnes

257 2555 523 2629 progeniti
561 2554 630 2611 de
669 2555 794 2611 Sem
836 2554 1019 2626 viginti
1066 2567 1297 2625 septem.
1345 2554 1401 2610 ln
1442 2570 1647 2610 summa
1694 2556 1855 2625 igitur

256 2666 445 2707 omnes
470 2649 734 2721 progeniti
756 2649 823 2706 de
845 2648 1014 2704 tribus
1037 2649 1160 2704 ﬁliis
1175 2648 1307 2713 Noe,
1338 2648 1391 2704 id
1415 2657 1519 2713 est,
1548 2648 1853 2720 quindecim

255 2741 324 2798 de
344 2739 602 2813 .laphetlt,
629 2750 684 2797 et
711 2741 922 2812 triginta
950 2756 1087 2796 unus
1113 2740 1182 2795 de
1207 2740 1398 2806 Cham,
1427 2741 1612 2811 viginti
1642 2751 1852 2812 septem

256 2833 324 2890 de
351 2833 506 2898 Sent,
536 2832 676 2887 ﬁunt
700 2834 1037 2905 septuaginta
1070 2842 1198 2887 tres.
1224 2830 1427 2888 Deinde
1452 2832 1691 2903 sequitur
1710 2833 1855 2888 Scri-

255 2936 408 2999 ptura
435 2926 625 2982 dicens
655 2944 669 2979 :
700 2923 771 2979 Hi
800 2926 897 2995 ﬁlii
938 2925 1060 2981 Sem
1093 2926 1147 2978 in
1182 2922 1408 2978 tribubus
1440 2924 1548 2979 suis
1580 2923 1854 2979 secundum

260 3021 464 3093 linguas
507 3035 666 3085 suas,
707 3020 760 3073 in
798 3018 1087 3091 regionibus
1134 3017 1239 3072 suis
1277 3026 1324 3071 et
1367 3018 1419 3070 in
1455 3017 1680 3088 gentibus
1723 3019 1858 3072 suis;

256 3111 497 3183 Itemque
521 3111 591 3167 de
618 3110 906 3167 omnibus:
937 3107 1055 3173 Dte,
1089 3109 1279 3179 inquit,
1304 3108 1462 3163 tribus
1489 3109 1710 3177 ﬁliorum
1738 3107 1855 3166 Noe

257 3206 535 3260 secundum
582 3205 927 3277 generationes
974 3219 1179 3266 eorum,
1249 3210 1296 3256 et
1367 3200 1639 3256 secundant
1684 3212 1855 3274 gentes

255 3312 449 3350 eorum.
471 3297 548 3349 Ab
566 3297 641 3351 his
657 3295 897 3361 dispersa:
914 3305 1032 3349 sunt
1052 3295 1233 3349 insula:
1251 3293 1476 3364 gentium
1495 3310 1648 3364 super
1667 3304 1855 3347 terram

257 3400 365 3459 post
391 3389 662 3444 diluvium.
709 3387 861 3445 Unde
906 3388 1175 3458 colligitur
1218 3388 1552 3457 septuaginta
1583 3398 1721 3455 tres,
1768 3390 1851 3445 vel

261 3481 437 3552 potius
488 3480 671 3553 (quod
726 3489 907 3550 postea
966 3476 1465 3551 dentonstrabitur)
1518 3479 1852 3551 septuaginta

255 3574 387 3630 duas
440 3583 633 3646 gentes
690 3583 815 3629 tunc
872 3572 1070 3640 fuisse,
1130 3587 1240 3627 non
1294 3570 1558 3627 homines.
1616 3571 1747 3627 Nam
1799 3581 1856 3628 et

259 3669 406 3739 prius
459 3682 585 3722 cum
634 3667 861 3722 fuissent
897 3665 1301 3721 commemorati
1340 3664 1434 3719 lilii
1475 3663 1729 3735 Japheth,
1782 3664 1852 3719 ita

257 3761 573 3816 conclusum
611 3769 693 3815 est
720 3778 732 3813 :
756 3757 841 3813 Ea:
876 3760 953 3813 Itis
978 3768 1254 3830 segregata
1288 3766 1406 3811 sunt
1430 3756 1612 3812 insqu
1634 3757 1855 3830 gentium

258 3852 309 3905 in
346 3862 483 3907 terra
508 3868 603 3906 sua
627 3893 640 3916 ,
687 3851 1029 3922 unusquisque
1072 3849 1350 3904 secundum
1376 3848 1603 3920 linguam
1630 3864 1776 3904 suam
1800 3849 1853 3903 in

258 3944 485 3998 tribubus
512 3943 616 3997 suis
644 3952 691 3997 et
714 3943 767 3996 in
793 3942 1021 4013 gentibus
1047 3942 1173 3997 suis.

326 4036 382 4090 ὅ.
422 4034 541 4090 iam
571 4050 701 4090 vero
731 4034 782 4088 in
812 4033 936 4089 ﬁliis
976 4032 1145 4088 tiliam
1184 4031 1415 4103 quodam
1455 4032 1575 4088 loco
1613 4032 1851 4103 apertius

258 4135 445 4197 gentes
472 4133 905 4181 commemorata:
942 4134 1104 4189 sunt,
1149 4124 1289 4180 sicut
1330 4124 1575 4195 superius
1618 4124 1850 4180 ostendi.

259 4219 502 4275 lesraim
542 4218 715 4291 genuit
757 4235 839 4272 eos
880 4219 966 4289 qui
1002 4219 1238 4271 dicuntur
1283 4217 1486 4271 Ludiim
1515 4233 1535 4271 :
1576 4226 1628 4272 et
1663 4216 1851 4274 eodem

258 4312 421 4367 modo
448 4320 660 4366 caetera:
687 4324 853 4379 usque
881 4308 947 4363 ad
980 4318 1184 4378 septem
1213 4318 1417 4379 gentes.
1445 4308 1507 4362 Et
1527 4309 1854 4363 enumeratis

259 4404 511 4461 omnibus
530 4446 546 4472 ,
578 4412 762 4475 postea
789 4402 1116 4457 concludens
1146 4420 1158 4455 :
1192 4400 1262 4455 lli
1288 4402 1384 4471 ﬁlii
1413 4400 1573 4457 Cham
1597 4444 1611 4467 ,
1643 4402 1850 4473 inquit,

258 4499 312 4552 in
336 4496 562 4551 tribubus
585 4496 692 4551 suis
717 4536 732 4559 ,
761 4495 1033 4550 secundum
1071 4494 1273 4566 linguas
1312 4511 1430 4547 suas
1475 4496 1525 4547 in
1568 4493 1852 4564 regionibus

255 4592 362 4646 suis
387 4632 404 4654 ,
439 4599 488 4643 et
527 4589 581 4643 in
620 4586 847 4660 gentibus
893 4586 1001 4641 suis
1047 4584 1217 4658 (Gen.
1252 4602 1283 4641 ι
1311 4584 1351 4657 ).
1392 4586 1681 4657 Propterea
1724 4600 1854 4657 ergo

256 4682 549 4739 multorum
577 4678 673 4736 lilii
703 4694 808 4734 non
835 4686 960 4734 sunt
980 4677 1387 4735 commemorati
1410 4717 1427 4741 ,
1451 4676 1575 4747 quia
1603 4676 1853 4747 gentibus

255 4775 376 4831 aliis
402 4772 674 4829 nascendo
697 4778 1043 4828 accesserunt
1068 4810 1085 4836 ,
1118 4770 1219 4841 ipsi
1257 4781 1436 4825 autem
1461 4779 1651 4840 gentes
1678 4768 1853 4827 facere

256 4866 626 4937 nequiverunt.
659 4862 792 4919 Nam
819 4877 921 4932 qua
946 4862 1051 4917 alia
1081 4876 1240 4917 causa
1265 4901 1280 4925 ,
1321 4876 1443 4916 cum
1485 4859 1574 4915 lilii
1619 4858 1853 4930 Japheth

255 4969 378 5014 octo
409 4964 798 5013 enumerentur
820 4995 835 5021 ,
858 4971 923 5010 ex
952 4955 1159 5009 duobus
1183 4969 1372 5010 eorum
1394 4963 1599 5009 tantum
1623 4954 1713 5008 lilii
1743 4954 1851 5009 nati

256 5058 751 5159 °°'”_'"°“‘°”f“,‘f'
778 5063 792 5111 ;
822 5054 879 5159 ‘ct
907 5060 1027 5159 (Eum
1060 5045 1153 5159 {mi
1408 5054 1645 5159 Ἱυῗίξῗῖ,
1676 5044 1851 5159 mij
2204 5043 2441 5152 spatium
2472 5076 2717 5135 nebulosi
2746 5073 2888 5129 aeris
2917 5070 3072 5140 hujus
3100 5065 3395 5125 evaderet?
3418 5064 3556 5131 Quid

257 5150 452 5198 nentur
475 5156 590 5250 Lens
622 5139 791 5250 tribus
822 5146 1027 5242 tantum
1053 5137 1148 5250 qui
1176 5137 1283 5191 nati
1328 5144 1455 5250 sunt
1490 5135 1849 5250 adjiciuntur;
1902 5137 1926 5205 '3.
1963 5135 2447 5250 Εέἧὲῶζθᾯθωωι
2477 5174 2586 5227 Deo
2629 5135 3059 5240 quantacumth
3098 5159 3181 5213 vel
3223 5158 3516 5228 spiram",
3544 5199 3559 5222 ν

252 5243 455 5291 etcum
484 5232 577 5289 lilii
623 5232 749 5288 Sem
793 5232 1139 5287 nominentur
1180 5245 1319 5295 seu,
1366 5229 1595 5285 duorum
1647 5238 1851 5285 tantum

2580 615 2873 689 Babylonis.

2016 727 2149 783 Cum
2186 742 2314 801 ergo
2350 729 2403 785 in
2437 730 2548 785 suis
2586 730 2777 801 linguis
2812 732 2928 787 ista:
2965 740 3152 803 gentes
3191 730 3355 789 fuisse
3391 733 3531 792 rele-

1948 831 2133 877 rantur
2156 863 2172 889 ,
2202 821 2340 878 redit
2368 832 2543 879 tamen
2572 835 2815 881 narrator
2837 824 2904 881 ad
2931 824 3061 881 illud
3084 837 3292 897 tempus
3313 843 3329 890 ;
3357 843 3528 899 quan-

1948 910 2021 968 do
2046 928 2149 968 una
2176 913 2349 984 lingua
2376 914 2614 969 omnium
2637 914 2733 970 fuit
2757 956 2774 981 ,
2803 925 2859 972 et
2883 916 3006 973 inde
3027 916 3136 987 jam
3162 918 3382 989 exponit
3400 919 3529 990 quid

1948 1004 2247 1073 acciderit,
2301 1014 2361 1061 ut
2412 1006 2709 1077 linguarum
2752 1008 3033 1065 diversitas
3084 1019 3411 1067 nasceretur.
3463 1010 3531 1066 Et

1950 1106 2058 1153 erat
2080 1140 2095 1163 ,
2130 1098 2338 1169 inquit,
2370 1098 2534 1153 omnis
2560 1109 2696 1153 terra
2719 1099 2737 1132 ί
2766 1099 2955 1154 labium
2980 1116 3134 1155 unum
3154 1143 3168 1167 ,
3211 1111 3256 1156 et
3297 1118 3394 1157 vos:
3427 1119 3532 1156 una

1952 1180 2200 1248 omnibus.
2231 1193 2297 1248 Et
2318 1197 2507 1266 factum
2532 1202 2605 1249 est
2628 1235 2643 1259 ,
2674 1210 2787 1247 cum
2815 1205 3066 1250 moverent
3090 1196 3187 1267 ipsi
3205 1198 3267 1250 ab
3292 1196 3527 1263 Oriente,

1950 1287 2241 1342 inuenerunt
2264 1304 2498 1359 campum
2521 1288 2575 1343 in
2616 1298 2749 1343 terra
2784 1288 3056 1354 Sennaar,
3099 1300 3146 1345 et
3189 1291 3532 1346 habitaverunt

1952 1382 2040 1439 ibi.
2074 1381 2141 1436 Et
2167 1382 2295 1438 dixit
2320 1382 2469 1437 homo
2497 1382 2726 1453 proximo
2750 1399 2843 1439 suo
2874 1397 2894 1437 :
2929 1381 3129 1449 Venite,
3169 1384 3417 1452 faciamus
3449 1385 3530 1438 la-

1953 1482 2083 1529 teres
2107 1515 2122 1541 ,
2152 1484 2202 1529 et
2229 1490 2505 1545 coquamus
2529 1474 2645 1529 illos
2669 1475 2794 1545 igni.
2840 1474 2907 1529 Et
2934 1474 3058 1547 facti
3080 1485 3197 1529 sunt
3221 1474 3327 1529 illis
3355 1475 3533 1531 lateres

1954 1565 2007 1620 in
2033 1566 2313 1637 lapidcm’,
2345 1577 2392 1621 et
2415 1566 2635 1621 bitumen
2659 1576 2767 1622 erat
2796 1565 2899 1621 illis
2918 1568 3080 1621 lutum
3102 1584 3121 1621 :
3168 1577 3213 1622 et
3259 1567 3532 1636 dixerunt,

1964 1656 2140 1714 Venite
2160 1700 2176 1725 ,
2207 1668 2255 1714 et
2279 1659 2585 1726 cdi/icemus
2611 1660 2977 1729 nobismetipsis
3002 1661 3249 1715 civitatem
3276 1702 3293 1727 ,
3335 1670 3383 1715 et
3425 1671 3535 1714 tur-

1955 1768 2061 1806 rem
2104 1752 2249 1824 cujus
2285 1761 2439 1821 caput
2477 1751 2610 1805 erit'
2638 1768 2792 1823 usque
2836 1751 2903 1807 ad
2947 1752 3160 1818 caelum,
3198 1762 3249 1808 et
3290 1752 3538 1825 faciamus

1956 1841 2099 1897 nobis
2127 1859 2306 1897 nomen
2330 1841 2370 1907 δ,
2398 1852 2662 1909 antequam
2688 1843 3037 1913 disperguntur
3069 1844 3122 1897 in
3167 1843 3347 1916 faciem
3375 1845 3539 1900 anmis

1958 1942 2123 1987 terra.
2148 1932 2215 1987 Et
2241 1932 2495 1988 descendit
2524 1933 2772 1989 Dominus
2790 1934 2957 1989 videre
2979 1935 3225 1990 ciuitatem
3254 1945 3302 1989 et
3328 1946 3536 2005 turrem,

1955 2041 2108 2095 quam
2149 2025 2525 2094 tedi/icauerunt
2563 2026 2659 2095 ﬁlii
2695 2026 2978 2082 hominum.
3018 2025 3087 2081 Et
3128 2027 3255 2082 dixit
3288 2027 3539 2083 Dominus

1958 2115 2099 2172 Deus
2124 2117 2147 2150 ⁸
2170 2133 2189 2171 :
2217 2116 2347 2173 Ecce
2374 2135 2531 2188 genus
2560 2135 2716 2171 unum
2742 2158 2757 2184 ,
2785 2128 2834 2173 et
2862 2117 3049 2173 labinm
3082 2138 3238 2174 unum
3270 2122 3494 2175 omnium
3518 2138 3538 2187 ,°

1957 2220 2004 2267 et
2030 2212 2123 2266 hoc
2144 2212 2505 2266 inchoauerunt
2531 2214 2697 2283 facere
2719 2253 2735 2277 ,
2757 2221 2806 2265 et
2830 2228 2963 2267 nunc
2984 2229 3085 2267 non
3103 2213 3333 2281 deﬁcient
3354 2230 3419 2268 ea:
3435 2214 3539 2269 illis

1958 2304 2127 2359 omnia
2145 2320 2258 2374 qua:
2280 2304 2447 2357 conati
2468 2304 2655 2375 fuerint
2676 2306 2842 2376 facere
2863 2318 2884 2359 :
2906 2305 3065 2359 uenite
3085 2346 3102 2372 ,
3125 2314 3171 2358 et
3191 2304 3540 2360 descendentes

1959 2394 2328 2467 confundamus
2355 2395 2422 2449 ibi
2464 2396 2689 2466 linguam
2727 2412 2922 2463 eorum,
2948 2405 3002 2449 ut
3027 2413 3129 2451 non
3149 2397 3360 2451 audiant
3382 2414 3541 2452 unus-

1957 2489 2165 2560 quisque
2188 2505 2355 2543 vocem
2409 2488 2625 2559 proximi
2646 2488 2746 2543 sui.
2781 2488 2850 2542 Et
2894 2489 3126 2560 dispersit
3167 2506 3252 2546 eos
3294 2488 3542 2545 Dominus

1958 2582 2077 2637 inde
2101 2599 2250 2651 super
2273 2582 2457 2653 faciem
2481 2581 2643 2637 omnis
2669 2591 2816 2636 terrm
2840 2623 2855 2647 ,
2877 2590 2926 2637 et
2946 2592 3260 2637 cessaverunt
3280 2582 3544 2650 cedi/icon-

1960 2683 2031 2729 tes
2056 2674 2306 2728 ciuitatem
2331 2682 2379 2729 et
2403 2682 2613 2729 turrem.
2645 2672 2862 2745 Propter
2890 2676 2986 2728 hoc
3013 2674 3327 2744 appellatum
3347 2682 3419 2728 est
3445 2690 3542 2728 no-

1959 2782 2075 2820 men
2098 2766 2237 2821 illius
2270 2763 2549 2836 Confusio;
2582 2765 2700 2835 quia
2736 2764 2806 2819 ibi
2848 2764 3078 2835 confudit
3120 2763 3373 2820 Dominus
3409 2765 3547 2820 labia

1959 2860 2123 2915 omnis
2148 2870 2296 2914 terra
2316 2850 2347 2913 .'
2359 2867 2406 2913 et
2427 2859 2545 2912 inde
2564 2858 2797 2929 dispersit
2821 2857 2939 2913 illos
2961 2856 3211 2913 Dominus
3237 2856 3373 2913 Deus
3396 2872 3547 2927 super

1958 2953 2141 3023 faciem
2168 2951 2330 3006 omnis
2359 2962 2506 3006 terra:
2533 2950 2552 3022 (
2575 2949 2701 3005 Gen.
2730 2966 2780 3004 st
2807 2990 2822 3014 ,
2853 2949 2951 3005 l-9
2975 2949 3013 3019 ).
3059 2948 3161 3004 Ista
3197 2948 3383 3005 civitas
3427 2963 3547 3020 qua

1958 3046 2219 3117 appellata
2246 3056 2329 3101 est
2354 3045 2608 3099 Cvtttusio
2632 3086 2647 3110 ,
2682 3044 2792 3112 ipsa
2818 3052 2899 3099 est
2926 3043 3160 3115 Babylon
3188 3085 3204 3111 ,
3253 3044 3404 3114 cujus
3445 3041 3549 3097 mi-

1958 3142 2180 3198 rabilem
2210 3140 2662 3197 constructionem
2711 3138 2959 3195 Gentium
3004 3138 3165 3193 etiam
3208 3137 3547 3194 commendat

1960 3234 2197 3289 historia.
2226 3232 2459 3303 Babylon
2483 3231 2675 3301 quippe
2699 3230 3079 3299 interpretatur
3092 3227 3367 3284 Confusio.
3392 3228 3546 3286 Unde

1959 3327 2228 3397 colligitur
2254 3326 2520 3396 gigantem
2548 3324 2696 3378 illum
2724 3321 2958 3377 Nebroth
2989 3320 3153 3375 fuisse
3194 3322 3335 3376 illius
3361 3320 3547 3377 condi-

1959 3432 2131 3479 torem
2157 3465 2171 3487 ,
2198 3422 2338 3493 quod
2367 3422 2611 3491 superius
2633 3418 2866 3474 breviter
2886 3417 3057 3471 fuerat
3084 3415 3383 3471 intimatutn
3408 3457 3426 3481 ,
3454 3415 3545 3472 ubi

1959 3531 2082 3571 cum
2111 3515 2179 3569 de
2210 3514 2301 3568 illo
2325 3513 2597 3583 Scriptura
2641 3510 2948 3580 loqueretur
2974 3549 2989 3575 ,
3030 3508 3106 3562 ait
3145 3508 3352 3562 initium
3396 3508 3546 3579 regni

1959 3608 2078 3677 ejus
2104 3606 2266 3661 fuisse
2296 3605 2623 3675 Babylonem
2649 3643 2664 3665 ,
2699 3602 2749 3656 id
2780 3610 2862 3656 est
2887 3642 2899 3665 ,
2938 3615 3057 3671 qua:
3083 3600 3354 3656 civitatum
3382 3610 3549 3656 caete-

1959 3714 2137 3755 rarum
2182 3706 2393 3767 gereret
2443 3696 2791 3765 principatum
2818 3734 2833 3757 ,
2882 3692 2969 3747 ubi
3011 3700 3155 3746 esset
3200 3702 3450 3762 tanquam
3493 3692 3547 3751 in

1959 3788 2241 3858 metr0poli
2273 3786 2631 3843 habitaculum
2666 3784 2814 3855 regni
2847 3802 2860 3838 :
2905 3784 3147 3854 quamvis
3179 3783 3410 3853 perlecta
3441 3799 3547 3842 non

1958 3882 2121 3938 fuerit
2165 3895 2332 3951 usque
2376 3879 2428 3933 in
2479 3886 2681 3933 tantum
2732 3876 2947 3931 modum
2974 3916 2989 3940 ,
3035 3884 3291 3945 quantum
3321 3875 3548 3944 superba

1958 3972 2226 4047 cogitabat
2256 3972 2520 4041 impietas.
2550 3970 2681 4025 Nam
2706 3968 2869 4023 nimia
2888 3967 3269 4037 disponebatur
3290 3966 3514 4021 altitudo
3532 4008 3549 4032 ,

1958 4083 2078 4139 quas
2103 4066 2241 4121 dicta
2265 4073 2347 4119 est
2368 4077 2534 4133 usque
2560 4062 2611 4115 in
2633 4060 2827 4115 cmlum
2854 4101 2868 4124 ,
2901 4059 3013 4113 sive
3041 4058 3195 4112 unius
3219 4059 3379 4112 turris
3406 4058 3549 4126 ejus,

1960 4174 2120 4230 quam
2153 4157 2478 4229 prrecipuam
2508 4152 2867 4209 moliebantur
2897 4151 3035 4205 inter
3064 4149 3235 4216 alias;
3277 4148 3389 4204 sive
3432 4164 3553 4203 om-

1961 4253 2108 4307 nium
2137 4250 2362 4305 turrium
2388 4290 2401 4312 ,
2432 4262 2551 4317 qua:
2579 4261 2674 4316 per
2709 4258 2988 4299 numerum
3017 4240 3342 4311 singularem
3376 4240 3446 4295 ita
3473 4239 3551 4295 si-

1954 4327 2222 4417 gnificata:
2252 4350 2415 4408 sunt,
2442 4348 2500 4395 ut
2519 4338 2712 4394 dicitur
2740 4337 2895 4391 miles
2918 4377 2934 4402 ,
2962 4344 3015 4391 et
3039 4334 3406 4404 intelliguntur
3432 4332 3554 4387 mil-

1963 4439 2031 4492 lia
2065 4437 2293 4492 militum
2324 4452 2338 4487 :
2368 4440 2425 4487 ut
2450 4446 2579 4486 rana
2606 4470 2621 4496 ,
2648 4438 2707 4484 ut
2731 4430 2941 4485 locusta
2965 4444 2978 4491 ;
3011 4426 3089 4480 sic
3113 4426 3261 4480 enim
3290 4423 3553 4494 appellata

1962 4540 2049 4587 est
2077 4527 2362 4585 multitudo
2389 4538 2638 4580 ranarum
2667 4533 2731 4575 ac
2755 4521 3079 4574 locustarum
3110 4518 3162 4571 in
3194 4517 3364 4587 plagis
3385 4556 3401 4582 ,
3432 4516 3555 4585 qui-

1922 4640 1923 4643 ‘
1961 4622 2064 4678 bus
2090 4618 2327 4690 Egyptii
2360 4613 2599 4687 percussi
2624 4619 2752 4669 sunt
2776 4625 2873 4680 per
2900 4609 3120 4679 Moysen
3143 4606 3163 4681 (
3187 4607 3355 4662 Exod.
3391 4620 3427 4660 ι
3455 4647 3469 4668 .
3498 4605 3553 4669 4.

1899 4682 1919 4762 l

253 5326 541 5401 posteritas
569 5325 864 5381 attexitur?
907 5320 1164 5394 numquid
1205 5322 1384 5377 caeteri
1430 5322 1547 5378 sine
1596 5322 1716 5378 filiis
1765 5337 1853 5378 re-
1906 5326 1917 5335 “

253 5428 573 5477 manserunt
592 5419 621 5473 1
648 5417 800 5473 Absit
830 5416 935 5472 hoc
960 5415 1185 5471 credere
1216 5432 1229 5466 :
1267 5417 1360 5471 sed
1400 5424 1586 5487 gentes
1632 5425 1853 5487 prepter

250 5529 388 5586 quas
429 5510 839 5568 commemorari
880 5510 1024 5581 digni
1059 5516 1279 5574 essent,
1333 5524 1439 5563 non
1486 5510 1667 5581 utique
1712 5511 1853 5568 fece-
1899 5510 1949 5576 ἱ,-

249 5618 420 5672 runt;
466 5607 591 5677 quia
637 5606 778 5660 sicut
819 5604 1213 5669 nascebantur,
1244 5603 1365 5657 aliis
1405 5604 1653 5675 gentibus
1696 5604 1851 5683 adde-

1961 5623 2102 5683 (ιιιψὶ
2115 5612 2264 5659 terra.
2277 5664 2291 5683 :

252 5708 472 5756 Dallllll'.

317 5814 331 5844 ⁸
371 5813 521 5862 nisui
544 5822 737 5866 omnes,
766 5816 868 5859 Non
890 5807 1070 5870 itaque.
1136 5814 1190 5856 st.

313 5878 333 5907 ³
367 5882 532 5932 tuaest,
551 5871 829 5923 hebraicam
842 5905 858 5927 ,
883 5872 932 5921 in
952 5871 1089 5919 culti.
1109 5870 1303 5921 nostris.
1367 5874 1424 5917 It.

314 5908 1231 6002 (a3"&.'ﬁtiié"n3b3&1,“&ﬁliis?"
1246 5908 1303 5920 ”’
1367 5908 1424 5917 “’
1518 5937 1581 6035 ,ᾧ
1728 5946 1738 5965 ..
1760 5908 1782 6007 ’ξ

1906 5460 1936 5535 ρ

1899 5590 1913 5623 ι

1914 5942 1970 6011 ﬁ

1962 4726 2011 4771 et
2044 4712 2203 4777 alibi;
2236 4710 2384 4767 Psal.
2419 4721 2603 4764 uxvn
2628 4746 2645 4773 ,
2677 4704 2747 4760 b5
2774 4706 2813 4772 ).
2844 4702 2982 4773 Quid
3009 4710 3186 4756 autem
3217 4702 3414 4756 tactura
3446 4698 3557 4755 fue-

1963 4817 2048 4863 rat
2073 4806 2306 4860 humana
2336 4811 2392 4857 et
2418 4812 2549 4853 vana
2580 4792 2964 4868 praesumptio?
2983 4792 3278 4862 Cujuslibet
3309 4800 3363 4846 et
3390 4805 3557 4860 quan-

1962 4898 2209 4956 tumlibet
2240 4899 2293 4951 in
2319 4893 2518 4951 calum
2546 4888 2806 4945 adversus
2838 4887 3003 4942 Deum
3033 4882 3366 4939 altitudinem
3399 4879 3559 4935 molis

1964 4993 2251 5052 extolleret
2276 5033 2290 5055 ,
2320 4986 2536 5060 quando
2562 4993 2775 5039 montes
2806 4977 3211 5035 transcenderet
3241 4973 3561 5027 universos?

1962 5274 2053 5331 vel
2096 5269 2393 5340 corporalis
2441 5261 2645 5320 elatio?
2688 5258 2878 5314 Tutam
2925 5266 3217 5322 veramque
3263 5250 3315 5305 in
3367 5250 3561 5305 caelum

1962 5366 2108 5422 viam
2140 5363 2359 5419 molitur
2386 5354 2661 5412 humilitas
2683 5393 2699 5419 ,
2729 5362 2941 5407 sursum
2965 5347 3149 5402 levans
3173 5360 3269 5401 cor
3291 5343 3359 5400 ad
3382 5343 3565 5399 Domi-

2032 5548 2051 5581 ί
2084 5550 2216 5601 tom,
2236 5546 2400 5591 terrae.
2425 5532 2546 5583 editi
2566 5542 2688 5581 vero
2713 5527 2793 5578 alii
2832 5532 2887 5578 et
2919 5522 3233 5587 manum-ipsi
3262 5522 3402 5585 juxta
3436 5529 3566 5582 grae-

2034 5643 2325 5730 :qu
2378 5657 2599 5724 lapides;
2644 5651 3048 5705 dissentientibus
3085 5648 3281 5699 caneris
3323 5643 3461 5693 libris
3513 5648 3565 5693 et

1962 5744 2225 5853 u'xliditl,
2249 5794 2343 5841 eat.
2373 5793 2425 5853 At
2446 5792 2573 5842 Mss.,
2596 5780 2869 5853 erit;juxta
2889 5782 3019 5853 LXX,
3041 5770 3179 5825 eslai.

2036 5862 2059 5893 ι
2092 5849 2221 5915 Mss.,
2241 5861 2288 5905 et
2310 5849 2545 5915 faciamus
2566 5851 3017 5915 n0§l""!li."°m‘.",x
3070 5895 3215 5915 Mm:

2036 5925 2060 5957 ⁸
2094 5899 2481 5983 iiié'i6i,'beus,
2504 5911 2552 5959 in
2568 5907 2669 5959 sola
2690 5905 2904 5963 editione
2927 5908 3035 5954 Lov.
3063 5899 3317 5951 omittitur.
