4054 6470
555 408 661 474 483

556 546 689 591 num
712 540 864 602 ,non
891 537 1076 589 contra
1101 526 1385 586 Dominum
1414 543 1429 581 ε
1467 524 1606 582 sicut
1640 524 1817 581 dictus
1858 528 1944 578 est
1986 519 2133 593 gigas

554 628 658 684 iste
684 635 887 682 venator
913 634 1089 680 contra
1117 620 1393 677 Dominum
1421 619 1442 691 (
1464 618 1591 673 Gen.
1619 634 1652 673 ι
1673 658 1689 684 ,
1721 614 1819 688 9).
1847 613 2003 684 Quod
2029 627 2136 668 non

554 720 914 791 intelligent”
940 715 1182 774 nonnulli
1203 757 1220 783 ,
1247 715 1498 786 ambiguo
1527 727 1704 784 gnem
1732 709 1944 781 decepti
1970 714 2133 775 sunt,
2218 710 2219 713 “

553 824 616 870 ut
648 828 761 869 Ion
804 812 1286 882 interpretarentur
1329 801 1511 864 contra
1550 805 1829 861 Dominus:
1848 843 1868 872 ,
1897 803 1997 859 sed
2020 808 2137 857 de

554 903 834 961 “autem
849 918 876 959 :
894 909 1103 959 Mm
1120 901 1326 973 quippe
1343 906 1401 956 et
1424 908 1540 954 ante
1568 906 1629 953 et
1646 904 1826 953 contra
1847 892 2127 965 signiﬁcat.

551 995 667 1052 Iloc
703 995 849 1051 enin
874 995 1097 1052 verbum
1140 1000 1228 1050 est
1265 992 1320 1048 in
1368 991 1618 1047 Pssimo:
1645 988 1712 1044 Et
1735 988 1997 1061 plorantis
2021 993 2137 1040 αι

550 1085 870 1155 Domuum,
899 1079 1764 1157 quifscitnus(Psst.setv,6.).
1794 1078 1989 1134 Ethec
2016 1090 2137 1132 vc-

550 1178 973 1235 bumestetium
1012 1177 1066 1232 iu
1106 1175 1247 1235 libro
1294 1175 1437 1243 Job,
1482 1173 1573 1229 ubi
1610 1171 1877 1244 set-Mum
1914 1164 2137 1234 uuln

547 1272 777 1339 im
799 1268 1011 1340 erupitti
1036 1277 1217 1323 me
1235 1266 1521 1322 Dominum
1553 1262 1720 1333 (Job.
1744 1277 1841 1331 ιν,
1880 1262 1948 1318 ιδ
1970 1296 1988 1327 ,
2030 1274 2131 1316 ssc.

549 1361 692 1419 LXX
718 1362 763 1434 ).
805 1361 893 1419 Sic
932 1370 1065 1433 ergo
1102 1358 1476 1431 lntelligendus
1517 1365 1608 1416 est
1629 1357 1781 1428 gigas
1805 1356 1908 1413 isse
1931 1363 2137 1413 vett-tor

546 1462 729 1510 contra
752 1452 1055 1508 Dotninsm.
1084 1449 1222 1520 Quid
1246 1458 1426 1507 autem
1452 1447 1543 1505 hic
1558 1447 1891 1519 signiﬁcatur
1918 1444 2020 1502 bac
2040 1459 2136 1501 no-

548 1545 699 1601 mine
717 1582 737 1613 ,
755 1543 897 1615 quod
917 1551 1001 1599 est
1016 1552 1224 1599 scutor
1245 1582 1263 1610 ,
1289 1540 1393 1597 nisi
1414 1538 1724 1596 auirnaliutn
1750 1536 2135 1609 terrigenarum

547 1638 803 1709 decqttor
824 1677 845 1704 ,
869 1650 1161 1709 oppressos
1180 1672 1197 1704 ,
1222 1634 1522 1692 exstinctos
1541 1633 1565 1688 ἲ
1586 1632 1841 1704 Erigebat
1858 1644 1992 1701 ergo
2008 1642 2136 1685 cum

519 1733 660 1788 suis
689 1731 901 1803 populis
926 1739 1127 1787 turrem
1156 1736 1347 1785 contra
1372 1726 1665 1783 Dominum
1686 1764 1702 1792 ,
1734 1739 1841 1797 qua
1865 1732 1948 1781 est
1974 1721 2135 1794 initia

546 1823 841 1895 signiﬁcata
867 1821 1141 1893 superbia.
1167 1820 1358 1877 Merito
1381 1828 1561 1876 mm
1602 1817 1775 1874 malus
1807 1816 2026 1888 pulsiut:
2050 1813 2135 1871 έ-

544 1912 1457 1985 lectus,etiameuinonsuceedit
1498 1911 1739 1969 edoctus.
1789 1908 1974 1966 Genus
2007 1922 2135 1964 veno

544 2011 727 2080 ipsum
751 2016 927 2082 pm
954 2008 1119 2081 quale
1137 2005 1280 2063 luit?
1313 2005 1580 2075 Quoniam
1616 2001 1914 2060 dominatio
1961 2001 2135 2070 iunipe-

545 2103 714 2160 rsntis
736 2102 792 2158 in
831 2103 1011 2174 lingua
1050 2107 1134 2157 est
1156 2140 1173 2166 ,
1222 2099 1303 2155 ibi
1344 2098 1597 2155 damnata
1632 2105 1718 2154 est
1761 2093 2009 2167 superbia
2033 2134 2048 2158 ,
2078 2100 2137 2146 ut

542 2204 653 2250 non
678 2193 1067 2265 intelligeretur
1087 2191 1281 2263 iubens
1299 2189 1501 2247 homini
1524 2231 1539 2257 ,
1563 2188 1660 2260 qui
1676 2186 1851 2243 ualuit
1873 2184 2135 2254 intellige—

544 2301 608 2343 re
627 2285 955 2343 utobedicet
976 2285 1088 2342 Deo
1108 2283 1340 2356 iubenti.
1373 2282 1466 2339 Sic
1490 2281 1581 2339 illa
1607 2278 1935 2351 conspiratio
1959 2276 2137 2334 disso-

540 2376 1598 2450 lutasst,cunquisquesbeoquem
1630 2368 2132 2441 noninmlligebct.

419 2451 442 2468 ”
543 2467 1513 2539 abscederet,necsenisiei,csm
1552 2479 1662 2536 quo
1704 2464 1849 2533 latini
1886 2470 2132 2534 poterat,

542 2572 896 2639 3W:
941 2571 1000 2619 et
1034 2575 1137 2633 per
1178 2559 1388 2633 linguas
1420 2558 1612 2615 divisas
1647 2555 2136 2627 suntgcntes,di-

546 2670 859 2730 spatiaque
902 2670 1000 2726 per
1046 2663 1257 2720 terras,
1303 2653 1447 2709 sitast
1486 2651 1598 2708 Deo
1637 2650 1991 2722 plsouit.qni
2032 2647 2136 2706 hoc

547 2752 729 2811 modis
749 2750 979 2808 multis
1000 2748 1264 2820 ηυδὶαιυο
1288 2742 1929 2817 meimprobeusibilitus
1952 2741 2096 2799 fecit.

518 2878 772 2957 CAPUT
802 2880 866 2943 V.
894 2916 967 2928 —
993 2880 1072 2941 De
1112 2878 1437 2941 descensione
1473 2878 1679 2936 Domini
1706 2834 1782 2934 lit!
1816 2876 2133 2950 confunden-

847 2980 967 3033 dam
994 2977 1222 3050 linguam
1244 2972 1609 3045 wdiﬁeantium
1635 2979 1844 3028 turrem.

518 3138 521 3147 ι
614 3113 1422 3185 Goodmim’scriptumest,
1473 3107 1545 3165 Et
1582 3108 1843 3166 descendit
1883 3107 2136 3165 Donatistis

510 3240 517 3247 -
545 3209 717 3269 Wars
739 3208 995 3264 civitatem
1012 3216 1064 3263 et
1090 3216 1276 3261 turrem
1300 3243 1316 3271 ,
1343 3220 1498 3276 quam
1522 3202 1901 3273 (adi/imarum
1927 3201 2023 3270 ﬁlii
2050 3201 2137 3256 llo-

546 3295 1733 3370 m;hoeeet,nonﬁlilllei,sedilla
1774 3294 2009 3351 societas
2050 3308 2135 3351 se-

514 3394 781 3453 cundum
815 3392 1090 3451 hominem
1124 3389 1353 3456 vivens,
1393 3403 1553 3458 quam
1600 3395 1866 3444 terrenam
1909 3385 2136 3445 dicimus

545 3487 858 3545 dvitant:
889 3497 1001 3540 non
1026 3483 1149 3541 loco
1175 3490 1422 3540 movetur
1450 3481 1590 3537 Deus
1609 3520 1625 3544 ,
1654 3480 1745 3551 qui
1774 3493 1992 3549 semper
2021 3476 2138 3535 ubi-

542 3592 655 3649 que
677 3584 766 3632 est
785 3583 970 3640 tctus;
996 3572 1094 3630 sed
1130 3570 1464 3629 descendere
1490 3569 1688 3626 dicitur
1710 3610 1729 3637 ,
1771 3583 1894 3625 cum
1937 3567 2137 3639 aliquid

545 3670 675 3728 facit
696 3670 757 3725 in
778 3677 922 3725 terra
944 3708 965 3736 ,
991 3666 1137 3739 quod
1161 3674 1353 3737 praeter
1382 3664 1634 3721 usitatum
1674 3672 1880 3719 natura
1917 3676 2135 3718 cursum

544 3760 865 3819 nimltiliter
905 3758 1145 3826 locum,
1187 3756 1528 3828 praesentiam
1574 3753 1971 3825 quodammodo
2018 3753 2137 3824 ejus

541 3854 834 3910 ostendat:
863 3867 966 3908 nec
992 3849 1227 3907 videndo
1258 3849 1421 3907 discit
1460 3846 1533 3905 ad
1576 3857 1787 3918 tempus
1810 3886 1826 3914 ,
1870 3847 1963 3918 qui
1991 3861 2135 3903 nul-

542 3956 706 4018 μω
734 3952 913 4017 potest
932 3942 1136 4014 aliquid
1164 3942 1448 4013 ignorare;
1475 3939 1573 3996 sed
1590 3939 1664 3995 ad
1694 3947 1911 4012 tempus
1952 3937 2137 3996 videre

540 4050 602 4097 et
624 4051 951 4112 cognoscere
974 4037 1171 4094 dicitur
1195 4078 1211 4104 ,
1250 4033 1396 4106 quod
1424 4032 1593 4090 videri
1614 4039 1670 4089 et
1695 4031 1947 4102 cognosti
1982 4031 2131 4088 iacit.

545 4131 664 4186 Non
704 4131 785 4186 sie
828 4144 958 4201 ergo
993 4127 1273 4183 videbatur
1315 4125 1404 4181 illa
1448 4125 1640 4181 civitas
1663 4163 1680 4190 ,
1706 4121 1978 4194 quomodo
2013 4137 2135 4181 eam

550 4223 692 4277 Deus
720 4220 889 4275 videri
918 4219 1044 4275 iecit
1067 4254 1082 4283 ,
1124 4216 1341 4287 quando
1382 4215 1483 4271 sibi
1526 4222 1785 4286 quantum
1831 4213 2139 4284 displiceret

542 4313 803 4370 Ostendit.
841 4311 1096 4379 Quamvis
1125 4310 1294 4380 possit
1322 4308 1546 4380 intelligi
1580 4308 1720 4364 Deus
1742 4305 1809 4363 ad
1834 4306 1981 4363 illam
2009 4306 2138 4364 civi-

542 4415 710 4462 tatem
739 4402 1087 4461 descendisse
1108 4443 1129 4469 ,
1156 4402 1281 4472 quia
1305 4400 1700 4461 descenderunt
1724 4399 1915 4469 Λυδοιὶ
1940 4400 2056 4471 ejus
2080 4399 2136 4454 in

538 4499 739 4571 quibus
765 4497 1008 4562 habitat;
1038 4505 1100 4552 in
1118 4494 1262 4566 quod
1286 4495 1599 4564 adjunctum
1623 4501 1708 4550 est
1729 4530 1745 4559 ,
1772 4491 1844 4547 Et
1870 4491 1998 4551 dixit
2016 4490 2134 4551 .Do-

540 4592 714 4646 minus
732 4589 895 4657 Dm,
927 4587 1061 4644 Eon
1083 4598 1241 4660 ﬁnus
1282 4604 1439 4643 totum
1460 4622 1479 4652 ,
1510 4596 1563 4641 et
1602 4584 1795 4641 labiunt
1831 4601 1987 4641 unum
2023 4602 2136 4641 out-

542 4682 727 4749 ttiuttt,
746 4689 808 4739 et
829 4688 1024 4736 catena
1049 4696 1064 4746 ;
1092 4677 1378 4737 aetdcinde
1405 4676 1644 4735 additum
1672 4718 1686 4744 ,
1728 4675 1905 4733 Venite
1925 4716 1949 4744 ν
1972 4685 2022 4733 et
2043 4677 2135 4735 de-

530 4772 834 4829 scendentes
856 4771 1238 4842 confundendis
1262 4770 1332 4825 ibi
1356 4770 1589 4841 liquam
1617 4786 1793 4827 eorum
1830 4768 1855 4841 (
1880 4767 2007 4826 Ges.
2042 4785 2095 4825 ιι
2118 4812 2133 4836 ,

542 4864 642 4922 5-7
665 4863 707 4936 )t
738 4862 1108 4934 recapislstio
1133 4861 1211 4916 sit
1235 4903 1249 4925 ,
1280 4860 1660 4917 demonstrans
1680 4860 2135 4932 quemadmodum

543 4957 740 5014 factum
765 4956 877 5023 sit,
904 4954 1049 5028 quod
1074 4954 1274 5011 dictum
1303 4953 1480 5011 fuerat
1506 4997 1522 5021 ,
1566 4954 1839 5010 Descendit
1863 4954 2135 5012 Dominus.

545 5049 604 5104 Si
632 5048 779 5105 enim
803 5048 915 5119 iam
941 5045 1294 5104 descenderat
1317 5088 1333 5114 ,
1365 5046 1495 5117 quid
1523 5045 1628 5103 sibi
1657 5047 1767 5102 vult
1788 5089 1804 5113 ,
1847 5045 2053 5113 Venite,
2093 5058 2139 5103 et

542 5138 1311 5211 ἁκαὰνκεικιοηίυηιιαηωι
1356 5139 1545 5209 (quod
1584 5138 1897 5210 intelligitur
1920 5141 2138 5212 Angelis

540 5232 747 5288 dictum
769 5234 811 5303 ),
839 5232 943 5287 nisi
970 5232 1096 5303 quis
1126 5247 1224 5302 per
1249 5232 1485 5302 Angelos
1510 5232 1873 5290 descendebat
1894 5276 1908 5300 ,
1951 5236 2043 5306 qui
2086 5237 2138 5291 in

547 5324 766 5395 Anglis
788 5322 1246 5381 descendentibus
1270 5324 1431 5381 erat?
1472 5324 1544 5381 Et
1583 5325 1726 5385 bene
1751 5342 1859 5382 non
1885 5327 2000 5395 ait,
2039 5327 2139 5384 Vc-

548 5416 659 5471 nite
683 5456 698 5480 ,
719 5423 776 5470 et
792 5414 1182 5471 descendentes
1202 5415 1514 5472 confundite
1544 5435 1556 5471 :
1588 5417 1683 5473 sed
1710 5461 1725 5486 ,
1751 5416 2138 5490 Confundamus

540 5507 617 5562 ibi
644 5506 868 5577 tinguant
885 5520 1061 5561 mm
1081 5523 1104 5571 ;
1124 5507 1422 5563 ostendens
1449 5508 1525 5563 ita
1549 5522 1612 5566 se
1635 5514 1847 5580 operari
1868 5527 1970 5582 per
1988 5512 2140 5569 mini-

547 5608 691 5656 stros
715 5612 843 5655 suos
864 5639 882 5665 ,
906 5606 964 5653 ut
990 5599 1097 5655 sint
1120 5599 1280 5655 etiam
1306 5600 1405 5670 ipsi
1428 5612 1809 5670 cooperatores
1828 5602 1924 5658 Dei
1956 5621 1968 5656 :
2000 5604 2140 5661 sicut

550 5689 840 5762 Apostolus
866 5688 1036 5759 dicit,
1087 5688 1184 5747 Dei
1223 5691 1356 5746 enim
1397 5708 1572 5748 sumus
1617 5694 1896 5763 cooperarii
1921 5694 2133 5770 (lCor.

547 5779 770 5854 m,9).

612 5919 630 5952 ⁸
663 5916 767 5971 sola
785 5916 933 5971 editio
949 5922 1078 5981 πλον..
1101 5920 1274 5972 eadem.

1418 6012 1451 6019 ...Α

1614 408 1703 466 DE
1737 398 2065 465 CIVITATE
2102 392 2237 471 DBi,
2276 399 2335 458 S.
2379 392 2750 462 AUGUSTIN!

3725 412 3837 471 ιρι

2243 515 2473 575 CAPUT
2511 518 2597 575 VI.
2633 546 2708 561 --
2758 516 2941 588 Qualis
2988 523 3316 596 intelligenda
3362 526 3426 582 sit
3476 543 3585 583 esse
3627 527 3839 602 locutio,

2672 629 2771 685 qua
2798 614 2936 669 Deus
2961 615 3173 691 Angelis
3196 616 3442 691 loquitur.

2313 724 2366 780 l.
2404 722 2619 782 Poterat
2641 734 2697 783 et
2733 722 2901 796 illud,
2925 730 3139 802 quando
3191 731 3360 789 lactus
3403 738 3487 791 est
3515 733 3716 804 homo,
3769 737 3845 797 de

2242 808 2460 887 Angelis
2482 814 2703 891 intelligi
2728 817 2871 891 quod
2897 819 3101 877 dictum
3122 828 3225 891 est,
3256 822 3532 882 Faciamus
3559 826 3840 899 hominem,

2239 907 2362 977 quia
2388 916 2494 963 non
2516 907 2684 979 dixit,
2713 907 2929 969 Faciam
2955 929 2969 967 :
3000 910 3096 970 sed
3122 915 3247 986 quia
3282 916 3524 989 sequitur
3542 962 3558 991 ,
3585 921 3654 975 ad
3705 921 3842 977 ima-

2239 994 2405 1070 ginem
2434 1011 2694 1069 nostram;
2720 1014 2821 1058 nec
2849 996 2931 1060 las
2956 1011 3039 1062 est
3068 1005 3296 1063 Credere
3321 1006 3388 1065 ad
3412 1008 3699 1081 imaginem
3730 1011 3846 1069 Au-

2238 1090 2475 1160 gelorum
2497 1089 2769 1149 hominem
2784 1091 3002 1163 factum,
3023 1102 3117 1153 aut
3142 1096 3388 1155 eamdem
3410 1115 3530 1163 esse
3549 1102 3842 1174 imaginem

2239 1177 2564 1254 Angelorum
2592 1194 2647 1241 et
2672 1185 2804 1254 Dei;
2835 1184 2958 1245 ideo
2982 1194 3133 1246 recte
3157 1186 3265 1261 illic
3289 1189 3598 1264 intelligitur
3653 1196 3843 1267 plura-

2240 1266 2362 1332 litas
2389 1270 2682 1333 Trinitatis.
2712 1277 2844 1346 Quae
2874 1289 3053 1337 tamen
3085 1280 3319 1340 Trinitas
3342 1325 3357 1352 ,
3389 1286 3510 1359 quia
3563 1266 3704 1344 unus
3755 1298 3844 1346 est

2239 1362 2403 1435 Deus,
2431 1367 2590 1423 etiam
2620 1384 2743 1425 cum
2771 1370 3014 1442 dixisset,
3033 1368 3308 1431 Faciamus
3330 1391 3350 1432 :
3370 1372 3439 1432 Et
3463 1375 3607 1448 fecit,
3634 1378 3840 1452 inquit,

2238 1453 2380 1513 Deus
2400 1458 2652 1515 hominem
2679 1460 2749 1517 ad
2772 1458 3044 1539 imaginem
3096 1464 3195 1522 Dei
3230 1466 3384 1538 (Gen.
3401 1484 3441 1537 ι,
3467 1470 3559 1535 26,
3580 1468 3700 1544 26):
3732 1486 3843 1531 non

2238 1550 2387 1620 dixit,
2405 1553 2669 1612 Fecerunt
2684 1555 2777 1623 dii,
2790 1564 2900 1626 aut,
2919 1558 2989 1615 ad
3000 1557 3281 1633 imaginem
3298 1559 3537 1618 deorum.
3554 1563 3773 1621 Poterat
3786 1576 3845 1623 et

2238 1639 2327 1699 hic
2351 1645 2535 1702 eadem
2553 1647 2777 1720 intelligi
2812 1646 3065 1717 Trinitas,
3097 1660 3347 1723 tanquam
3378 1651 3536 1712 Pater
3556 1654 3754 1715 dixerit
3768 1659 3844 1716 ad

2240 1732 2429 1792 Filium
2448 1746 2502 1795 et
2516 1738 2769 1810 Spiritum
2787 1748 3050 1812 sanctum,
3068 1740 3260 1811 Venite,
3279 1753 3326 1801 et
3338 1746 3697 1805 descendentes
3720 1766 3843 1806 con-

2239 1827 2517 1898 ftmdamus
2557 1828 2626 1888 ibi
2659 1833 2887 1907 linguam
2932 1851 3143 1902 eorum;
3183 1836 3227 1893 si
3264 1837 3462 1914 aliquid
3487 1848 3664 1911 esset,
3697 1845 3842 1916 quod

2239 1916 2475 1992 Angelos
2501 1922 2811 1996 prohiberet
2850 1924 3331 2001 intelligi:Quibus
3374 1931 3549 2003 potius
3586 1937 3844 1993 convenit

2238 2014 2422 2073 venire
2448 2015 2516 2073 ad
2544 2014 2710 2074 Deum
2742 2019 2980 2078 motibus
3008 2021 3243 2090 sanctis,
3291 2020 3394 2080 hoc
3438 2034 3521 2081 est
3553 2026 3842 2099 cogitatio-

2239 2104 2397 2164 nibus
2428 2109 2528 2180 piis
2552 2152 2566 2176 ,
2598 2110 2791 2183 quibus
2819 2112 2888 2170 ab
2936 2113 3015 2171 eis
3043 2114 3341 2171 consulitur
3388 2116 3844 2178 incommutabilis

2238 2199 2473 2269 Veritas,
2505 2208 2754 2277 tanquam
2788 2203 2878 2277 lex
2906 2213 3106 2263 aeterna
3134 2206 3187 2261 in
3212 2205 3304 2264 illa
3337 2222 3523 2266 eorum
3570 2210 3723 2269 curia
3750 2226 3843 2268 sn-

2239 2300 2424 2361 pcrna.
2453 2274 2639 2366 Neque
2660 2296 2808 2352 enim
2831 2274 2956 2353 ‘Iibi
2996 2297 3095 2369 ipsi
3117 2303 3243 2353 sunt
3270 2298 3503 2364 veritas;
3532 2297 3628 2356 sed
3679 2316 3842 2360 crea-
3867 2356 3878 2363 .

2240 2382 2388 2441 tricis
2407 2386 2699 2460 participes
2739 2384 3026 2456 Veritatis,
3055 2388 3124 2443 ad
3171 2386 3317 2443 illam
3374 2397 3675 2456 moventur,
3717 2398 3843 2450 tan-

2238 2484 2398 2548 quam
2426 2477 2497 2534 ad
2519 2476 2722 2536 fontem
2750 2482 2893 2545 vitae,
2912 2487 2971 2535 ut
2995 2478 3138 2552 quod
3161 2495 3265 2535 non
3288 2479 3487 2538 habent
3515 2497 3580 2539 ex
3596 2497 3657 2540 se
3678 2480 3840 2557 ipsis,

2236 2568 2536 2640 captante:
2564 2568 2699 2643 ipsa.
2727 2571 2795 2628 Et
2818 2586 3007 2629 eorum
3066 2571 3274 2649 stabilis
3319 2582 3403 2630 est
3456 2572 3557 2630 iste
3585 2584 3763 2633 motus
3793 2579 3840 2645 ι,

2239 2674 2347 2733 quo
2373 2663 2614 2733 veniunt,
2643 2664 2733 2735 qui
2759 2674 2865 2719 non
2889 2663 3191 2721 recedunt’.
3224 2660 3334 2723 Nec
3354 2665 3432 2722 sic
3460 2662 3697 2738 loquitur
3726 2669 3841 2727 An-

2237 2750 2373 2825 gelis
2400 2752 2542 2810 Deus
2566 2797 2580 2821 ,
2627 2757 2898 2828 quomodo
2938 2770 3037 2813 nos
3078 2757 3306 2814 invicem
3350 2758 3534 2827 nobis,
3561 2758 3648 2815 vel
3700 2761 3840 2831 Deo,

2230 2842 2324 2901 vel
2377 2846 2615 2918 Angelis,
2676 2849 2762 2905 vel
2810 2846 2912 2921 ipsi
2963 2847 3159 2921 Angcll
3204 2847 3394 2917 nobis,
3426 2848 3541 2907 sive
3594 2866 3691 2923 per
3719 2851 3843 2908 illos

2240 2936 2380 2992 Deus
2440 2936 2624 3005 nobis;
2656 2938 2752 2995 sed
2789 2932 3046 2996 lnctlablli
3076 2950 3174 2997 suo
3224 2936 3424 3008 modo,
3456 2941 3611 2997 nobis
3655 2950 3842 3001 autem

2237 3030 2344 3088 hoc
2392 3030 2658 3088 indicatur
2704 3036 2893 3090 nostra
2936 3032 3117 3091 modo.
3163 3031 3255 3091 Dei
3312 3035 3508 3109 quippe
3553 3033 3843 3094 sublimior

2241 3132 2369 3180 ante
2393 3138 2547 3181 suum
2577 3124 2772 3182 factum
2796 3124 2996 3184 locutio
3014 3169 3029 3195 ,
3053 3126 3221 3199 ipsius
3248 3127 3332 3184 sui
3359 3126 3483 3185 facti
3506 3137 3591 3185 est
3637 3130 3841 3188 immu-

2238 3216 2417 3274 tabilis
2438 3217 2575 3274 ratio
2594 3260 2607 3285 ,
2641 3232 2759 3291 quas
2780 3232 2889 3277 non
2918 3218 3083 3278 habet
3101 3236 3292 3277 sonum
3323 3228 3650 3295 strepentem
3676 3232 3844 3298 atque

2241 3317 2645 3376 transeuntem,
2698 3311 2799 3368 sed
2845 3314 2952 3368 vim
2994 3314 3322 3387 sempiterno
3391 3325 3737 3385 manentem,
3786 3327 3846 3377 et

2236 3403 2611 3474 temporaliter
2630 3413 2960 3476 operantem.
2985 3402 3098 3461 Hac
3118 3405 3353 3477 loquitur
3368 3407 3585 3478 Angelis
3612 3408 3841 3478 sanctis,

2240 3494 2395 3552 nobis
2419 3504 2601 3552 autem
2625 3495 2786 3555 aliter
2809 3496 2966 3571 longe
2991 3496 3202 3569 positis.
3229 3496 3455 3567 Quando
3470 3508 3647 3556 autem
3675 3502 3844 3559 etiam

2240 3602 2339 3643 nos
2368 3585 2566 3663 aliquid
2598 3588 2718 3645 talis
2746 3586 3034 3645 loeutionis
3069 3589 3417 3647 interioribus
3466 3591 3689 3648 auribus
3744 3610 3841 3650 ca-

2241 3682 2447 3752 pimus,
2480 3680 2701 3754 Angelis
2728 3684 3165 3754 propinquamus.
3188 3682 3306 3741 Non
3338 3686 3514 3758 itaque
3542 3686 3679 3743 mihi
3699 3690 3844 3745 assi-

2239 3773 2344 3830 due
2370 3772 2641 3831 reddcnda
2667 3782 2750 3831 est
2776 3777 2915 3832 ratio
2948 3776 3003 3832 in
3033 3775 3135 3833 hoc
3154 3792 3319 3851 opere
3367 3775 3435 3835 de
3478 3779 3845 3840 locutionibus

2247 3864 2367 3923 Dei.
2399 3869 2506 3923 Aut
2545 3868 2687 3923 enim
2714 3864 2929 3925 Veritas
2958 3868 3406 3927 incommutabilis
3433 3889 3527 3945 per
3557 3890 3617 3930 se
3664 3875 3846 3947 ipsam

2241 3959 2582 4016 ined‘abiliter
2625 3962 2861 4033 loquitur
2903 3960 3180 4021 rationalis
3237 3972 3496 4021 creatura:
3535 3968 3843 4038 mentibus,

2240 4058 2333 4111 aut
2360 4066 2456 4124 per
2484 4050 2795 4129 mutabilem
2823 4061 3126 4111 creaturam
3148 4053 3403 4128 loquitur,
3428 4052 3542 4113 sive
3580 4059 3846 4131 Spiritus-

2240 4144 2380 4201 libus
2402 4143 2723 4215 imaginibus
2772 4154 2959 4203 nostro
2997 4147 3238 4220 spiritui,
3296 4149 3409 4205 sive
3464 4150 3846 4227 corporalibus

2241 4238 2462 4295 vocibus
2490 4239 2733 4311 corporis
2755 4239 2958 4295 sensui.

2310 4329 2366 4385 Ξ.
2407 4330 2539 4386 Illud
2567 4345 2695 4387 sane
2725 4330 2868 4403 quod
2891 4328 3094 4387 dictum
3121 4340 3237 4401 est,
3269 4330 3334 4388 Et
3377 4350 3516 4389 nunc
3562 4351 3665 4392 non
3711 4338 3847 4409 deﬁ-

2240 4423 2372 4480 cient
2401 4439 2465 4479 es:
2482 4421 2586 4478 illis
2614 4424 2807 4493 omnia,
2821 4440 2934 4495 qua!
2957 4422 3125 4481 conati
3140 4424 3327 4498 fuerint
3343 4428 3510 4499 facere
3531 4422 3641 4501 (Id.
3659 4446 3739 4494 ιι.
3761 4431 3843 4502 6),

2241 4531 2349 4572 non
2400 4513 2603 4571 dictum
2648 4523 2734 4571 est
2777 4514 3307 4582 conﬁrmando,sed
3355 4527 3607 4593 tanquam
3667 4521 3844 4579 inter-

2241 4608 2481 4682 rogando
2499 4650 2524 4678 ,
2544 4610 2685 4668 sicut
2718 4606 2855 4666 solet
2879 4626 2910 4665 a
2933 4606 3380 4668 comminantibus
3409 4610 3513 4671 dici
3533 4655 3548 4683 ,
3576 4614 3847 4686 quemad-

2242 4699 2460 4763 modum
2485 4700 2562 4757 ait
2586 4694 2801 4772 quidam
2820 4742 2849 4768 ,.

2306 4828 2565 4873 mm
2583 4814 3190 4943 °“’°"(‘°Sti‘lf‘$ieii

2244 4980 2333 5042 Sic
2363 4999 2492 5056 ergo
2547 4978 2919 5066 accipiendum
2948 4991 3065 5051 est,
3097 4991 3347 5055 tanquam
3396 4983 3625 5054 dixerit,
3648 4982 3849 5046 Nonne

2244 5080 2423 5139 omnia
2452 5075 2705 5134 deﬁcient
2730 5092 2795 5132 ex
2824 5076 2959 5143 illis,
2983 5090 3104 5146 qua:
3150 5074 3327 5132 conati
3376 5076 3573 5133 fuerint
3623 5077 3851 5140 facere?

2243 5171 2348 5228 Sed
2381 5170 2422 5226 si
2451 5168 2522 5224 ita
2575 5166 2803 5235 dicatur,
2835 5182 2939 5220 non
2995 5167 3247 5239 exprimit
3271 5170 3712 5229 comminantem.
3745 5175 3850 5229 Vc-

2245 5280 2364 5325 rum
2393 5272 2610 5333 prepter
2654 5258 3006 5315 tardiusculos
3060 5259 3362 5317 addidimus
3402 5264 3724 5333 particulam
3746 5309 3767 5335 ,
3800 5269 3852 5324 id

2247 5367 2327 5413 est
2348 5398 2362 5423 ,
2386 5352 2460 5410 Nc
2482 5396 2495 5418 ,
2520 5361 2580 5407 ut
2603 5350 2936 5421 diceremus,
2966 5350 3189 5407 Nonne:
3218 5354 3470 5422 quoniam
3492 5370 3678 5430 vocem
3719 5372 3850 5430 pro-

2248 5448 2541 5506 nuntiantis
2562 5444 2801 5500 scribere
2817 5459 2926 5500 nou
2945 5458 3247 5517 possumus.
3269 5442 3351 5500 Ex
3372 5442 3476 5501 illis
3493 5446 3652 5519 igitur
3674 5453 3855 5509 tribus

2248 5535 2556 5595 hominibus
2575 5575 2590 5601 ,
2622 5532 2733 5589 Noe
2768 5532 2887 5588 ﬁliis
2908 5574 2923 5600 ,
2953 5535 3287 5606 septuaginta
3319 5544 3463 5605 tres,
3486 5538 3568 5592 vel
3621 5542 3811 5609 potius
3837 5586 3854 5611 ,

2250 5642 2308 5688 ut
2335 5632 2470 5687 ratio
2494 5629 2829 5685 declaratum
2859 5635 2943 5683 est
2964 5668 2980 5695 ,
3009 5629 3344 5701 septuaginta
3361 5628 3478 5686 dua:
3497 5641 3691 5702 gentes
3726 5636 3854 5692 toti-

2318 5794 2563 5841 ’ltaMss.
2606 5794 2657 5838 At
2698 5784 3853 5847 editimtidco'eomnstabt‘liscstistemo-

2254 5868 2343 5905 ms.

2256 5870 2271 5901 ῑ
2333 5893 2343 5905 .

2256 5870 2338 5950 ω’
2375 5926 2496 5979 uss,
2522 5918 2631 5978 quia
2654 5925 2747 5964 non
2770 5912 3013 5964 recedunt.
