4054 6494
271 429 366 493 ωδ

262 553 486 622 demque
511 547 709 619 linguae
737 543 816 618 (α)
853 557 950 616 per
1001 551 1172 599 terras
1223 551 1348 598 esse
1393 547 1672 611 eruperunt
1691 575 1708 606 ,
1735 549 1854 608 quae

263 640 554 703 crescendo
597 648 654 695 et
683 638 886 695 insulas
911 635 1290 708 impleverunt.
1318 633 1520 688 Auctus
1569 639 1654 686 est
1679 637 1858 684 autem

263 747 520 796 numerus
564 733 808 805 gentium
846 729 1018 785 multo
1044 725 1274 798 amplius
1320 739 1480 797 quam
1531 725 1854 796 linguarum.

259 829 392 890 Nam
413 837 470 886 et
497 827 554 882 in
581 825 766 882 Africa
795 823 1051 882 barbaras
1090 827 1280 893 gentes
1307 819 1362 875 in
1391 833 1494 874 una
1535 817 1714 888 lingua
1735 815 1856 886 plu-

262 923 424 982 rimas
471 919 761 986 novimus;
812 925 868 976 et
919 913 1166 972 homines
1219 911 1468 983 quidem,
1505 909 1859 981 multiplicato

262 1027 460 1092 genere
509 1013 786 1080 humano,
839 1008 910 1065 ad
954 1006 1158 1064 insulas
1209 1001 1580 1060 inhabitandas
1647 999 1860 1073 navigio

263 1107 494 1167 transire
517 1105 784 1178 potuisse,
806 1099 930 1174 quis
950 1095 1222 1169 ambigat?

263 1221 492 1282 CAPUT
519 1219 636 1276 Vll.
663 1247 736 1260 --
765 1217 846 1272 An
886 1229 1034 1270 omne
1080 1211 1354 1267 bestiarum
1391 1223 1548 1281 genus
1587 1207 1858 1282 etiamfa-

330 1277 632 1348 motiasimc
666 1307 702 1345 α
720 1283 1066 1344 terminantur
1121 1297 1260 1339 exeo
1287 1277 1498 1336 uniero
1541 1277 1857 1349 acceperint,

331 1366 420 1437 qui
443 1365 506 1420 ἂι
528 1377 654 1419 area
677 1377 714 1416 α
739 1359 918 1414 diluvii
943 1353 1280 1413 inundatione
1303 1361 1528 1410 matus
1551 1361 1648 1406 est.

331 1455 444 1514 Sed
471 1455 704 1528 (ξηειἱο
742 1453 814 1510 de
835 1450 986 1508 omni
1021 1461 1218 1522 genere
1267 1446 1562 1502 bestiarum
1589 1450 1706 1508 est,
1743 1453 1862 1512 quae

263 1552 362 1611 sub
389 1565 524 1608 cura
573 1549 852 1606 hominum
899 1559 1006 1602 non
1033 1551 1160 1600 sunt
1178 1582 1196 1610 ,
1223 1555 1326 1598 nec
1367 1539 1526 1596 sicuti
1565 1553 1710 1594 rana:
1763 1547 1860 1590 na-

265 1653 492 1706 scuntur
517 1660 586 1702 ex
621 1653 764 1701 terra
783 1683 798 1710 ,
829 1640 926 1698 sed
953 1639 1070 1696 sola
1089 1635 1472 1694 mixtione
1509 1632 1672 1690 maris
1699 1639 1754 1688 et
1778 1628 1860 1686 fe-

265 1741 424 1797 minae
469 1743 868 1811 propagentur,
911 1733 1050 1788 sicut
1077 1729 1188 1802 lupl
1227 1737 1388 1800 atque
1423 1723 1732 1796 hujusmodi
1759 1737 1862 1780 ca:-

261 1845 398 1900 tera,
423 1830 704 1903 quomodo
723 1835 846 1898 post
867 1825 1148 1891 diluvium,
1172 1837 1280 1894 quo
1307 1833 1372 1878 ea
1391 1835 1510 1892 quae
1537 1821 1590 1874 in
1613 1833 1738 1874 area
1755 1831 1862 1872 non

265 1931 450 1990 erant,
480 1929 674 1979 cuncta
703 1920 882 1976 deleta
905 1928 1064 1986 sunt,
1095 1915 1260 1972 etiam
1287 1911 1342 1970 in
1383 1911 1574 1969 insulis
1607 1925 1730 1967 esse
1767 1923 1863 1980 po-

263 2019 486 2084 tuerint,
506 2018 554 2073 si
581 2023 830 2086 reparata
873 2025 980 2068 non
1017 2019 1142 2067 sunt
1167 2009 1268 2066 nisi
1289 2023 1355 2065 ex
1385 2007 1504 2076 his,
1525 2019 1746 2076 quorum
1773 2017 1864 2075 ge-

263 2125 392 2170 nere
423 2111 480 2168 in
507 2117 742 2180 utroque
769 2119 902 2164 sexu
931 2117 1054 2160 arca
1085 2103 1340 2160 servavit.
1371 2101 1606 2157 Possunt
1644 2097 1861 2170 quidem

265 2207 408 2266 credi
447 2205 518 2262 ad
563 2204 764 2260 insulas
815 2199 1052 2257 natando
1091 2197 1384 2263 transisse,
1425 2193 1521 2252 sed
1569 2193 1863 2265 proximas.

263 2301 398 2361 Sunt
423 2307 610 2357 autem
641 2297 882 2370 quantum
927 2303 1034 2350 tam
1065 2293 1224 2364 longe
1253 2289 1440 2362 posita:
1465 2303 1496 2343 a
1535 2285 1862 2344 continenti-

267 2397 363 2453 bus
387 2395 575 2461 tcrris,
603 2399 666 2448 ut
701 2391 770 2446 ad
795 2401 886 2448 eas
935 2387 1078 2444 nulla
1110 2385 1358 2442 videatur
1399 2394 1584 2438 natare
1623 2379 1864 2452 potuisse

269 2485 586 2545 bestiarum.
615 2483 774 2553 Quod
815 2481 858 2538 si
899 2480 1146 2536 homines
1179 2491 1271 2533 eas
1315 2482 1502 2547 captas
1543 2487 1724 2529 secm
1769 2471 1865 2527 ad-

267 2589 568 2644 vexerunt,
599 2587 654 2634 et
683 2587 749 2634 eo
787 2575 946 2632 modo
975 2571 1066 2629 ubi
1093 2569 1406 2627 habitabant
1447 2581 1636 2624 earum
1663 2575 1865 2639 genera

270 2673 642 2738 instituerunt,
671 2667 900 2725 venandi
927 2663 1108 2722 studio
1137 2661 1254 2720 ﬁeri
1281 2661 1524 2733 potuisse
1552 2657 1866 2716 incredibile

271 2779 374 2822 non
419 2773 512 2821 est
547 2781 562 2818 :
603 2761 850 2834 quamvis
897 2759 1048 2830 jussu
1097 2755 1192 2812 Dei
1241 2755 1356 2810 sive
1402 2753 1668 2825 permissu
1703 2751 1866 2808 etiam

271 2871 436 2930 opere
471 2855 802 2926 Angelorum
833 2849 1136 2923 negandum
1179 2861 1289 2902 non
1321 2845 1390 2902 sit
1417 2845 1658 2916 potuisse
1687 2852 1866 2898 trans-

269 2949 416 3008 ferri.
443 2947 506 3007 Si
535 2962 666 3004 vero
689 2961 720 3004 e
744 2955 886 3002 terra
901 2949 1108 3002 exortae
1128 2949 1252 2996 sunt
1279 2938 1576 2996 secundum
1601 2936 1867 3008 originem

271 3045 520 3118 primam,
555 3041 774 3114 quando
813 3039 950 3095 dixit
981 3039 1119 3094 Deus
1139 3077 1154 3102 ,
1187 3033 1448 3090 Producat
1478 3041 1614 3088 terra
1641 3031 1868 3086 enim

273 3141 438 3196 eiram
465 3133 622 3209 (Gen.
653 3151 705 3203 t,
727 3133 820 3206 24)
857 3152 870 3188 :
903 3132 1072 3188 multo
1108 3129 1307 3186 clarius
1334 3133 1590 3198 apparet,
1623 3139 1730 3178 non
1757 3131 1868 3178 tam

273 3231 702 3306 reparandarum
727 3225 1036 3284 animalium
1065 3237 1246 3288 causa,
1277 3235 1439 3293 quam
1469 3217 1868 3290 ilgurandarum

275 3327 544 3384 variarum
575 3323 818 3396 gentium
846 3329 1070 3391 propter
1095 3315 1350 3373 Ecclesia:
1391 3318 1792 3368 sacramentum
1815 3308 1870 3364 in

278 3435 397 3478 arca
427 3419 596 3476 fuisse
622 3417 802 3472 omnia
827 3427 1044 3486 genera,
1073 3411 1118 3467 si
1161 3411 1213 3464 in
1241 3407 1430 3466 insulis
1455 3447 1468 3472 ,
1509 3419 1616 3476 quo
1639 3401 1872 3460 transire

279 3533 381 3572 non
412 3519 657 3586 possent,
689 3511 854 3566 multa
882 3505 1134 3564 animalia
1163 3513 1303 3560 terra
1331 3501 1603 3573 produxit.

279 3629 502 3688 CAPUT
533 3627 767 3684 Vlll.—
807 3627 885 3680 Att
921 3640 984 3680 ea:
1021 3619 1300 3694 propagine
1341 3617 1505 3672 Adam
1547 3617 1622 3670 vel
1651 3615 1876 3694 filiorum

320 3701 436 3758 Noe
463 3702 700 3774 qua'dam
729 3713 912 3771 genera
937 3687 1205 3750 hominum
1225 3699 1510 3745 monstrosa
1539 3687 1836 3758 prodierint.

349 3819 402 3874 1.
429 3817 702 3886 Quaeritur
747 3813 930 3878 etiam,
957 3817 1134 3866 utrum
1162 3823 1233 3862 ex
1263 3803 1384 3860 [iliis
1411 3801 1522 3859 Noe
1541 3845 1556 3868 ,
1587 3801 1670 3858 vel
1701 3801 1877 3872 potius

281 3927 346 3969 ex
367 3911 459 3966 illo
485 3923 592 3964 uno
623 3906 862 3972 homine,
890 3901 1030 3958 unde
1057 3899 1226 3957 etiam
1255 3897 1356 3968 ipsi
1384 3895 1718 3959 exstiterunt,
1751 3907 1878 3964 pro-

283 4011 470 4078 pagata
513 4016 636 4060 esse
679 3997 1006 4056 credendum
1043 3993 1113 4048 sit
1140 3989 1383 4062 quaedam
1425 3997 1730 4043 monstrosa
1777 3985 1878 4041 ho-

283 4077 488 4156 minum
513 4109 746 4168 genera,
779 4105 896 4162 quae
939 4087 1180 4160 gentium
1221 4091 1403 4139 narrat
1445 4077 1668 4135 historia
1697 4095 1710 4132 :
1742 4078 1883 4133 sicut

281 4189 633 4264 perhibentur
671 4183 888 4256 quidam
933 4193 1097 4235 unum
1143 4175 1345 4231 habere
1375 4171 1588 4227 oculum
1617 4170 1670 4225 in
1711 4169 1882 4225 fronte

282 4285 462 4344 media
492 4302 506 4338 :
539 4279 860 4354 quihusdam
901 4275 1113 4346 plantas
1137 4285 1321 4326 versas
1368 4283 1488 4324 esse
1514 4275 1636 4338 post
1675 4279 1831 4321 crura
1865 4282 1879 4319 :

283 4377 606 4453 quibusdam
631 4373 910 4442 utriusque
935 4382 1095 4423 sexus
1120 4379 1240 4421 esse
1267 4371 1532 4426 naturam,
1563 4369 1616 4416 ct
1640 4357 1883 4414 dextram

283 4485 577 4530 mammam
606 4467 852 4534 virilem,
877 4463 1152 4520 sinistram
1185 4456 1508 4513 muliebrem
1527 4497 1544 4522 ,
1575 4453 1885 4524 vicibusque

281 4563 508 4622 alternis
535 4557 782 4618 coeundo
807 4557 825 4588 ¹
851 4565 907 4612 et
929 4553 1150 4627 gignere
1171 4560 1226 4606 ct
1251 4563 1441 4620 parere
1469 4566 1480 4602 :
1510 4545 1631 4602 aliis
1658 4561 1750 4600 ora
1778 4561 1884 4600 non

283 4671 428 4726 esse,
459 4667 666 4726 eosque
687 4667 788 4725 per
817 4663 978 4706 nares
1009 4641 1381 4702 tantummodo
1425 4639 1592 4696 halitu
1612 4639 1634 4674 ⁸
1661 4639 1839 4696 vivere
1870 4659 1882 4695 :

283 4751 420 4809 alios
445 4756 654 4806 statura
669 4760 792 4804 esse
813 4741 1096 4808 cubitales,
1114 4753 1250 4811 quos
1266 4737 1546 4809 Pygmaeos
1568 4733 1641 4808 (b)
1659 4749 1690 4790 a
1710 4727 1890 4790 cubito

287 4843 464 4904 Graeci
493 4848 694 4898 vocant
724 4856 740 4895 :
773 4836 900 4892 alibi
927 4835 1299 4906 quinquennes
1325 4827 1608 4899 concipere
1629 4825 1884 4895 feminas,

285 4945 342 4994 et
369 4945 620 4992 octavum
647 4931 773 4986 vitae
815 4942 1016 4984 annum
1057 4940 1167 4982 non
1213 4921 1494 4980 excedere.
1539 4919 1671 4976 ltem
1713 4917 1890 4976 ferunt

289 5043 414 5086 esse
441 5035 660 5100 gentem
684 5065 702 5092 ,
729 5023 824 5078 ubi
870 5019 1076 5094 singula
1119 5033 1276 5074 crura
1307 5017 1360 5072 in
1401 5013 1623 5086 pedibus
1657 5011 1888 5082 habent,

295 5137 400 5180 nec
424 5119 680 5193 poplitem
720 5116 976 5180 ﬂectunt,
1008 5121 1062 5170 ct
1097 5119 1222 5168 sunt
1273 5105 1530 5165 mirabilis
1566 5105 1889 5173 celeritatis;

287 5231 428 5290 ratos
441 5211 738 5284 Sciopodas
756 5209 824 5282 (ο)
847 5217 1060 5274 vocant,
1077 5204 1218 5278 quod
1237 5219 1332 5276 per
1357 5211 1546 5257 aestum
1575 5201 1650 5254 int
1673 5215 1791 5255 erra
1813 5199 1896 5270 ja-

292 5318 488 5368 centes
509 5304 752 5376 resupini
782 5301 970 5358 umbra
993 5314 1052 5354 se
1073 5297 1265 5368 pedum
1299 5301 1578 5366 protegant
1601 5308 1613 5346 :
1635 5290 1892 5362 quosdam

297 5403 412 5460 sine
429 5399 644 5456 cervice
669 5395 858 5452 oculos
901 5392 1160 5448 habentes
1199 5389 1251 5442 in
1285 5386 1563 5440 humeris:
1611 5393 1666 5438 et
1705 5391 1896 5438 caetera

295 5495 598 5558 hominum,
627 5489 710 5544 vel
743 5487 895 5559 quasi
923 5484 1203 5539 hominum
1230 5493 1428 5550 genera
1449 5519 1464 5544 ,
1497 5491 1618 5548 qua:
1651 5473 1702 5529 in
1731 5474 1896 5528 mari-

361 5631 380 5664 ι
413 5637 541 5690 uss,
567 5621 985 5690 uicibusqueintcg'
1008 5633 1057 5672 se
1072 5617 1307 5690 coeundo.

361 5694 384 5726 ³
413 5671 550 5753 ἦίῇ
569 5671 1048 5752 'sﬁiéimid‘ét’mttsso
1064 5681 1232 5730 halitu.
1264 5678 1434 5739 verba,
1461 5679 1677 5736 suscepto
1697 5677 1744 5723 et
1761 5671 1900 5724 cmis-

295 5759 750 5822 ao,ahsuntaﬁr~'so
820 5815 832 5822 _
939 5815 948 5822 ,
1037 5811 1045 5820 _
1109 5815 1135 5822 κ
1383 5819 1441 5822 Α
1496 5796 1876 5822 ,ηηιηηεηηη

363 5796 1010 5886 5513234353;Ian-imusne
1037 5811 1080 5858 i=1
1109 5807 1342 5886 trtttlmnm
1367 5819 1462 5862 (τιν,
1491 5809 1540 5854 et
1563 5799 1826 5852 Eucherius
1847 5796 1904 5848 lio

297 5873 390 5938 lin}
412 5873 628 5934 secundo
653 5884 702 5929 iu
721 5879 961 5934 Genesim,
989 5888 1091 5932 esp.
1187 5881 1448 5938 _t_;t.iot;.;.t's.

391 5931 680 6010 {stilaverint-gi
695 5943 836 5996 dicti,
862 5931 996 6010 quasi
1019 5931 1276 6010 cubitali-.5.

391 5951 436 6010 ἐι)
473 5951 680 6008 Pvgnta-i
695 5951 836 5996 dicti,
862 5951 996 6000 quas:
1019 5951 1272 5986 (tumulive.

362 5951 438 6073 Ec)
469 5999 742 6074 saeratae,
771 6005 907 6066 quasi
943 5997 1272 6060 unthripedes.

1493 419 1698 480 LIBER
1739 415 2041 477 DECIMUS
2077 415 2358 478 SEX'HJS.

1971 535 2098 591 tima
2129 535 2302 606 platea
2329 531 2666 607 Carthaginis
2699 537 2910 594 musivo
2935 537 3076 608 picta
3109 547 3267 604 sunt,
3293 553 3360 594 ex
3397 538 3549 596 libris

1961 629 2274 700 deprompta
2325 629 2472 686 velut
2517 630 2826 688 curiosioris
2875 629 3132 688 historice.
3181 630 3320 700 Quid
3371 631 3546 688 dicam

1961 721 2032 778 de
2045 721 2433 794 (lynocephalis
2453 722 2532 794 (α)
2551 761 2564 786 ,
2584 733 2814 794 quorum
2831 723 3022 780 castius
3037 723 3212 793 capita
3238 732 3398 796 atque
3429 723 3543 796 ipa

1963 815 2186 872 latratus
2211 817 2380 887 mgis
2407 817 2608 872 bestias
2635 833 2796 888 quam
2825 817 3072 876 homines
3093 819 3417 874 conﬁtetur?
3443 818 3551 876 Sed

1961 911 2144 966 omnia
2177 923 2372 982 genera
2399 911 2680 966 hominum
2714 927 2834 983 qum
2864 911 3110 970 dicatur
3133 928 3256 970 esse
3277 955 3294 979 ,
3323 913 3550 972 creviere

1961 1015 2072 1060 non
2115 1014 2196 1060 est
2233 1019 2478 1062 necesse.
2535 1003 2732 1061 Verum
2773 1003 3018 1076 quisquis
3057 1005 3264 1076 uspiam
3311 1007 3552 1064 irascitur

1963 1097 2162 1165 homo,
2193 1095 2248 1152 id
2295 1105 2378 1153 est
2419 1096 2620 1152 animal
2657 1095 2920 1153 rationale
2969 1097 3230 1164 mortale,
3259 1097 3552 1168 quamlibet

1963 1188 2166 1246 nostris
2195 1188 2503 1244 inusitatam
2544 1185 2792 1244 semibus
2815 1197 2972 1259 gerat
3005 1188 3252 1259 corporis
3293 1187 3546 1258 formam,

1963 1293 2062 1339 seu
2089 1283 2356 1349 colorem,
2385 1282 2502 1338 sive
2527 1288 2730 1338 mettum
2750 1321 2770 1348 ,
2795 1279 2910 1336 sive
2941 1293 3154 1346 sonum,
3179 1279 3296 1336 sive
3317 1280 3554 1351 qualibet

1963 1376 2038 1443 vi,
2067 1375 2302 1446 qualibet
2339 1381 2510 1444 parte,
2539 1371 2780 1444 qualibet
2809 1371 3072 1444 qualitate
3099 1378 3302 1426 natura:
3321 1411 3342 1440 ,
3363 1387 3430 1428 ex
3457 1371 3550 1430 illo

1963 1483 2078 1526 uno
2105 1469 2432 1540 prot0plasto
2457 1468 2722 1539 originem
2747 1465 2966 1534 dueere,
2991 1465 3172 1520 nullus
3193 1463 3428 1520 fidelium
3447 1465 3548 1522 du-

1967 1555 2236 1620 bitaverit.
2265 1563 2502 1634 Apparet
2531 1571 2712 1617 tamen
2737 1559 2866 1632 quid
2891 1559 2948 1614 in
2973 1557 3218 1642 pluribus
3241 1564 3427 1614 natura
3453 1556 3552 1614 ob-

1965 1656 2210 1724 tinuerit,
2233 1665 2288 1712 et
2311 1655 2436 1726 quid
2457 1655 2526 1710 sit
2553 1654 2668 1724 ipsa
2691 1652 2914 1708 raritate
2935 1649 3200 1706 mirabile.

2036 1749 2091 1802 2.
2133 1749 2314 1818 Qualis
2343 1755 2522 1802 autem
2545 1746 2683 1802 ratio
2711 1744 2954 1802 redditur
2981 1742 3052 1800 de
3075 1741 3394 1800 moustrosis
3417 1739 3558 1812 apud

1965 1853 2068 1897 nos
2097 1840 2374 1896 hominum
2413 1839 2688 1910 partubus,
2721 1837 2844 1894 talis
2883 1836 2952 1892 de
2987 1834 3310 1892 onstrosis
3337 1833 3556 1904 quibus-

1967 1933 2090 1990 dam
2132 1933 2382 2006 gentibus
2427 1931 2580 1988 reddi
2635 1938 2832 2002 potest.
2861 1929 3008 1984 Deus
3031 1927 3176 1984 enim
3225 1935 3436 1982 creator
3477 1933 3561 1982 est

1968 2029 2230 2094 omnium,
2263 2027 2354 2098 qui
2383 2025 2474 2082 ubi
2503 2033 2560 2082 et
2587 2023 2800 2096 quando
2827 2023 2998 2079 creari
3037 2021 3164 2094 quid
3207 2028 3454 2091 oporteat
3477 2020 3560 2076 vel

1967 2121 2285 2194 Oportuerit,
2319 2123 2432 2194 ipse
2463 2121 2630 2188 novit,
2659 2119 2838 2175 sciens
2869 2116 3232 2174 universitatis
3257 2114 3556 2185 pulchritu-

1969 2231 2092 2273 nem
2119 2233 2346 2288 quarum
2373 2215 2602 2286 partium
2631 2213 2718 2270 vel
2747 2211 3096 2268 similitudine
3123 2210 3208 2266 vel
3241 2208 3556 2266 diversitate

1969 2317 2238 2366 conterat.
2285 2309 2390 2366 Sed
2444 2309 2534 2378 qui
2579 2315 2746 2363 totum
2776 2304 3044 2375 inspicere
3069 2317 3178 2358 non
3202 2309 3400 2372 potest,
3443 2309 3560 2356 tan-

1971 2417 2126 2474 quam
2155 2401 2494 2459 deformitate
2513 2399 2680 2470 partis
2699 2396 3014 2461 otl‘enditur;
3037 2393 3292 2465 quoniam
3317 2391 3406 2450 cui
3432 2406 3560 2447 con-

1969 2506 2148 2568 gruat,
2179 2503 2234 2552 et
2275 2509 2382 2566 quo
2411 2493 2690 2558 referatur,
2723 2490 2948 2561 ignorat.
2983 2487 3232 2542 Pluribus
3259 2499 3420 2556 quam
3443 2483 3562 2554 qui-

1971 2594 2056 2646 nis
2075 2590 2256 2662 digitis
2287 2589 2338 2644 in
2384 2587 2629 2643 manibus
2655 2593 2712 2642 et
2739 2582 2964 2654 pedibus
3003 2581 3148 2636 nasci
3175 2578 3442 2645 homines,
3465 2592 3564 2638 no-

1971 2683 2145 2740 vimus
2181 2699 2196 2750 ;
2239 2691 2295 2739 et
2321 2682 2440 2737 haec
2480 2679 2650 2736 levior
2671 2685 2758 2734 est
2781 2691 2944 2747 quam
2969 2674 3058 2730 illa
3097 2673 3353 2730 distantia
3382 2672 3400 2704 ³
3425 2687 3442 2728 :
3467 2671 3566 2728 seti

1973 2785 2154 2832 tamen
2179 2775 2320 2832 absit
2361 2781 2420 2830 ut
2455 2771 2576 2844 quis
2615 2771 2688 2826 ita
2715 2767 2966 2839 desipiat,
2995 2777 3054 2822 ut
3087 2765 3360 2822 existimet
3389 2763 3444 2820 in
3469 2778 3567 2818 nu-

1973 2885 2122 2924 mero
2141 2869 2495 2923 humanorum
2522 2863 2808 2936 digitorum
2827 2875 3036 2917 errasse
3054 2857 3568 2928 Creatorem,quam-

1973 2961 2052 3016 vis
2078 2959 2322 3014 nesciens
2347 2971 2444 3012 cur
2471 2955 2576 3011 hoc
2595 2954 2804 3010 fecerit.
2841 2952 2916 3008 ita
2939 2951 3044 3006 etsi
3085 2949 3258 3018 major
3281 2947 3566 3004 diversitas

1971 3051 2196 3118 oriatur,
2221 3051 2324 3106 scit
2347 3049 2438 3104 ille
2469 3047 2594 3117 quid
2617 3045 2808 3117 egerit,
2853 3043 3006 3114 cujus
3041 3055 3208 3112 opera
3231 3041 3380 3108 iuste
3403 3053 3568 3096 uerno

1976 3139 2342 3214 reprehendit.
2395 3137 2550 3208 Apud
2608 3131 3314 3206 ﬂipponem-Diarrhytum
3359 3127 3436 3200 (b)
3485 3137 3569 3184 est

1976 3235 2136 3292 homo
2179 3233 2330 3306 quasi
2379 3233 2588 3287 lunatas
2618 3227 2824 3284 habens
2861 3225 3092 3296 plantas,
3124 3230 3180 3278 et
3211 3222 3264 3276 in
3295 3220 3374 3276 eis
3413 3218 3568 3274 binos

1977 3325 2346 3383 tantummodo
2370 3321 2586 3394 digitos,
2617 3319 2822 3375 similes
2845 3325 2904 3374 et
2921 3330 3128 3370 man.
3159 3314 3218 3370 Si
3237 3313 3414 3383 aliqua
3433 3323 3570 3381 gens

1979 3419 2098 3474 talis
2127 3425 2291 3486 esset,
2327 3415 2404 3472 illi
2431 3411 2658 3470 curiosa
2687 3419 2848 3482 atque
2891 3407 3122 3464 mirabili
3162 3405 3451 3462 adderetur
3491 3401 3574 3459 hi-

1979 3513 2178 3569 storim.
2215 3509 2350 3566 Num
2381 3509 2540 3580 igitur
2571 3507 2736 3562 istum
2763 3511 2984 3574 propter
3021 3499 3128 3556 hoc
3163 3497 3478 3568 negabimus
3501 3511 3574 3552 ex

1977 3623 2088 3664 uno
2133 3607 2244 3674 illo,
2276 3605 2368 3676 qni
2396 3603 2599 3675 primus
2625 3606 2840 3655 creatus
2869 3603 2972 3663 est,
3006 3607 3132 3650 esse
3169 3588 3571 3662 propagatum?

1983 3699 2314 3772 Amlrogyni,
2366 3709 2499 3768 quos
2533 3694 2696 3750 etiam
2733 3685 3212 3758 Hermaphroditus
3241 3689 3573 3751 mincupant,

1981 3791 2224 3865 quamvis
2265 3787 2554 3844 admodum
2599 3779 2706 3840 rari
2749 3781 2876 3844 sint,
2903 3777 3120 3834 difﬁcile
3161 3783 3248 3830 est
3293 3783 3472 3828 tamen
3518 3778 3578 3826 ut

1983 3883 2316 3955 temporibus
2345 3879 2542 3944 desint,
2589 3877 2642 3930 in
2683 3873 2876 3945 quibus
2911 3871 2994 3925 sic
3017 3879 3240 3938 uterque
3289 3880 3452 3920 sexus
3475 3879 3577 3934 ap-

1985 3987 2156 4050 paret,
2187 3984 2244 4031 ut
2272 3991 2338 4032 ex
2369 3987 2476 4044 quo
2511 3969 2688 4042 potius
2711 3966 2946 4022 debeant
2977 3961 3226 4032 accipere
3251 3973 3470 4024 nomen,
3495 3957 3579 4011 in~

1985 4049 2190 4130 certum
2229 4071 2298 4124 sit
2327 4081 2342 4123 ε
2373 4079 2402 4123 a
2445 4063 2670 4121 meliore
2709 4071 2910 4122 tamen,
2944 4058 3046 4110 hoc
3071 4063 3158 4110 est
3195 4067 3230 4108 a
3261 4049 3576 4116 nvescuiiuo,

1987 4177 2046 4224 ut
2070 4165 2492 4237 appellarentur,
2516 4153 2766 4229 loquendi
2789 4147 3126 4208 consuetudo
3145 4141 3580 4218 prmvaluit.Nam

1989 4235 2153 4317 nemo
2179 4269 2412 4327 unquam
2460 4245 2936 4322 Androgynmeas'
2982 4252 3076 4298 aut
3105 4235 3584 4308 Hermaphroditus

1990 4347 2334 4421 nuncupavit.
2365 4349 2506 4402 Ante
2529 4355 2702 4398 annos
2741 4335 2966 4409 aliquot,
2997 4339 3182 4390 nostra
3212 4338 3360 4386 certe
3381 4341 3586 4384 memo-

1991 4447 2091 4517 ria,
2135 4445 2187 4500 in
2218 4441 2438 4500 Oriente
2467 4439 2666 4506 duplex
2712 4434 2874 4488 homo
2905 4437 3058 4484 natus
3095 4435 3174 4482 est
3219 4421 3586 4493 superioribus

1991 4510 2266 4600 membris,
2291 4529 2634 4589 inferioribus
2662 4526 2892 4595 simplex
2936 4540 2948 4573 :
2981 4533 3106 4576 nam
3135 4517 3244 4573 duo
3267 4521 3424 4570 erant
3441 4510 3586 4582 capi-

1991 4643 2064 4701 ta,
2097 4631 2204 4687 duo
2231 4637 2471 4700 pectora,
2503 4629 2734 4694 quatuor
2763 4629 2982 4681 manus;
3011 4621 3202 4668 venter
3219 4619 3400 4664 autem
3426 4619 3585 4669 unus,

1993 4699 2387 4798 etpedesduo,
2426 4716 2564 4772 sicut
2603 4711 2694 4766 nni
2727 4707 2971 4772 homini;
3003 4715 3058 4761 et
3083 4713 3192 4758 tam
3231 4702 3326 4757 diu
3352 4699 3500 4762 vixit,
3535 4705 3589 4749 ut

1993 4791 2192 4878 multos
2219 4813 2284 4870 ad
2309 4823 2433 4869 eum
2462 4805 2751 4864 videndum
2775 4801 2916 4856 fama
2945 4797 3310 4856 cenuaheret.
3340 4791 3472 4859 Quis
3493 4803 3590 4842 au-

1997 4925 2104 4972 tem
2133 4919 2320 4967 omnes
2342 4909 2768 4962 commemorare
2791 4892 2964 4967 possit
2989 4891 3254 4946 humanos
3279 4885 3416 4940 tctus
3435 4881 3592 4951 longe

1997 5005 2290 5064 dissimiles
2333 5001 2420 5058 his
2443 5014 2510 5056 ex
2537 4995 2730 5068 quibus
2773 5005 2868 5047 eos
2895 4997 3048 5042 natos
3078 4997 3200 5039 esse
3229 4977 3592 5035 certissimum

2000 5101 2113 5159 est?
2145 5099 2296 5156 Sicut
2323 5109 2452 5166 ergo
2483 5091 2600 5146 haec
2635 5103 2700 5144 ex
2734 5085 2826 5140 illo
2852 5095 2959 5138 uno
2989 5075 3170 5146 negari
3223 5085 3330 5127 non
3370 5077 3590 5142 possunt

1999 5197 2258 5268 originem
2288 5162 2514 5250 ducere;
2543 5183 2615 5238 ita
2645 5187 2990 5252 quacumque
3007 5176 3192 5242 gentes
3217 5166 3270 5220 in
3297 5162 3577 5220 diversita-

2001 5255 2143 5348 tibus
2166 5297 2450 5356 corporum
2469 5279 2536 5334 ab
2561 5275 2754 5332 usitato
2778 5279 2978 5326 natura:
2997 5275 3180 5323 cursu,
3206 5271 3368 5329 quem
3391 5255 3567 5327 plures

2001 5395 2058 5442 et
2087 5397 2248 5454 prope
2264 5349 2464 5434 omnes
2492 5375 2689 5432 tenent,
2733 5363 2876 5419 velut
2912 5354 3242 5414 exorbitasse
3270 5349 3573 5431 traduntur,

2071 5543 2088 5570 ι
2123 5535 2352 5597 Plerique
2390 5537 2518 5597 Mss,
2541 5535 2688 5587 quam

2071 5565 2093 5634 ἦ
2855 5565 2911 5629 et
2925 5565 3113 5651 alitptot
3135 5579 3241 5624 Mss.
3269 5565 3600 5634 Aldrogynas.

2071 5642 2492 5726 ("figmentum
2519 5642 2630 5722 dii-ti
2651 5684 2666 5708 ,
2687 5645 2826 5718 quasi
2848 5642 3146 5726 cafuieiyi'tes.

2074 5697 2144 5788 ὣς
2179 5697 2284 5772 [ςῖιξζ
2303 5697 2496 5767 mea
2521 5697 2768 5788 linquimus
2783 5707 2832 5756 in
2857 5697 3026 5762 inice;
3052 5697 3399 5788 ιιῑμιηο-κοεξξξιε
3417 5705 3596 5788 39mg;

2443 5782 2488 5788 κ-.
2573 5787 2576 5788 ,
2619 5775 2888 5788 .--_A-_-__.....
2951 5779 3055 5788 "nm
3082 5777 3106 5788 η
3143 5772 3303 5788 nnnnn
3347 5771 3384 5788 te
3443 5767 3549 5788 ...ρι’

2011 5757 2144 5838 miii'é
2175 5757 2908 5839 nataret“assumturus.
2929 5757 3056 5839 ,ιιιιζτε
3081 5757 3120 5836 θ’
3142 5757 3387 5839 intumis
3403 5757 3604 5839 £33335.“

2163 5820 2646 5897 illidimuriulit'ui-Tuon
2661 5820 2830 5900 huius,
2853 5820 3193 5900 ut‘Lu‘tlovieus

2807 5878 3025 5954 scilicet,
3055 5887 3310 5950 episcopus
3333 5878 3422 5930 fuit
3449 5883 3608 5942 augu-

2012 5978 2186 6028 stinus.
