4054 6474
510 411 616 473 487

511 534 557 592 si
583 529 892 589 deﬁnitione
931 526 1017 583 illa
1043 522 1404 587 includuntur,
1440 525 1498 574 ut
1535 517 1816 573 rationalia
1842 513 2091 570 animalia

511 627 619 683 sint
645 636 808 696 atque
835 618 1100 685 mortalia,
1131 616 1198 672 ab
1227 613 1418 670 eodem
1449 612 1566 683 ipso
1595 627 1702 666 uno
1743 609 1916 680 primo
1945 614 2099 677 patre

512 718 750 775 omnium
788 714 1010 783 stirpem
1047 708 1262 764 trahere
1289 703 1652 761 conﬁtendum
1683 710 1801 758 est:
1847 700 1892 755 si
1921 706 2098 754 tamen

513 826 636 868 vera
658 815 783 864 sunt
809 822 931 876 qua:
958 803 1026 859 de
1057 801 1268 857 illarum
1293 799 1572 855 nationum
1593 796 1856 852 varietate
1881 802 1936 848 et
1953 799 2098 847 tanta

513 906 653 963 inter
676 919 738 959 se
765 909 927 972 atque
970 897 1248 953 nobiscum
1275 893 1588 950 diversitate
1617 889 1922 946 traduntur.
1963 883 2098 940 Nam

510 1006 562 1054 et
590 995 795 1059 simias,
823 1003 878 1047 et
917 987 1342 1060 eercopithecos,
1374 993 1430 1041 et
1467 983 1742 1054 sphingas,
1791 979 1836 1034 si
1865 975 2100 1034 nescire-

512 1107 630 1148 mus
658 1103 763 1144 non
795 1086 1039 1150 homines
1063 1099 1203 1148 esse,
1227 1081 1320 1137 sed
1343 1079 1558 1144 bestias,
1585 1085 1803 1148 possent
1830 1074 1903 1129 illi
1926 1072 2098 1128 histo-

511 1181 608 1238 rici
633 1181 700 1236 de
720 1194 814 1234 sua
839 1175 1152 1234 curiositate
1176 1171 1488 1243 gloriantes,
1517 1169 1663 1224 velut
1685 1178 1873 1238 gentes
1891 1163 2099 1233 aliquas

514 1274 789 1331 hominum
835 1270 990 1324 nobis
1035 1266 1295 1337 impunita
1339 1266 1569 1318 vanitate
1615 1259 1849 1316 mentiri.
1901 1256 2009 1314 Sed
2052 1258 2100 1312 si

513 1365 762 1420 homines
802 1368 948 1426 sunt,
977 1358 1046 1414 de
1085 1359 1279 1429 quibus
1307 1355 1396 1410 illa
1439 1354 1572 1408 mira
1602 1353 1905 1421 conscripta
1933 1356 2097 1415 sunt;

511 1454 662 1527 quid,
694 1453 738 1509 si
778 1461 1060 1524 propterea
1091 1449 1232 1504 Deus
1257 1447 1425 1502 voluit
1448 1443 1612 1500 etiam
1661 1442 1944 1497 nonnullas
1964 1455 2099 1510 gen-

515 1557 598 1604 tes
629 1548 700 1602 ita
726 1558 934 1609 creare,
966 1558 1034 1597 ne
1064 1541 1117 1595 in
1151 1540 1231 1594 his
1257 1537 1532 1600 monstris,
1565 1551 1684 1606 quae
1715 1532 1858 1604 apud
1886 1547 1984 1586 nos
2015 1545 2100 1600 pa-

517 1650 592 1698 tet
617 1641 633 1672 ⁸
658 1655 725 1696 ex
766 1635 1070 1694 hominibus
1098 1631 1267 1698 nasci,
1295 1631 1412 1701 ejus
1442 1628 1778 1699 sapientiam,
1811 1639 1914 1695 qua
1939 1630 2099 1678 natu-

513 1750 626 1790 ram
659 1732 809 1802 ﬁngit
853 1731 1158 1792 humanam,
1190 1723 1337 1780 velut
1377 1732 1549 1776 artem
1580 1718 1876 1788 cujuspiam
1922 1714 2098 1769 minus

510 1822 737 1898 perfecti
761 1821 990 1894 opiﬁcis,
1022 1827 1334 1888 putaremus
1361 1812 1611 1868 errasse?
1645 1808 1762 1864 Non
1801 1808 1982 1878 itaque
2005 1820 2103 1860 no-

513 1920 596 1976 bis
623 1917 792 1973 videri
815 1913 1105 1970 absurdum
1130 1909 1310 1975 debet,
1341 1916 1398 1962 ut
1436 1901 1885 1977 quemadmodum
1913 1900 1965 1954 in
1990 1899 2102 1955 sin-

512 2014 649 2086 gulis
673 2011 970 2083 quibusque
998 2005 1250 2079 gentibus
1278 2001 1522 2074 quaedam
1569 2005 1806 2054 monstra
1843 2003 1969 2050 sunt
1998 1993 2100 2048 ho-

511 2107 734 2168 miuutu,
760 2105 831 2158 ita
855 2103 907 2157 in
929 2101 1181 2155 universo
1201 2110 1398 2168 genere
1421 2095 1654 2150 humano
1673 2089 1917 2162 quaedam
1947 2102 2102 2142 mon-

509 2211 621 2257 stra
650 2201 757 2254 sint
785 2196 1045 2269 gentium.
1089 2193 1446 2262 Quapropter,
1479 2197 1536 2243 ut
1557 2187 1714 2241 istam
1743 2183 2097 2255 quaestionem
2164 2245 2168 2248 ,

510 2291 832 2366 pedetentim
863 2297 1124 2356 cauteque
1146 2281 1464 2340 concludam
1503 2297 1517 2333 :
1567 2287 1660 2332 aut
1687 2277 1799 2342 illa,
1830 2290 1949 2346 qua:
1973 2273 2104 2330 talia

515 2365 584 2440 de
632 2379 951 2454 quibusdam
997 2377 1246 2450 gentibus
1285 2373 1483 2442 scripta
1511 2377 1656 2434 sunt,
1705 2366 1926 2422 omnino
1955 2365 2103 2420 nulla

511 2486 677 2540 sunt;
727 2482 820 2527 aut
848 2472 894 2526 si
934 2477 1082 2536 sunt,
1109 2467 1357 2522 homines
1382 2479 1491 2520 non
1520 2469 1682 2528 sunt;
1713 2467 1807 2514 aut
1829 2473 1900 2512 ex
1927 2456 2100 2512 Adam

509 2575 657 2632 sunt,
688 2565 733 2622 si
755 2563 1001 2620 homines
1021 2569 1165 2616 sunt.

509 2659 738 2718 CAPUT
778 2657 870 2713 IX.
901 2687 972 2707 -υ-
998 2655 1079 2709 An
1103 2652 1394 2723 inferiorem
1422 2657 1622 2722 partem
1647 2655 1815 2712 terrm,
1838 2658 1952 2716 quae
2002 2658 2100 2697 no-

582 2764 702 2808 stra:
727 2748 1022 2806 habitationi
1059 2745 1314 2802 contraria
1338 2751 1434 2812 est,
1475 2739 1758 2812 Antipodas
1778 2736 1961 2792 habere
1993 2751 2104 2792 cre-

583 2843 804 2900 dendum
831 2843 916 2896 sit.

588 2935 740 3006 Quod
780 2948 910 2989 vero
947 2939 1002 2988 et
1043 2927 1338 2999 Antipodas
1371 2940 1492 2982 esse
1532 2922 1857 2989 fabulantur,
1901 2920 1952 2975 id
1997 2927 2100 2986 est,

511 3027 758 3085 homines
777 3041 806 3080 a
837 3021 1103 3080 contraria
1132 3030 1282 3091 parte
1303 3028 1480 3084 terrae,
1509 3015 1596 3071 ubi
1619 3013 1699 3069 sol
1723 3012 1912 3074 oritur,
1934 3026 2107 3081 quan-

511 3119 580 3176 do
609 3116 804 3174 occidit
832 3114 1006 3181 nobis,
1028 3107 1250 3167 advers’a
1286 3107 1510 3178 pedibus
1532 3104 1730 3161 nostris
1751 3103 1963 3157 calcare
2011 3115 2104 3156 ve-

511 3210 687 3281 stigia,
705 3207 847 3263 nulla
869 3205 1074 3260 ratione
1092 3199 1418 3258 credendum
1441 3205 1524 3253 est
1545 3195 1644 3270 (ο).
1668 3193 1851 3265 Neque
1874 3191 1975 3247 hoc
1997 3191 2102 3246 ulla

513 3301 767 3358 historica
795 3297 1098 3369 cognitione
1125 3292 1378 3350 didicisse
1403 3306 1463 3346 se
1502 3289 1790 3353 affirmant,
1833 3285 1928 3340 sed
1953 3285 2103 3356 quasi

509 3390 878 3451 ratiocinaudo
915 3388 1237 3459 coujectaut,
1284 3400 1350 3440 eo
1377 3381 1520 3456 quod
1551 3384 1689 3438 intra
1715 3395 1952 3436 convexa
1980 3379 2103 3434 cceli

514 3493 656 3541 terra
700 3495 964 3551 suspensa
1015 3479 1102 3545 sit,
1145 3476 1501 3547 eumdemque
1525 3475 1700 3530 locum
1745 3471 1976 3527 mundus
2005 3470 2102 3526 ha-

515 3579 659 3642 beat,
691 3585 747 3632 et
771 3575 1036 3639 inﬁmum,
1065 3580 1120 3628 et
1148 3570 1420 3626 medium:
1465 3575 1520 3624 et
1560 3582 1628 3623 ex
1670 3565 1775 3621 hoc
1819 3564 2105 3635 Opinantur

509 3672 732 3727 alteram
761 3679 918 3725 terra:
946 3676 1173 3738 partem,
1206 3679 1324 3735 quae
1354 3660 1491 3717 infra
1520 3669 1623 3727 est,
1659 3657 1985 3713 habitatione
2005 3655 2105 3712 ho-

515 3765 717 3819 minum
742 3776 930 3818 carere
971 3775 1077 3815 non
1117 3773 1295 3830 posse.
1336 3755 1446 3812 Nec
1474 3752 1775 3818 attendunt,
1801 3750 2008 3808 etiamsi
2037 3750 2106 3804 ﬁ-

512 3873 642 3929 gura
668 3855 984 3926 conglobata
1024 3863 1079 3908 et
1123 3849 1353 3908 rotunda
1400 3847 1630 3904 mundus
1673 3861 1794 3902 esse
1831 3843 2102 3909 credatur,

515 3950 630 4005 sive
669 3948 844 4018 aliqua
867 3946 1075 4001 ratione
1096 3951 1458 4007 monstretur;
1485 3956 1590 3995 non
1620 3949 1796 3994 tamen
1827 3952 1947 3993 esse
1976 3952 2105 3992 con-

517 4055 768 4111 sequens,
802 4048 860 4092 ut
883 4039 1044 4092 etiam
1068 4052 1132 4092 ex
1162 4034 1252 4091 illa
1278 4043 1430 4105 parte
1463 4032 1532 4087 ab
1557 4045 1815 4102 aquarum
1853 4029 2104 4098 congerie

519 4132 661 4188 nuda
687 4132 758 4187 sit
788 4141 928 4186 terra
961 4146 974 4182 :
1009 4127 1202 4183 deinde
1241 4125 1449 4181 etiamsi
1480 4123 1619 4179 nuda
1652 4123 1741 4186 sit,
1788 4135 1961 4190 neque
2003 4119 2107 4176 hoc

517 4224 696 4280 statim
742 4238 961 4278 necesse
1001 4237 1142 4286 esse,
1195 4229 1250 4276 ut
1296 4217 1540 4273 homines
1582 4216 1794 4270 habeat.
1843 4213 2104 4280 Quoniam

518 4317 666 4372 nullo
713 4315 873 4370 modo
911 4313 1185 4382 Scriptura
1231 4311 1331 4366 ista
1387 4309 1660 4375 mentitur,
1714 4323 1833 4377 quae
1878 4305 2106 4362 narratis

520 4410 805 4483 praeteritis
834 4407 960 4463 facit
1004 4406 1184 4472 ﬁdem,
1230 4420 1296 4460 eo
1339 4402 1480 4474 quod
1507 4400 1623 4472 ejus
1666 4399 1915 4469 pra-dicta
1954 4413 2106 4452 com-

519 4502 736 4575 plentur
769 4519 784 4555 :
827 4499 1093 4570 nimisque
1121 4494 1410 4552 absurdum
1439 4504 1542 4557 εει,
1587 4501 1644 4548 ιιι
1670 4489 1875 4544 dicatur
1901 4489 2107 4558 aliquos

519 4593 766 4652 homines
790 4609 857 4648 ex
886 4593 984 4647 hac
1010 4591 1063 4647 in
1098 4590 1242 4644 illam
1269 4596 1496 4660 partem,
1521 4583 1717 4639 Oceani
1746 4580 2108 4637 immensitate

521 4688 762 4758 trajecta,
799 4686 1051 4757 navigare
1079 4699 1141 4737 ac
1169 4681 1448 4751 pervenire
1487 4678 1742 4749 potuisse,
1775 4683 1833 4729 ut
1856 4675 2016 4730 etiam
2039 4673 2106 4727 il-

518 4781 590 4837 lic
614 4797 678 4838 ex
707 4795 814 4835 uno
841 4779 933 4833 illo
962 4777 1134 4850 primo
1167 4773 1385 4828 homine
1411 4785 1581 4843 genus
1615 4767 1981 4824 institueretur
2010 4764 2109 4820 ltu-

518 4889 760 4930 manum.
796 4871 1133 4941 Quapropter
1161 4867 1298 4922 inter
1325 4865 1448 4920 illos
1480 4872 1606 4919 tunc
1632 4859 1906 4917 hominum
1933 4873 2106 4930 popu-

581 4969 599 5001 ⁸
635 4974 760 5017 ωδε..
780 4969 981 5017 Oportet.

550 4969 760 5141 ληξιῗὲ
778 4967 1061 5091 Xfi‘t’impoﬁum
1085 5021 1347 5074 existentia
1369 5031 1580 5092 pugnam
1617 5017 1746 5067 inter
1778 5013 2018 5064 litteratos
2057 5019 2109 5064 et

603 5105 695 5141 aus
716 5093 971 5141 ingentem
993 5087 1140 5136 fuisse
1161 5084 1330 5134 scribit
1351 5081 1544 5140 t'lnuus,
1565 5081 1684 5128 Hist.
1700 5083 1796 5127 nat.
1824 5075 1907 5141 lib.
1929 5075 1982 5141 Δ2,
2000 5082 2109 5138 capt

518 5075 975 5155 vulgus—ingentem
993 5087 1140 5155 fuisse
1161 5084 1330 5155 scribit
1351 5075 1544 5155 ﬂuuius,
1565 5075 1907 5155 litist.nat:.l.ib.
1929 5075 2110 5155 .2,_capt

517 5137 976 5204 esi”s3c'5liiuduu
997 5149 1146 5198 dubie
1169 5145 1314 5210 vulgo
1333 5151 1440 5210 erat
1453 5137 1994 5210 cad~a,_cur_Anti,.odas
2017 5150 2106 5210 ne:

518 5197 979 5277 ἐξιὲἑιξῆὖῖὦξιι-εέ
1005 5197 1280 5277 ductando“
1291 5208 1397 5264 fuit,
1427 5206 1572 5277 ιηδιίιν
1602 5197 1686 5251 lib.
1712 5201 1761 5277 5,

528 5261 846 5337 ῗῖιινέίιῦιιιί
873 5261 987 5325 dicit
1019 5291 1041 5319 α
1065 5271 1272 5337 credere
1294 5261 1407 5318 esse
1431 5266 1652 5337 homines
1673 5275 1878 5337 quorum
1903 5261 2107 5337 vestigia

529 5355 553 5384 ε
574 5324 672 5387 δίιιί
692 5324 945 5399 superiora
967 5348 1110 5399 quant
1132 5333 1306 5396 capita,
1330 5338 1414 5399 aut
1437 5330 1500 5378 ibi
1535 5341 1646 5399 qua:
1670 5324 1793 5387 apud
1819 5337 1905 5372 nos
1923 5324 2105 5399 jaceat,

529 5418 553 5447 ι
574 5391 766 5449 inversa
788 5391 1035 5461 pendere;
1057 5391 1244 5461 fruges
1261 5391 1312 5443 et
1334 5395 1536 5461 arbores
1555 5391 1785 5461 deorsum
1808 5397 1982 5461 versus
2001 5397 2110 5461 cre-

530 5446 890 5521 tingere,
915 5446 1080 5522 aitque
1120 5446 1308 5521 (hujus
1326 5455 1506 5522 erroris
1536 5453 1776 5515 originem
1817 5446 2110 5522 |_ltilosophis

529 5541 554 5571 ι
577 5511 744 5583 fuisse,
766 5511 893 5585 quod
917 5511 1257 5585 existimarent
1276 5516 1532 5585 rotundum
1558 5511 1672 5585 esse
1694 5511 1983 5585 mundum._»
2016 5520 2107 5557 an-

525 5585 710 5648 ti,.odas
731 5577 894 5648 'et'iam
932 5583 1221 5648 Augustinus
1257 5578 1504 5648 negandos
1542 5577 1789 5648 putabat“
1812 5578 2108 5648 nontamen

525 5635 724 5710 propter
747 5645 915 5710 allatas
936 5659 964 5693 a
985 5635 1222 5695 t'actantio
1243 5635 1486 5710 rationes;
1510 5635 1598 5688 six!
1633 5651 1715 5710 ne.
1733 5635 1993 5710 admittere
2023 5645 2107 5710 eo-

522 5699 726 5772 geretnr
750 5709 977 5772 homines
995 5721 1091 5756 non
1109 5715 1242 5756 ortos
1265 5719 1327 5772 ex
1368 5699 1574 5772 admito,“
1591 5699 1717 5772 quod
1741 5699 1994 5772 scripturae
2004 5707 2108 5772 ire-

523 5756 724 5835 pugnat.
741 5756 862 5835 hinc
881 5770 1126 5820 Zacharias
1142 5780 1262 5835 papa
1283 5768 1332 5816 in
1347 5768 1492 5829 Epist.
1521 5756 1578 5835 ψ
1591 5756 1660 5835 ad
1679 5756 2111 5835 Bonii‘aCitht,_d§g

519 5817 1606 5897 ἱιῖιῖἇῖλέξῇἑνυὶιῖὲὰὶιιᾶἱιιῖᾴῃαιηἀρρεξυοι

521 5879 1580 6015 ﬁngagssaesagwummwu
1601 5895 1647 5948 et
1677 5881 1764 5940 atii
1783 5881 1998 5944 hancine:
2008 5879 2107 5936 sub

1546 399 1634 456 DE
1671 394 1992 456 CIVITATE
2035 393 2173 467 DEI,
2201 395 2260 452 S.
2301 393 2669 452 AUGUSTINI

2206 513 2310 578 los,
2329 513 2418 583 qui
2441 528 2537 582 per
2555 510 2894 584 septuaginta
2909 510 3040 569 duas
3059 519 3248 585 gentes
3273 522 3328 571 et
3347 514 3570 572 totidem
3585 514 3798 591 linguas

2203 602 2523 675 colliguntur
2549 603 2713 661 fuisse
2750 604 2926 672 divisi,
2967 620 3288 676 quaeramus,
3323 607 3369 662 si
3397 623 3680 678 possumus
3707 609 3787 666 in-

2204 698 2391 753 venire
2419 697 2562 752 illam
2606 697 2658 752 in
2692 696 2850 753 terris
2889 697 3321 768 peregrinantem
3363 699 3632 756 civitatem
3672 699 3796 770 Dei,

2206 806 2325 862 quae
2357 805 2526 861 usque
2544 789 2611 845 ad
2636 790 2892 846 diluvium
2918 804 3206 862 areamque
3229 790 3483 861 perducta
3504 799 3607 858 est,
3635 802 3800 864 atque

2205 883 2259 940 in
2290 882 2414 938 ﬁliis
2459 882 2572 940 Noe
2615 898 2712 954 per
2753 898 2940 939 eorum
2971 881 3376 940 benedictioues
3420 899 3799 954 perseverasse

2206 985 2556 1043 monstratur,
2598 976 2830 1032 maxime
2865 976 2919 1030 in
2964 975 3220 1044 maximo,
3251 976 3340 1048 qui
3368 985 3450 1030 est
3495 978 3798 1048 appellatus

2206 1068 2372 1126 Sem:
2413 1068 2844 1140 quandoquidem
2869 1067 3100 1139 Japhetlt
3143 1068 3214 1122 ita
3253 1067 3565 1124 benedictus
3605 1079 3711 1139 est,
3741 1078 3801 1126 ut

2207 1159 2260 1216 in
2286 1159 2528 1231 ejusdem
2559 1159 2738 1215 fratris
2765 1160 2846 1215 sui
2872 1159 3121 1216 domibus
3149 1159 3435 1215 habitaret.

2205 1253 2432 1310 CAPUT
2475 1253 2543 1310 Χ.
2571 1284 2644 1295 -
2666 1253 2746 1309 De
2764 1256 3087 1326 generatione
3120 1253 3262 1320 Sent,
3306 1255 3360 1309 in
3385 1254 3532 1326 cujus
3558 1255 3801 1327 progenie

2306 1347 2513 1402 tendens
2537 1346 2606 1400 ad
2635 1347 2890 1402 Abraham
2915 1347 3130 1402 ciuitatis
3149 1346 3246 1402 Dei
3271 1347 3396 1402 ordo
3427 1347 3688 1419 dirigitur.

2278 1443 2332 1497 1.
2372 1439 2622 1496 Tcnenda
2659 1450 2743 1496 est
2762 1441 2925 1513 igitur
2949 1442 3116 1497 series
3143 1441 3548 1512 generationum
3577 1441 3648 1496 ab
3679 1442 3800 1512 ipso

2205 1532 2350 1600 Sem,
2381 1541 2440 1587 ut
2475 1532 2588 1603 ipsa
2622 1535 2870 1588 ostendat
2906 1540 3029 1604 post
3065 1532 3324 1588 diluvium
3345 1533 3618 1589 civitatem
3659 1531 3797 1600 Dei;

2207 1625 2344 1680 sicut
2379 1640 2496 1678 eam
2523 1625 2692 1680 series
2723 1625 3129 1697 generationum
3160 1621 3230 1678 ah
3256 1623 3347 1680 illo
3375 1624 3464 1696 qni
3507 1634 3591 1680 est
3613 1624 3799 1695 appel-

2207 1716 2344 1772 latus
2366 1715 2520 1784 Seth,
2564 1717 2882 1773 ostendebat
2924 1726 3050 1772 ante
3092 1715 3374 1771 diluvmm.
3423 1715 3652 1786 Propter
3697 1715 3800 1771 hoc

2205 1820 2335 1877 ergo
2365 1808 2637 1877 Scriptura
2662 1807 2840 1862 divina
2861 1822 2982 1862 cum
3017 1815 3286 1862 terrenam
3313 1807 3585 1862 civitatem
3609 1806 3662 1861 iu
3699 1805 3803 1861 Ba-

2206 1897 2424 1970 bylone,
2473 1897 2575 1953 hoc
2611 1905 2697 1952 est
2735 1895 2787 1952 in
2817 1895 3151 1964 confusione,
3195 1905 3565 1964 monstrasset,
3596 1895 3667 1951 ad
3704 1912 3800 1967 pa-

2207 1991 2494 2047 triarcham
2539 1990 2664 2048 Sem
2703 1989 3105 2062 recapitulando
3145 1991 3452 2058 revertitur,
3498 1997 3552 2045 et
3589 1990 3802 2046 orditur

2206 2087 2330 2144 inde
2356 2087 2730 2160 generationes
2759 2102 2926 2157 usque
2952 2086 3020 2141 ad
3049 2085 3341 2151 Abraham,
3371 2093 3801 2144 commemorato

2205 2180 2367 2236 etiam
2399 2193 2625 2234 numero
2652 2193 2914 2234 annorum
2943 2186 3143 2249 quanto
3168 2178 3397 2248 quisque
3430 2178 3495 2232 ad
3524 2177 3666 2233 hanc
3706 2192 3799 2234 se—

2207 2277 2342 2328 rlem
2377 2271 2734 2342 pertinentem
2760 2269 2930 2326 ﬁlium
2959 2269 3255 2340 genuisset,
3285 2277 3592 2340 quantoque
3633 2268 3801 2326 vixis-

2207 2373 2309 2419 set.
2338 2362 2439 2420 Ubi
2477 2372 2624 2419 certe
2653 2361 3051 2436 agnoscendum
3091 2370 3174 2417 est
3201 2362 3344 2432 quod
3385 2370 3509 2416 ante
3538 2362 3801 2432 promise-

2207 2469 2344 2521 ram,
2391 2462 2449 2509 ut
2494 2463 2749 2525 appareat
2786 2468 2954 2524 quare
2999 2454 3068 2508 sit
3108 2453 3307 2508 dictum
3349 2453 3417 2509 de
3445 2451 3566 2508 ﬁliis
3598 2452 3799 2520 lleber,

2207 2543 2412 2600 Nomen
2454 2545 2606 2599 unius
2649 2543 2899 2611 Phalcen,
2949 2545 3067 2615 quia
3107 2543 3162 2599 in
3187 2542 3362 2599 diebus
3391 2545 3500 2614 ejus
3539 2544 3704 2598 diuisa
3727 2551 3804 2599 est

2205 2646 2360 2694 terra.
2382 2636 2534 2711 (Gen.
2559 2653 2612 2702 x,
2635 2638 2751 2708 25).
2771 2636 2910 2706 Quid
2933 2637 3075 2692 enim
3098 2636 3240 2697 aliud
3267 2637 3671 2708 intelligendum
3695 2646 3801 2706 est,

2207 2737 2406 2787 terram
2446 2745 2568 2787 esse
2610 2730 2857 2796 divisam,
2895 2730 2998 2784 nisi
3042 2729 3352 2786 diversitate
3379 2730 3397 2761 ί
3435 2731 3739 2802 linguarum
3777 2733 3804 2786 ἰ

2206 2824 2432 2881 Omissis
2477 2826 2636 2895 igitur
2680 2823 2890 2878 caeteris
2932 2821 3057 2877 ﬁliis
3083 2821 3210 2878 Sent
3239 2823 3305 2876 ad
3349 2821 3488 2878 hanc
3521 2838 3638 2879 rem
3692 2839 3804 2879 non

2207 2915 2697 2989 pertinentibus,illi
2714 2922 3102 2971 connectuntur
3121 2915 3177 2970 in
3192 2913 3380 2970 ordine
3395 2915 3805 2986 generationum

2208 3025 2305 3081 per
2323 3024 2459 3079 quos
2479 3008 2650 3080 possit
2677 3007 2745 3062 ad
2782 3007 3050 3063 Abraham
3081 3007 3386 3078 perveniri:
3411 3008 3549 3063 sicut
3573 3007 3653 3062 illi
3674 3022 3804 3063 con.

2207 3101 2560 3157 nectebantur
2584 3109 2710 3155 ante
2735 3099 3015 3167 diluvium,
3062 3114 3159 3170 per
3183 3113 3318 3170 quos
3345 3099 3719 3170 perveniretur
3737 3100 3806 3158 ad

2207 3189 2806 3263 Noe,generationibus'
2831 3205 2949 3262 qua:
2965 3198 3267 3261 propagata:
3289 3198 3413 3244 sunt
3433 3205 3500 3244 ex
3523 3189 3617 3244 illo
3631 3190 3806 3246 Adam

2208 3285 2339 3352 ﬁlio,
2368 3283 2458 3354 qui
2481 3284 2779 3354 appellatus
2798 3291 2884 3339 est
2907 3282 3061 3339 Seth.
3087 3283 3179 3338 Sic
3213 3297 3342 3353 ergo
3371 3282 3554 3353 incipit
3574 3297 3807 3354 genera-

2210 3376 2413 3432 tionum
2454 3377 2552 3431 ista
2580 3376 2852 3431 contextio
2885 3394 2896 3429 :
2929 3373 2995 3430 Et
3021 3376 3102 3430 lue
3132 3375 3478 3448 generationes
3511 3374 3654 3430 Sent.
3681 3375 3808 3430 Sent

2209 3467 2347 3539 ﬁlius
2372 3478 2573 3523 centum
2593 3485 2843 3522 annorum
2866 3467 2910 3535 ³,
2941 3484 3054 3522 cum
3082 3467 3250 3538 genuit
3278 3467 3562 3538 Arpltaxat,
3582 3466 3809 3522 secundo

2209 3577 2343 3615 anno
2373 3570 2482 3632 post
2507 3561 2772 3616 diluvium.
2804 3559 2872 3614 Et
2893 3560 3015 3615 vixit
3048 3559 3190 3626 Sent,
3217 3568 3482 3630 postquam
3502 3559 3676 3630 genuit
3701 3557 3809 3612 Ar-

2212 3654 2425 3726 pltaxat,
2447 3655 2743 3726 quingentos
2782 3671 2962 3719 annos,
3004 3662 3050 3708 et
3091 3652 3262 3722 genuit
3297 3652 3432 3723 ﬁlios
3467 3661 3514 3706 et
3549 3651 3709 3721 ﬁlias,
3760 3660 3810 3706 et

2211 3754 2440 3799 mortuus
2461 3754 2536 3800 est
2564 3744 2672 3815 (Id.
2696 3759 2774 3812 xt,
2803 3743 2892 3809 10,
2917 3743 3026 3814 Η).
3075 3743 3164 3798 Sic
3202 3743 3508 3812 exsequitur
3552 3749 3808 3811 caeteros,

2211 3838 2397 3893 dicens
2417 3844 2580 3907 quoto
2606 3837 2827 3907 quisque
2871 3851 3012 3890 anno
3041 3837 3162 3889 vitae
3190 3849 3304 3889 suae
3344 3833 3508 3890 ﬁlium
3536 3833 3808 3905 genuerit,

2211 3931 2277 3987 ad
2299 3936 2454 3987 istum
2484 3931 2884 4002 generationum
2908 3929 3149 3984 ordinem
3175 3928 3553 3999 pertinentem,
3571 3928 3662 3997 qui
3683 3942 3810 3998 per-

2214 4023 2459 4080 tenditad
2483 4023 2750 4078 Abraham
2779 4038 2795 4085 ;
2817 4033 2871 4077 et
2892 4031 3022 4092 quot
3042 4037 3211 4076 annos
3229 4019 3564 4091 postmodum
3584 4019 3808 4088 vixerit,

2211 4119 2464 4176 intimans
2492 4135 2614 4174 eum
2643 4118 2778 4174 ﬁlios
2800 4117 3039 4188 ﬁliasque
3062 4114 3347 4186 genuisse:
3371 4124 3427 4168 ιιι
3448 4113 3813 4182 intelligamus

2213 4213 2353 4268 unde
2400 4211 2668 4283 potuerint
2706 4210 2885 4281 populi
2920 4222 3251 4273 accrescere,
3298 4221 3365 4261 ne
3409 4205 3462 4261 in
3503 4205 3685 4274 paucis
3717 4203 3813 4274 qui

2212 4313 2700 4362 commemorantur
2722 4301 3027 4356 hominibus
3065 4299 3310 4369 occupati
3343 4297 3617 4369 pueriliter
3646 4296 3814 4362 haesi-

2214 4409 2410 4467 temus,
2457 4398 2599 4453 unde
2631 4407 2772 4452 tanta
2815 4395 2984 4466 spatia
3013 4402 3277 4449 terrarum
3306 4401 3465 4460 atque
3514 4404 3809 4460 regnorum

2213 4492 2407 4563 repleri
2464 4489 2734 4560 potuerint
2777 4487 2846 4542 de
2887 4499 3084 4558 genere
3125 4483 3287 4549 Sem;
3323 4483 3553 4536 maxime
3585 4490 3812 4550 pmpter

2213 4583 2551 4656 Assyriorum
2603 4594 2825 4650 regnum
2853 4619 2868 4644 ,
2911 4575 3051 4632 unde
3089 4575 3259 4630 Ninus
3312 4573 3401 4628 ille
3452 4571 3810 4628 Orientalium

2213 4675 2444 4730 domitor
2466 4670 2486 4703 ‘
2529 4682 2908 4741 usquequaque
2937 4666 3253 4738 populorum
3297 4662 3496 4734 ingenti
3528 4661 3806 4732 prosperi-

2215 4777 2321 4824 tate
2343 4767 2598 4836 regnavit,
2617 4773 2669 4819 et
2691 4763 3008 4818 latissimum
3029 4774 3092 4816 ac
3112 4757 3537 4814 fundatissimum
3556 4770 3814 4828 regnum,

2213 4859 2355 4932 quod
2381 4859 2631 4914 diuturno
2660 4866 2899 4926 tempore
2933 4853 3240 4917 duceretur,
3271 4852 3383 4908 suis
3423 4850 3651 4922 posteris
3681 4865 3807 4920 pro-

2215 4955 2443 5025 pagavit.

2284 5045 2339 5100 2.
2381 5044 2486 5100 Sed
2511 5057 2630 5109 nos,
2656 5055 2721 5096 ne
2746 5039 2946 5095 diutius
2972 5053 3133 5108 quam
3164 5051 3299 5108 opus
3327 5043 3410 5091 est
3431 5035 3811 5102 immoremttr,

2214 5153 2321 5192 non
2350 5146 2478 5204 quot
2519 5148 2689 5188 annos
2734 5133 2959 5203 quisque
2999 5131 3050 5185 in
3083 5131 3184 5185 ista
3216 5128 3622 5199 generationum
3660 5125 3815 5183 serie

2213 5226 2426 5293 vixerit,
2460 5225 2552 5281 sed
2579 5233 2741 5295 quoto
2763 5238 2905 5278 anno
2925 5223 3046 5277 vitae
3075 5237 3188 5276 suae
3215 5218 3462 5290 genuerit
3487 5218 3676 5284 ﬁlium,
3707 5217 3815 5274 hoc

2214 5317 2401 5372 ordine
2457 5313 2863 5369 memorandum
2912 5309 3280 5367 tantummodo
3323 5308 3591 5381 ponimus,
3647 5317 3709 5363 ut
3759 5317 3816 5366 et

2213 5423 2493 5466 numerum
2542 5421 2803 5460 annorum
2865 5419 2895 5458 a
2945 5411 3216 5459 transacto
3269 5400 3474 5457 diluvio
3525 5414 3695 5470 usque
3744 5399 3815 5456 ad

2277 5567 2293 5599 ι
2329 5563 2466 5614 Vind.
2506 5570 2604 5612 Am.
2645 5567 2750 5623 Er.,
2782 5559 3122 5612 diversitatem.
3158 5557 3348 5621 Aliquot
3381 5561 3518 5617 Mss,
3551 5551 3816 5606 diversita-

2217 5635 2411 5762 ’ωῗὲιὲξτ
2434 5688 2546 5762 .258,
2569 5683 3024 5762 νενραεηεῖριὲοηξες
3122 5691 3177 5733 Μ·

2277 5755 2298 5786 ³
2331 5752 2448 5801 Editi
2473 5767 2486 5801 :
2507 5747 2612 5801 sem
2639 5747 2770 5814 [ilius
2793 5757 2888 5798 tvoe
2910 5753 3099 5814 centum
3119 5751 3224 5796 erat
3245 5747 3581 5814 annorum._at
3602 5748 3818 5814 vetet-gs

2213 5815 2497 5876 libri,juxta
2519 5803 2736 5877 graecum
2759 5817 2887 5868 LXX,
2911 5813 3153 5877 otnittunt,
3181 5816 3294 5865 Irae,
3318 5813 3387 5864 et,
3409 5809 3530 5856 erat.
3549 5805 3728 5858 Confer
3746 5803 3810 5858 li-

2212 5871 2675 5931 brutu'wcutionum
2699 5875 2747 5923 in
2769 5873 2993 5922 Genesim
3010 5872 3069 5920 ad
3086 5871 3213 5920 hunc
3229 5881 3440 5931 versum.

2278 5940 2300 5974 δ
2333 5938 2469 5990 Vind.
2494 5947 2594 5988 Am.
2618 5944 2671 5989 et
2691 5935 2884 6002 quidam
2907 5947 2938 5985 e
2962 5933 3314 6000 ntanmcriptis,
3337 5929 3628 5984 damnatur.
