4054 6488
239 555 504 614 Abraham
543 551 886 630 colligamus,
918 563 972 612 et
999 561 1218 627 propter
1247 549 1334 612 illa
1365 557 1405 623 ⁸,
1439 555 1493 612 in
1512 557 1702 628 quibus
1731 572 1830 614 nos

243 651 378 724 cogit
397 650 700 706 necessitas
719 649 1251 716 immorari,breviter
1266 650 1370 706 alia
1391 651 1694 722 cursimque
1713 662 1831 708 tan-

239 759 444 816 gamus.
479 741 738 800 Secundo
765 743 923 816 igitur
945 759 1087 799 anno
1111 753 1231 815 post
1257 743 1515 800 diluvium
1541 744 1687 814 Sem,
1710 760 1831 800 cum

242 845 380 892 esset
404 846 624 892 centum
661 853 946 905 annorum,
989 841 1171 908 genuit
1213 837 1522 908 Arpbaxat;
1555 838 1831 909 Arpbaxat

241 939 438 997 autem,
471 945 596 986 cum
618 939 767 988 esset
795 941 1010 988 centum
1038 928 1252 1002 triginta
1280 931 1514 1002 quinque
1543 945 1827 999 annorum,

238 1021 418 1092 genuit
437 1021 644 1078 Cainan
669 1039 686 1089 ;
715 1023 806 1094 qui
831 1039 952 1078 cum
975 1033 1118 1079 esset
1145 1031 1358 1078 centum
1389 1023 1622 1095 triginta,
1649 1025 1833 1098 genuit

241 1113 381 1172 Sala.
413 1115 590 1172 Porro
631 1115 792 1172 etiam
829 1116 944 1188 ipse
977 1115 1101 1172 Sala
1144 1115 1366 1171 totidem
1400 1131 1658 1172 annorum
1693 1126 1828 1182 erat,

241 1207 454 1280 quando
478 1209 668 1280 genuit
696 1209 892 1266 Heber.
916 1209 1144 1265 Centum
1165 1225 1295 1266 vero
1315 1219 1371 1266 et
1391 1211 1602 1282 triginta
1627 1218 1682 1266 et
1699 1225 1831 1281 qua-

243 1309 360 1356 tuor
389 1303 588 1372 agebat
613 1317 786 1358 annos
809 1302 1008 1370 Heber,
1036 1318 1156 1358 cum
1181 1304 1362 1374 genuit
1383 1303 1635 1370 Pbalech,
1661 1304 1714 1358 in
1739 1319 1834 1360 cu-

236 1392 322 1462 jus
347 1391 546 1448 diebus
575 1393 746 1449 divisa
782 1403 865 1450 est
891 1403 1054 1450 terra.
1083 1393 1202 1464 lpse
1225 1405 1404 1452 autem
1435 1395 1668 1452 Phalech
1701 1395 1834 1450 vixit

239 1495 454 1540 centum
485 1487 730 1557 triginta,
778 1496 834 1542 et
863 1487 1044 1558 genuit
1072 1486 1293 1558 Ragau:
1326 1497 1380 1544 et
1409 1487 1592 1559 Ragau
1617 1497 1830 1544 centum

241 1577 454 1650 triginta
505 1578 666 1646 duos,
709 1587 764 1634 et
805 1583 988 1650 genuit
1029 1579 1268 1636 Seruch:
1297 1587 1350 1636 et
1381 1579 1588 1636 Seruch
1618 1589 1830 1636 centum

241 1670 478 1740 triginta,
506 1679 566 1724 et
606 1671 792 1740 genuit
840 1670 1054 1726 Nachor
1093 1688 1106 1728 :
1141 1681 1194 1726 et
1239 1671 1452 1728 Nachor
1493 1675 1830 1745 septuaginta

241 1775 456 1829 novem,
505 1769 562 1817 et
585 1761 772 1832 genuit
797 1761 1002 1816 Thara:
1055 1763 1230 1818 Thara
1257 1773 1436 1820 autem
1473 1766 1828 1838 septuaginta,

239 1864 292 1908 et
326 1853 514 1922 genuit
557 1853 757 1908 Abram
799 1851 952 1922 (Gen.
981 1853 1230 1924 10-26):
1265 1871 1420 1926 quem
1465 1867 1648 1928 postea
1693 1859 1834 1916 Deus

240 1955 444 2002 mutato
483 1947 746 2003 vocabulo
789 1949 1078 2004 nominavit
1126 1949 1394 2006 Abraham
1423 1947 1532 2022 (Id.
1575 1967 1702 2020 xvn,
1749 1951 1828 2020 5).

243 2038 400 2095 Fiunt
427 2041 610 2112 itaque
638 2041 762 2096 anni
793 2057 823 2096 a
850 2041 1050 2097 diluvio
1079 2057 1246 2114 usque
1286 2043 1350 2098 ad
1389 2043 1658 2099 Abraham
1686 2045 1830 2102 mille

243 2133 578 2204 septuaginta
608 2143 661 2188 et
689 2133 816 2202 duo,
861 2133 1155 2190 secundum
1202 2135 1482 2206 Vulgatam
1517 2137 1827 2208 editionem,

243 2222 344 2280 hoc
381 2233 466 2280 est
495 2225 844 2296 interpretum
883 2225 1249 2298 Septuaginta.
1291 2227 1346 2282 ln
1389 2227 1616 2284 hebrmis
1653 2239 1828 2286 autem

244 2317 514 2374 codicibus
543 2319 702 2389 longe
745 2315 1026 2389 pauciores
1055 2337 1224 2378 annos
1256 2320 1540 2391 perhibent
1565 2323 1826 2378 inveniri:

241 2409 307 2464 de
333 2410 528 2480 quibus
555 2411 816 2466 rationem
841 2422 934 2468 aut
959 2413 1180 2481 nullam,
1209 2421 1301 2469 aut
1325 2413 1692 2470 difﬁcillimam
1708 2414 1832 2470 red-

242 2499 390 2558 dunt.

309 2597 360 2651 5.
399 2595 538 2652 Cum
567 2612 696 2670 ergo
729 2604 1022 2670 quaerimus
1047 2600 1098 2656 in
1127 2599 1238 2656 illis
1263 2601 1596 2674 septuaginta
1625 2603 1830 2658 duabus

241 2688 488 2760 gentibus
529 2692 800 2748 civitatem
841 2693 954 2758 Dei,
989 2709 1094 2749 non
1135 2709 1418 2766 possumus
1443 2695 1713 2754 afﬁrmare
1741 2698 1830 2754 illo

243 2790 504 2851 tempore,
537 2799 645 2854 quo
674 2793 789 2840 erat
813 2785 918 2840 illis
944 2785 1140 2840 labium
1171 2803 1335 2842 unum
1355 2785 1558 2856 (Idan,
1584 2788 1662 2859 l),
1681 2789 1732 2844 id
1751 2799 1832 2845 est

243 2873 448 2944 loquela
471 2887 730 2941 una,tnnc
747 2877 855 2947 jam
874 2894 1039 2950 genus
1055 2880 1344 2934 humanum
1363 2880 1649 2936 alienatum
1669 2881 1832 2939 fuisse

241 2979 272 3020 a
295 2967 442 3022 cultu
463 2969 580 3022 veri
607 2969 719 3036 Dei,
745 2969 814 3024 ita
839 2979 896 3024 ut
918 2971 968 3024 in
991 2971 1118 3026 solis
1139 2971 1256 3026 istis
1275 2973 1707 3042 generationibus
1730 2976 1832 3044 pie-

244 3065 318 3112 tas
345 3073 472 3114 vera
501 3069 826 3126 remaneret,
857 3077 976 3132 qum
1015 3061 1348 3119 descendunt
1375 3064 1441 3119 de
1475 3067 1680 3122 semine
1703 3067 1830 3122 Sem

245 3161 332 3218 per
359 3151 661 3221 Arphaxat,
707 3163 762 3208 et
803 3153 1028 3210 tendunt
1054 3155 1122 3210 ad
1162 3155 1468 3210 Abraham:
1511 3158 1605 3213 sed
1649 3159 1715 3214 ab
1742 3160 1830 3216 illa

243 3241 488 3310 superbia
513 3242 842 3299 aediﬁcanda:
881 3245 1043 3300 turris
1069 3261 1236 3316 usque
1265 3246 1316 3300 in
1344 3247 1563 3316 cmlum,
1597 3263 1696 3318 qua
1727 3250 1829 3304 im-

243 3331 322 3402 pia
347 3333 682 3404 significatur
718 3334 897 3402 elatio,
930 3337 1176 3407 apparuit
1203 3339 1393 3394 civitas
1411 3343 1455 3406 ⁸,
1489 3337 1590 3394 hoc
1629 3346 1711 3394 est
1738 3355 1832 3396 so-

243 3423 423 3492 cietas,
473 3426 780 3496 impiorum.
810 3425 1000 3483 Utrum
1040 3429 1220 3499 itaque
1248 3441 1373 3486 ante
1417 3445 1522 3486 non
1551 3429 1734 3500 fuerit,
1765 3447 1832 3488 an

243 3515 476 3585 latuerit,
509 3533 580 3575 an
621 3520 800 3590 potius
841 3529 1066 3590 utraque
1103 3524 1476 3592 permanserit,
1516 3525 1602 3595 pia
1633 3523 1834 3580 scilicet

243 3611 296 3666 in
327 3611 543 3669 duobus
585 3611 707 3668 ﬁliis
750 3613 882 3682 Noe,
925 3615 1014 3685 qui
1041 3615 1309 3671 benedicti
1345 3603 1489 3682 sunt,
1541 3631 1833 3688 eorumque

246 3707 504 3774 posteris;
533 3706 694 3776 impia
741 3721 869 3764 vero
897 3709 950 3762 in
991 3723 1055 3764 eo
1081 3709 1170 3780 qui
1202 3709 1520 3766 maledictus
1544 3721 1646 3780 est,
1675 3722 1832 3783 atque

244 3799 352 3866 ejus
397 3797 680 3868 progenie,
721 3799 811 3854 ubi
843 3799 1001 3854 etiam
1042 3811 1258 3856 exortus
1303 3811 1387 3856 est
1425 3803 1570 3874 gigas
1611 3812 1832 3858 venator

243 3901 424 3946 multra
458 3891 766 3959 Dominum,
795 3908 902 3948 non
940 3903 1022 3948 est
1048 3893 1356 3964 dijudicatio
1397 3895 1585 3953 facilis.
1617 3897 1833 3952 Fortas-

245 3983 316 4038 sis
349 3983 518 4050 enim,
565 3983 706 4054 quod
737 3985 976 4056 profecto
1019 3995 1101 4040 est
1133 3987 1462 4055 credibilius,
1510 3997 1564 4042 ct
1605 3991 1656 4042 in
1709 3990 1831 4046 filiis

246 4073 470 4130 duorum
517 4075 730 4132 illorum
756 4077 865 4144 jam
909 4087 1034 4134 tunc
1074 4089 1358 4150 antequam
1395 4081 1686 4152 Babylonia
1717 4098 1829 4138 cce-

247 4167 409 4238 pisset
437 4169 661 4233 institui,
693 4169 905 4226 fuerunt
941 4180 1335 4242 contemptores
1365 4173 1478 4238 Dei,
1523 4183 1578 4228 et
1619 4175 1670 4228 in
1707 4175 1831 4231 ﬁliis

245 4255 409 4314 Cham
438 4259 674 4314 cultores
699 4259 792 4315 Dei
819 4277 830 4314 :
857 4255 1146 4332 utrumque
1163 4271 1339 4317 tamen
1369 4261 1640 4316 hominum
1663 4278 1830 4334 genus

247 4350 402 4404 terris
437 4365 706 4421 nunquam
737 4351 964 4407 defuisse
989 4353 1314 4408 credendum
1343 4363 1442 4408 est.
1472 4353 1744 4424 Siquidem
1771 4363 1824 4410 et

245 4440 460 4510 quando
481 4441 680 4496 dictum
705 4451 810 4508 est,
839 4442 1023 4497 Omnes
1041 4443 1434 4514 declinaverunt,
1457 4445 1609 4499 simul
1630 4447 1832 4501 inutiles

248 4534 366 4602 facti
393 4541 550 4600 sunt;
583 4549 682 4588 non
713 4543 788 4590 est
814 4535 898 4603 qui
923 4537 1078 4607 faciat
1113 4537 1314 4602 bonum,
1348 4554 1448 4592 non
1479 4547 1552 4592 est
1583 4555 1740 4608 usque
1764 4539 1832 4592 ad

245 4641 400 4678 unum
419 4643 438 4692 ;
461 4627 514 4681 in
537 4637 766 4698 utroque
787 4627 1021 4694 Psalmo,
1052 4630 1136 4687 ubi
1170 4629 1283 4686 haec
1304 4631 1465 4687 verba
1485 4641 1624 4700 sunt,
1658 4631 1833 4690 ethoc

249 4715 462 4786 legitur,
495 4716 682 4772 Nonne
706 4731 1003 4790 cognoscent
1033 4737 1225 4788 omnes,
1255 4723 1340 4795 qui
1361 4734 1632 4795 operantur
1655 4725 1834 4795 iniqui-

249 4821 422 4874 tatem,
444 4813 532 4882 qui
561 4813 800 4869 devorant
825 4817 1066 4887 populum
1089 4833 1251 4871 meum
1273 4818 1324 4870 in
1351 4817 1459 4871 cibo
1482 4820 1625 4888 panis
1649 4820 1674 4872 ?
1699 4818 1827 4874 Erat

249 4917 376 4972 ergo
397 4905 561 4958 etiam
586 4915 710 4959 tunc
739 4909 968 4976 populus
991 4907 1102 4962 Dei.
1129 4907 1280 4963 Unde
1308 4909 1436 4963 illud
1464 4909 1606 4978 quod
1635 4909 1832 4966 dictum

250 5001 350 5059 est,
387 4993 508 5048 Non
532 5007 602 5050 est
631 4995 718 5064 qui
743 4998 902 5062 faciat
929 4999 1134 5064 bonum,
1165 5017 1262 5053 non
1295 5009 1367 5054 est
1389 5017 1544 5072 usque
1563 5001 1631 5056 ad
1655 5019 1833 5068 unum;

251 5087 316 5140 de
347 5087 470 5142 ﬁliis
501 5089 774 5144 hominum
814 5091 1012 5146 dictum
1042 5099 1140 5157 est,
1173 5109 1276 5146 non
1299 5093 1364 5148 de
1396 5094 1516 5149 filiis
1551 5094 1666 5149 Dei.
1701 5091 1834 5149 Nam

253 5181 592 5248 praemissum
625 5193 726 5250 est,
774 5183 912 5238 Deus
951 5185 1012 5238 de
1041 5187 1165 5240 caelo
1217 5188 1475 5257 prospexit
1513 5205 1663 5258 super
1705 5189 1836 5257 ﬁlios

251 5271 536 5341 hominum,
568 5283 624 5329 ut
670 5277 858 5331 uideret
895 5277 940 5332 si
985 5293 1058 5332 est
1107 5278 1411 5350 intelligens,
1456 5291 1542 5334 aut
1583 5282 1838 5350 requirens

254 5365 418 5421 Deum
437 5367 616 5443 (Paula
637 5386 750 5438 xm,
775 5371 828 5435 5,
856 5371 911 5437 4,
939 5371 995 5438 2;
1017 5369 1162 5428 Psal.
1192 5375 1350 5439 “1,4,
1378 5375 1431 5441 5,
1453 5375 1505 5447 3)
1528 5391 1540 5430 :
1572 5392 1633 5431 ac
1649 5377 1842 5433 deinde

255 5461 346 5515 illa
378 5463 680 5532 subjuncta,
713 5481 830 5534 quae
859 5479 1048 5528 omnes
1079 5467 1217 5522 ﬁlios
1243 5467 1538 5533 hominum,
1573 5469 1624 5523 id
1650 5479 1750 5536 est,
1775 5469 1838 5524 ad

253 5554 531 5610 civitatem
575 5558 901 5627 pertinentes
930 5575 1048 5629 quae
1076 5559 1206 5614 vivit
1230 5561 1520 5614 secundum
1549 5559 1836 5628 hominem,

253 5663 366 5704 non
398 5649 690 5706 secundum
713 5651 903 5720 Deum,
936 5652 1196 5723 reprobus
1217 5667 1337 5708 esse
1365 5653 1754 5709 demonstrant.

319 5788 338 5852 ξ
373 5786 510 5852 Vind.
537 5795 639 5838 Am.
663 5793 740 5838 Er.
762 5795 814 5838 et
829 5786 994 5852 plures
1011 5793 1141 5852 Mss,
1158 5791 1204 5839 et
1229 5793 1404 5852 praeter
1423 5786 1525 5839 illa.

211 5877 225 5886 ·
317 5851 345 5922 ²,
371 5849 513 5922 ΨΜ,
538 5855 732 5902 terrena
752 5849 978 5915 apparuit
995 5849 1176 5902 civitas.
1203 5849 1366 5912 Abest,
1393 5857 1602 5914 terrena,
1625 5863 1654 5900 a
1677 5861 1846 5902 manu-

243 5913 465 5976 scriptis.

195 6003 216 6007 “
503 5991 730 6060 Βλκατ.
765 5999 930 6058 Anc.
975 5996 1111 6060 VII.

1446 440 1652 502 LIBER
1691 439 1985 504 DECIMUS
2023 443 2313 510 SEXTUS.

3413 468 3519 524 490

1943 579 2174 640 CAPUT
2203 585 2294 642 XI.
2329 617 2400 628 --
2427 589 2574 658 Quod
2594 609 2656 648 ea
2681 595 2914 664 primitus
2941 599 3116 671 lingua
3153 601 3206 656 in
3230 618 3326 658 usu
3353 605 3521 659 homi—

2011 691 2134 730 num
2162 679 2348 750 fuerit,
2393 697 2505 752 qua
2534 693 2706 754 postea
2743 686 2962 746 Hebraea
3005 691 3069 746 ab
3107 691 3277 748 Heber
3320 697 3523 752 nomine

2011 779 2304 840 nuncupata
2347 783 2440 842 est,
2484 787 2531 829 et
2577 778 2630 832 in
2674 781 2820 852 cujus
2865 783 3064 854 familia
3094 787 3357 858 remansit,
3406 805 3522 846 cum

2011 861 2280 920 diuersitas
2305 877 2434 922 esset
2461 869 2600 939 facta
2627 871 2934 946 linguarum.

2011 1019 2062 1072 l.
2091 1018 2448 1086 Quamobrem
2469 1023 2604 1080 sicut
2625 1025 2802 1100 lingua
2827 1048 2928 1088 una
2949 1049 3070 1090 cum
3092 1046 3234 1094 esset
3253 1041 3516 1108 omnium,

1937 1123 2042 1164 non
2091 1111 2212 1168 ideo
2256 1113 2350 1170 ﬁlii
2398 1117 2716 1188 pestilentia:
2758 1121 3084 1194 defuerunt;
3135 1145 3256 1186 nam
3297 1140 3352 1188 et
3391 1141 3520 1190 ante

1937 1197 2196 1258 diluvium
2237 1220 2339 1260 una
2373 1216 2489 1263 erat
2533 1209 2744 1282 lingua,
2790 1221 2846 1268 et
2891 1223 3070 1272 tamen
3097 1234 3283 1277 omnes
3323 1233 3519 1293 praeter

1937 1305 2098 1348 unam
2127 1293 2242 1351 Noe
2281 1297 2412 1368 justi
2458 1299 2680 1358 domum
2719 1303 2888 1361 deleri
2935 1308 3132 1368 diluvio
3158 1327 3468 1372 meruerunt
3499 1336 3514 1374 :

1937 1379 2010 1436 ita
2039 1385 2250 1453 quando
2278 1390 2470 1446 merito
2499 1391 2736 1450 elatioris
2781 1396 3068 1467 impietatis
3093 1413 3280 1472 gentes
3308 1405 3516 1478 lingua-

1937 1489 2056 1528 rum
2086 1475 2396 1537 diversitate
2427 1485 2623 1552 punita:
2651 1495 2812 1558 atque
2838 1489 3023 1546 divisae
3067 1503 3224 1562 sunt,
3255 1505 3310 1551 et
3333 1475 3519 1554 civitas

1937 1565 2222 1636 impiorum
2249 1571 2576 1630 confusionis
2601 1591 2795 1634 nomen
2825 1583 3052 1652 accepit,
3081 1584 3185 1641 hoc
3209 1598 3310 1652 est,
3337 1590 3522 1659 appel-

1939 1655 2043 1712 lata
2075 1669 2158 1714 est
2187 1661 2458 1736 Babylon,
2489 1681 2594 1722 non
2639 1668 2808 1726 defuit
2853 1671 3046 1730 domus
3091 1675 3295 1746 Heber,
3457 1696 3520 1736 ea

1936 1764 2055 1818 quae
2097 1761 2253 1808 antea
2301 1753 2400 1810 fuit
2447 1759 2682 1816 omnium
2747 1762 2924 1836 lingua
2970 1779 3294 1824 remaneret.
3345 1770 3518 1838 Unde,

1935 1841 2074 1897 sicut
2118 1859 2280 1916 supra
2333 1851 2660 1920 memoravi,
2710 1867 2832 1910 cum
2881 1857 3172 1927 coepissent
3215 1863 3520 1916 enumerari

1937 1931 2030 1988 ﬁlii
2059 1933 2208 2004 Sem,
2255 1937 2346 2008 qui
2393 1939 2586 2012 singuli
2628 1953 2816 2016 gentes
2867 1947 3102 2020 singulas
3145 1964 3515 2022 procrearunt,

1937 2026 2139 2095 primus
2179 2036 2262 2084 est
2286 2045 2734 2094 commemoratus
2763 2039 2958 2105 Heber,
3005 2058 3126 2097 cum
3171 2045 3239 2099 sit
3284 2045 3520 2117 abnepos

1935 2116 2120 2186 ipsius,
2171 2119 2272 2177 hoc
2316 2133 2430 2191 est,
2461 2125 2528 2180 ab
2569 2127 2656 2182 illo
2700 2131 2916 2200 quintus
2946 2133 3247 2190 inveniatur
3275 2116 3514 2194 exortus.

1935 2207 2066 2300 Quia
2097 2227 2224 2282 ergo
2267 2214 2318 2268 in
2366 2215 2482 2285 ejus
2527 2217 2726 2274 familia
2769 2225 3025 2279 remansit
3053 2225 3170 2281 huic
3210 2228 3383 2298 lingua
3417 2229 3516 2300 (a),

1935 2299 2116 2358 divisis
2146 2321 2242 2376 per
2266 2308 2398 2364 alias
2425 2310 2631 2383 linguas
2658 2319 2868 2372 caeteris
2895 2320 3163 2388 gentibus,
3193 2338 3312 2392 qua:
3341 2299 3518 2394 lingua

1935 2395 2082 2464 prius
2112 2396 2346 2455 humano
2390 2406 2570 2473 generi
2616 2423 2722 2462 non
2765 2408 3032 2468 immerito
3077 2414 3312 2470 creditur
3353 2415 3520 2472 fuisse

1933 2490 2271 2556 communis,
2324 2491 2444 2548 ideo
2493 2495 2745 2568 deinceps
2792 2499 3012 2556 Hebraea
3066 2512 3147 2559 est
3193 2517 3514 2577 nuncupata.

1935 2577 2084 2636 Tunc
2114 2583 2259 2640 enim
2306 2601 2438 2656 Opus
2469 2599 2583 2644 erat
2607 2605 2726 2645 eam
2770 2593 3022 2665 distingui
3067 2597 3133 2652 ab
3181 2599 3298 2652 aliis
3327 2600 3520 2672 linguis

1936 2673 2152 2730 nomine
2181 2677 2418 2748 proprio,
2450 2681 2588 2734 sicut
2611 2683 2729 2737 alia:
2768 2697 2980 2756 quoque
3009 2697 3212 2744 vocata:
3254 2699 3378 2745 sunt
3419 2707 3519 2746 no-

1935 2765 2168 2824 minibus
2195 2772 2448 2842 propriis.
2476 2773 2699 2839 Ouando
2723 2789 2902 2833 autem
2930 2789 3044 2835 erat
3073 2797 3199 2850 una,
3223 2784 3352 2838 nihil
3379 2783 3520 2840 aliud

1936 2872 2094 2928 quam
2123 2859 2354 2916 humana
2385 2864 2584 2936 lingua,
2615 2868 2697 2922 vel
2723 2867 2959 2926 humana
2989 2872 3188 2928 locutio
3209 2875 3516 2946 vocabatur,

1933 2967 2036 3022 qua
2067 2953 2180 3008 sola
2208 2955 2515 3013 universum
2545 2975 2718 3030 genus
2743 2961 3036 3019 humanum
3077 2967 3408 3038 loquebatur.

2005 3044 2058 3098 2.
2089 3045 2292 3104 Dixerit
2319 3049 2510 3120 aliquis
2541 3069 2554 3105 :
2581 3051 2636 3106 Si
2665 3053 2718 3108 in
2749 3054 2936 3111 diebus
2957 3055 3194 3114 Pbalech
3223 3059 3318 3114 ﬁlii
3343 3060 3520 3116 Heber

1934 3135 2105 3192 divisa
2135 3147 2217 3194 est
2248 3149 2387 3197 terra
2415 3158 2511 3214 per
2537 3143 2766 3216 linguas,
2795 3148 2849 3202 id
2871 3158 2972 3214 est,
3003 3150 3249 3208 homines
3277 3155 3366 3223 qui
3393 3163 3519 3210 tunc

1934 3241 2085 3285 erant
2125 3232 2178 3286 in
2207 3241 2348 3290 terra
2373 3251 2387 3300 ;
2419 3251 2483 3290 ex
2513 3237 2632 3306 ejus
2660 3239 2877 3295 nomine
2901 3243 3076 3312 potius
3107 3243 3290 3300 debuit
3331 3245 3517 3315 appel-

1934 3317 2034 3378 lari
2081 3325 2255 3397 lingua
2303 3329 2423 3394 illa,
2455 3345 2572 3402 qua:
2618 3331 2716 3388 fuit
2743 3335 2992 3390 omnibus
3036 3346 3158 3392 ante
3194 3341 3514 3396 communis.

1934 3415 2038 3473 Sed
2081 3419 2480 3492 intelligendum
2521 3434 2604 3480 est
2648 3426 2818 3496 ipsum
2865 3427 3040 3484 Heber
3081 3439 3361 3500 propterea
3410 3431 3517 3488 tale

1935 3522 2132 3564 nomen
2171 3510 2490 3580 imposuisse
2531 3513 2638 3569 ﬁlio
2681 3531 2779 3571 suo
2801 3558 2816 3584 ,
2846 3527 2904 3572 ut
2939 3529 3220 3576 vocaretur
3256 3521 3512 3590 Phalech,

1935 3601 2076 3670 quod
2119 3601 2499 3674 interpretatur
2545 3607 2779 3673 Divisio,
2828 3611 2950 3679 quia
2995 3619 3119 3666 tunc
3148 3613 3196 3667 ei
3228 3623 3382 3668 natus
3409 3625 3510 3682 est,

1935 3695 2146 3764 quando
2177 3711 2272 3767 per
2296 3697 2504 3769 linguas
2532 3709 2668 3754 terra
2701 3701 2868 3756 divisa
2897 3711 3000 3770 est,
3031 3703 3084 3758 id
3115 3713 3196 3758 est
3221 3705 3340 3775 ipso
3379 3715 3516 3762 tem-

1937 3801 2102 3856 pore,
2145 3797 2204 3844 ut
2249 3789 2350 3846 hoc
2393 3791 2464 3846 sit
2508 3792 2648 3862 quod
2693 3793 2892 3848 dictum
2939 3805 3066 3850 est:
3109 3794 3176 3850 In
3210 3796 3381 3852 diebus
3407 3799 3517 3870 ejus

1936 3878 2096 3934 divisa
2124 3891 2200 3936 est
2227 3891 2360 3936 terra
2389 3881 2543 3954 (Gen.
2573 3901 2626 3950 x,
2659 3885 2776 3958 25).
2807 3883 2940 3942 Nam
2984 3889 3085 3942 nisi
3127 3889 3302 3946 adhuc
3341 3891 3517 3946 Heber

1935 3972 2172 4040 viveret,
2200 3975 2412 4044 quando
2441 3976 2738 4047 linguarum
2769 3979 2902 4034 facta
2931 3993 3014 4035 est
3056 3983 3336 4038 multitudo
3357 4023 3373 4049 ,
3408 3999 3514 4038 non

1936 4079 1998 4118 ex
2029 4063 2144 4135 ejus
2187 4066 2404 4122 nomine
2445 4083 2640 4122 nomen
2671 4071 2938 4140 acciperet
2983 4072 3159 4142 lingua
3181 4115 3195 4140 ,
3229 4089 3348 4144 quae
3377 4073 3514 4144 apud

1935 4158 2084 4212 illum
2136 4161 2306 4229 potuit
2351 4177 2666 4231 permanere
2698 4161 2793 4236 (ὁ).
2847 4165 2910 4220 Et
2957 4165 3078 4222 ideo
3126 4167 3408 4244 credenda
3434 4177 3517 4223 est

1935 4251 2050 4322 ipsa
2079 4251 2243 4308 fuisse
2282 4254 2452 4324 prima
2480 4255 2570 4310 illa
2601 4257 2900 4312 communis
2931 4276 2944 4312 :
2973 4260 3221 4328 quoniam
3263 4260 3330 4315 de
3359 4277 3516 4330 pcena

1935 4343 2080 4398 venit
2105 4343 2194 4397 illa
2225 4345 2597 4415 multiplicatio
2623 4349 2951 4420 mutatioque
2979 4350 3313 4422 linguarum;
3343 4361 3396 4407 et
3423 4354 3517 4407 uti-

1935 4449 2038 4504 que
2069 4443 2266 4505 praiter
2308 4434 2446 4491 hanc
2489 4453 2702 4506 pmnam
2745 4454 2866 4495 esse
2910 4439 3093 4495 debuit
3140 4444 3366 4514 populus
3396 4444 3511 4496 Dei.

1935 4530 2042 4585 Nec
2069 4531 2264 4586 frustra
2295 4532 2473 4602 lingua
2503 4534 2618 4588 haec
2643 4544 2724 4589 est
2743 4575 2757 4600 ,
2791 4549 2948 4604 quam
2984 4536 3150 4591 tenuit
3178 4537 3444 4592 Abraham
3473 4539 3511 4605 ι,

1935 4639 2037 4680 nec
2063 4624 2116 4680 in
2145 4639 2332 4680 omnes
2358 4625 2497 4682 ﬁlios
2525 4640 2652 4682 suos
2696 4627 3056 4682 transmittere
3094 4631 3295 4698 potuit,
3324 4630 3419 4686 sed
3463 4630 3515 4683 in

2001 4861 2018 4890 ι
2052 4861 2124 4928 Sic
2143 4863 2254 4928 Mss.
2275 4857 2390 4928 Editi
2405 4871 2544 4928 vero,
2571 4865 2665 4910 Nec
2685 4860 2870 4924 frustra
2891 4859 3104 4928 linguam
3137 4859 3296 4923 istam,
3319 4859 3410 4913 hoc
3430 4867 3500 4912 est

1935 4933 2078 4984 cum
2099 4919 2246 4984 tereti!
2269 4919 2524 4984 attraham-

2021 4983 2073 5049 ᾳ)
2109 4982 2224 5049 vide
2247 4981 2388 5042 infra,
2414 4983 2499 5034 lib.
2528 4983 2605 5045 18,
2629 4999 2733 5049 cap.
2759 4986 2838 5036 39.

2025 5044 2072 5108 ο)
2098 5051 2174 5108 ,οε
2209 5044 2309 5108 ιιεε
2335 5059 2392 5096 re
2433 5059 2528 5096 non
2551 5044 2646 5096 una
2668 5044 2879 5097 ninnium
2915 5053 2992 5099 est
3027 5049 3284 5098 sententia.
3329 5049 3517 5099 Hebraei

1941 5107 2072 5172 enim
2093 5107 2145 5154 in
2167 5119 2254 5172 suo
2273 5107 2672 5172 Chronico,rquod
2707 5109 2952 5172 appellant
2989 5109 3344 5172 order-uolam,
3370 5111 3418 5160 id
3444 5118 3518 5162 est

1938 5168 2063 5219 Ordo
2085 5167 2266 5229 saeculi,
2297 5170 2488 5220 tradunt
2508 5167 2794 5220 divisionem
2811 5171 3078 5232 linguarum
3105 5171 3272 5220 factam
3298 5167 3408 5221 esse
3431 5187 3519 5222 εκ-

1941 5238 2099 5294 tremo
2135 5237 2355 5293 tempore
2402 5234 2513 5294 vitm
2542 5233 2742 5294 Phaleg,
2783 5231 2966 5281 scilicet
3004 5244 3128 5280 anno
3173 5238 3519 5284 trecentesimo

1940 5291 2310 5356 quadragesimo
2351 5299 2456 5356 post
2491 5291 2740 5352 diluvium,
2780 5295 2953 5343 decem
2992 5295 3130 5342 anuis
3169 5303 3284 5346 ante
3319 5305 3521 5346 mortem

1941 5353 2058 5420 Soe.
2087 5353 2261 5418 Pbaleg
2285 5353 2415 5420 enim
2447 5363 2586 5420 natus
2615 5364 2690 5403 est
2711 5368 2836 5404 anno
2867 5357 3134 5420 centesimo
3161 5359 3310 5419 primo
3335 5367 3441 5420 post
3458 5359 3522 5407 di-

1944 5414 2144 5482 luvium,
2172 5414 2359 5482 et_'vixit
2389 5417 2611 5482 ducentis
2651 5430 2824 5482 novem
2858 5417 3012 5482 annis.
3041 5414 3210 5482 Volunt
3231 5414 3394 5482 itaque
3431 5430 3523 5469 tle-

1945 5479 2064 5544 ιιι-ξεί
2105 5479 2392 5544 prophetam
2413 5478 2583 5544 _l'ui_ss_e
2619 5479 3004 5544 Hebertutqui
3041 5481 3210 5544 spiritu
3249 5478 3526 5544 prflbetico

1947 5539 2093 5602 longe
2107 5537 2232 5589 ante
2251 5540 2525 5604 prajvidcrit
2547 5537 2752 5588 futuram
2775 5537 3369 5604 divisionemlinguarum,
3395 5545 3524 5592 idco-

1946 5600 2052 5664 qné
2081 5617 2110 5648 ιι
2131 5600 2297 5650 ιεςειιιι
2323 5600 2417 5648 filo
2451 5601 2540 5664 hoc
2577 5615 2750 5650 nomen
2787 5604 3082 5663 inqosucrit.
3113 5600 3306 5653 \i'ilctur
3336 5600 3378 5652 ε.
3416 5607 3524 5652 l-Iie-

1949 5663 2173 5728 ronymus
2197 5663 2620 5728 in_'l'raditionibus
2643 5665 2882 5728 bebraicis
2904 5667 3142 5728 accedere
3181 5667 3236 5714 ad
3271 5667 3394 5714 hanc
3413 5679 3525 5714 sen-

1949 5725 2598 5790 tentiam,_all_ir_im_ns_Helier
2619 5727 2840 5776 vaticinio
2855 5727 3077 5790 quodam,
3095 5729 3280 5790 scilicet
3294 5740 3355 5774 ex
3369 5727 3524 5790 futuro

1952 5796 2134 5836 eventu
2154 5787 2400 5851 divisionis
2423 5787 2710 5851 linguarum,
2735 5787 2910 5838 nomen
2927 5790 3214 5851 imposuisse
3237 5787 3349 5851 lilio:
3369 5788 3504 5851 (vide

1951 5855 2029 5896 tur
2053 5855 2105 5898 et
2129 5849 2300 5898 eadem
2322 5848 2482 5909 opinio
2501 5848 2547 5899 S.

2571 5850 2901 5912 (Ἅι-γεοειδωο
2923 5848 3057 5912 esSe,
3075 5851 3272 5902 nomina
3292 5848 3416 5900 50in
3436 5853 3526 5897 Ge-

1949 5911 2124 5961 nesim.
2155 5915 2402 5966 Coooaos.

2943 5995 3207 6074 (δεῦτε.)
