4054 6486
519 395 619 453 491

1617 375 1706 432 DE
1740 368 2063 461 CIVITATE
2105 366 2234 453 est,
2265 365 2324 424 s.
2366 361 2731 455 Anepsrtm

3677 348 3785 449 ‘92

520 427 619 453 ιιυι
1617 427 1704 432 ——
1753 427 1772 431 τ
1834 427 1837 428 ν
2220 427 2234 437 μ
2458 430 2531 455 ητ
2584 428 2593 449 .
3714 427 3729 437 .

520 523 616 566 eos
654 514 859 561 tantum
894 502 985 572 qui
1032 494 1307 571 propagati
1350 506 1445 563 per
1488 488 1691 555 Jacob,
1738 496 1792 542 et
1828 482 2097 555 insignius
2202 482 2312 565 jam
2359 489 2546 571 gentes
2588 474 2803 565 facere,
2842 472 2889 567 si
2930 477 3053 543 post
3094 466 3325 526 Phalech
3369 464 3586 545 fratrem
3626 427 3795 553 s’unm‘

521 608 685 670 atque
719 593 1043 652 eminentius
1081 591 1134 645 in
1161 587 1256 643 Dei
1296 583 1549 655 populum
1579 580 1942 641 coalescentes
1962 588 1980 640 ',
2004 574 2100 630 Dei

526 694 865 750 Testamenta
917 694 973 742 et
1019 684 1243 753 stirpem
1288 676 1488 733 Christi
1548 672 1750 728 habere
1792 675 2100 740 potuerunt.

527 787 637 843 Nec
663 783 839 840 Hebe:
862 780 978 849 ipse
1004 772 1249 833 eamdem
1279 771 1511 840 linguam
1551 766 1605 820 in
1646 763 1953 819 universam
1981 772 2106 830 pro-

528 879 735 951 geniem
776 888 926 929 suam
954 868 1189 933 refudit;
1230 863 1325 921 sed
1353 865 1409 919 in
1438 876 1558 917 eam
1582 867 1809 920 tantum,
1836 854 1990 925 cuqu
2014 866 2107 923 ge-

531 946 836 1025 nerationes
884 961 1244 1032 perducuntur
1291 954 1359 1008 ad
1409 949 1699 1006 Abraham.
1748 946 2107 1019 Quapropter,

531 1059 741 1118 etiamsi
771 1048 878 1112 neu
911 1052 1190 1109 evidenter
1232 1059 1543 1118 expressum
1580 1049 1663 1098 est
1691 1027 2113 1107 fuisse’aliquod

535 1153 679 1224 pium
709 1162 877 1221 genus
908 1144 1207 1206 hominum,
1250 1132 1463 1208 quando
1502 1132 1572 1189 ab
1614 1131 1793 1202 impiis
1824 1125 2115 1219 Babylonia

536 1240 908 1305 condebatur;
957 1251 1064 1291 non
1106 1228 1173 1288 ad
1219 1231 1321 1286 hoc
1348 1227 1513 1283 valuit
1555 1226 1671 1280 haec
1700 1211 2035 1285 obscuritas,
2058 1226 2116 1271 ut

536 1334 826 1412 quaerentis
850 1328 1208 1392 fraudaretur,
1251 1323 1344 1380 sed
1372 1321 1550 1392 potius
1578 1327 1639 1372 ut
1670 1319 2009 1371 exerceretur
2032 1298 2117 1364 in;

539 1400 727 1487 tentia.
775 1425 905 1481 Cum
950 1420 1091 1477 enim
1122 1417 1315 1489 legitur
1338 1426 1496 1468 unam
1529 1409 1690 1463 fuisse
1729 1405 1963 1475 linguam
2003 1400 2120 1473 pri-

539 1523 703 1579 mitus
731 1518 993 1581 omnium,
1021 1521 1074 1569 et
1100 1517 1222 1565 ante
1246 1518 1434 1563 omnes
1459 1500 1597 1557 ﬁlios
1624 1500 1752 1556 Sem
1776 1492 2121 1552 commenda-

543 1626 633 1673 tur
654 1614 868 1679 lleber,
908 1607 1151 1681 quamvis
1179 1594 1245 1658 ab
1276 1602 1365 1655 illo
1393 1599 1610 1670 quintus
1652 1594 1891 1657 oriatur;
1934 1596 1989 1643 et
2018 1585 2124 1642 He-

543 1709 690 1766 braea
717 1679 939 1760 vocatur
979 1701 1176 1769 lingua,
1223 1709 1380 1765 quam
1412 1686 1864 1745 'Patriarcharum
1910 1690 1964 1737 et
1994 1679 2125 1734 Pro-

543 1800 857 1872 phetarum,
904 1807 1009 1848 non
1055 1790 1227 1844 solum
1269 1786 1321 1840 in
1367 1772 1706 1840 sermonibus
1751 1775 1898 1841 suis,
1938 1785 2125 1827 verum

545 1869 705 1950 etiam
748 1891 800 1944 in
828 1882 1045 1942 Litteris
1084 1883 1251 1936 sacris
1294 1876 1576 1933 custodivit
1615 1869 1944 1935 auctoritas:
1990 1879 2121 1939 pro-

545 1985 687 2042 fecto
713 1996 833 2037 cum
879 1975 1134 2049 quaeritur
1163 1974 1216 2028 in
1245 1968 1505 2027 divisione
1545 1966 1880 2036 linguarum,
1910 1957 2002 2014 ubi
2029 1956 2129 2011 lin-

546 2091 646 2150 gua
673 2074 761 2129 illa
789 2060 1070 2128 remanere
1099 2064 1352 2138 potuerit,
1380 2076 1498 2133 quae
1526 2058 1624 2113 fuit
1652 2064 1775 2111 ante
1806 2049 2126 2135 communis;

548 2126 689 2241 quae,
714 2167 830 2221 sine
861 2163 968 2218 ulla
996 2126 1348 2221 dubitatione,
1375 2126 1459 2209 ubi
1488 2149 1771 2215 remansit,
1799 2162 1905 2202 non
1933 2145 2004 2198 ibi
2033 2126 2133 2221 fuit

549 2230 640 2321 illa
666 2276 846 2336 poena,
874 2273 993 2328 qua:
1019 2255 1161 2309 facta
1201 2260 1284 2307 est
1322 2246 1616 2303 mutatione
1644 2244 1977 2314 linguarum;
2005 2230 2134 2307 quid

551 2355 694 2411 aliud
721 2327 975 2415 occurrit,
1007 2346 1108 2403 nisi
1136 2341 1278 2415 quod
1317 2344 1370 2396 in
1400 2338 1560 2409 hujus
1602 2344 1762 2407 gente
1792 2327 2131 2391 remanserit,

551 2463 582 2503 a
607 2445 759 2516 cujus
790 2438 1006 2498 nomine
1030 2430 1225 2493 nomen
1252 2431 1490 2501 accepit;
1518 2437 1574 2485 et
1599 2426 1702 2482 hoc
1720 2422 1939 2507 justitiae
1961 2417 2133 2490 gentis

552 2539 711 2609 hujus
736 2551 843 2592 non
871 2546 1091 2605 parvum
1122 2524 1436 2598 apparuisse
1462 2500 1744 2590 vestigium
1766 2557 1781 2582 ,
1811 2512 1953 2585 quod
1971 2552 1985 2577 ,
2012 2522 2135 2564 cum

556 2636 677 2690 alias
720 2639 906 2704 gentes
949 2628 1313 2698 plecterentur
1356 2614 1652 2673 mutatione
1698 2609 2022 2681 linguarum,
2068 2598 2137 2656 ad

556 2729 710 2785 istam
739 2740 844 2779 non
873 2718 1116 2793 pervenit
1147 2713 1248 2769 tale
1281 2705 1643 2780 supplicium?

629 2817 683 2874 5.
726 2813 836 2871 Sed
876 2789 1058 2866 adhuc
1106 2803 1231 2860 illud
1272 2808 1452 2856 movet
1485 2815 1497 2851 :
1542 2789 1810 2866 quomodo
1851 2791 2140 2859 potuerunt

556 2907 794 2979 singulas
829 2913 1015 2975 gentes
1056 2898 1233 2954 facere
1256 2890 1436 2949 Heber
1475 2898 1528 2943 et
1570 2885 1708 2941 ﬁlius
1738 2882 1853 2953 ejus
1881 2874 2137 2941 Phalech,

559 3002 604 3058 si
631 2971 732 3056 una
777 2971 956 3067 lingua
988 2987 1284 3064 permansit
1308 2975 1611 3039 ambobus?
1656 2974 1722 3029 Et
1754 2982 1900 3027 certe
1928 2984 2032 3023 una
2058 2971 2142 3021 est

557 3091 785 3150 Hebraea
813 3060 944 3160 gens
980 3060 1045 3139 ex
1084 3079 1262 3136 cher
1307 3079 1597 3147 propagata
1643 3078 1814 3135 usque
1858 3061 1926 3160 ad
1955 3060 2141 3145 Abra—

562 3187 706 3250 ham,
750 3191 806 3237 et
848 3193 941 3250 per
967 3191 1090 3232 eum
1114 3170 1388 3238 deinceps,
1417 3165 1589 3219 donec
1614 3156 1839 3228 magnus
1865 3150 2017 3207 lieret
2048 3164 2142 3218 po-

560 3246 718 3350 pulus
746 3246 926 3329 Israel.
959 3266 1239 3337 Quomodo
1266 3262 1428 3333 igitur
1454 3268 1642 3311 omnes
1666 3246 1760 3305 ﬁlii
1787 3248 1877 3319 qui
1903 3257 2142 3301 comme-

560 3335 753 3426 morati
800 3372 925 3420 sunt
967 3335 1125 3416 trium
1170 3356 1397 3410 filiorum
1426 3350 1577 3415 Noe,
1622 3342 1864 3399 feCerunt
1903 3335 2143 3405 singulas

561 3472 778 3534 gentes,
806 3459 851 3513 si
880 3455 1056 3512 Heber
1085 3462 1139 3507 et
1175 3445 1408 3505 Phalech
1439 3440 1672 3513 singulas
1713 3451 1818 3490 non
1860 3424 2145 3487 fecerunt?

563 3518 824 3611 UNimiru'm
869 3545 1004 3603 illud
1045 3551 1127 3599 est
1170 3536 1525 3612 probabilius,
1568 3528 1709 3602 quod
1738 3528 1884 3597 gigas
1915 3518 2001 3579 ille
2036 3519 2145 3575 Ne—

565 3643 724 3701 broth
755 3639 940 3698 fecerit
967 3637 1129 3693 etiam
1165 3634 1279 3703 ipse
1316 3635 1528 3699 gentem
1559 3635 1708 3678 suam
1731 3662 1745 3688 ,
1790 3612 1885 3703 sed
1925 3620 2148 3685 propter

566 3734 937 3792 excellentiam
964 3702 1344 3783 dominationis
1374 3728 1426 3774 et
1465 3712 1705 3785 corporis
1748 3702 1989 3764 seorsum
2016 3703 2149 3759 emi-

568 3826 782 3883 nentius
808 3822 1115 3878 nominatus
1145 3823 1257 3881 est,
1301 3821 1361 3867 ut
1401 3816 1615 3866 maneat
1656 3816 1907 3858 numerus
1936 3805 2151 3867 septua-

569 3919 714 3993 ginta
760 3914 986 3971 duarum
1040 3908 1276 3981 gentium
1321 3914 1481 3973 atque
1533 3900 1852 3968 linguarum.
1888 3886 2150 3945 ‘Phalech

571 3981 749 4067 autem
778 4014 1061 4078 propterea
1100 3999 1554 4055 commemoratus
1582 3996 1684 4053 est,
1723 4000 1829 4039 non
1853 3981 1999 4053 quod
2022 3995 2153 4050 gen-

572 4114 681 4159 tem
725 4071 912 4155 feeerit
954 4097 1099 4167 (nam
1142 4088 1329 4146 eadem
1352 4085 1469 4155 ipsa
1497 4088 1579 4137 est
1605 4079 1720 4148 ejus
1747 4071 2148 4146 gens‘Hebraza,

573 4194 869 4262 eademque
890 4162 1128 4257 lingua);
1157 4181 1250 4238 sed
1279 4187 1495 4250 propter
1516 4182 1730 4241 tempus
1759 4168 1983 4238 insigne,
2007 4162 2152 4235 quod

569 4286 626 4342 in
648 4257 833 4340 diebus
858 4279 973 4349 ejus
993 4287 1137 4332 terra
1162 4272 1326 4327 divisa
1354 4277 1455 4323 est.
1479 4266 1586 4320 Nec
1611 4277 1827 4318 movere
1850 4275 1946 4316 nos
1971 4257 2150 4323 debet,

571 4372 842 4449 quomodo
868 4368 1103 4442 potuerit
1141 4366 1288 4437 gigas
1331 4358 1568 4416 Nebroth
1609 4356 1677 4412 ad
1723 4354 1849 4409 illud
1876 4352 2047 4409 mtatis
2069 4365 2155 4406 oc-

573 4444 795 4527 currere
819 4508 832 4531 ,
857 4480 963 4535 quo
989 4460 1227 4534 Babylon
1253 4454 1465 4513 condita
1505 4461 1604 4513 est,
1651 4459 1705 4506 et
1745 4448 1985 4504 confusio
2014 4444 2151 4500 facta

576 4563 900 4634 linguarum,
926 4562 1086 4623 atque
1111 4568 1173 4607 ex
1200 4549 1301 4604 hac
1322 4550 1339 4582 ⁸
1362 4546 1553 4602 divisio
1576 4544 1834 4615 gentium.
1860 4539 1979 4595 Non
2010 4537 2154 4592 enim

577 4629 699 4727 quia
726 4653 901 4708 Heber
926 4655 1109 4704 sextus
1132 4652 1215 4699 est
1236 4658 1265 4697 a
1292 4640 1424 4703 Noe,
1450 4638 1541 4693 illc
1567 4644 1745 4691 autem
1767 4640 2008 4703 quartus,
2037 4629 2157 4683 ideo

582 4762 685 4803 non
738 4749 1027 4814 potuerunt
1082 4736 1150 4790 ad
1208 4734 1257 4788 id
1310 4739 1519 4799 tempus
1575 4725 1864 4782 convenire
1908 4720 2154 4775 vivendo.

579 4839 695 4896 Hoc
717 4812 858 4897 enim
890 4829 1134 4901 contigit,
1159 4840 1281 4880 cum
1321 4822 1442 4893 plus
1462 4820 1723 4883 viverent,
1749 4814 1837 4869 ubi
1878 4812 2161 4882 pauciores

582 4939 706 4985 sunt
729 4924 1123 4999 generationes,
1153 4917 1328 4971 minus
1358 4912 1447 4967 ubi
1477 4912 1694 4981 plures;
1727 4912 1819 4959 aut
1845 4905 2023 4957 serius
2049 4899 2159 4954 nati

582 5030 766 5080 essent
789 5019 877 5074 ubi
906 5014 1184 5088 pauciores
1205 5050 1221 5078 ,
1249 5006 1509 5063 maturius
1544 5002 1634 5057 ubi
1672 4999 1878 5069 plures.
1915 4994 2056 5052 Sane
2078 4993 2161 5048 in-

588 5086 933 5185 telligendum
960 5115 1078 5173 est,
1104 5100 1316 5175 quando
1343 5110 1482 5152 terra
1512 5093 1679 5150 divisa
1714 5100 1820 5155 est,
1852 5103 1957 5141 non
1984 5086 2161 5139 solum

583 5209 692 5279 jam
714 5183 869 5260 natos
894 5210 1121 5257 caeteros
1148 5196 1286 5251 filios
1314 5192 1539 5246 filiorum
1562 5186 1702 5250 Noe,
1728 5183 1815 5254 qui
1838 5192 2165 5243 commemo-

587 5268 774 5354 rantur
799 5303 981 5365 patres
1012 5292 1286 5360 gentium;
1327 5280 1421 5337 sed
1442 5281 1605 5335 etiam
1630 5277 1747 5343 ejus
1776 5271 1950 5328 mtatis
1974 5268 2162 5331 fuisse,

585 5399 645 5445 ut
669 5398 982 5443 numerosas
1008 5377 1237 5436 familias
1271 5373 1530 5455 haberent
1551 5412 1563 5433 ,
1595 5383 1713 5439 qua:
1737 5365 1911 5436 dignae
1937 5360 2165 5416 fuissent

585 5477 892 5536 nominibus
946 5472 1209 5546 gentium.
1270 5450 1420 5522 Unde
1466 5472 1799 5529 nequaquam
1847 5450 2164 5525 putandum,

590 5572 731 5647 quod
776 5585 841 5627 eo
884 5542 1080 5623 fuerint
1129 5559 1317 5617 ordine
1365 5552 1565 5623 geniti,
1612 5562 1717 5620 quo
1761 5542 2165 5601 commemorati

592 5635 862 5737 leguntur.
895 5655 1146 5726 Alioquin
1189 5645 1471 5705 duodecim
1515 5641 1607 5696 lilii
1650 5639 1834 5694 Jectan
1857 5678 1874 5705 ,
1918 5635 2011 5707 qui
2050 5640 2170 5690 erat

590 5729 734 5818 ﬁlius
753 5756 887 5819 alius
900 5750 1103 5814 Beber,
1120 5744 1290 5800 frater
1308 5730 1566 5802 Phalech,
1589 5729 1856 5804 quomodo
1876 5732 2171 5800 potuerunt

650 5848 1051 5931 tm,ea:hoc.

2207 558 2393 632 Jectan
2423 552 2580 627 natus
2615 552 2718 637 est,
2740 554 2881 623 Isi'cu't'
2905 554 3024 638 post
3051 580 3173 621 eum
3196 552 3648 637 Coruinemoratus
3673 569 3786 613 cst:

2210 656 2903 738 quandoquidem‘tempore
2927 650 3033 729 quo
3057 664 3212 711 natus
3236 652 3319 710 est
3344 652 3592 715 Phalcch,
3619 648 3788 705 divisa

2211 772 2294 818 est
2318 768 2478 816 terra.
2507 757 2738 814 Proinde
2763 748 3165 824 intelligendum
3190 757 3293 817 est,
3318 748 3549 818 priorem
3576 744 3792 817 quidem

2213 855 2585 917 nominatum,
2631 849 2725 906 sed
2774 848 2933 918 longe
2974 855 3095 917 post
3141 843 3359 899 fratrem
3408 828 3561 897 suum
3594 839 3794 896 ‘Jectan

2217 945 2381 1001 fuisse
2408 951 2609 1010 natum,
2632 939 2782 1011 cujus
2798 936 2981 994 lectan
3007 933 3285 991 duodecim
3300 926 3402 987 ’lllii
3427 941 3537 986 tam
3557 924 3795 1007 grandes

2214 1038 2322 1110 jam
2352 1008 2898 1099 familiasbaherent,
2931 1028 3066 1085 utin
3093 1027 3301 1097 linguas
3344 1008 3605 1096 proprias
3626 1019 3794 1076 dividi

2218 1136 2455 1203 possent.
2499 1127 2587 1184 Sic
2624 1124 2766 1182 enim
2811 1122 2988 1193 potuit
3031 1113 3658 1191 prior‘commemorari,
3708 1111 3798 1182 qui

2220 1210 2341 1279 erat
2372 1228 2528 1276 aetate
2554 1217 2852 1289 posterior;
2889 1210 3337 1285 quemadmodum
3377 1207 3527 1280 prius
3562 1219 3805 1261 comme-

2222 1313 2415 1369 morati
2436 1319 2647 1367 suntex
2673 1307 2842 1364 tribus
2863 1304 2988 1362 ﬁliis
3008 1302 3119 1360 Noe
3140 1298 3406 1374 procreati
3431 1297 3524 1353 lilii
3543 1295 3800 1367 Japheth,

2224 1407 2315 1478 qui
2338 1414 2454 1462 erat
2477 1404 2733 1459 minimus
2750 1392 2983 1478 eorum;
3023 1395 3214 1452 deinde
3239 1390 3333 1449 filii
3354 1376 3543 1458 Cham,
3569 1388 3662 1460 qui
3686 1394 3808 1443 erat

2224 1496 2470 1563 medius;
2510 1490 2782 1566 postremo
2807 1476 3062 1558 ﬁliiSém,
3080 1487 3171 1560 qui
3188 1495 3306 1543 erat
3331 1484 3531 1557 primus
3551 1494 3607 1538 et
3630 1480 3805 1536 maxi-

2226 1604 2366 1645 mus.
2406 1586 2621 1643 Illarum
2661 1592 2838 1641 autem
2864 1581 3101 1655 gentium
3129 1576 3384 1634 vocabula
3422 1574 3616 1646 partim
3657 1586 3808 1628 man-

2227 1688 2447 1748 serunt,
2489 1678 2563 1733 ita
2601 1685 2660 1732 ut
2697 1670 2962 1745 hodieque
2993 1678 3249 1759 appareat
3271 1667 3413 1723 unde
3430 1665 3639 1721 fuerint
3662 1663 3808 1718 deri-

2227 1780 2389 1837 vata;
2431 1769 2570 1825 sicut
2594 1782 2663 1824 ex
2691 1767 2860 1822 Assur
2878 1760 3106 1836 ‘Assyrii,
3147 1768 3201 1816 et
3238 1750 3310 1814 ex
3349 1757 3526 1813 Heber
3556 1753 3809 1810 Hebraei:

2202 1865 2425 1945 Opartim
2466 1860 2726 1936 temporis
2764 1866 3025 1914 vetustate
3067 1860 3268 1909 mutata
3310 1856 3471 1915 sunt,
3511 1847 3584 1903 ita
3630 1855 3691 1900 ut
3727 1845 3808 1905 vix

2233 1957 2477 2013 homines
2504 1951 2802 2010 doctissimi
2841 1947 3239 2019 antiquissimas
3284 1930 3537 1999 historias
3560 1938 3815 2012 perscru-é

2234 2057 2428 2115 tantes,
2458 2061 2556 2102 nec
2578 2044 2840 2111 omnium,
2866 2040 2961 2096 sed
2997 2039 3294 2109 aliquarum
3321 2050 3386 2090 ex
3428 2033 3544 2088 istis
3580 2031 3817 2101 origines

2235 2136 2772 2214 gentium'potuerint
2790 2132 3050 2204 reperire.
3078 2129 3209 2184 Nam
3237 2125 3379 2198 quod
3400 2140 3465 2181 ex
3489 2122 3605 2179 ﬁlio
3624 2123 3813 2188 Cham,

2236 2202 2329 2304 qui
2356 2202 2645 2286 vocabatur
2666 2202 2938 2288 Mesraim,
2962 2220 3196 2294 Egyptii
3240 2216 3591 2289 perhibentur
3620 2202 3813 2278 exorti,

2238 2303 2382 2381 nulla
2422 2322 2513 2379 hic
2550 2326 2767 2376 resonat
2806 2316 2957 2385 origo
2995 2311 3243 2369 vocabuli
3270 2326 3284 2362 :
3316 2309 3454 2363 sicut
3477 2319 3581 2361 nec
3620 2303 3819 2358 Ethio-

2238 2431 2388 2488 pum,
2434 2414 2524 2484 qui
2566 2411 2820 2467 dicuntur
2848 2407 2914 2461 ad
2951 2419 3075 2461 eum
3122 2403 3289 2457 illium
3317 2400 3483 2455 Cham
3530 2396 3819 2468 pertinere,

2240 2508 2332 2580 qui
2352 2507 2494 2563 Chus
2519 2503 2813 2574 appellatus
2855 2507 2959 2554 est.
3002 2496 3072 2551 Et
3110 2495 3155 2550 si
3182 2492 3361 2549 omnia
3387 2488 3820 2554 considerentur,

2242 2603 2395 2674 plura
2430 2606 2649 2662 mutata,
2681 2609 2839 2667 quam
2864 2591 3133 2647 manentia
3158 2588 3374 2645 nomina
3395 2589 3681 2655 apparent.

2241 2712 2468 2797 CAPUT
2512 2711 2630 2767 XII.
2670 2740 2740 2750 —
2768 2706 2848 2763 De
2881 2704 3095 2761 articulo
3127 2700 3366 2775 temporis
3395 2700 3447 2753 in
3476 2697 3768 2763 Abraham,
3794 2709 3827 2748 ι

2367 2820 2463 2878 quo
2491 2810 2678 2858 sancta:
2704 2796 3034 2854 successionis
3063 2808 3219 2849 novus
3245 2790 3371 2846 ordo
3394 2784 3698 2844 contexitur.

2314 2921 2469 2978 Nunc
2486 2919 2597 2990 jam
2619 2917 2896 2985 videamus
2922 2924 3240 2987 procursum
3256 2906 3496 2981 civitatis
3525 2903 3641 2971 Dei,
3664 2900 3827 2985 etiam

2246 3018 2314 3072 ab
2338 3016 2431 3070 illo
2454 2972 2679 3067 aiticulo
2703 2972 2978 3078 temporis,
3002 3003 3092 3074 qui
3120 3000 3292 3073 factus
3311 2972 3393 3055 est
3415 2996 3467 3051 in
3492 2997 3649 3065 Patre
3668 2972 3829 3057 Αωρί

2246 3109 2394 3171 ham,
2424 3105 2564 3164 unde
2588 3100 2771 3171 incipit
2796 3113 2915 3155 esse
2943 3094 3133 3153 uetitia
3160 3091 3278 3165 ejus
3310 3087 3633 3173 evidentior,
3663 3095 3719 3145 et
3741 3083 3830 3173 ξιὺί

2247 3199 2477 3256 clariora
2501 3197 2750 3267 leguntur
2778 3190 3041 3264 promissa
3063 3185 3262 3249 divina,
3286 3168 3406 3267 quae
3433 3168 3574 3261 nunc
3599 3174 3653 3249 in
3670 3168 3833 3263 libri-

2184 3336 2189 3340 .
2248 3304 2332 3363 sto
2375 3262 2616 3361 videmus
2668 3262 2899 3357 impleri.
2954 3283 3104 3357 Sicut
3151 3295 3279 3351 ergo
3306 3262 3600 3353 Scriptura
3648 3281 3834 3359 sancta

2250 3386 2521 3449 indicante
2564 3380 2885 3446 didicimus,
2930 3376 2983 3431 in
3023 3373 3242 3447 regione
3265 3368 3635 3441 Chaldaeorum
3674 3373 3835 3445 iratus

2250 3487 2332 3555 est
2360 3434 2681 3543 Abraham(
2870 3434 2944 3537 Su,
2971 3464 3040 3521 28
3062 3434 3129 3535 )v:
3156 3477 3275 3555 qua!
3319 3434 3463 3545 terra
3502 3457 3568 3543 ad
3611 3434 3835 3543 regnum

2248 3530 2553 3642 pertinebat
2576 3530 2984 3637 Assyriorum".
3025 3530 3189 3625 Apud
3208 3538 3489 3615 Chaldmos
3517 3530 3694 3633 autem
3727 3530 3836 3627 jam

2253 3641 2412 3717 etiam
2442 3668 2567 3714 tunc
2598 3652 3004 3727 superstitiones
3034 3646 3211 3717 impia:
3240 3641 3623 3727 prrevalebant,
3653 3652 3839 3717 quem:

2254 3749 2541 3807 admodum
2570 3762 2666 3818 per
2692 3752 2912 3801 caeteras
2938 3748 3142 3811 gentes.
3171 3734 3292 3793 Una
3335 3733 3494 3817 igitur
3524 3728 3718 3807 Titane
3744 3727 3840 3795 do-

2255 3859 2374 3899 mus
2403 3849 2539 3921 erat,
2572 3838 2637 3892 de
2668 3851 2771 3906 qua
2792 3837 2812 3867 ¹
2835 3841 2993 3888 natus
3020 3838 3104 3886 est
3130 3826 3402 3884 Abraham
3422 3866 3437 3891 ,
3470 3822 3524 3878 in
3552 3837 3658 3894 qua
3687 3820 3843 3903 unius

2261 3935 2373 3990 veri
2402 3932 2502 3988 Dei
2520 3886 2722 4007 cultps,
2752 3935 2806 3982 et
2834 3933 3083 3997 quantum
3112 3916 3363 3977 credibile
3391 3886 3493 3997 est,
3525 3886 3583 3969 in
3601 3930 3712 3987 qua
3734 3886 3843 3983 jani

2257 4029 2371 4095 sola
2414 4026 2572 4080 etiam
2603 4021 2824 4092 Hebraza
2872 4018 3048 4088 lingua
3096 3990 3463 4070 remanserat;
3512 4007 3764 4083 quamvis
3791 4013 3846 4062 et

2259 4121 2371 4195 ipsa
2394 4117 2438 4183 ³,
2469 4117 2607 4170 sicut
2632 4114 2741 4184 jam
2769 4106 3100 4164 manifestior
3129 4105 3221 4161 Dei
3252 4101 3476 4174 pepulus
3507 4102 3559 4154 in
3581 4096 3844 4171 Egypto,

2263 4216 2338 4270 ita
2380 4213 2432 4267 in
2462 4205 2840 4278 Mesopotamia
2882 4201 3110 4273 servisse
3162 4196 3262 4255 diis
3292 4194 3512 4261 alienis,
3543 4192 3673 4263 .lesu
3705 4191 3850 4246 Nave

2260 4310 2512 4373 narrante
2540 4297 2800 4355 referatur
2826 4292 3020 4367 (Iosue
3053 4307 3206 4361 xxiv,
3236 4286 3304 4361 2)
3330 4306 3344 4355 ;
3392 4285 3599 4343 caeteris
3628 4301 3698 4338 ex
3729 4298 3852 4353 pro-

2256 4399 2415 4473 genie
2461 4394 2601 4451 illius
2645 4389 2822 4447 Heber
2868 4387 2920 4440 in
2968 4386 3172 4454 linguas
3214 4378 3467 4451 paulatim
3513 4376 3648 4430 alias
3697 4383 3754 4429 et
3799 4373 3852 4426 in

2260 4470 2508 4549 nationes
2538 4486 2669 4540 alias
2698 4478 3073 4538 deﬂuentibus.
3108 4472 3338 4545 Proinde
3380 4470 3517 4524 sicut
3554 4483 3653 4538 per
3680 4482 3853 4537 aqua-

2187 4614 2192 4619 ~
2263 4598 2380 4637 rum
2411 4579 2671 4633 diluvium
2716 4588 2819 4627 una
2848 4570 3039 4625 domus
3064 4566 3177 4622 Noe
3207 4568 3538 4619 remanserat
3577 4558 3648 4613 ad
3697 4573 3856 4630 repa-

2263 4673 2488 4730 randum
2534 4682 2703 4740 genus
2749 4665 3060 4728 humanum,
3105 4660 3183 4715 sic
3233 4658 3286 4712 in
3335 4640 3532 4711 diluvio
3558 4651 3858 4711 multarum

2266 4752 2709 4835 superstitionum
2741 4772 2836 4827 per
2865 4755 3168 4810 universum
3200 4746 3453 4803 mundum
3490 4759 3593 4819 una
3635 4759 3857 4798 reman-

2268 4833 2413 4912 serat
2457 4853 2649 4910 domus
2675 4848 2887 4913 Tharar,
2936 4846 2989 4900 in
3030 4859 3133 4913 qua
3179 4837 3439 4896 custodita
3471 4845 3552 4892 est
3594 4833 3861 4907 plantatio

2268 4945 2501 5001 civitatis
2546 4942 2664 4996 Dei.
2716 4939 2951 5007 Dciiique
2994 4934 3131 4988 sicut
3175 4931 3284 4999 illic
3320 4927 3650 5001 enumeratis
3696 4938 3861 4997 supra

2269 5034 2705 5110 generationibus
2753 5045 2919 5100 usque
2962 5025 3029 5095 ad
3068 5024 3179 5080 Noe
3223 5021 3382 5077 simul
3426 5035 3546 5074 cum
3588 5032 3861 5072 annorum

2273 5128 2529 5193 numeris,
2573 5133 2626 5180 et
2668 5122 2911 5194 exposita
2942 5118 3124 5174 diluvii
3170 5131 3348 5179 causa,
3374 5115 3685 5191 priusquam
3723 5110 3869 5165 Deus

2274 5222 2533 5290 inciperet
2570 5217 2639 5271 de
2672 5230 2792 5270 arca
2839 5208 3145 5287 fabricanda
3178 5206 3319 5281 loqui
3364 5204 3430 5279 ad
3460 5186 3570 5258 Noe
3591 5244 3606 5267 ,
3640 5200 3871 5277 dicitur,

2275 5311 2375 5367 Ha:
2399 5319 2567 5363 autent
2590 5305 2938 5379 generationes
2966 5301 3013 5355 Ν
3023 5317 3080 5379 oe
3105 5300 3125 5374 (
3147 5296 3274 5354 Gen.
3303 5312 3388 5364 vt,
3408 5286 3533 5367 ’9)ἐ
3568 5293 3644 5348 ita
3675 5303 3734 5347 et
3758 5290 3871 5354 hic,

2275 5378 2605 5460 enumeratis
2626 5378 3062 5471 generationibus
3085 5390 3153 5446 ab
3188 5388 3312 5453 illo,
3340 5387 3429 5458 qui
3456 5392 3537 5441 est
3558 5382 3876 5457 appellatus

2277 5502 2400 5556 Scin
2428 5541 2442 5563 ,
2474 5496 2580 5550 lilio
2606 5490 2715 5547 Noe
2736 5534 2749 5557 ,
2782 5504 2949 5560 usque
2974 5487 3041 5542 ad
3065 5484 3332 5540 Abraham
3354 5523 3369 5549 ,
3398 5479 3588 5557 deinde
3632 5477 3877 5548 insignis

2279 5591 2533 5650 articulus
2560 5587 2805 5666 similiter
2829 5582 3065 5658 ponitur,
3094 5588 3151 5635 ut
3192 5572 3420 5655 dicatur,
3450 5572 3548 5663 ῌω
3569 5583 3696 5628 sunt
3725 5587 3857 5646 gena

2342 5710 2360 5741 ι
2394 5705 2545 5757 Nostri
2567 5664 2776 5761 codices,
3728 5697 3777 5743 ι

2341 5773 2363 5803 ί
2394 5767 2498 5819 Sola
2524 5764 2672 5817 edim
2692 5760 2822 5830 In},
2843 5760 3032 5830 uagus.

2344 5796 2363 5803 -
2394 5796 2498 5819 ουια
2524 5796 2672 5817 σω...
2694 5796 2803 5812 ..νη
2844 5796 2905 5811 ..υ
2953 5796 3032 5809 ν..

2343 5834 2365 5868 ι
2394 5796 2841 5886 εισιιειλιεάῑιί,
2861 5796 3045 5887 αἴρει.
