4054 6530
237 530 449 603 rationes
499 525 705 603 Thurot.
753 523 929 600 Thura
978 521 1148 596 genuit
1192 519 1379 596 Abram
1417 529 1464 574 et
1511 519 1720 574 Nachor
1757 526 1806 572 et

241 623 368 694 Aran
397 636 417 674 :
447 628 495 672 et
523 619 662 672 Aran
687 619 857 691 genuit
883 615 996 670 Lat.
1031 613 1100 668 Et
1126 622 1356 670 mortuus
1381 621 1450 670 est
1474 609 1612 682 Aron
1639 626 1811 666 coram

244 711 401 766 Thura
431 721 579 782 patre
606 727 704 764 suo
733 710 786 788 in
817 718 950 762 terra
994 707 1046 769 in
1090 722 1187 775 qua
1218 715 1364 760 natus
1393 713 1465 756 est
1487 742 1503 768 ,
1534 703 1585 756 in
1613 703 1812 772 regione

240 799 609 876 Chalda'orunt.
669 799 733 876 Et
792 805 1112 868 sumpserunt
1152 795 1338 848 Abram
1381 802 1428 848 et
1476 791 1683 860 Nae/tor
1720 790 1812 846 sibi

244 910 418 948 uxores
447 911 463 948 :
494 909 676 956 nomen
704 889 927 944 mulieris
959 889 1143 942 Abram
1173 886 1324 950 Sara,
1353 894 1400 950 et
1427 900 1606 938 nomen
1630 881 1812 942 mulie-

237 987 300 1038 ris
331 983 547 1037 Nachor
568 963 782 1059 ‘Melclta
807 1023 821 1046 ,
849 981 960 1059 lilia
992 978 1127 1032 Arari
1158 975 1312 1045 (Gen.
1345 991 1395 1030 XI
1416 1017 1433 1044 ,
1462 973 1674 1043 27-29).
1712 972 1815 1026 Iste

240 1079 373 1131 Aran
416 1087 567 1148 pater
592 1057 811 1130 Melcbae
856 1057 954 1142 fuit
1001 1081 1052 1126 ct
1097 1080 1246 1142 pater
1274 1069 1471 1142 Jescse,
1517 1084 1634 1139 qum
1659 1066 1816 1124 lesca

238 1168 467 1223 creditur
497 1151 612 1240 ipsa
641 1181 761 1222 esse
789 1167 947 1224 etiam
975 1163 1106 1219 Sara
1133 1162 1148 1192 ¹
1177 1176 1310 1218 uxor
1334 1159 1561 1230 Abrahae
1588 1158 1684 1230 (a).

239 1301 458 1357 CAPUT
484 1298 852 1365 IUL—Qua
874 1297 1004 1351 ratio
1026 1295 1201 1364 fecisse
1223 1292 1468 1356 videmur,
1499 1290 1628 1344 utin
1651 1299 1816 1343 trans-

304 1394 606 1465 stigratione
645 1390 852 1456 Tltarc,
890 1403 991 1458 qua
1015 1385 1283 1442 Chaldtoos
1309 1385 1542 1438 deserens
1563 1381 1617 1435 in
1648 1380 1817 1435 Meso-

303 1484 580 1552 potamiam
622 1481 839 1544 ts-wiis,
879 1479 1022 1542 nulla
1051 1475 1145 1547 ﬁlii
1183 1476 1291 1545 ejus
1337 1472 1546 1527 Nat-Iter
1580 1475 1716 1544 facta
1756 1471 1820 1552 sit

305 1551 517 1630 mentio.
1759 1551 1764 1556 ’

308 1684 509 1740 Deinde
551 1689 796 1738 narratur
846 1677 1292 1750 quemadmodum
1321 1677 1493 1731 Tbara
1543 1691 1662 1732 cum
1714 1677 1822 1752 suis

241 1780 503 1849 regionem
535 1761 808 1846 reliquerit
833 1773 1226 1837 Chaldaeorum,
1255 1779 1309 1824 et
1329 1769 1532 1824 venerit
1558 1771 1609 1821 in
1639 1768 1820 1822 Meso-

242 1870 546 1941 potamiam,
592 1877 648 1922 et
676 1865 990 1921 habitaverit
1019 1865 1068 1917 in
1095 1863 1299 1918 Charm
1344 1882 1356 1918 :
1409 1871 1609 1916 tacetur
1647 1870 1822 1914 autem

151 2001 156 2008 .
242 1962 304 2017 de
339 1975 448 2014 uno
491 1960 607 2027 ejus
648 1957 756 2012 ﬁlio
781 1999 794 2023 ,
839 1956 926 2026 qui
964 1954 1253 2009 vocabatur
1291 1950 1521 2016 Nachor,
1575 1962 1822 2020 tanquam

239 2066 355 2105 cum
382 2064 490 2104 non
516 2049 730 2104 duxerit
753 2062 953 2102 secum.
979 2045 1106 2099 Nam
1124 2045 1193 2098 ita
1217 2053 1496 2097 narratur:
1527 2040 1592 2094 Et
1615 2042 1825 2110 sumpsit

239 2141 408 2196 πᾶσι
453 2140 641 2193 Abram
670 2140 834 2208 ﬁlium
870 2149 1038 2200 suum,
1077 2145 1123 2188 et
1149 2133 1244 2187 Lot
1271 2135 1433 2201 ﬁlium
1464 2134 1621 2196 Aron,
1665 2132 1828 2200 ﬁlium

243 2237 333 2306 ﬁlii
375 2236 477 2298 sui,
517 2245 565 2287 et
606 2231 792 2288 Suram
835 2246 1016 2283 nurum
1055 2245 1218 2293 suam,
1269 2243 1478 2280 uxorem
1519 2225 1706 2278 Abram
1731 2223 1828 2290 ﬁlii

241 2331 335 2394 sui,
359 2339 412 2382 et
439 2328 616 2382 eduxit
629 2316 748 2379 illos
773 2324 835 2376 de
859 2323 1060 2393 regione
1083 2320 1442 2374 Chaldazorum
1473 2319 1542 2371 ire
1568 2320 1619 2371 in
1646 2327 1829 2370 terram

243 2420 486 2476 etiam“
520 2435 548 2473 τι
580 2429 624 2472 ει
655 2417 784 2470 venit
823 2417 876 2468 in
907 2413 1176 2477 Charram,
1206 2423 1249 2464 et
1279 2397 1514 2464 habitavit
1539 2410 1605 2462 ibi
1640 2407 1826 2478 (Ibid,

244 2515 350 2586 5t).
382 2511 655 2585 Nusquam
687 2507 773 2560 hic
804 2503 1104 2559 nominatus
1125 2512 1206 2557 est
1230 2500 1461 2567 Nachor,
1487 2509 1539 2554 et
1563 2517 1697 2553 uxor
1717 2498 1830 2568 ejus

246 2610 469 2665 Metella.
515 2608 620 2663 Sed
672 2600 970 2660 invenimus
1019 2605 1220 2673 postea.
1262 2610 1380 2648 Cltllt
1421 2609 1630 2649 servum
1677 2607 1828 2646 suum

245 2705 478 2760 mitteret
506 2701 774 2766 Abt-aliam
810 2698 876 2754 ad
911 2694 1274 2764 accipiendam
1315 2705 1535 2745 uxorem
1581 2683 1691 2740 ﬁlio
1735 2697 1833 2739 suo

248 2793 408 2861 Isaac,
445 2794 518 2847 ita
547 2793 804 2861 scripula!
829 2809 844 2846 :
875 2789 945 2842 Et
971 2786 1165 2855 accepit
1187 2799 1311 2856 pur
1336 2782 1504 2835 decem
1532 2777 1747 2832 camelos
1773 2777 1835 2830 de

246 2889 447 2944 camelis
485 2884 678 2942 domini
705 2883 804 2958 sui,
842 2891 888 2936 et
915 2880 978 2942 de
1001 2876 1230 2938 omnibus
1252 2875 1394 2930 bonis
1423 2870 1616 2926 domini
1652 2870 1730 2924 sui
1759 2885 1835 2920 se-

249 2998 378 3046 cum,
404 2989 453 3035 et
484 2994 757 3052 exsurgens
785 2979 1039 3048 profectus
1065 2981 1134 3026 est
1162 2972 1213 3024 in
1242 2967 1663 3035 MeSOpotamiam
1679 2965 1740 3015 in
1764 2963 1835 3015 ci-

249 3059 444 3126 vitatem
480 3068 689 3132 Ναεήοτ
723 3064 829 3137 (Id.
862 3079 1001 3130 xxxv,
1039 3061 1150 3130 i0).
1186 3059 1290 3112 Isto
1316 3067 1368 3111 et
1396 3056 1514 3109 aliis
1543 3069 1706 3108 sacra:
1732 3052 1834 3106 hu-

251 3162 326 3234 ius
346 3159 589 3230 historiae
628 3143 944 3233 testimoniis
970 3150 1267 3228 ostenditur
1294 3149 1451 3202 ctiaun
1480 3145 1691 3200 Nachor
1731 3142 1836 3196 fra-

254 3263 324 3308 ter
348 3251 584 3308 Abrahae
605 3251 779 3312 exisse
806 3247 872 3302 de
904 3245 1121 3315 regione
1155 3239 1547 3310 Chaldaeorum,
1577 3234 1839 3302 sedesque

253 3344 591 3402 constituisse
619 3342 670 3398 in
699 3323 1100 3414 Mesopotamia,
1152 3333 1238 3390 ubi
1270 3347 1388 3386 cum
1433 3339 1582 3398 patre
1609 3341 1708 3383 suo
1738 3326 1839 3382 ha-

254 3438 508 3494 bitaverat
557 3415 854 3508 Abraham;
899 3429 1006 3486 Cur
1055 3443 1181 3498 ergo
1236 3424 1512 3493 Scriptura
1564 3436 1685 3476 eum
1733 3434 1840 3476 non

255 3527 709 3600 commemoravit,
751 3523 962 3596 quando
1002 3537 1063 3580 cx
1099 3525 1255 3594 gente
1292 3513 1538 3582 Chaldzea
1574 3527 1693 3576 cum
1731 3509 1844 3564 suis

255 3607 518 3693 prolectus
545 3627 628 3674 est
649 3603 843 3686 Thura,
887 3624 940 3670 et
967 3611 1218 3674 habitavit
1244 3609 1296 3662 in
1321 3602 1723 3673 Mesopotamia,
1754 3599 1842 3668 ubi

257 3733 354 3772 non
386 3697 563 3772 sel-um
599 3710 861 3786 Abraham
895 3706 1032 3785 ﬁlius
1070 3703 1205 3776 ejus,
1253 3714 1437 3768 verum
1481 3697 1639 3766 etiam
1686 3695 1842 3749 Sarra

258 3826 414 3878 nurus
440 3817 496 3862 ct
526 3805 627 3866 Lot
668 3815 832 3872 nepos
861 3799 976 3868 ejus
1021 3800 1526 3864 commemorantur,
1563 3786 1704 3857 quod
1751 3799 1845 3838 eos

259 3890 462 3956 duxerit
490 3897 712 3962 secum?
753 3893 878 3956 Cur,
910 3899 1176 3962 putamus,
1223 3885 1322 3956 nisi
1356 3883 1494 3952 forte
1523 3880 1663 3952 quod
1693 3894 1722 3932 a
1753 3893 1845 3947 pa-

260 4004 402 4047 terna
428 3975 482 4046 et
527 3988 761 4043 fraterna
800 3984 994 4054 pietate
1033 3980 1350 4042 desciverat,
1397 3985 1450 4030 et
1485 3971 1844 4044 superStitioni

259 4086 557 4138 adluceerat
597 4076 987 4140 Chaldaeorum,
1039 4081 1092 4126 et
1129 4080 1311 4141 postea
1349 4068 1490 4134 inde,
1536 4067 1649 4120 sive
1674 4064 1842 4132 potni-

260 4175 439 4236 tendo,
492 4171 608 4242 sive
648 4165 1069 4246 persecutionem
1113 4175 1325 4231 passus,
1375 4157 1516 4228 quod
1569 4164 1848 4224 suspectus

259 4264 570 4322 haberetur,
594 4245 782 4327 ellipse
803 4255 1114 4336 emigravit?
1139 4253 1197 4306 ln
1221 4251 1354 4316 libro
1377 4251 1516 4304 enim
1545 4248 1631 4318 qui
1663 4245 1850 4314 inscri—

260 4355 403 4411 bitur
431 4351 638 4416 Judith,
672 4366 793 4406 eum
817 4356 1078 4417 quurrcret
1104 4342 1418 4412 iiolofcrucs
1447 4341 1614 4394 hostis
1641 4339 1850 4394 lsracli-

259 4455 456 4508 tarum,
489 4457 734 4512 quaenam
767 4427 894 4506 gens
933 4438 1019 4490 illa
1051 4421 1211 4499 esset,
1245 4443 1418 4488 utrum
1450 4431 1704 4486 adversus
1733 4445 1849 4498 eam

260 4537 566 4594 bellandum
601 4533 806 4597 fuisset,
837 4531 914 4584 sic
934 4531 980 4582 ei
1001 4527 1270 4597 respondit
1291 4524 1486 4578 Acbior
1509 4523 1610 4576 dux
1637 4522 1854 4576 Ammo-

259 4634 496 4686 nitarum
522 4630 543 4658 ³
575 4644 587 4678 :
620 4625 808 4678 Audiat
831 4623 1063 4677 dominus
1092 4629 1256 4673 noster
1284 4617 1483 4670 verbum
1509 4615 1572 4668 de
1601 4629 1685 4666 ore
1709 4613 1852 4682 pueri

258 4726 362 4787 sui,
382 4732 432 4776 et
456 4722 672 4789 referam
700 4716 787 4768 tibi
807 4715 1058 4767 veritatem
1087 4713 1147 4764 de
1177 4707 1363 4781 populo
1391 4707 1476 4778 qui
1499 4705 1686 4757 habitat
1704 4703 1854 4773 juxta

260 4829 309 4871 te
340 4824 639 4868 montanum
676 4810 807 4861 hanc
834 4806 874 4871 ⁸,
919 4815 963 4860 et
1008 4821 1106 4856 non
1149 4803 1299 4856 exibit
1342 4796 1654 4851 mendacium
1689 4794 1750 4848 de
1775 4810 1858 4846 ore

257 4909 392 4963 servi
419 4905 513 4959 tui.
544 4901 670 4957 Παῖς
709 4900 841 4955 enim
872 4896 1129 4968 progenies
1160 4890 1332 4968 populi
1370 4899 1439 4943 est
1483 4885 1853 4945 Chalda’orum,

259 5010 310 5054 et
339 5006 491 5060 antea
513 4967 1325 5056 habitaveruntidlesopotamiam,
1356 4980 1474 5050 quia
1501 4979 1760 5032 noluerunt
1783 4991 1859 5028 se-

254 5093 350 5164 qui
385 5089 507 5142 deos
540 5063 738 5166 patrum
764 5065 987 5146 suorum,
1027 5078 1109 5148 qui
1135 5077 1332 5145 [uerunt
1362 5073 1415 5124 in
1442 5081 1572 5124 terra
1597 5067 1862 5142 Cltaldtt'o-

254 5199 380 5236 rum
409 5164 755 5250 gloriosi,lsed
781 5170 1149 5236 declinaverunt
1172 5165 1234 5218 de
1262 5167 1342 5217 via
1371 5170 1631 5232 parentum
1656 5172 1860 5211 suorum

258 5285 304 5329 et
339 5271 688 5340 adoraverunt
719 5261 884 5318 Deum
921 5262 1051 5326 cazli,
1103 5273 1247 5328 quem
1271 5260 1626 5326 cognoverunt,
1667 5258 1711 5303 et
1740 5264 1862 5318 pro-

327 5443 354 5474 ι
392 5439 564 5496 Abest,
586 5443 728 5495 sara,
753 5444 783 5481 ιι
805 5437 884 5480 ns.
908 5423 1017 5477 $8.
1080 5429 1139 5474 ιιι.

302 5525 358 5596 f
390 5527 505 5570 Has.
537 5513 915 5569 Απυηωιὶιαηεηι
936 5521 954 5561 :
978 5517 1031 5559 et
1047 5507 1187 5566 infra,
1208 5498 1654 5562 mmitesﬁoco,
1679 5508 1865 5548 Ammo-

251 5591 530 5726 ’.ιξῖογη
831 5657 1035 5726 meum
1075 5661 1202 5711 Mss,
1237 5652 1511 5699 mmmam
1545 5643 1671 5694 hanc
1693 5641 1870 5704 :juxta

253 5717 616 5796 grmcumﬂén
637 5721 831 5775 oreinén
852 5717 1028 5769 tautén.

335 5811 422 5875 (α)
450 5785 547 5860 ηδε
568 5807 716 5875 non
734 5801 986 5875 {napus
1006 5785 1868 5875 W'r‘ilet“.'1‘;l“‘ia.‘£”:f“.L‘Eii’l:

254 5849 547 5939 σειζῗλῖῗξῖ
1051 5849 1403 5939 ξωιεπ-μφιεὲμ
1436 5849 1620 5939 cap-1:2;
1653 5849 1869 5916 denique

257 5922 604 5999 Hieronymus
626 5934 676 5981 in
699 5924 1050 5978 ’l‘raditiouibus
1065 5922 1322 5972 hcbraicis.
1348 5924 1593 5971 Coenus.

1433 401 1634 462 LIBER
1673 400 1968 462 DECIMUS
1997 399 2288 458 SEXTUS.

3379 403 3486 459 ωδ

1904 520 2135 589 jecerstnt
2162 535 2246 574 eos
2268 535 2300 576 a
2321 519 2450 588 facie
2473 520 2677 575 deorum
2706 537 2929 585 suorum,
2961 529 3009 576 et
3033 523 3266 592 fugerunt
3288 521 3342 574 in
3370 522 3485 578 Me-

1913 613 2263 682 wpotamiam,
2291 617 2334 665 et
2359 613 2702 667 habitaverunt
2723 614 2792 668 ibi
2820 614 2924 668 dies
2950 615 3148 668 multos.
3176 614 3490 684 Dieitqueil-

1917 705 1978 758 lis
2002 702 2142 758 Deus
2163 720 2358 770 eorum,
2387 713 2440 757 ut
2461 707 2652 760 anima
2674 705 2737 760 de
2763 705 3064 760 habitatione
3090 722 3202 770 sua,
3227 715 3274 760 et
3298 707 3424 760 irent
3437 708 3490 761 in

1918 781 2102 850 ιεῖτωη
2128 793 2406 859 Chanaan;
2432 805 2478 850 et
2501 797 2610 856 tua
2643 797 2982 853 habimmmt
3015 797 3222 867 (Iudith
3251 815 3305 867 ν,
3333 798 3490 872 5-9):

1918 897 1973 943 et
1999 897 2192 944 cratera
2230 903 2349 958 quae
2377 899 2555 942 narrat
2582 888 2778 944 Achior
2803 891 3156 945 Ammonites.
3191 889 3340 946 Unde
3375 905 3493 945 ma-

1919 979 2170 1038 nifestum
2211 989 2312 1044 est,
2360 980 2574 1034 domum
2603 980 2789 1034 Thura:
2827 982 3255 1049 persecutionem
3285 996 3492 1052 passam

1919 1069 2083 1126 fuisse
2107 1086 2138 1126 a
2167 1069 2433 1125 Chaldmis
2457 1085 2553 1139 pro
2577 1085 2701 1126 vera
2724 1071 2939 1142 pietate,
2964 1087 3070 1143 qua
3097 1067 3240 1128 unus
3258 1081 3314 1128 et
3338 1087 3496 1128 verus

1918 1162 1986 1216 ab
2014 1163 2092 1224 eis
2115 1161 2386 1218 colebatur
2407 1161 2564 1217 Deus.

1919 1275 2145 1332 CAPUT
2174 1274 2313 1332 XIV.
2333 1305 2407 1317 —
2431 1273 2510 1329 De
2535 1275 2682 1329 annis
2714 1274 2916 1342 Thoria,
2948 1275 3034 1349 qui
3069 1276 3123 1331 in
3157 1274 3350 1342 Charta
3388 1279 3499 1334 vitta

2415 1386 2522 1425 sua:
2545 1380 2739 1440 tempus
2764 1371 3005 1442 implevit.
3113 1357 3182 1366 ”
3301 1359 3304 1362 ’
3409 1357 3414 1364 ’

1998 1481 2254 1536 Defuncto
2281 1492 2459 1538 autem
2479 1483 2652 1538 Thara
2681 1485 2732 1537 in
2763 1483 3162 1554 Mesopotamia,
3194 1486 3284 1550 ubi
3309 1486 3505 1556 vixisse

1925 1572 2234 1644 perhibetur
2259 1574 2517 1629 ducentos
2551 1587 2603 1629 et
2633 1576 2864 1648 quinque
2891 1593 3082 1644 annos,
3113 1579 3222 1648 jam
3254 1579 3508 1652 incipiunt

1925 1663 2145 1718 indicari
2186 1662 2335 1719 facta:
2381 1666 2445 1728 ad
2488 1666 2750 1720 Abraham
2783 1669 3167 1740 promissioncs
3203 1673 3313 1734 Dei,
3367 1674 3505 1744 quod

1926 1754 1996 1808 ita
2043 1756 2293 1824 scriptum
2334 1766 2451 1811 est:
2487 1757 2552 1811 Et
2583 1762 2785 1828 fuerunt
2827 1761 2934 1816 dies
2956 1763 2973 1795 ⁸
3018 1760 3204 1820 Thura!
3240 1766 3291 1817 in
3318 1764 3512 1819 Cltarra

1927 1846 2142 1915 quinque
2187 1858 2231 1899 et
2275 1847 2474 1901 ducenti
2527 1849 2682 1912 anni,
2731 1860 2777 1904 et
2821 1861 3046 1907 mortuus
3092 1864 3161 1907 cst
3206 1855 3260 1908 in
3319 1853 3512 1910 C/tarra

1929 1936 2082 2006 (Gen.
2116 1955 2186 2004 χι,
2213 1938 2323 2008 ⁸52).
2357 1939 2470 1993 Non
2498 1941 2575 1996 sic
2605 1950 2780 1997 autem
2819 1944 3187 2014 accipiendum
3215 1957 3316 2012 est,
3359 1950 3510 2017 quasi

1930 2045 2116 2085 ntnnes
2143 2030 2237 2085 hos
2265 2032 2380 2085 dics
2411 2033 2478 2086 ibi
2504 2034 2708 2102 egerit;
2756 2036 2849 2089 scd
2875 2037 2995 2106 quia
3027 2055 3211 2093 omnes
3248 2040 3361 2098 dies
3394 2044 3514 2096 vita:

1931 2135 2060 2187 Suu‘,
2088 2122 2174 2190 qui
2203 2122 2414 2176 luerunt
2435 2125 2555 2180 anni
2581 2125 2796 2180 ducenti
2826 2128 3079 2198 quinque,
3112 2128 3179 2185 ibi
3202 2111 3511 2204 compleve-

1933 2217 1999 2268 rit
2037 2233 2048 2269 :
2096 2217 2328 2285 alioquin
2371 2220 2665 2272 nesciretur
2710 2229 2837 2288 quot
2880 2236 3050 2276 annos
3086 2222 3272 2277 vixerit
3317 2225 3511 2290 Thura,

1931 2307 2182 2376 quoniam
2217 2324 2317 2362 non
2343 2310 2532 2378 logitur
2547 2321 2708 2380 quoto
2735 2327 2875 2367 anno
2899 2315 3021 2370 vitae
3044 2332 3152 2370 sua:
3175 2317 3227 2371 in
3253 2293 3513 2374 Charram

1933 2401 2164 2465 venerit;
2212 2409 2265 2455 et
2293 2402 2575 2456 absurdum
2608 2412 2690 2456 est
2715 2405 3020 2461 existimare
3049 2407 3098 2460 in
3137 2407 3233 2476 ista
3259 2381 3397 2478 serie
3419 2425 3515 2484 ge-

1935 2492 2289 2555 nerationum,
2317 2493 2401 2547 ubi
2424 2494 2709 2562 diligenter
2735 2509 3186 2554 commemoratur
3206 2473 3332 2572 quot
3351 2473 3520 2570 annbs

1935 2581 2159 2652 quisque
2181 2584 2388 2648 vixerit,
2423 2583 2580 2652 hujus
2612 2585 2776 2639 solius
2803 2571 3085 2642 numerum
3112 2569 3373 2656 annorum
3401 2569 3520 2648 vitae

1935 2691 2040 2730 non
2072 2675 2501 2730 commendatum
2531 2691 2649 2731 esse
2692 2679 2985 2742 memoriae.
3017 2681 3168 2747 Quod
3203 2685 3344 2752 enim
3367 2655 3523 2758 “quo-

1937 2770 2200 2836 mundam,
2232 2786 2361 2840 quos
2389 2767 2573 2825 eadem
2601 2769 2872 2840 Scriptura
2904 2786 3306 2843 commemorat,
3337 2785 3521 2840 tacen-

1940 2869 2024 2914 tur
2053 2861 2192 2923 anni,
2240 2875 2343 2914 non
2376 2872 2499 2915 sunt
2540 2861 2589 2914 in
2621 2859 2724 2916 hoc
2753 2862 2958 2926 ordine,
3003 2863 3052 2918 in
3083 2881 3189 2937 quo
3225 2876 3520 2937 temporum

1938 2951 2288 3006 dinumeratio
2317 2952 2631 3006 decessione
2655 2953 2979 3023 gignentium
3002 2963 3054 3010 et
3077 2957 3376 3026 geiiitorum
3405 2974 3521 3026 suc-

1941 3044 2180 3098 cessione
2199 3047 2518 3097 contexitur.
2557 3043 2658 3099 Iste
2692 3055 2866 3099 autem
2895 3046 3045 3110 ordo,
3079 3051 3164 3117 qui
3193 3050 3438 3118 dirigitur
3456 3053 3524 3108 ab

1943 3135 2107 3189 Adam
2138 3151 2300 3203 usque
2331 3135 2393 3188 ad
2418 3131 2545 3197 Noe,
2587 3145 2638 3187 ct
2666 3133 2788 3189 inde
2811 3151 2975 3206 usque
3002 3136 3064 3189 ad
3095 3137 3382 3206 Abraham,
3409 3141 3524 3210 sine

1942 3241 2163 3280 numero
2187 3241 2450 3279 annorum
2480 3224 2599 3278 vitm
2625 3241 2734 3280 sum
2763 3225 3026 3278 nominent
3049 3221 3305 3283 continet.

1943 3336 2164 3414 CAPUT
2201 3336 2316 3392 XV.
2354 3367 2427 3378 ——
2454 3336 2529 3389 De
2557 3345 2779 3404 tempore
2810 3338 3130 3410 profectionis
3161 3338 3398 3408 Mm,
3423 3357 3527 3413 qua

2129 3428 2404 3481 secundum
2431 3437 2733 3497 princeptum
2758 3426 2855 3482 Dei
2881 3429 2998 3480 exiit
3025 3427 3087 3482 de
3115 3429 3330 3500 Citarra.

2018 3542 2066 3596 1.
2098 3539 2247 3609 Quod
2295 3556 2436 3606 vero,
2485 3550 2896 3596 commemorata
2927 3551 3100 3597 tuorte
3138 3543 3325 3599 Ibam
3365 3548 3529 3615 patris

1946 3633 2234 3699 Abraham,
2255 3632 2446 3690 deinde
2465 3632 2677 3702 legitur,
2710 3631 2776 3686 Et
2801 3633 2927 3687 dim
2954 3631 3199 3688 Dominus
3225 3636 3294 3688 ad
3317 3638 3526 3703 Abram,

1947 3727 2046 3781 Exi
2072 3725 2134 3780 de
2154 3734 2286 3780 terra
2310 3734 2417 3791 tua,
2444 3735 2488 3778 et
2511 3725 2571 3777 de
2589 3725 3016 3792 cognationetua,
3044 3734 3091 3779 et
3109 3725 3171 3779 de
3197 3727 3346 3781 domo
3374 3731 3532 3797 patris

1945 3820 2037 3883 tui,
2069 3827 2123 3873 et
2157 3829 2386 3882 cmtera;
2433 3832 2534 3872 non
2563 3816 2681 3884 quia
2725 3815 2824 3869 hoc
2849 3817 3086 3885 sequitur
3117 3819 3169 3872 in
3189 3834 3439 3875 sermone
3463 3823 3531 3876 li-

1950 3911 2048 3975 bri,
2105 3911 2206 3966 hoc
2261 3911 2416 3964 etiam
2468 3910 2519 3962 in
2565 3924 2741 3964 rerum
2781 3915 3051 3978 gestarum
3096 3919 3337 3981 tempore
3377 3915 3530 3983 sequi

1950 4003 2357 4060 existimandum
2384 4010 2481 4055 est.
2526 3999 2640 4056 Erit
2663 4000 2878 4070 quippe,
2924 4002 2968 4055 si
2996 4003 3066 4056 ita
3100 4012 3202 4068 est,
3237 4003 3532 4061 insolubilis

1951 4098 2188 4169 qnmstio.
2223 4096 2348 4150 Post
2371 4093 2488 4147 lucc
2515 4094 2654 4148 enim
2685 4092 2844 4148 verba
2871 4092 3004 4160 Dei,‘
3031 4110 3148 4164 qure
3173 4095 3240 4149 ad
3268 4096 3532 4153 Abraham

1951 4190 2086 4256 facta
2126 4198 2269 4251 ιειηι,
2311 4186 2579 4255 Scriptura
2617 4185 2694 4239 sic
2738 4185 3009 4255 loquitur:
3057 4183 3122 4240 Et
3161 4189 3278 4242 exiit
3321 4188 3532 4252 Abram,

1949 4281 2372 4353 quemadmodum
2399 4279 2591 4334 locutus
2625 4289 2698 4334 est
2727 4277 2804 4333 illi
2829 4278 3101 4345 Dominus,
3139 4292 3182 4336 et
3206 4284 3327 4335 abiit
3347 4299 3460 4338 cum
3479 4302 3537 4339 eo

1958 4372 2069 4428 Lot.
2095 4371 2277 4424 Abram
2296 4381 2463 4424 autem
2485 4380 2590 4424 erat
2617 4371 2833 4440 quinque
2859 4382 2904 4424 et
2929 4375 3244 4444 septuaginta
3265 4393 3533 4440 annorum,

1953 4480 2068 4518 cum
2109 4463 2226 4516 exiit
2265 4478 2328 4515 ea
2365 4460 2560 4514 Charra
2600 4460 2707 4530 (Id.
2744 4478 2836 4528 xu,
2864 4463 2914 4527 1,
2945 4463 3021 4531 4).
3065 4464 3340 4531 Quomodo
3365 4476 3538 4534 potest

1955 4555 2057 4612 hoc
2096 4569 2277 4608 verum
2306 4568 2445 4616 esse,
2482 4553 2525 4605 si
2569 4560 2688 4620 post
2731 4564 2954 4607 mortem
2999 4557 3161 4619 patris
3200 4557 3282 4610 sui
3315 4556 3443 4610 exiit
3473 4557 3537 4612 de

1957 4645 2198 4701 Cbarra?
2227 4644 2357 4697 Cum
2375 4644 2515 4695 cnim
2543 4651 2684 4698 esset
2704 4643 2873 4698 Thura
2897 4646 3229 4714 septuaginta
3255 4663 3535 4714 annorum,

1958 4740 2093 4800 sicut
2124 4752 2279 4808 supra
2323 4735 2621 4790 intimatnm
2649 4745 2753 4803 est,
2781 4738 2964 4805 genuit
3005 4739 3255 4793 \braham
3285 4756 3299 4794 :
3328 4741 3413 4793 eui
3440 4757 3538 4793 utt-

1949 4850 2110 4890 'tuero
2148 4831 2340 4886 additis
2373 4830 2702 4898 septuaginta
2733 4832 2966 4900 quinque
2989 4833 3162 4896 armis,
3203 4848 3332 4900 quas
3353 4830 3541 4900 agebat

1963 4923 2249 4987 Abraham,
2280 4921 2492 4992 quando
2521 4936 2764 4988 egressus
2793 4929 2877 4976 est
2914 4923 2979 4975 de
3005 4920 3222 4983 Charra,
3256 4922 3387 4974 tiunt
3415 4921 3540 4974 anui

1960 5023 2173 5072 ceruum
2222 5015 2568 5084 quadraginta
2617 5014 2871 5083 quinque.
2932 5013 3030 5068 Tot
3080 5012 3235 5082 igitur
3281 5025 3538 5066 annorum

1964 5116 2080 5165 erat
2109 5109 2304 5172 Thara,
2347 5106 2555 5176 quando
2583 5107 2713 5160 exiit
2741 5105 3005 5160 Abraham
3039 5104 3107 5158 de
3133 5103 3221 5156 illa
3241 5102 3541 5171 Mesopota-

1969 5203 2088 5256 miae
2112 5201 2322 5258 civitate
2347 5217 2360 5252 :
2390 5197 2578 5262 agebat
2604 5198 2743 5251 enim
2772 5209 2966 5249 annum
2995 5195 3165 5248 anatis
3191 5208 3302 5247 sua:
3331 5204 3542 5262 septua-

1966 5293 2226 5365 gesimum
2256 5293 2536 5362 quintum;
2579 5303 2640 5342 ac
2668 5303 2761 5356 per
2785 5286 2885 5340 hoc
2926 5295 3074 5355 pater
3107 5285 3245 5355 ejus,
3283 5287 3374 5355 qui
3422 5302 3543 5342 cum

1969 5385 2359 5458 septuagesimo
2401 5397 2543 5442 anno
2580 5396 2676 5436 suo
2704 5387 2980 5450 genuerat,
3011 5379 3222 5447 agebat,
3267 5388 3323 5432 ut
3346 5379 3545 5434 dictum

1971 5489 2074 5547 est,
2093 5477 2435 5534 centesimum
2454 5473 2911 5543 quadragesimum
2932 5480 2984 5525 et
3003 5472 3266 5540 quintum.
3291 5471 3402 5524 Non
3422 5487 3548 5540 ergo

1975 5571 2099 5626 inde
2117 5580 2235 5641 post
2257 5575 2482 5624 mortem
2505 5566 2688 5636 patris,
2715 5565 2768 5617 id
2799 5573 2879 5617 est
2897 5573 3017 5631 post
3041 5563 3298 5616 ducentos
3315 5562 3547 5633 quinque

1973 5681 2162 5729 annos,
2183 5663 2374 5736 quibus
2395 5669 2543 5731 pater
2562 5658 2676 5735 ejus
2692 5656 2838 5721 vixit,
2862 5671 3105 5727 egressus
3127 5665 3209 5711 est
3231 5673 3244 5709 :
3269 5655 3362 5712 sed
3381 5670 3551 5710 annus

2050 5847 2065 5876 ί
2101 5849 2230 5900 t,ov.,
2251 5845 2305 5890 Et
2326 5837 2516 5899 fuerunt
2537 5848 2697 5886 omnes
2720 5833 2838 5886 dies.
2869 5834 3030 5895 Abest,
3044 5846 3218 5892 onmes,
3245 5831 3478 5883 scattcris
3496 5829 3551 5880 li~

1974 5907 2076 5955 bris
2101 5912 2150 5954 et
2175 5917 2199 5950 ιι
2223 5913 2379 5965 graeco
2401 5906 2528 5948 LXX.
