4054 6474
564 385 674 442 498

563 499 634 554 de
650 498 740 553 illo
762 497 878 553 loco
900 494 1236 572 profectionis
1252 494 1382 562 ejus,
1401 493 1645 562 quoniam
1676 491 1845 563 ipsius
1869 501 2146 564 septuage-

564 591 734 646 sitnus
757 590 971 661 quintus
997 595 1130 653 erat,
1163 585 1348 655 procul
1372 583 1531 639 dubio
1551 584 1715 654 patris
1743 584 1879 654 ejus,
1911 585 2000 653 qui
2026 599 2151 639 eum

566 682 958 755 septuagesimo
985 695 1083 736 suo
1107 694 1249 734 anno
1276 687 1548 750 genuerat,
1574 679 1898 734 centesimus
1922 679 2152 755 quadra-

561 748 794 846 gesimus
836 774 1049 846 quintus
1086 772 1249 829 fuisse
1282 748 1564 842 colligitur.
1603 773 1681 826 Ac
1709 785 1803 840 per
1827 771 1927 826 hoc
1943 748 2152 825 iint'elli-

563 869 792 940 gendum
823 877 904 924 est
933 883 1082 924 more
1110 882 1206 922 suo
1239 866 1566 937 Scripturam
1596 865 1800 919 redisse
1825 864 1890 918 ad
1921 872 2148 932 tempus,

560 959 702 1028 quod
721 959 831 1029 jam
857 957 1091 1014 narratio
1116 958 1202 1012 illa
1229 957 1510 1012 transierat
1536 973 1549 1008 :
1574 955 1710 1009 sicut
1734 955 1998 1023 superius,
2029 967 2150 1007 cum

562 1050 697 1106 ﬁlios
724 1050 955 1106 ﬁliorum
991 1049 1106 1106 Noe
1129 1055 1633 1114 commemorasset,
1676 1047 1807 1102 dixit
1835 1047 1956 1104 illos
1986 1045 2150 1100 fuisse

558 1142 612 1197 in
638 1141 886 1212 gentibus
911 1150 966 1198 et
1006 1141 1196 1213 linguis
1231 1141 1340 1196 suis
1377 1139 1550 1212 (Gen.
1595 1156 1648 1206 x,
1695 1137 1831 1211 31),
1875 1146 1930 1193 et
1973 1148 2147 1193 tamen

563 1243 746 1303 postea
775 1235 927 1305 quasi
948 1233 1052 1290 hoc
1075 1234 1233 1289 etiam
1262 1235 1313 1288 in
1346 1233 1532 1288 ordine
1561 1241 1857 1301 temporum
1889 1245 2148 1302 sequere-

555 1334 664 1392 tur,
697 1323 766 1379 Et
803 1333 928 1391 erat,
965 1325 1155 1396 inquit.
1198 1325 1360 1379 omnis
1389 1333 1521 1378 terra
1548 1323 1736 1379 labium
1761 1339 1936 1388 unum,
1978 1331 2024 1376 et
2053 1337 2151 1378 vos:

556 1435 659 1474 una
684 1419 914 1473 omnibus
932 1417 1046 1491 (Id.
1073 1433 1145 1484 χι,
1166 1415 1241 1488 i).
1265 1415 1541 1485 Quomodo
1560 1429 1686 1486 ergo
1706 1413 1996 1471 secundum
2024 1429 2148 1470 suas

555 1520 742 1582 gentes
785 1520 839 1566 et
867 1511 1156 1567 secundum
1189 1524 1313 1564 suas
1355 1509 1559 1580 linguas
1597 1515 1771 1574 erant,
1819 1507 1864 1562 si
1901 1522 2001 1561 una
2035 1515 2150 1562 erat

557 1604 841 1670 omnibus;
876 1603 976 1660 nisi
1005 1604 1127 1674 quia
1153 1602 1217 1658 ad
1249 1601 1378 1657 illud
1403 1601 1544 1672 quod
1569 1601 1676 1670 jam
1700 1601 1982 1656 transierat
2000 1615 2150 1655 reca-

555 1696 834 1765 pitulando
861 1702 943 1750 est
976 1709 1191 1749 reversa
1222 1693 1500 1747 narratio?
1539 1691 1628 1747 Sic
1655 1706 1782 1761 ergo
1813 1699 1865 1744 et
1902 1689 1990 1746 hic
2026 1705 2147 1745 cum

553 1787 754 1843 dictum
786 1794 948 1853 esset,
976 1786 1045 1840 Et
1073 1787 1276 1858 fuerunt
1301 1785 1406 1839 dies
1431 1783 1617 1837 Thura:
1640 1783 1693 1835 in
1719 1781 1912 1836 C/tarra
1932 1781 2148 1851 quinque

552 1889 601 1934 et
627 1879 828 1933 ducenti
853 1879 992 1942 anni,
1025 1885 1072 1931 et
1098 1886 1323 1931 mortuus
1353 1885 1424 1930 est
1453 1875 1624 1929 Thara
1655 1874 1709 1928 in
1737 1871 1930 1928 Charra
1959 1872 2142 1943 (Ibid.,

553 1971 644 2042 5i)
678 1990 694 2028 :
719 1970 910 2028 deinde
935 1971 1207 2041 Scriptura
1235 1968 1506 2025 redeundo
1535 1966 1603 2022 ad
1624 1967 1675 2022 id
1696 1966 1838 2038 quod
1861 1966 1980 2022 ideo
2011 1980 2144 2036 prae-

555 2065 878 2128 termiserat,
910 2072 967 2118 ut
990 2063 1138 2134 prius
1166 2062 1232 2116 de
1256 2062 1428 2116 Thara
1459 2060 1509 2115 id
1535 2059 1677 2130 quod
1704 2059 2007 2137 inchoatum
2034 2056 2147 2112 fue-

552 2164 636 2211 rat
656 2156 1032 2226 compleretur,
1065 2153 1133 2208 Et
1157 2154 1314 2222 dixit,
1351 2153 1539 2222 inquit,
1567 2149 1818 2205 Dominus
1843 2150 1910 2203 ad
1934 2148 2142 2212 Abram,

551 2246 656 2303 Exi
681 2248 742 2304 de
770 2257 904 2304 terra
929 2254 1034 2311 tua,
1066 2255 1120 2302 et
1144 2257 1357 2301 caetera.
1394 2245 1523 2298 Post
1551 2259 1669 2312 quas
1700 2243 1796 2297 Dei
1827 2241 1987 2296 verba
2017 2240 2142 2295 sub-

546 2339 804 2412 jungitur,
852 2337 919 2392 Et
956 2339 1075 2394 exiit
1111 2338 1333 2401 Abram,
1375 2333 1796 2406 quemadmodum
1837 2332 2032 2386 locutus
2073 2338 2147 2386 est

547 2431 627 2487 illi
656 2431 926 2497 Dominus,
977 2439 1023 2485 et
1065 2429 1186 2484 abiit
1223 2445 1336 2482 cum
1370 2444 1426 2483 eo
1455 2426 1550 2482 Lat
1575 2443 1596 2481 :
1629 2426 1816 2479 Abram
1845 2432 2012 2478 autem
2039 2430 2147 2478 erat

548 2523 766 2593 quinque
807 2530 852 2576 et
887 2523 1206 2592 septuaginta
1234 2535 1502 2585 annorum,
1549 2534 1663 2571 cum
1691 2517 1811 2572 exiit
1841 2533 1904 2571 ea:
1928 2515 2139 2571 Charra.

547 2610 700 2668 Tunc
741 2613 918 2682 itaque
951 2611 1148 2666 factum
1188 2620 1290 2677 est,
1334 2608 1546 2682 quando
1585 2616 1736 2678 pater
1773 2607 1888 2676 ejus
1917 2606 2148 2662 centesi-

548 2719 696 2758 mum
723 2702 1187 2773 quadragesimum
1221 2710 1276 2757 et
1304 2703 1545 2772 quintum
1568 2704 1765 2754 annum
1795 2698 1984 2769 agebat
2017 2707 2142 2752 mta-

548 2795 618 2852 tis
644 2812 657 2849 :
687 2805 814 2851 tunc
840 2797 986 2851 enim
1015 2794 1114 2850 fuit
1152 2794 1311 2864 hujus
1339 2795 1762 2865 septuagesimus
1799 2795 2016 2862 quintus
2041 2790 2137 2864 (a).

549 2889 736 2946 Soluta
762 2899 846 2945 est
869 2898 1048 2945 autem
1071 2889 1296 2958 quaestio
1326 2889 1423 2943 ista
1449 2897 1503 2942 et
1522 2887 1701 2953 aliter,
1729 2895 1783 2940 ut
1810 2885 2142 2956 septuaginta

549 2982 785 3052 quinque
803 2981 929 3035 anni
950 2979 1198 3044 Abrahae,
1223 2976 1436 3048 quando
1456 2991 1704 3047 egressus
1721 2985 1802 3030 est
1825 2974 1893 3030 de
1914 2975 2141 3042 Charra,

550 3089 614 3130 ex
663 3074 755 3129 illo
773 3081 1215 3144 computarentur
1235 3113 1250 3139 ,
1283 3087 1347 3126 ex
1379 3085 1484 3141 quo
1507 3069 1576 3126 de
1619 3070 1741 3140 igne
1768 3067 2142 3123 Chaldaeorum

551 3162 824 3234 liberatus,
853 3181 962 3220 non
982 3180 1051 3220 ex
1076 3179 1185 3234 quo
1210 3171 1364 3218 natus
1393 3170 1496 3228 est,
1533 3171 1782 3232 tanquam
1813 3169 1940 3216 tunc
1968 3159 2146 3229 potius

551 3267 706 3315 natus
731 3257 1009 3314 habendus
1035 3259 1106 3313 sit
1127 3254 1223 3329 (b).

619 3351 674 3405 Ξ.
717 3349 824 3406 Sed
848 3350 1037 3406 beatus
1076 3347 1381 3417 Stephanus
1410 3347 1460 3402 in
1490 3343 1718 3401 Actibus
1760 3343 2140 3414 Apostolorum

552 3459 674 3501 cum
698 3443 798 3499 ista
824 3452 1087 3511 narraret,
1111 3442 1271 3507 Deus,
1295 3441 1487 3511 inquit,
1519 3440 1697 3509 gloria:
1721 3439 1964 3510 apparuit
1991 3437 2144 3492 Abra-

554 3537 633 3592 hte
655 3537 790 3609 patri
817 3546 1010 3604 nostra,
1042 3552 1159 3590 cum
1182 3542 1309 3589 esset
1344 3534 1397 3586 in
1427 3530 1816 3602 MesOpotamia,
1850 3531 2144 3602 priusquam

553 3628 796 3684 habitaret
833 3630 886 3682 in
915 3627 1132 3693 Charra,
1165 3635 1210 3680 et
1256 3626 1329 3680 ait
1353 3623 1421 3678 ad
1446 3623 1612 3689 illum,
1648 3622 1746 3677 Exi
1784 3622 1846 3676 de
1876 3633 2010 3676 terra
2035 3630 2141 3690 tua,

553 3728 602 3775 et
647 3719 709 3774 de
742 3720 1041 3792 cognatione
1085 3728 1192 3783 tua,
1221 3727 1268 3772 et
1309 3717 1372 3771 de
1400 3717 1550 3770 domo
1577 3714 1734 3784 patris
1758 3714 1850 3778 tui,
1880 3723 1925 3767 et
1951 3714 2057 3767 ueni
2091 3713 2145 3767 in

556 3823 763 3881 terram,
791 3828 943 3883 quam
989 3812 1077 3866 tibi
1115 3810 1487 3865 demonstrabo.
1514 3807 1822 3864 Secundum
1849 3805 1963 3860 hate
1984 3805 2142 3860 verba

554 3903 811 3976 Stephani
857 3919 964 3959 non
1007 3911 1130 3975 post
1177 3912 1404 3956 niortem
1447 3900 1611 3970 patris
1655 3900 1772 3970 ejus
1813 3899 2021 3953 locutus
2064 3905 2147 3952 est

557 3999 698 4055 Deus
729 3998 975 4063 Abrahae,
1008 3998 1096 4066 qui
1125 3997 1304 4065 utique
1330 3994 1383 4049 in
1409 3993 1608 4049 Charra
1643 4001 1885 4047 mortuus
1909 3999 2010 4056 est,
2051 3989 2144 4045 ubi

557 4106 678 4144 cum
711 4091 802 4145 illo
827 4100 881 4145 et
909 4089 1023 4158 ipse
1050 4087 1188 4142 (ilius
1222 4085 1514 4152 habitavit;
1542 4085 1637 4140 sed
1664 4084 1969 4155 priusquam
1993 4081 2145 4136 habi-

560 4190 696 4236 taret
749 4181 800 4235 in
856 4181 1044 4235 eadem
1081 4178 1316 4242 civitate,
1350 4177 1459 4246 jam
1510 4184 1685 4230 tamen
1734 4190 1854 4229 cum
1901 4182 2042 4228 esset
2087 4173 2140 4227 in

561 4271 962 4342 Mesopotamia.
1005 4270 1122 4325 Jam
1171 4283 1297 4338 ergo
1339 4267 1543 4321 exierat
1585 4281 1616 4319 a
1661 4265 1941 4320 Chaldaeis.
1990 4263 2142 4332 Quod

558 4363 735 4434 itaque
781 4362 1018 4432 adjungit
1062 4361 1386 4430 Stephanus,
1435 4359 1577 4412 Tunc
1619 4357 1870 4411 Abraham
1918 4373 2144 4426 egressus

557 4465 629 4511 est
667 4456 730 4510 de
768 4463 901 4509 terra
932 4452 1305 4515 Chaldaeorum,
1351 4460 1395 4506 et
1435 4449 1671 4504 habitavit
1707 4450 1759 4503 in
1787 4448 2004 4514 Charra,
2037 4463 2142 4502 non

501 4564 513 4600 2
557 4549 918 4604 demonstrat‘
947 4547 1068 4617 quid
1112 4547 1180 4600 sit
1207 4545 1422 4609 factum,
1453 4552 1799 4614 posteaquam
1831 4543 2036 4596 locutus
2062 4548 2144 4595 est

556 4638 634 4694 illi
657 4639 796 4694 Deus
829 4637 1026 4710 (neque
1053 4638 1192 4692 enim
1221 4645 1341 4707 post
1368 4636 1452 4689 illa
1483 4635 1574 4690 Dei
1602 4633 1763 4689 verba
1790 4647 2036 4701 egressus
2061 4641 2141 4687 est

558 4730 626 4786 de
671 4739 810 4786 terra
836 4729 1228 4792 Chaldaeorum,
1273 4744 1391 4783 cum
1419 4726 1562 4781 dicat
1607 4727 1654 4780 ei
1696 4725 1930 4780 locutum
1977 4727 2140 4780 Deum

558 4839 682 4881 cum
715 4833 857 4879 esset
885 4824 935 4877 in
965 4820 1390 4890 Mesopotamia),
1437 4819 1530 4874 sed
1557 4819 1623 4873 ad
1653 4828 1817 4873 totum
1850 4818 1978 4872 illud
2010 4819 2141 4872 tem;

559 4931 658 4986 pus
681 4915 914 4986 pertinet
939 4913 1080 4983 quod
1111 4913 1203 4978 ait,
1251 4910 1410 4972 Tunc,
1443 4910 1494 4963 id
1521 4920 1620 4976 est,
1672 4925 1736 4962 ex
1763 4926 1868 4978 quo
1896 4923 2142 4978 egressus

555 5017 640 5063 est
675 5023 705 5060 a
747 5006 1031 5073 Chaldazis,
1073 5015 1125 5059 et
1164 5002 1422 5056 habitavit
1470 5001 1523 5054 in
1561 5000 1782 5053 Charra.
1829 5000 1958 5053 ltem
2001 4998 2141 5068 quod

559 5100 818 5172 sequitur,
853 5098 918 5152 Et
947 5097 1063 5152 inde
1091 5106 1352 5166 postquam
1372 5103 1596 5148 mortuus
1619 5103 1690 5146 est
1711 5103 1852 5163 pater
1875 5093 2005 5159 eius,
2038 5091 2143 5146 col-

560 5193 739 5248 locavit
772 5192 917 5247 illum
944 5193 998 5245 in
1025 5200 1156 5244 terra
1187 5189 1298 5252 hac,
1331 5189 1504 5260 inqua
1532 5202 1617 5240 vos
1643 5203 1774 5239 nunc
1810 5185 2064 5250 habitatis,
2096 5191 2142 5237 et

564 5296 730 5355 patres
767 5285 915 5340 uestri
939 5285 1072 5355 (Act.
1100 5298 1189 5349 vn,
1223 5281 1345 5352 2-4)
1372 5298 1383 5334 :
1419 5294 1524 5334 non
1560 5279 1652 5345 ait,
1683 5279 1964 5346 Postquam
1997 5291 2139 5330 mor-

565 5385 686 5432 tuus
727 5384 810 5432 est
838 5384 992 5446 pater
1034 5373 1169 5445 ejus,
1210 5373 1340 5428 exiit
1373 5372 1440 5426 de
1476 5369 1707 5436 Charra;
1756 5367 1850 5425 sed
1897 5367 2020 5423 inde
2056 5366 2143 5421 hic

622 5551 640 5584 ι
676 5550 902 5609 verbum,
927 5549 1236 5610 demonstrat,
1259 5548 1452 5610 abest)
1473 5553 1578 5594 Mss.

1063 5607 1443 5737 ξῖιϐὥὲἶοὲξγὲἓ
1457 5667 1721 5737 profertur,
1743 5666 1886 5716 ducta
1911 5677 1974 5714 ex
1987 5663 2143 5737 _tradi-

643 5663 693 5737 οἱ
726 5663 908 5744 solatii)
942 5672 1049 5722 haec
1067 5672 1131 5722 ab
1151 5663 1438 5744 βίεέοιῖιωο
1457 5667 1721 5744 profertur.
1743 5666 1893 5744 dese.
1911 5663 2116 5744 ⁸ξέῖέἀέ

558 5727 692 5786 tione
725 5735 1054 5792 Hebraeorum,
1095 5737 1179 5796 qut
1202 5727 1434 5796 attraham
1455 5727 1506 5796 in
1544 5731 1727 5796 ignem,
1751 5727 2144 5796 quemuadorare

560 5788 1050 5912 noﬁLcoujectum'
1069 5808 1098 5846 a
1113 5788 1364 5856 'chaldteis,
1389 5788 1605 5856 indequ'e
1626 5788 1854 5841 divinitus
1887 5788 2144 5840 liberatum

558 5873 620 5909 na

1635 378 1727 433 DE
1751 376 2079 433 CIVITATE
2119 378 2253 446 DEI,
2294 379 2352 435 S.
2395 379 2761 439 AUGUSTINI

3729 390 3840 450 490

2255 510 2376 550 eum
2420 497 2720 562 collocavit,
2766 507 3044 570 postquam
3089 510 3332 557 mortuus
3374 511 3458 559 est
3495 512 3648 575 pater
3690 505 3832 576 ejus.

2255 585 2655 658 intelligendum
2676 589 2930 659 estigitur
2950 590 3178 646 locutum
3205 594 3367 648 Deum
3390 593 3555 650 fuisse
3579 596 3645 650 ad
3670 597 3840 652 Abra-

2254 677 2399 745 ham,
2444 695 2563 734 cum
2609 689 2752 736 esset
2803 682 2854 736 in
2893 681 3292 752 Mesopotamia,
3327 687 3633 756 priusquam
3683 687 3838 743 habi-

2255 779 2392 826 taret
2419 771 2472 826 in
2493 770 2690 828 Charra
2713 791 2727 839 ;
2749 774 2844 829 sed
2872 789 2993 830 eum
3018 779 3072 830 in
3097 775 3352 833 Charram
3383 782 3694 848 pervenisse
3712 796 3837 836 cum

2256 871 2424 933 patre,
2455 873 2662 920 retento
2689 865 2828 936 apud
2871 881 2930 921 se
2961 876 3227 938 praecepto
3265 869 3378 934 Dei,
3425 879 3480 924 et
3509 869 3632 926 inde
3659 873 3834 929 exisse

2255 956 2642 1025 septuagesimo
2665 964 2721 1012 et
2745 957 2932 1027 quinto
2957 973 3079 1024 suo,
3120 959 3284 1028 patris
3323 969 3498 1015 autem
3538 960 3619 1014 sui
3648 971 3834 1017 cente-

2254 1046 2391 1101 simo
2418 1047 2822 1118 quadragesimo
2847 1049 3032 1118 quinto
3072 1063 3233 1105 anno.
3259 1050 3678 1106 Collocationem
3711 1068 3831 1108 vero

2254 1137 2370 1207 ejus
2409 1138 2461 1192 in
2494 1148 2634 1194 terra
2659 1138 2933 1206 Chanaan,
2963 1156 3069 1196 non
3102 1140 3488 1211 profectionem
3517 1142 3583 1197 de
3609 1143 3830 1211 Charta,

2256 1236 2374 1298 post
2413 1237 2641 1284 mortem
2673 1232 2838 1301 patris
2867 1231 2983 1301 ejus
3019 1229 3216 1287 factam
3241 1247 3362 1289 esse
3386 1232 3546 1300 dicit;
3575 1235 3701 1304 quia
3725 1236 3831 1305 jam

2253 1328 2491 1377 mortuus
2528 1331 2643 1377 erat
2666 1331 2818 1392 pater
2842 1323 2984 1393 ejus,
3027 1324 3241 1394 quando
3278 1326 3408 1380 emit
3436 1335 3650 1394 terram,
3685 1328 3832 1396 cujus

2254 1415 2324 1471 ibi
2349 1415 2453 1487 iam
2483 1432 2593 1473 sum
2635 1419 2713 1473 rei
2756 1419 2919 1489 ccepit
2967 1434 3086 1474 esse
3116 1434 3413 1490 possessor.
3458 1419 3612 1488 Quod
3651 1431 3832 1476 autem

2246 1507 2360 1579 jam
2388 1509 2441 1563 in
2470 1509 2848 1580 Mesopotamia
2877 1511 3187 1578 constituto,
3234 1511 3331 1567 hoc
3361 1520 3444 1567 est
3466 1511 3577 1581 jam
3619 1527 3835 1583 egresso

2251 1603 2319 1660 de
2349 1613 2486 1660 terra
2511 1604 2899 1672 Chaldaeorum,
2929 1604 3059 1660 dicit
3087 1605 3245 1668 Deus,
3279 1603 3382 1659 Exi
3401 1605 3464 1658 de
3483 1613 3620 1658 terra
3647 1615 3756 1670 tua,
3790 1614 3834 1658 et

2252 1696 2314 1751 de
2351 1697 2648 1768 cognatione
2679 1707 2787 1765 tua,
2835 1706 2881 1751 et
2909 1697 2971 1751 de
2995 1697 3144 1751 domo
3176 1697 3334 1767 patris
3359 1701 3468 1763 tul;
3496 1712 3600 1752 non
3627 1676 3832 1751 utcor-

2250 1802 2351 1858 pus
2391 1788 2512 1844 inde
2552 1787 2793 1856 ejiceret,
2822 1788 2961 1859 quod
2985 1788 3093 1859 jam
3134 1787 3351 1854 fecerat,
3391 1787 3485 1844 sed
3514 1797 3571 1842 ut
3595 1789 3831 1842 animum

2251 1881 2521 1947 avelleret,
2549 1881 2767 1937 dicitur.
2803 1881 2916 1937 Non
2960 1882 3102 1937 enim
3147 1882 3347 1937 exierat
3385 1881 3508 1938 inde
3544 1882 3748 1950 animo,
3790 1883 3831 1936 si

2250 1984 2345 2041 Spe
2388 1973 2642 2028 redeundi
2693 1974 3053 2030 etdesiderio
3099 1958 3396 2040 tenebatur,
3439 1990 3557 2044 quae
3613 1989 3740 2044 spes
3782 1984 3833 2030 et

2250 2063 2595 2134 desiderium,
2619 2066 2729 2122 Deo
2749 2066 2969 2136 jubente
2988 2080 3052 2121 ac
3067 2066 3305 2136 juvante,
3332 2075 3386 2122 et
3413 2066 3504 2120 illo
3524 2067 3828 2131 obediente,

2253 2154 2422 2211 fuerat
2460 2158 2862 2228 amputandum.
2906 2156 3023 2214 Non
3049 2144 3194 2214 sane
3223 2157 3604 2214 incredibiliter
3644 2159 3830 2214 existi-

2251 2257 2457 2316 matur,
2517 2264 2638 2305 cum
2689 2260 2869 2320 postea
2915 2261 3131 2308 secutus
3178 2259 3324 2307 esset
3366 2249 3577 2307 Nachor
3630 2262 3829 2322 patrem

2250 2353 2423 2405 suum,
2473 2349 2597 2396 tunc
2644 2341 2912 2396 Abraham
2952 2351 3278 2414 praeceptum
3309 2344 3516 2398 Domini
3560 2344 3829 2414 implesse,

2253 2438 2309 2483 ut
2335 2445 2454 2483 cum
2475 2430 2633 2485 Sarra
2649 2432 2877 2504 conjuge
2902 2449 2996 2490 sua
3026 2445 3079 2489 et
3099 2435 3200 2490 Lot
3221 2435 3330 2491 tilio
3351 2434 3532 2492 fratris
3554 2437 3637 2492 sui
3664 2438 3832 2493 exiret

2250 2522 2316 2577 de
2343 2523 2563 2578 Charra.

2250 2633 2474 2692 CAPUT
2511 2637 2653 2693 XVI.
2678 2669 2749 2679 —
2770 2638 2850 2693 De
2887 2640 3064 2695 ordine
3100 2650 3146 2694 et
3169 2642 3410 2712 qualitate
3442 2643 3833 2713 promissionum

2552 2728 2669 2793 Dei,
2701 2745 2813 2799 quat
2835 2731 2902 2784 ad
2933 2731 3187 2786 Abraham
3211 2733 3360 2802 facta
3384 2745 3521 2789 sunt.

2321 2840 2437 2897 Jam
2486 2843 2891 2901 consideranda:
2938 2859 3060 2903 sunt
3112 2850 3494 2919 promissiones
3535 2851 3629 2906 Dei
3679 2851 3832 2908 facta:

2250 2936 2316 2990 ad
2346 2935 2632 2993 Abraham.
2681 2938 2736 2992 In
2780 2939 2863 2995 his
2887 2942 3026 2996 enim
3056 2942 3322 3012 apertiora
3355 2945 3445 3000 Dei
3475 2946 3701 3011 nostri‘,
3735 2946 3834 3001 hoc

2251 3037 2334 3084 est
2361 3029 2454 3083 Dei
2487 3030 2620 3096 veri,
2664 3032 2875 3086 oracula
2914 3048 3174 3103 apparere
3216 3045 3493 3105 ceperunt
3531 3037 3599 3092 de
3639 3036 3834 3107 populo

2252 3121 2458 3188 piorum
2477 3123 2519 3188 ',
2570 3137 2728 3190 quem
2759 3123 3069 3193 prophetica
3115 3127 3488 3195 praenuntiavit
3523 3132 3832 3183 auctoritas.

2250 3210 2446 3267 Harum
2471 3215 2638 3284 prima
2661 3216 2730 3270 ita
2757 3216 2988 3286 legitur:
3012 3217 3077 3271 Et
3103 3219 3228 3273 dixit
3251 3219 3500 3274 Dominus
3521 3221 3589 3275 ad
3613 3220 3836 3276 Abram:

2250 3301 2355 3357 Exi
2392 3304 2456 3358 de
2497 3313 2632 3360 terra
2673 3315 2780 3372 tua,
2819 3317 2865 3360 et
2892 3307 2955 3362 de
3001 3311 3297 3380 cognatione
3337 3320 3443 3375 tua,
3493 3321 3539 3366 et
3581 3312 3644 3367 de
3685 3303 3837 3366 doma

2251 3397 2410 3466 patris
2439 3397 2532 3465 tui,
2564 3408 2612 3452 et
2644 3399 2770 3454 uade
2796 3401 2849 3455 in
2875 3411 3079 3467 terram,
3105 3420 3255 3474 quam
3281 3405 3368 3458 tibi
3391 3405 3837 3469 demonstravero;

2251 3491 2507 3564 etfaciam
2545 3500 2593 3546 te
2634 3493 2690 3547 in
2730 3503 2924 3566 gentem
2968 3513 3221 3568 magnam,
3262 3506 3307 3551 et
3346 3498 3631 3552 benedicam
3672 3508 3746 3564 te,
3794 3508 3838 3553 et

2251 3583 2584 3655 magniﬁcabo
2622 3603 2802 3641 nomen
2830 3597 2990 3654 tuum,
3021 3598 3068 3642 et
3095 3590 3198 3644 eris
3224 3589 3530 3655 benedictus,
3558 3600 3606 3645 et
3630 3591 3834 3645 benedi-

2251 3691 2361 3728 cam
2399 3675 2737 3732 benedicentes
2772 3687 2839 3744 te,
2879 3686 2926 3732 et
2952 3679 3248 3734 maledicam
3292 3681 3641 3736 maledicentes
3681 3691 3753 3747 te,
3793 3690 3840 3735 et

2251 3767 2600 3823 benedicentur
2634 3771 2688 3824 in
2731 3779 2779 3825 te
2819 3787 2989 3827 omnes
3028 3773 3184 3828 tribus
3229 3783 3391 3829 terra.
3434 3774 3839 3830 Advertendum

2250 3867 2333 3912 est
2370 3859 2549 3928 igitur,
2589 3859 2721 3916 duas
2747 3877 2832 3918 res
2871 3864 3160 3932 promissas
3188 3864 3455 3920 Abrahae:
3482 3880 3640 3920 unam
3683 3865 3836 3922 scili-

2249 3958 2352 4014 cet,
2383 3952 2522 4020 quod
2551 3962 2748 4007 terram
2773 3951 3022 4009 Chanaan
3051 3971 3422 4025 possessurum
3447 3956 3619 4012 fuerat
3647 3972 3839 4013 semen

2249 4041 2385 4111 ejus,
2418 4042 2560 4113 quod
2588 4045 2934 4115 signiﬁcatur,
2975 4047 3060 4101 ubi
3089 4046 3286 4102 dictum
3316 4058 3418 4114 est,
3464 4047 3602 4102 Vade
3643 4049 3703 4103 in
3738 4059 3840 4103 ter-

2249 4149 2378 4197 ram,
2415 4149 2565 4202 quam
2595 4136 2684 4190 tibi
2707 4137 3132 4206 demonstravero,
3173 4149 3220 4193 et
3245 4141 3432 4211 faciam
3476 4149 3523 4193 te
3559 4140 3613 4194 in
3639 4149 3842 4210 gentem

2248 4240 2527 4295 magnam:
2555 4226 2714 4281 aliam
2761 4243 2889 4283 vero
2929 4229 3084 4300 longe
3124 4231 3568 4300 praestantiorem,
3621 4246 3733 4285 non
3773 4230 3842 4286 de

2247 4319 2468 4383 carnali,
2508 4319 2601 4374 sed
2623 4319 2691 4375 de
2720 4321 2979 4390 spirituali
3008 4324 3231 4390 semine,
3263 4338 3358 4394 per
3381 4322 3522 4394 quod
3548 4332 3707 4392 pater
3733 4331 3838 4388 est,

2249 4426 2354 4465 non
2403 4411 2558 4466 unius
2598 4414 2772 4483 gentis
2805 4412 3128 4484 lsraeliticm,
3171 4416 3264 4472 sed
3313 4416 3548 4472 onmium
3595 4417 3838 4486 gentium

2247 4517 2367 4570 quae
2407 4502 2527 4557 lidei
2553 4504 2668 4572 ejus
2695 4505 2912 4574 vestigia
2956 4516 3380 4575 consequuntur,
3414 4505 3554 4577 quod
3598 4507 3839 4576 promitti

2249 4595 2410 4663 cmpit
2455 4595 2535 4649 his
2572 4595 2771 4664 verbis,
2801 4596 2867 4649 Et
2902 4597 3250 4652 benedicentur
3283 4599 3336 4652 in
3374 4607 3420 4651 te
3458 4614 3632 4652 omnes
3679 4599 3842 4650 tribus

2248 4693 2412 4739 teme.
2451 4685 2598 4742 Hanc
2640 4688 3044 4755 promissionem
3091 4688 3282 4743 factam
3325 4688 3618 4743 arbitratur
3667 4688 3844 4744 Euse-

2246 4778 2364 4833 bius
2391 4781 2780 4860 septuagesimo
2807 4782 2990 4851 quinto
3034 4797 3174 4838 anno
3216 4784 3387 4838 aetatis
3420 4782 3676 4849 Abrahae,
3721 4792 3841 4836 tan-

2247 4885 2403 4938 quam
2435 4886 2555 4925 mox
2583 4880 2637 4925 ut
2679 4871 2814 4926 facta
2840 4882 2941 4938 est,
2972 4873 3040 4930 de
3069 4871 3270 4928 Charra
3297 4873 3487 4928 exierit
3514 4874 3796 4928 Abraham
3821 4892 3834 4927 :

2247 4962 2496 5032 quoniam
2520 4963 2805 5035 Scriptura:
2829 4965 3117 5021 contradici
3147 4983 3251 5023 non
3276 4974 3470 5036 potest,
3497 4965 3586 5021 ubi
3611 4965 3838 5037 legitur,

2247 5055 2433 5109 Abram
2461 5065 2567 5109 erat
2605 5057 2822 5128 quinque
2847 5067 2891 5112 et
2928 5060 3245 5130 septuaginta
3270 5074 3540 5123 annorum,
3566 5074 3690 5112 cum
3717 5059 3843 5112 exiit

2248 5159 2310 5198 ea:
2327 5143 2522 5200 Charm
2547 5145 2695 5220 (Gen.
2720 5164 2808 5212 xu,
2843 5149 2981 5220 1-4).
3000 5150 3104 5205 Sed
3125 5151 3168 5204 si
3194 5165 3260 5205 eo
3284 5166 3425 5204 anno
3449 5148 3587 5204 facta
3613 5158 3704 5204 est
3735 5151 3842 5204 ista

2250 5237 2549 5304 promissio,
2598 5238 2707 5308 jam
2764 5241 2946 5311 utique
3002 5241 3052 5295 in
3103 5241 3301 5296 Charra
3353 5257 3475 5296 cum
3524 5251 3684 5311 patre
3739 5257 3844 5298 suo

2247 5327 2622 5384 demorabatur
2645 5330 2936 5386 Abraham.
2966 5333 3146 5404 Neque
3173 5335 3314 5390 enim
3359 5334 3481 5390 inde
3521 5335 3677 5389 exire
3712 5352 3844 5406 pos-

2247 5429 2348 5486 set,
2373 5422 2474 5478 nisi
2503 5423 2650 5494 prius
2679 5423 2751 5478 ibi
2786 5423 3096 5480 habitasset.
3124 5425 3512 5496 Numquidnam
3543 5439 3678 5496 ergo
3711 5441 3846 5482 con-

2251 5519 2523 5574 tradicitur
2575 5517 2850 5588 Stephano
2897 5518 3093 5574 dicenti
3127 5536 3139 5572 :
3169 5519 3306 5573 Deus
3359 5519 3541 5590 gloriae
3586 5521 3848 5589 apparuit

2248 5610 2465 5665 Abrahae
2492 5609 2628 5681 patri
2654 5619 2827 5664 nostro
2849 5625 2963 5662 cum
2984 5619 3109 5665 esset
3144 5609 3198 5664 in
3238 5607 3632 5680 Hesupotamia,
3661 5609 3846 5680 prius-

2309 5784 2330 5820 ⁸
2361 5787 2434 5836 sic
2453 5792 2561 5841 Mss.
2578 5791 2632 5835 At
2652 5791 2759 5835 Iov.
2779 5782 2969 5835 Domini
2989 5784 3140 5837 nostri
3158 5793 3272 5837 Jestt
3291 5781 3483 5840 Christ!-

2310 5849 2332 5881 ⁸
2363 5847 2578 5900 Nonnulli
2598 5849 2807 5910 codices,
2829 5847 3099 5912 impiorum.
