4054 6504
213 435 309 494 697

215 567 358 621 quam
383 548 637 606 habitaret
667 548 723 604 in
745 546 944 606 Charra
967 545 1101 620 (Act.
1134 561 1224 613 vn,
1253 543 1352 620 2)?
1371 543 1478 603 Sed
1501 544 1801 616 intelligen-

216 647 334 702 dum
375 653 483 709 est,
517 646 660 713 quod
696 642 884 697 eodem
914 655 1054 696 anno
1083 639 1218 694 facta
1245 638 1353 694 sint
1381 637 1581 704 omnia,
1612 645 1666 692 et
1706 636 1801 692 Dei

217 736 497 809 promissio
535 743 823 804 antequam
867 734 918 788 in
959 733 1156 788 Charra
1205 729 1465 784 habitaret
1504 729 1799 796 Abraham,

215 838 266 886 et
290 829 345 884 in
380 825 591 882 Charra
635 827 892 881 habitatio
915 825 1054 895 ejus,
1099 832 1156 879 et
1197 822 1321 878 inde
1362 821 1664 893 profectio:
1694 835 1800 876 non

217 919 386 976 solum
435 918 564 989 quia
621 917 884 972 Eusebius
933 917 987 970 in
1033 913 1311 970 Chronicis
1357 913 1424 968 ab
1466 928 1608 968 anno
1645 911 1803 983 hujus

218 1010 586 1082 promissionis
607 1016 884 1079 computat
907 1015 964 1063 et
991 1006 1225 1062 ostendit
1244 1015 1364 1076 post
1388 1006 1804 1078 quadringentos

218 1113 269 1160 et
296 1103 516 1173 triginta
546 1115 718 1156 annos
738 1101 937 1156 exitum
965 1114 1085 1156 esse
1105 1099 1172 1154 de
1195 1097 1448 1171 Egypto,
1480 1099 1693 1169 quando
1719 1099 1803 1154 lex

219 1199 331 1253 data
355 1205 475 1256 est:
498 1211 688 1251 verum
711 1195 871 1250 etiam
896 1194 1016 1264 quia
1043 1193 1096 1248 id
1122 1202 1510 1249 commemorat
1533 1191 1807 1262 apostolus

223 1289 410 1345 Paulus
438 1286 638 1360 (Galat.
671 1303 748 1352 ιιι,
777 1287 890 1355 17).

221 1402 440 1460 CAPUT
480 1401 644 1458 XVII.
682 1432 754 1444 —
787 1401 866 1457 De
906 1401 1063 1456 tribus
1112 1399 1543 1456 excellentioribus
1586 1399 1808 1472 gentium

284 1499 476 1569 regnis,
503 1514 718 1569 quorum
756 1514 931 1564 unum,
960 1495 1016 1550 id
1040 1504 1114 1551 est
1139 1495 1481 1567 Assyriorum,
1507 1495 1618 1566 jam
1642 1493 1809 1548 Abra-

287 1590 404 1642 hant
425 1591 442 1621 ¹
470 1589 639 1658 genito
667 1588 931 1643 sublimius
953 1586 1217 1642 eminebat.

288 1701 389 1755 Per
406 1701 548 1756 idem
575 1710 787 1771 tempus
806 1700 1095 1757 eminentia
1124 1715 1286 1772 regna
1306 1710 1459 1757 erant
1473 1701 1732 1772 gentium,
1755 1701 1809 1756 in

222 1792 408 1863 quibus
427 1792 814 1863 terrigenarum
832 1792 1042 1860 civitas,
1065 1791 1169 1848 hoc
1182 1801 1263 1849 est
1284 1793 1511 1855 societas
1533 1793 1809 1848 hominum

221 1887 512 1942 secundum
538 1886 808 1941 hominem
841 1886 1150 1952 viventium,
1182 1886 1281 1942 sub
1301 1886 1576 1941 dominatu
1605 1887 1812 1957 angelo-

221 1994 333 2034 rum
362 1977 698 2032 desertorum
728 1978 984 2048 insignius
1012 1978 1338 2042 excellebat;
1373 1993 1535 2048 regna
1566 1977 1814 2034 videlicet

223 2071 340 2136 tria,
366 2069 763 2141 Sicyoniorum,
787 2071 1181 2140 Egyptiorum,
1208 2070 1569 2140 Assyriorum.
1588 2068 1690 2124 Sed
1713 2069 1814 2124 As-

223 2161 482 2234 syriorum
497 2163 666 2215 multo
681 2172 791 2216 erat
813 2161 1078 2230 potentius
1090 2169 1248 2232 atque
1261 2159 1561 2215 sublimius.
1576 2158 1707 2214 Nam
1721 2174 1815 2214 rex

225 2254 310 2308 ille
320 2252 490 2307 Ninus
507 2252 615 2307 Beli
631 2253 790 2318 titius,
805 2263 1024 2322 excepta
1042 2251 1209 2318 India,
1228 2252 1489 2307 universa:
1501 2251 1642 2306 Asiae
1656 2266 1818 2321 popu-

226 2345 301 2400 los
329 2344 731 2416 suhjugaverat.
757 2345 936 2400 Asiam
959 2359 1104 2400 nunc
1131 2343 1274 2411 dico,
1303 2359 1407 2399 non
1436 2344 1580 2398 illam
1609 2353 1813 2414 partem

225 2451 341 2507 qua:
372 2435 532 2506 hujus
556 2436 776 2506 majoris
817 2437 959 2492 Asia:
985 2451 1089 2490 una
1117 2437 1392 2506 provincia
1429 2445 1532 2502 est,
1573 2436 1669 2491 sed
1697 2451 1815 2491 eam

227 2545 341 2600 qua:
367 2529 621 2584 universa
645 2531 772 2584 Asia
811 2538 1166 2599 nuncupatur,
1206 2543 1366 2599 quam
1393 2528 1605 2599 quidam
1638 2528 1690 2582 in
1734 2528 1816 2583 al-

228 2629 336 2678 tera
366 2623 620 2688 duarum,
664 2621 906 2692 plerique
949 2631 1128 2677 autem
1179 2622 1233 2676 in
1275 2621 1431 2676 tertia
1469 2621 1630 2676 totius
1672 2620 1818 2676 orbis

227 2725 373 2786 parte
418 2723 734 2786 posuerunt,
784 2723 840 2768 ut
890 2714 997 2768 sint
1041 2728 1248 2779 omnes,
1279 2713 1426 2780 Asia,
1485 2713 1721 2784 Europa,
1765 2720 1821 2768 et

229 2807 404 2863 Africa
437 2826 450 2861 :
501 2807 644 2877 quod
685 2821 793 2861 non
832 2807 1021 2877 aequali
1049 2806 1309 2862 divisione
1351 2806 1611 2862 fecerunt.
1661 2805 1820 2862 Nam-

229 2915 327 2970 que
355 2901 457 2954 ista
487 2915 606 2969 quae
633 2899 758 2954 Asia
805 2909 1156 2968 nuncupatur,
1189 2915 1219 2952 a
1263 2899 1484 2953 meridie
1510 2913 1606 2968 per
1643 2899 1819 2953 orien-

233 3000 331 3046 tem
360 3005 532 3061 usque
576 2989 642 3045 ad
672 2990 1091 3061 septentrionem
1124 2990 1365 3060 pervenit
1397 3005 1410 3042 :
1444 2989 1657 3059 Europa
1688 3003 1820 3044 vero

231 3098 258 3136 a
299 3083 676 3153 septentrione
727 3097 894 3152 usque
949 3081 1014 3136 ad
1062 3081 1431 3146 occidentem;
1489 3089 1650 3151 atque
1696 3079 1821 3136 inde

233 3174 403 3230 Africa
426 3177 496 3228 ab
527 3175 806 3230 occidente
837 3189 1004 3245 usque
1031 3173 1096 3228 ad
1127 3173 1424 3229 meridiem.
1456 3173 1605 3230 Unde
1631 3173 1819 3229 viden-

234 3277 315 3323 tur
342 3269 533 3322 orbem
563 3268 840 3322 dimidium
884 3268 1004 3323 dua:
1044 3277 1250 3332 tenere,
1282 3269 1494 3340 Europa
1524 3279 1578 3324 et
1618 3267 1817 3337 Africa,

235 3361 387 3415 alium
417 3377 550 3416 vero
587 3361 865 3416 dimidium
903 3361 1015 3416 sola
1061 3362 1206 3416 Asia.
1255 3361 1360 3417 Sed
1410 3361 1531 3416 ideo
1562 3362 1666 3417 illa:
1701 3361 1821 3417 duae

236 3461 409 3522 partes
451 3453 605 3506 facta:
645 3461 786 3517 sunt,
838 3454 958 3524 quia
1002 3453 1142 3508 inter
1171 3462 1452 3525 utramque
1493 3453 1562 3509 ab
1608 3453 1822 3510 Oceano

235 3542 527 3614 ingreditur
559 3543 814 3614 quidquid
840 3557 1097 3613 aquarum
1135 3553 1303 3598 terras
1350 3544 1609 3611 interluit,
1641 3554 1694 3600 et
1720 3544 1823 3601 hoc

233 3649 379 3690 mare
421 3650 676 3704 magnum
727 3635 878 3690 nobis
925 3634 1068 3690 facit.
1112 3635 1449 3706 QuaprOpter
1497 3637 1541 3690 si
1584 3636 1638 3690 in
1688 3636 1820 3694 duas

235 3737 409 3796 partes
444 3726 632 3782 orbem
687 3726 914 3792 dividas,
960 3726 1193 3782 Orientis
1236 3735 1290 3782 et
1328 3725 1648 3795 Occidentis,
1695 3729 1820 3784 Asia

234 3825 331 3880 erit
356 3825 410 3879 in
443 3840 574 3892 una,
608 3823 660 3878 in
691 3823 854 3878 altera
885 3837 1014 3878 vero
1039 3822 1254 3893 Europa
1301 3829 1356 3878 et
1389 3821 1585 3878 Africa.
1619 3822 1817 3891 Quam-

233 3917 412 3972 obrem
466 3917 627 3970 trium
673 3916 1012 3986 regnorum’,
1069 3930 1190 3986 quae
1242 3924 1369 3970 tunc
1420 3914 1817 3985 praecellebant,

235 4009 431 4063 scilicet
458 4008 831 4078 Sicyoniorum
880 4021 984 4062 non
1023 4013 1141 4062 erat
1178 4006 1278 4062 sub
1305 4007 1563 4078 Assyriis,
1601 4007 1723 4077 quia
1765 4006 1819 4064 in

235 4098 444 4171 Europa
487 4108 613 4154 sunt
640 4118 652 4153 :
682 4099 1054 4170 Egyptiorum
1097 4108 1273 4152 autem
1302 4099 1569 4169 quomodo
1607 4101 1686 4154 eis
1713 4113 1816 4154 non

235 4193 558 4262 subjacehat,
592 4207 620 4245 a
642 4193 832 4262 quibus
864 4200 972 4247 tota
1001 4192 1124 4246 Asia
1152 4191 1451 4257 tenebatur,
1492 4192 1619 4246 solis
1653 4191 1816 4259 Indis,

236 4293 288 4338 ut
311 4284 643 4355 perhibetur,
665 4283 938 4352 exceptis?
959 4282 1013 4337 In
1036 4282 1251 4354 Assyria
1281 4283 1440 4353 igitur
1465 4283 1820 4354 praevaluerat

234 4375 533 4430 dominatus
564 4375 740 4445 impia:
775 4375 1004 4431 civitatis
1032 4392 1043 4428 :
1079 4373 1238 4444 hujus
1268 4384 1426 4445 caput
1454 4383 1572 4431 erat
1601 4375 1690 4430 illa
1721 4376 1819 4431 Ba-

234 4467 416 4539 bylon,
454 4467 608 4536 cujus
653 4467 934 4537 terrigena:
979 4466 1208 4522 civitatis
1247 4481 1442 4522 nomen
1483 4467 1818 4537 aptissimum

235 4568 332 4626 est,
373 4561 426 4615 id
478 4569 562 4614 est
599 4557 874 4614 Confusio.
918 4559 994 4614 Ihi
1025 4559 1136 4630 jam
1184 4559 1354 4614 Ninus
1403 4559 1658 4630 regnabat
1697 4568 1819 4630 post

236 4662 461 4707 mortem
489 4653 657 4722 patris
704 4652 784 4706 sui
826 4651 960 4718 Beli,
991 4652 1080 4722 qui
1110 4652 1311 4720 primus
1349 4651 1458 4706 illic
1507 4661 1820 4721 regnaverat

233 4746 506 4814 sexaginta
535 4745 770 4814 quinque
799 4758 987 4797 annos.
1017 4742 1182 4797 Filius
1217 4757 1345 4798 vero
1373 4743 1486 4814 ejus
1515 4743 1698 4809 Ninus,
1730 4743 1820 4814 qui

233 4834 484 4891 defuncto
505 4835 642 4906 patri
663 4837 919 4890 successit
941 4835 993 4889 in
1021 4850 1261 4905 regnum,
1291 4836 1666 4906 quinquaginta
1688 4835 1818 4891 duos

232 4929 474 5000 regnavit
488 4942 681 4993 annos,
710 4936 764 4982 et
785 4926 1013 4983 habebat
1038 4927 1088 4982 in
1113 4941 1277 4998 regno
1303 4927 1652 4999 quadraginta
1683 4936 1816 4996 tres,

231 5019 446 5091 quando
489 5027 650 5074 natus
688 5027 773 5074 est
811 5018 1100 5087 Abraham,
1141 5019 1374 5090 quierat
1413 5003 1585 5076 annus
1610 5019 1820 5075 circiter

230 5114 551 5170 millesimus
603 5112 1006 5170 ducentesimus
1058 5122 1182 5170 ante
1233 5113 1501 5169 conditam
1554 5113 1815 5183 Romam,

231 5206 394 5261 veluti
434 5206 662 5262 alteram
698 5205 753 5287 in
779 5205 1064 5262 Occidente
1099 5205 1464 5279 Babyloniam.

226 5316 462 5376 CAPUT
498 5319 687 5376 XVIII.
712 5348 787 5363 --
807 5318 888 5376 De
909 5321 1084 5376 iterato
1104 5320 1324 5392 alloquio
1343 5319 1440 5374 Dei
1460 5321 1527 5374 ad
1543 5319 1817 5390 Abraham,

336 5429 440 5483 quo
465 5413 514 5468 ei
535 5422 584 5468 et
605 5413 787 5468 semini
811 5414 921 5484 ejus
947 5412 1192 5468 Chanaan
1221 5423 1352 5468 terra
1383 5413 1711 5484 promittitur.

302 5527 568 5600 Egressus
610 5543 741 5598 ergo
778 5528 1045 5584 Abraham
1086 5529 1153 5584 de
1180 5527 1380 5584 Charra
1426 5527 1819 5598 septuagesimo

224 5621 425 5692 quinto
450 5636 592 5677 anno
629 5622 807 5676 atatis
835 5636 966 5688 suae,
997 5621 1290 5677 centesimo
1316 5629 1492 5676 autem
1522 5612 1818 5692 quadrage-

291 5756 312 5788 ³
347 5761 482 5818 ιρι,
491 5755 602 5818 jam
623 5761 835 5818 tempore
857 5754 1110 5807 Abraham.

288 5819 315 5850 ²
349 5813 820 5884 εάἱιιξσιιαηιοὺὲεῃι
841 5831 987 5869 unum
1008 5830 1264 5884 regnorum
1290 5830 1308 5869 :
1335 5813 1574 5881 pauloque
1591 5819 1725 5878 post,
1749 5827 1823 5866 re-

251 5852 1318 5994 mﬁtimgaamrtsamn
1328 5852 1817 5946 ξ’ἓῗῖῗὲᾆηῖἶῖιῖζὶὸῖι

361 5960 395 5994 ιι

1438 428 1642 486 LIBER
1680 426 1980 487 DECIMUS
2013 426 2303 488 SEXTUS.

3393 435 3499 494 ωε

1913 545 2051 600 simo
2097 553 2151 601 et
2187 546 2372 616 quinto
2416 546 2583 617 patris
2624 546 2726 616 sui,
2759 561 2880 605 cum
2916 546 3016 606 Lot
3058 547 3169 605 tilio
3212 548 3389 607 fratris
3442 562 3498 608 et

1908 636 2065 694 Sarra
2088 638 2314 710 conjuge
2345 641 2575 710 perrexit
2605 643 2658 697 in
2687 651 2883 700 terram
2910 643 3187 712 Chanaan,
3219 655 3273 702 et
3303 661 3494 717 perve-

1912 733 1991 787 nit
2035 747 2204 802 usque
2247 732 2312 788 ad
2352 733 2590 803 Sieltem,
2631 736 2720 791 ubi
2768 752 2953 793 rursus
2997 739 3204 809 accepit
3253 737 3493 795 divinum

1911 823 2204 891 oraculum,
2250 824 2317 881 de
2344 842 2449 896 quo
2483 827 2551 881 ita
2589 830 2842 898 scriptum
2871 838 2953 886 est
2982 849 2997 886 :
3028 831 3092 885 Et
3122 833 3358 903 apparuit
3386 831 3497 887 Do-

1913 917 2078 970 minus
2110 915 2346 983 Abrahaz,
2390 926 2436 972 et
2463 918 2592 973 dixit
2639 919 2735 984 illi,
2779 921 2975 976 Semini
3005 930 3090 979 tuo
3134 922 3263 977 dabo
3310 930 3497 978 terram

1914 1007 2045 1062 hanc
2068 1007 2217 1080 (Gen.
2242 1025 2333 1073 ιιι,
2365 1006 2441 1083 7).
2474 1009 2616 1065 Nihil
2641 1011 2724 1066 hic
2745 1011 2811 1066 de
2838 1013 2927 1067 illo
2949 1014 3152 1069 semine
3177 1015 3498 1084 promissum

1914 1111 2015 1168 est,
2046 1102 2098 1156 in
2129 1117 2234 1172 quo
2258 1111 2410 1174 pater
2441 1103 2608 1158 factus
2629 1115 2711 1160 est
2739 1105 2975 1160 omnium
3002 1107 3238 1177 gentium
3271 1125 3283 1160 :
3308 1107 3402 1162 sed
3432 1107 3501 1163 de

1915 1191 2008 1246 illo
2042 1193 2175 1258 solo,
2210 1193 2277 1248 de
2310 1209 2417 1264 quo
2453 1204 2607 1266 pater
2639 1203 2721 1250 est
2761 1197 2918 1250 unius
2946 1195 3251 1253 Israelitica:
3295 1198 3501 1270 gentis;

1915 1283 1983 1339 ab
2005 1285 2106 1340 hoc
2127 1286 2270 1340 enim
2297 1287 2502 1343 semine
2531 1295 2670 1343 terra
2700 1287 2787 1342 illa
2817 1304 3060 1359 possessa
3086 1299 3186 1345 est.

1917 1395 2142 1453 CAPUT
2172 1397 2410 1454 XIX.—
2454 1399 2533 1455 De
2584 1401 2759 1456 Sarra:
2800 1403 3044 1474 pudicitia
3069 1405 3121 1458 in
3142 1403 3372 1475 Egypto
3417 1421 3507 1478 per

1995 1488 2157 1543 Deum
2186 1494 2469 1560 custodita,
2495 1510 2647 1564 quant
2676 1495 2932 1550 Abraham
2971 1511 3072 1550 non
3113 1513 3322 1552 uxorem
3361 1513 3507 1552 suam

1991 1596 2100 1636 esse
2124 1581 2340 1649 dixerat,
2368 1583 2458 1639 sed
2476 1601 2718 1640 sororem.

1994 1695 2198 1752 Deinde
2218 1697 2478 1752 aedificato
2501 1698 2574 1753 ibi
2603 1699 2778 1767 altari,
2805 1707 2862 1755 et
2887 1700 3134 1756 invocato
3164 1702 3276 1757 Deo
3293 1743 3309 1769 ,
3337 1702 3510 1758 Abra-

1923 1785 2046 1843 ham
2080 1788 2353 1858 profectns
2382 1798 2466 1846 est
2494 1790 2637 1858 inde,
2665 1801 2719 1846 et
2743 1791 2998 1847 habitavit
3035 1794 3086 1847 in
3117 1809 3322 1864 eremo,
3352 1805 3511 1866 atque

1922 1881 2044 1936 inde
2070 1881 2149 1936 ire
2170 1882 2223 1936 in
2249 1882 2540 1955 Egyptum
2566 1883 2720 1940 famis
2747 1886 3061 1942 necessitate
3081 1888 3389 1958 compulsus
3409 1897 3510 1944 est.

1921 1971 2021 2028 Ubi
2049 1989 2267 2028 uxorem
2296 1989 2446 2029 suam
2475 1975 2609 2031 dixit
2633 1992 2872 2032 sororem
2905 1976 3058 2050 (Gen.
3083 1995 3174 2044 χιι,
3205 1979 3364 2051 7-l9)
3385 2023 3399 2043 ,
3431 1982 3509 2035 ni-

1924 2063 1999 2119 hil
2029 2068 2304 2122 mentitus.
2340 2069 2466 2124 Erat
2493 2072 2634 2126 enim
2662 2079 2716 2126 et
2764 2071 2886 2136 hoc,
2919 2073 3038 2143 quia
3069 2074 3364 2145 propinqua
3395 2082 3513 2130 erat

1922 2160 2182 2230 sanguine
2207 2179 2218 2214 :
2249 2162 2388 2216 sicut
2412 2163 2574 2218 etiam
2595 2163 2698 2218 Lot
2723 2164 2909 2220 eadem
2938 2166 3353 2238 propinquitate,
3384 2182 3510 2223 cum

1923 2249 2103 2311 fratris
2135 2251 2250 2322 ejus
2277 2253 2589 2309 esset'filius
2613 2296 2628 2320 ,
2669 2255 2833 2311 frater
2859 2256 2976 2328 ejus
3001 2266 3082 2313 est
3111 2258 3300 2314 dictus.
3336 2259 3513 2330 Itaque

1928 2357 2146 2397 uxorem
2179 2344 2379 2411 tacuit,
2408 2360 2524 2401 non
2543 2351 2753 2418 negavit
2777 2387 2790 2412 ,
2815 2348 3056 2420 conjugis
3082 2351 3329 2405 tuendam
3357 2350 3513 2420 pudi-

1925 2434 2104 2490 citiam
2129 2438 2467 2494 committens
2495 2439 2606 2495 Deo
2627 2481 2643 2506 ,
2685 2449 2739 2496 et
2779 2440 3036 2497 humanas
3079 2443 3298 2500 insidias
3321 2459 3516 2500 cavens

1928 2534 1986 2580 ut
2017 2527 2176 2582 homo
2203 2545 2215 2580 :
2245 2530 2494 2600 quoniam
2535 2532 2580 2586 si
2604 2533 2898 2602 periculum
2926 2543 3180 2605 quantum
3211 2538 3388 2592 caveri
3415 2551 3515 2609 po-

1927 2621 2084 2680 terat,
2108 2629 2215 2671 non
2237 2627 2471 2683 caveret,
2500 2619 2921 2688 magistentaret
2944 2620 3132 2688 Deum,
3154 2637 3312 2692 quam
3337 2637 3518 2692 spera-

1927 2715 2010 2762 ret
2043 2707 2096 2762 in
2131 2708 2318 2764 Deum.
2353 2709 2430 2765 De
2455 2724 2558 2781 qua
2589 2725 2647 2766 re
2690 2720 2874 2767 contra
2919 2712 3332 2770 calumniantem
3376 2714 3517 2769 Fau-

1927 2810 2068 2857 stum
2100 2801 2446 2858 Manicheum
2473 2803 2604 2859 satis
2619 2803 2849 2860 diximus
2876 2804 3012 2876 (Lib.
3031 2805 3123 2872 22,
3145 2823 3261 2877 cap.
3279 2806 3392 2878 56).
3414 2807 3517 2863 De-

1927 2892 2088 2962 nique
2114 2891 2311 2948 factum
2339 2902 2422 2950 est
2449 2893 2590 2964 quod
2619 2894 2686 2950 de
2716 2895 2941 2951 Domino
2967 2897 3310 2968 praesumpsit
3339 2895 3512 2951 Abra-

1931 2982 2074 3036 ham.
2104 2981 2236 3037 Nam
2258 2981 2468 3038 Pharao
2494 2999 2588 3039 rex
2631 2983 2873 3057 Egypti,
2901 2987 2990 3056 qui
3021 3001 3138 3041 eam
3170 2987 3270 3042 sibi
3297 3001 3519 3044 uxorem

1928 3085 2231 3144 acceperat,
2256 3077 2489 3146 graviter
2513 3076 2741 3133 afﬂictus
2770 3080 2962 3135 marito
2986 3079 3220 3135 reddidit
3244 3080 3396 3153 (Cen.
3420 3097 3518 3149 xu,

1930 3164 2045 3238 20).
2081 3165 2180 3221 Ubi
2212 3167 2349 3222 absit
2381 3177 2439 3222 ut
2483 3169 2798 3238 credamus,
2827 3171 3004 3226 alieno
3030 3171 3315 3226 concubitu
3359 3171 3520 3228 fuisse

1930 3259 2182 3330 pollutam
2216 3278 2228 3312 :
2262 3261 2384 3331 quia
2413 3262 2582 3317 multo
2605 3271 2688 3316 est
2711 3263 3037 3329 credibilius,
3065 3264 3167 3319 hoc
3189 3263 3520 3321 Pharaonem

1930 3352 2106 3409 facere
2134 3352 2512 3410 afﬂictionibus
2537 3355 2743 3426 magnis
2774 3369 2878 3410 non
2909 3354 3074 3411 fuisse
3101 3355 3445 3426 permissum.

1929 3464 2157 3522 CAPUT
2185 3466 2304 3522 XX.
2328 3497 2400 3508 -
2419 3467 2499 3522 De
2523 3469 2795 3523 secessione
2827 3469 2921 3522 Lot
2950 3478 2998 3522 et
3025 3468 3259 3537 Abraha,
3285 3484 3398 3540 qua:
3418 3467 3520 3527 illis

2346 3561 2484 3614 salva
2515 3560 2759 3614 charitate
2785 3561 3106 3631 complacuit.

2000 3673 2240 3730 Reverso
2269 3674 2428 3745 igitur
2457 3675 2727 3729 Abraham
2753 3690 2820 3730 ex
2846 3674 3082 3746 JEgypto
3102 3675 3152 3729 in
3179 3675 3352 3729 locum
3380 3674 3521 3731 unde

1928 3776 2180 3834 venerat,
2213 3774 2336 3821 tunc
2361 3765 2464 3820 Lot
2495 3765 2672 3820 fratris
2703 3766 2842 3822 filius
2877 3766 2944 3820 ab
2989 3765 3080 3820 illo
3111 3765 3164 3821 in
3193 3774 3388 3821 terram
3419 3767 3520 3822 So-

1927 3858 2232 3926 domorum,
2282 3858 2426 3912 salva
2454 3856 2735 3925 charitate,
2766 3857 3029 3913 discessit.
3079 3857 3278 3913 Divites
3324 3859 3520 3930 quippe

1927 3950 2052 4006 facti
2079 3959 2260 4016 erant,
2288 3958 2639 4021 pastoresque
2667 3949 2866 4005 multos
2895 3964 3148 4020 pecorum
3178 3949 3376 4005 habere
3404 3963 3518 4005 cm.

1927 4053 2136 4115 perant,
2165 4045 2359 4114 quibus
2396 4044 2536 4099 inter
2561 4059 2619 4099 se
2647 4043 2974 4110 rixantibus,
3007 4056 3072 4099 eo
3097 4042 3257 4098 modo
3286 4041 3518 4098 familia-

1926 4153 2046 4192 rum
2074 4151 2290 4191 suarum
2320 4150 2614 4206 pugnacem
2659 4134 2981 4190 discordiam
3010 4135 3330 4190 vitaverunt.
3364 4134 3520 4190 Pote-

1927 4237 2012 4284 rat
2036 4230 2233 4300 quippe
2264 4228 2388 4283 hinc
2411 4270 2428 4296 ,
2460 4236 2519 4282 ut
2545 4236 2670 4283 sunt
2694 4227 2924 4282 humana
2948 4267 2964 4292 ,
3004 4227 3164 4282 etiam
3207 4226 3347 4282 inter
3376 4227 3520 4297 ipsos

1926 4323 2097 4394 aliqua
2128 4323 2242 4377 rixa
2273 4337 2617 4392 consurgere.
2667 4320 2897 4376 Proinde
2942 4318 3044 4374 hoc
3087 4319 3286 4374 malum
3314 4333 3518 4390 praeca-

1929 4417 2104 4472 ventis
2148 4415 2377 4471 Abraha:
2407 4417 2565 4470 verba
2599 4416 2695 4469 ista
2735 4421 2861 4468 sunt
2886 4412 2951 4468 ad
2992 4413 3133 4468 Lot:
3167 4410 3288 4467 Non
3315 4412 3379 4465 sit
3405 4412 3518 4466 rixa

1925 4511 2055 4565 inter
2081 4528 2159 4564 me
2201 4520 2246 4564 et
2279 4519 2354 4577 te,
2388 4519 2434 4564 et
2478 4509 2606 4563 inter
2631 4517 2853 4580 pastores
2880 4523 3014 4560 meos
3041 4514 3087 4560 et
3115 4515 3337 4576 pastores
3374 4512 3512 4571 tuos,
3553 4548 3562 4575 ,

1925 4607 2044 4678 quia
2073 4606 2297 4659 homines
2317 4603 2500 4673 fratres
2529 4618 2620 4656 nos
2645 4617 2818 4656 sumus
2857 4617 2877 4654 :
2931 4615 3097 4653 nonne
3121 4615 3230 4652 ecce
3256 4605 3358 4652 tota
3382 4606 3516 4652 terra

1926 4707 2041 4752 ante
2073 4706 2120 4750 te
2148 4696 2259 4750 est?
2286 4694 2499 4748 Discede
2526 4710 2557 4746 a
2595 4709 2673 4747 me
2695 4692 2774 4746 :si
2819 4701 2872 4745 tu
2900 4691 2953 4744 in
2991 4691 3247 4745 sinistram
3270 4731 3285 4755 ,
3327 4705 3420 4760 ego
3461 4689 3515 4743 in

1926 4789 2154 4843 dextram
2177 4804 2194 4852 ;
2215 4787 2291 4841 uel
2314 4788 2357 4842 si
2380 4795 2432 4840 tu
2461 4787 2512 4839 in
2533 4785 2785 4852 dextram,
2808 4800 2898 4856 ego
2917 4784 2970 4837 in
2987 4783 3243 4837 sinistram
3266 4779 3376 4851 (Id.
3397 4795 3510 4847 xm,

1925 4879 1959 4935 8
1975 4889 2022 4934 et
2045 4878 2125 4951 9).
2149 4877 2283 4932 Hine
2303 4877 2543 4932 fortassis
2568 4875 2754 4932 ell‘ecta
2774 4885 2856 4932 est
2871 4876 3010 4931 inter
3032 4873 3274 4929 homines
3293 4870 3510 4942 pacifica

1927 4970 2278 5037 consuetudo,
2304 4978 2360 5025 ut
2384 4968 2597 5041 quando
2614 4977 2944 5024 terrenorum
2961 4966 3158 5037 aliquid
3178 4961 3510 5036 partiendum

1925 5073 2026 5132 est,
2055 5064 2225 5135 major
2254 5063 2474 5130 dividat,
2498 5063 2673 5118 minor
2698 5061 2856 5133 eligat
2879 5060 2976 5133 (a).

1925 5174 2152 5233 CAPUT
2182 5174 2324 5230 XXI.
2345 5205 2415 5216 -—
2442 5174 2522 5230 De
2546 5177 2690 5230 tertia
2707 5173 3034 5244 promissione
3056 5169 3172 5236 Dei,
3204 5185 3306 5242 qua
3325 5177 3510 5228 terram

1997 5268 2240 5323 Chanaan
2267 5266 2486 5322 Abrahae
2513 5276 2560 5321 et
2586 5266 2762 5321 semini
2795 5266 2905 5336 ejus
2942 5263 2995 5317 in
3033 5271 3329 5334 perpetuum
3354 5263 3510 5335 polli-

1997 5370 2152 5416 estur.

1996 5476 2128 5532 Cum
2155 5488 2282 5545 ergo
2306 5470 2529 5544 digressi
2554 5478 2754 5536 essent,
2780 5466 3174 5539 separatimque
3208 5467 3511 5526 habitarent

1927 5568 2192 5624 Abraham
2219 5574 2273 5622 et
2296 5565 2398 5620 Lot
2423 5563 2738 5620 necessitate
2752 5560 3113 5616 sustentanda:
3140 5559 3376 5628 familiai,
3400 5577 3509 5618 non

1927 5661 2164 5718 fteditate
2189 5656 2502 5726 discordiae,
2552 5663 2606 5711 et
2639 5652 2908 5709 Abraham
2937 5653 2990 5708 in
3035 5662 3177 5709 terra
3213 5652 3466 5709 Chanaan
3488 5693 3506 5720 ,

1927 5753 2028 5810 Lot
2055 5761 2232 5808 autem
2254 5757 2397 5806 esset
2419 5749 2473 5804 in
2510 5744 2758 5804 Sodomis
2776 5785 2793 5815 ,
2819 5745 3040 5803 oraculo
3065 5747 3224 5804 tertio
3251 5744 3507 5802 Dominus

1991 5941 2063 6000 (α)
2087 5939 2199 5988 Vide
2214 5947 2409 5998 Senes...
2429 5947 2649 5992 Excernt.
2674 5945 2895 5991 Controv.
2911 5940 2996 5988 lib.
3022 5939 3066 5996 ϐ,
3093 5951 3196 5999 cap.
3215 5936 3247 5983 5
