4054 6488
508 455 615 510 ι99

513 571 646 625 dixit
666 571 731 625 ad
759 570 1027 626 Abraham
1053 589 1065 623 :
1093 570 1381 641 Respiciens
1410 571 1567 626 oculis
1597 573 1694 627 tuis
1714 573 1826 627 vide
1855 591 1884 627 a
1914 572 2021 628 loco
2045 573 2099 628 in

513 671 610 734 quo
639 679 770 718 nunc
800 673 853 715 tu
877 678 947 726 es,
976 661 1043 714 ad
1067 660 1380 731 Aquilonem,
1411 672 1456 715 et
1477 661 1727 736 Africum,
1754 673 1799 717 et
1824 647 2096 732 Orientem,

513 765 560 809 et
586 753 732 808 Mare
748 772 766 820 ;
789 753 908 825 quia
937 769 1132 806 omnem
1161 763 1348 807 terram
1372 771 1524 824 quam
1559 764 1612 808 tu
1636 756 1770 810 vides
1792 798 1805 820 ,
1833 756 1918 809 tibi
1942 755 2098 824 dabo,

515 857 560 902 et
599 847 780 901 semini
805 855 888 898 tuo
911 861 1066 914 usque
1092 845 1145 899 in
1170 847 1436 912 steculum,
1470 856 1516 901 et
1558 849 1742 919 faciam
1770 847 1934 902 semen
1960 859 2103 902 tuum

516 949 754 1010 tanquam
779 955 985 992 arenam
1007 949 1169 994 terras.
1195 936 1258 995 Si
1274 949 1434 1010 potest
1457 940 1639 1010 aliquis
1659 941 1978 995 dinumerare
1994 958 2105 996 are-

517 1048 634 1084 nam
660 1041 828 1096 terra,
861 1039 905 1084 et
934 1047 1099 1085 semen
1127 1041 1270 1085 tuum
1298 1032 1718 1086 dinumerabitur.
1739 1033 1962 1104 Surgens
1987 1051 2105 1104 per-

517 1122 722 1176 ambula
763 1133 944 1176 terram
973 1123 1024 1176 in
1061 1123 1584 1202 longitudinemeius,
1614 1137 1658 1178 et
1687 1125 1736 1179 in
1759 1127 2104 1194 latitudinem,

519 1211 637 1283 quia
655 1213 742 1266 tibi
754 1211 884 1267 dabo
903 1231 1011 1267 eam
1028 1207 1180 1283 (Cen.
1200 1231 1316 1282 xui,
1342 1198 1452 1270 Il-I
1464 1213 1537 1290 7).
1563 1195 1620 1271 In
1645 1215 1744 1273 hac
1758 1219 2108 1288 promissione

521 1315 700 1358 utrum
748 1305 816 1360 sit
844 1307 1002 1360 etiam
1056 1307 1142 1360 illa
1168 1349 1182 1373 ,
1215 1323 1316 1376 qua
1348 1311 1497 1376 pater
1539 1307 1705 1363 factus
1747 1293 1827 1364 est
1871 1311 2105 1365 omnium

524 1397 761 1465 gentium
785 1435 798 1460 ,
834 1412 939 1450 non
966 1395 1239 1452 evidenter
1261 1408 1500 1468 apparet.
1546 1399 1728 1454 Potest
1768 1401 1906 1456 enim
1939 1401 2109 1456 videri

526 1488 593 1542 ad
623 1489 722 1541 hoc
747 1490 1036 1557 pertinere,
1073 1491 1138 1543 Et
1166 1491 1348 1561 faciam
1371 1508 1538 1545 semen
1569 1502 1709 1545 tuum
1740 1503 1975 1563 tanquam
2001 1510 2110 1549 arc-

528 1596 650 1632 nam
693 1589 841 1634 terra:
869 1596 887 1634 :
916 1581 1056 1651 quod
1107 1596 1167 1635 ea
1215 1582 1480 1636 locutione
1527 1583 1725 1638 dictam
1780 1593 1899 1649 est,
1955 1599 2110 1654 quam

527 1667 700 1723 Graeci
731 1681 917 1724 vocant
945 1671 1302 1742 hyperbolen;
1359 1689 1476 1742 quae
1522 1674 1704 1743 utique
1758 1675 1957 1744 tropica
2008 1685 2109 1740 'cst,

530 1774 638 1812 non
666 1761 903 1830 propria.
926 1761 1040 1828 Quo
1069 1771 1243 1817 tamen
1289 1763 1446 1816 modo
1471 1807 1486 1828 ,
1524 1772 1585 1817 ut
1609 1765 1817 1820 caeteris
1845 1765 2010 1834 tropis
2036 1764 2115 1818 uti

531 1852 708 1906 solere
734 1853 1061 1922 Scripturam
1082 1895 1098 1918 ,
1127 1854 1307 1908 nullus
1349 1854 1439 1923 qui
1479 1871 1596 1909 eam
1627 1855 1847 1920 didicit,
1875 1856 2112 1926 ambigit.

530 1941 635 1995 iste
660 1952 836 1996 autem
865 1943 1146 2012 tropus,id
1175 1952 1260 1998 est
1283 1945 1471 2003 modus
1493 1945 1791 2013 locutionis,
1822 1947 1879 2000 iit
1905 1947 2116 2017 quando

530 2035 582 2088 id
631 2035 772 2103 quod
815 2036 1043 2103 dicitur,
1076 2038 1232 2107 longe
1261 2045 1346 2092 est
1385 2039 1632 2108 amplius,
1685 2055 1840 2110 quam
1887 2040 2026 2111 quod
2051 2053 2117 2096 eo

532 2127 674 2206 dicto
692 2129 1040 2206 signiﬁcatur.
1074 2130 1202 2197 Quis
1224 2132 1366 2186 enim
1395 2146 1498 2186 non
1519 2133 1731 2201 videat,
1759 2150 1916 2204 quam
1947 2135 2018 2188 sit
2039 2135 2120 2188 in-

532 2220 962 2288 comparabiliter
985 2222 1209 2290 amplior
1234 2237 1410 2277 arena:
1439 2237 1712 2292 numerus,
1740 2241 1898 2295 quam
1944 2233 2120 2295 potest

534 2325 655 2366 esse
683 2312 917 2366 omnium
950 2312 1225 2367 hominum
1255 2314 1323 2368 ab
1365 2315 1478 2384 ipso
1509 2315 1674 2369 Adam
1723 2331 1888 2386 usque
1918 2316 1983 2369 ad
2015 2327 2120 2370 ter-

533 2403 736 2456 minum
763 2405 978 2458 saeculi?
1008 2415 1206 2474 quanto
1233 2420 1358 2474 ergo
1379 2408 1546 2476 magis
1570 2423 1727 2476 quam
1751 2423 1930 2462 semen
1955 2409 2122 2463 Abra-

533 2494 618 2549 hae
643 2512 656 2560 ;
682 2511 786 2549 non
815 2496 988 2550 solum
1007 2497 1152 2567 quod
1174 2497 1401 2566 pertinet
1429 2498 1495 2552 ad
1524 2499 1863 2554 lsraeiiticam
1883 2510 2118 2570 gentem,

532 2600 716 2641 verum
747 2589 904 2641 etiam
955 2588 1097 2658 quod
1143 2597 1260 2655 est,
1292 2589 1625 2650 eLluturum
1672 2599 1787 2657 est,
1831 2593 2119 2646 secundum

535 2677 888 2732 imitationem
918 2678 1060 2744 lidei,
1085 2688 1196 2734 toto
1217 2679 1350 2734 orbe
1374 2690 1632 2735 terrarum
1652 2682 1703 2735 in
1731 2682 1977 2736 omnibus
1995 2697 2124 2752 geu-

537 2767 720 2823 tibus?
745 2767 899 2836 Quod
927 2784 1134 2837 semen,
1157 2771 1212 2824 in
1231 2774 1628 2842 comparatione
1649 2773 2000 2828 multitudinis
2024 2775 2122 2828 im-

537 2859 772 2929 piorum,
804 2858 1043 2932 profecto
1073 2861 1123 2915 in
1153 2863 1333 2931 paucis
1363 2870 1482 2917 est;
1509 2864 1750 2933 quamvis
1769 2874 1821 2918 et
1850 2864 1949 2933 ipsi
1971 2864 2120 2933 pauci

536 2951 1186 3030 l'aciantinnumerabilem
1205 2955 1594 3009 multitudinem
1622 2969 1794 3021 suam;
1826 2971 1943 3027 quae
1962 2958 2123 3027 signi-

537 3045 690 3096 ﬁcata
707 3054 788 3097 est
802 3044 1092 3099 secundum
1109 3045 1434 3114 hyperbolen
1455 3061 1550 3118 per
1565 3062 1778 3101 arenam
1794 3056 1968 3103 terrae.
1984 3049 2124 3103 Sane

537 3133 638 3188 ista
669 3134 952 3190 multitudo
981 3153 1098 3206 qua:
1129 3139 1458 3204 promittitur
1489 3139 1736 3205 Abrahae,
1766 3157 1870 3194 non
1903 3141 2012 3194 Deo
2042 3149 2124 3195 est

537 3225 963 3294 innumerabilis,
1011 3228 1106 3282 sed
1132 3227 1432 3291 hominibus
1461 3247 1474 3282 :
1505 3231 1616 3286 Deo
1646 3241 1821 3286 autem
1848 3248 1946 3287 nec
1964 3247 2122 3288 arena

539 3324 718 3371 terrae.
750 3317 979 3375 Proinde
1004 3321 1126 3391 quia
1155 3336 1263 3374 non
1294 3325 1649 3392 tantum'gens
1681 3322 1960 3378 Israelitica
1982 3365 1999 3392 ,
2027 3325 2120 3380 sed

539 3393 847 3464 universum
875 3426 1060 3464 semen
1085 3413 1334 3478 Abrahae,
1360 3413 1448 3466 ubi
1475 3424 1625 3468 estet
1647 3415 1930 3484 promissio
1954 3418 1994 3483 ¹,
2013 3432 2121 3478 non

542 3499 846 3560 secundum
864 3518 1108 3565 carnem,
1139 3501 1230 3556 sed
1275 3503 1564 3558 secundum
1610 3506 1854 3575 spiritum
1895 3487 2121 3576 plurima

543 3589 794 3656 ﬁliorum,
820 3595 1198 3662 congruentius
1218 3610 1394 3649 arenae
1416 3596 1736 3650 lillllllllldllli
1764 3607 2120 3666 comparatur;

539 3691 716 3751 potest
740 3681 827 3738 hic
852 3684 1071 3755 intelligi
1100 3685 1375 3755 utriusque
1418 3686 1495 3741 rei
1537 3679 1673 3741 facta
1716 3689 1992 3757 promiSsio
2021 3685 2121 3760 ’((ι).

543 3774 649 3827 Sed
679 3774 798 3828 ideo
825 3775 1073 3844 diximus,
1106 3777 1246 3846 quod
1276 3793 1379 3831 non
1409 3777 1683 3834 evidenter
1705 3787 1973 3852 appareat,
2003 3782 2122 3851 quia

541 3871 598 3919 et
620 3864 760 3918 illius
779 3867 951 3935 gentis
968 3871 1120 3921 tutius
1143 3868 1440 3935 multitudo,
1464 3886 1580 3939 quae
1602 3873 1891 3926 secundum
1910 3879 2121 3927 carnem

543 3966 668 4010 nata
698 3961 781 4011 est
804 3972 868 4012 ex
900 3957 1165 4012 Abraham
1191 3971 1286 4027 per
1307 3959 1420 4028 ej‘us
1450 3971 1694 4030 nepotem
1717 3961 1896 4027 Jacob,
1932 3955 1982 4016 In
2011 3955 2125 4018 tati-

542 4057 655 4103 tum
682 4051 881 4117 crevit,
915 4061 971 4105 ut
1017 4067 1152 4121 pene
1195 4065 1382 4106 omnes
1414 4056 1590 4123 partes
1632 4053 1777 4108 orbis
1808 4049 2119 4124 impleverit.

545 4141 614 4194 Et
658 4141 779 4196 ideo
810 4145 975 4210 potuit
1005 4141 1056 4198 et
1097 4145 1208 4213 ipsa
1239 4147 1531 4199 secundum
1577 4147 1898 4218 hyperbolen
1948 4164 2122 4205 arente

541 4233 861 4288 multitudini
899 4238 1231 4304 comparari;
1284 4235 1402 4307 quia
1447 4246 1501 4292 et
1541 4239 1656 4292 haec
1698 4241 1808 4294 sola
1847 4233 2122 4296 innumera

539 4326 622 4379 eSI
649 4324 868 4378 homini.
901 4325 1120 4380 Terram
1170 4336 1313 4382 certe
1341 4325 1485 4382 illam
1532 4325 1697 4384 solam
1740 4331 2118 4401 signiﬁcatam,

537 4429 657 4486 quae
683 4417 945 4486 appellata
977 4427 1057 4472 est
1083 4418 1352 4482 Chanaan,
1386 4436 1542 4476 nemo
1568 4413 1802 4494 ambigit.
1845 4423 1949 4480 Sed
1981 4425 2119 4495 quod

538 4509 738 4564 dictum
767 4519 848 4563 est
867 4553 879 4574 ,
913 4509 1022 4564 Tibi
1049 4512 1178 4564 dabo
1209 4525 1339 4581 eant,
1369 4524 1414 4567 et
1445 4509 1621 4568 semini
1650 4526 1732 4569 tuo
1773 4533 1923 4587 usque
1948 4517 1998 4569 in
2028 4533 2122 4571 sa:-

535 4602 707 4655 culum
724 4619 744 4667 ;
776 4611 948 4671 potest
977 4617 1193 4659 movere
1221 4606 1524 4671 nonnullos,
1553 4609 1594 4662 si
1621 4625 1775 4678 usque
1798 4611 1848 4662 in
1879 4612 2120 4664 sa'cnlum'

535 4693 831 4763 intelligant
856 4694 908 4747 in
935 4703 1213 4749 aeternum.
1247 4696 1303 4752 Si
1330 4707 1506 4753 autem
1535 4700 1588 4752 in
1614 4700 1853 4754 sazculum
1877 4701 1974 4756 hoc
2002 4703 2119 4756 loco

535 4787 613 4840 sic
639 4781 933 4857 accipiant,
962 4788 1409 4856 quemadmodum
1459 4787 1685 4846 fideliter
1727 4802 1996 4860 tenemus,
2034 4794 2115 4846 in-

532 4877 685 4931 itium
718 4878 878 4932 futuri
908 4879 1090 4933 steculi
1118 4894 1147 4932 a
1181 4880 1284 4933 line
1330 4882 1605 4949 praesentis
1634 4881 1830 4948 ordiri,
1866 4883 1992 4935 nihil
2024 4899 2116 4938 eos

531 4971 768 5025 movebit
796 4987 809 5024 :
835 4970 956 5040 quia
991 4970 1090 5024 etsi
1135 4971 1339 5040 expulsi
1381 4979 1504 5024 sunt
1532 4971 1778 5025 Israelita:
1804 4973 1869 5026 de
1898 4967 2114 5026 Jeroso-

532 5061 714 5132 Iymis,
747 5070 965 5116 manent
994 5071 1169 5115 tamen
1216 5061 1267 5114 in
1297 5061 1415 5114 aliis
1452 5061 1752 5116 civitatibus
1802 5071 1956 5116 terrae
1982 5061 2116 5117 Cha-

536 5171 697 5220 naan,
728 5165 786 5211 et
811 5165 979 5224 usque
1006 5156 1058 5208 in
1091 5156 1250 5209 tinem
1279 5155 1601 5220 manebunt;
1628 5164 1681 5209 et
1703 5156 1944 5210 universa
1977 5167 2112 5212 terra

531 5245 625 5307 illa
651 5261 770 5301 cum
795 5261 828 5301 a
852 5246 1157 5301 Christianis
1179 5246 1521 5313 inhabitatur,
1551 5247 1710 5300 etiam
1737 5247 1908 5316 ipsum
1931 5259 2111 5305 semen

529 5344 612 5388 est
641 5336 888 5390 Abrahaa.

529 5467 755 5522 CAPUT
782 5466 948 5522 XXII.
974 5497 1046 5509 —
1081 5467 1162 5523 De
1188 5471 1437 5541 superatis
1477 5471 1538 5524 ab
1587 5470 1846 5526 Abraham
1890 5473 2110 5532 hostibus

603 5560 962 5626 Sodomorum,
991 5562 1192 5631 quando
1220 5571 1267 5617 et
1297 5563 1392 5618 Lot
1419 5565 1483 5619 de
1509 5563 1793 5636 captivitate
1823 5567 2038 5639 eripuit,
2066 5580 2113 5624 et

573 5667 636 5704 ,α
664 5651 1030 5707 Melchisedech
1055 5656 1310 5710 sacerdote
1337 5655 1620 5712 benedictus
1647 5671 1739 5714 est.

601 5755 711 5817 Hec
740 5773 998 5832 responso
1028 5763 1394 5832 prbmissibnis
1426 5763 1642 5834 accepto
1673 5765 1916 5835 migravit
1939 5763 2106 5822 Abra-

591 5877 610 5942 ξ
643 5873 714 5942 sic
736 5881 924 5942 Ms_s.___At
947 5875 1078 5942 editi,
1103 5874 1182 5926 ubi
1199 5883 1268 5925 est
1287 5889 1519 5942 expressa
1531 5876 1796 5942 promissio.

589 5937 662 6000 (a)
686 5939 813 5986 Coni.
839 5934 923 5987 lib.
945 5936 1146 5989 22mm.
1174 5943 1328 5986 r‘aust.
1352 5934 1571 6000 traeicit,
1594 5952 1699 6006 cap.
1723 5940 1802 5992 89.

1576 460 1662 515 ne
1681 425 2002 516 alvum
2043 461 2176 531 DEI,
2217 465 2273 518 s.
2317 464 2679 524 AUGUSTINI

3678 473 3789 529 500

2209 581 2325 632 bam
2350 622 2364 643 ,
2397 593 2453 638 et
2482 586 2674 638 mansit
2705 585 2757 638 in
2797 585 2900 640 alio
2939 585 3177 656 ejusdem
3223 595 3380 642 terra:
3424 586 3574 654 loco,
3621 587 3671 642 id
3702 596 3795 643 est

2200 674 2352 744 juxta
2383 692 2635 746 quercum
2661 677 2914 744 Mambre,
2937 694 3056 748 quae
3076 686 3192 732 erat
3216 677 3466 734 Chebron
3494 677 3642 751 (Gen.
3667 696 3789 748 nu,

2208 767 2317 836 18).
2355 768 2552 822 Deinde
2577 768 2643 822 ab
2670 768 2913 824 hostibus
2942 770 3032 840 qui
3057 769 3303 840 Sodomis
3333 771 3593 825 irruerant
3616 812 3631 838 ,
3661 786 3794 824 cum

2207 862 2440 932 quinque
2469 877 2620 931 reges
2646 861 2899 915 adversus
2926 872 3150 932 quatuor
3178 863 3373 917 bellum
3413 873 3690 932 gererent,
3732 872 3796 918 et

2208 954 2359 1006 victis
2386 952 2673 1008 Sodomitis
2695 955 2853 1008 etiam
2873 954 2973 1008 Lot
2996 965 3184 1024 captus
3214 964 3375 1018 esset,
3404 954 3645 1008 liberavit
3664 970 3797 1009 eum

2209 1043 2503 1112 Abraham,
2536 1045 2775 1124 adductis
2807 1061 2986 1100 secum
3019 1048 3068 1100 in
3116 1047 3352 1117 praelium
3402 1047 3650 1101 trecentis
3693 1045 3794 1100 de-

2210 1154 2326 1192 cem
2358 1147 2409 1191 et
2438 1148 2559 1194 octo
2588 1141 2888 1193 vernaculis
2914 1141 3025 1194 suis
3051 1158 3062 1192 :
3091 1149 3144 1193 et
3175 1140 3444 1194 victoriam
3494 1138 3618 1193 fecit
3643 1141 3798 1208 regi—

2212 1231 2308 1284 bus
2333 1232 2348 1261 ¹
2378 1213 2752 1295 Sodomorum,
2786 1231 3018 1302 nihilque
3045 1235 3336 1301 spoliorqu
3367 1234 3577 1287 auferre
3603 1233 3794 1295 voluit,

2214 1338 2332 1400 eum
2357 1339 2452 1377 rex
2480 1325 2566 1377 cui
2595 1324 2796 1377 vicerat
2826 1325 3122 1377 obtulisset.
3168 1303 3271 1378 Sed
3301 1325 3612 1400 planetunc
3631 1323 3801 1400 bene-

2213 1397 2387 1470 dictus
2414 1427 2491 1468 est
2520 1433 2548 1468 a
2575 1413 2958 1469 Melchisedech
2984 1458 2998 1481 ,
3041 1415 3129 1486 qui
3157 1402 3273 1470 erat
3303 1397 3551 1468 sacerdos
3583 1397 3675 1468 Dei
3702 1430 3799 1468 cx-

2214 1507 2340 1562 Ccisi
2371 1505 2478 1578 (Id.
2504 1507 2590 1562 xlv
2612 1548 2626 1573 ,
2657 1503 2814 1573 I420.)
2844 1525 2857 1561 :
2885 1507 2951 1561 de
2979 1522 3082 1576 quo
3109 1503 3160 1559 in
3194 1493 3425 1575 Epistula
3456 1521 3572 1575 qua:
3597 1506 3799 1570 inscri-

2219 1601 2357 1655 bitur
2385 1601 2450 1654 ad
2479 1602 2761 1667 llebraios,
2792 1589 2946 1669 quam
2993 1601 3171 1669 plures
3210 1591 3436 1669 apostoli
3486 1583 3628 1652 Pauli
3675 1591 3802 1652 esse

2216 1692 2417 1757 dicunt,
2459 1691 2669 1761 quidam
2701 1707 2829 1746 vero
2859 1699 3084 1762 negant,
3132 1693 3294 1746 multa
3337 1687 3389 1745 ct
3437 1706 3622 1759 magna
3669 1706 3801 1742 cons

2217 1786 2412 1856 scripta
2450 1793 2584 1840 sunt
2604 1785 2788 1857 (Hebr.
2817 1785 2935 1855 vn)".
2967 1785 3043 1838 Ibi
3071 1787 3265 1856 quippe
3291 1783 3519 1854 primum
3549 1783 3801 1852 apparuit

2218 1878 2554 1942 sacriﬁcium,
2583 1877 2721 1948 quod
2753 1887 2898 1932 nunc
2916 1892 2944 1931 a
2970 1875 3279 1931 Christianis
3305 1874 3523 1930 ol‘l‘ertur
3554 1871 3662 1928 Deo
3687 1881 3804 1928 toto

2221 1971 2349 2026 Orbe
2374 1983 2656 2030 terrarum.
2686 1971 3040 2041 impleturque
3065 1969 3193 2024 illud
3216 1968 3356 2040 quod
3379 1963 3531 2038 longe
3557 1977 3676 2038 post
3700 1967 3805 2022 hoc

2220 2063 2416 2117 factum
2447 2079 2541 2133 per
2564 2063 2880 2135 prophetam
2905 2061 3101 2116 dicitur
3126 2060 3189 2115 ad
3221 2047 3487 2116 Christum
3512 2102 3524 2124 ,
3567 2055 3653 2129 qui
3684 2060 3808 2114 tue-

2221 2163 2304 2209 r'at
2331 2155 2504 2209 adhuc
2542 2165 2798 2209 venturus
2826 2153 2877 2208 in
2907 2167 3068 2209 carne
3093 2159 3106 2206 ':
3134 2149 3213 2206 Tu
3243 2169 3293 2206 es
3321 2151 3553 2205 sacerdos
3571 2151 3631 2203 in
3656 2153 3807 2203 deter.

2221 2257 2340 2302 num
2367 2249 2634 2302 secundum
2664 2248 2889 2301 ordinem
2919 2244 3284 2300 Melchisedech
3336 2241 3503 2315 (Psal.
3555 2245 3636 2297 CIX
3659 2285 3674 2309 ,
3722 2241 3804 2316 4).

2223 2341 2335 2397 Non
2362 2340 2564 2395 scilicet
2589 2339 2878 2394 secundum
2907 2338 3148 2392 ordinem
3179 2331 3356 2391 Aaron
3380 2349 3394 2389 :
3427 2333 3514 2406 qui
3542 2335 3671 2388 ordo
3695 2333 3808 2388 lues

2222 2443 2306 2488 rat
2345 2432 2665 2487 auferendus
2707 2429 3140 2486 illucescentihus
3184 2429 3377 2496 "rebus,
3408 2427 3526 2498 qua:
3553 2417 3657 2482 illis
3685 2443 3810 2481 um-

2223 2527 2336 2582 bris
2361 2525 2813 2597 prmuotabantut.

2222 2662 2447 2719 CAPUT
2473 2659 2664 2716 XXIII.
2683 2689 2754 2700 —
2781 2657 2856 2713 De
2883 2657 3028 2712 verba
3057 2657 3261 2712 Domini
3301 2655 3367 2709 ad
3393 2654 3681 2718 Abraham,
3708 2668 3812 2722 quo

2295 2739 2340 2811 ei
2370 2757 2678 2826 promittitur
2702 2754 2974 2807 secundum
3002 2752 3371 2805 multitudinem
3394 2747 3653 2804 stellarum
3680 2747 3816 2816 mals

2297 2849 2572 2920 tiplicanda
2617 2848 2914 2918 posteritas;
2962 2843 3096 2916 quod
3143 2843 3348 2898 credens
3392 2841 3694 2910 iustiﬁcam:
3737 2847 3816 2892 ea

2297 2944 2461 2996 adhuc
2491 2943 2541 2996 in
2566 2940 2810 3012 prteputio
2835 2940 3153 2992 constitutus.

2298 3082 2468 3137 Etiam
2496 3091 2620 3136 tunc
2648 3079 2841 3134 factum
2864 3069 2945 3132 est
2967 3075 3188 3131 verbum
3219 3069 3428 3131 Domini
3454 3072 3517 3127 ad
3542 3071 3816 3128 Abraham

2226 3178 2277 3231 in
2310 3177 2444 3230 visu.
2469 3175 2565 3243 Qui
2596 3171 2714 3228 cum
2746 3172 2794 3228 ei
2825 3170 3208 3242 p'rotectionem
3239 3165 3649 3237 mercedemque
3682 3179 3815 3236 pro-

2227 3270 2460 3324 niittcret
2480 3266 2635 3322 valde
2666 3265 2918 3330 multam:
2964 3263 3051 3319 ille
3072 3263 3140 3318 de
3182 3262 3492 3332 posteritate
3519 3255 3778 3315 sollicitus
3798 3302 3815 3327 ,

2226 3359 2504 3432 quemdam
2532 3359 2740 3413 Eliezer
2763 3355 3101 3412 vernaculum
3131 3369 3284 3410 suum
3315 3353 3545 3407 futurum
3567 3351 3667 3406 sibi
3699 3349 3817 3405 ha:-

2226 3455 2406 3510 r'edem
2436 3453 2566 3507 dixit
2599 3470 2612 3507 :
2642 3451 2998 3520 continuoque
3042 3447 3115 3503 illi
3148 3446 3439 3518 promissus
3483 3453 3563 3500 est
3603 3445 3816 3524 turres,

2225 3551 2329 3602 n'ou
2366 3541 2454 3601 ille
2479 3545 2818 3610 vernaculus,
2854 3543 2945 3597 sed
2972 3541 3060 3612 qui
3092 3539 3158 3595 de
3185 3535 3300 3610 ipso
3345 3533 3607 3622 Abraham
3641 3529 3820 3622 fuerat

2224 3635 2459 3696 eiitnrtis
2494 3655 2506 3692 :
2536 3639 2828 3706 rursusque
2857 3640 3035 3690 semen
3084 3623 3506 3696 innumerabile,
3537 3617 3641 3684 non

2225 3731 2387 3788 arena
2414 3743 2568 3787 teme
2587 3775 2601 3797 ,
2636 3711 2728 3785 sed
2747 3705 2896 3783 isicu‘t
2918 3721 3086 3782 stellae
3109 3712 3226 3781 ccidi
3253 3722 3402 3794 (Gen.
3427 3717 3524 3790 iv,
3553 3722 3656 3791 I-5)
3683 3741 3696 3806 ς
3723 3705 3819 3777 tibi

2227 3823 2354 3879 mihi
2385 3823 2552 3894 magis
2582 3809 2791 3877 videtur
2815 3811 3077 3891 promissa
3108 3816 3393 3887 posteritas
3414 3814 3616 3872 cmiesti
3645 3811 3820 3867 felici-

2226 3925 2334 3971 tate
2367 3915 2627 3970 sublimis.
2658 3905 3074 3990 Numquamn“!
3106 3899 3170 3966 illi
3217 3901 3608 3964 hiultitudincm
3639 3897 3818 3977 perli-

2226 4009 2335 4073 nct,
2362 4009 2488 4079 quid
2518 4007 2641 4064 sunt
2669 4003 2835 4063 st'eliie
2865 3993 2985 4062 caeli
3016 4005 3081 4060 ad
3110 4003 3325 4059 arenam
3361 4003 3532 4069 teme,
3563 4001 3665 4056 nisi
3693 4002 3819 4073 quis

2224 4095 2277 4158 et
2303 4099 2456 4156 istam
2488 4103 2938 4172 comparationem
2977 4101 3029 4154 in
3061 4085 3262 4154 lantum'
3307 4111 3427 4153 esse
3468 4097 3698 4151 similem
3727 4093 3817 4150 di-

2224 4199 2326 4257 cat,
2358 4193 2408 4248 in
2442 4197 2693 4263 quantum
2718 4193 2875 4248 etiam
2907 4185 3072 4246 stella:
3099 4188 3418 4248 dinumerari
3462 4203 3563 4245 non
3595 4185 3821 4245 valent?

2223 4288 2342 4357 quia
2378 4301 2476 4339 nec
2496 4293 2681 4339 omnes
2709 4300 2797 4338 eas
2822 4281 2991 4338 videri
3020 4297 3178 4353 posse
3200 4281 3522 4336 credendum
3549 4269 3648 4334 est.
3676 4267 3817 4359 Nam

2223 4387 2419 4450 quanto
2445 4379 2669 4448 quisque
2704 4371 2907 4432 a'cutius
2943 4377 3199 4441 intuetur,
3231 4381 3378 4428 tanto
3398 4375 3579 4445 plures
3610 4369 3762 4428 videt
3793 4392 3807 4427 :

2223 4449 2363 4527 unde
2390 4483 2442 4526 et
2471 4472 2728 4526 acerrime
2768 4449 3108 4525 cernentibus
3155 4453 3358 4536 aliquas
3404 4465 3640 4520 occultas
3688 4481 3820 4520 esse

2223 4565 2415 4619 merito
2438 4559 2788 4624 exiStimatui',
2831 4550 3066 4630 exceptis
3095 4557 3172 4615 eis
3195 4557 3454 4615 sideribus
3480 4550 3597 4628 qua:
3627 4553 3676 4610 in
3708 4557 3816 4612 alia

2224 4667 2374 4724 parte
2401 4653 2544 4708 orbis
2577 4671 2603 4706 a
2633 4651 2784 4707 nobis
2809 4640 3164 4707 remotissima
3191 4643 3313 4704 oriri
3341 4658 3394 4704 ct
3415 4649 3654 4704 occidere
3685 4664 3816 4717 pcr-

2224 4747 2490 4801 hibcntur.
2535 4745 2812 4800 Postremo
2849 4746 3170 4814 quicumque
3197 4744 3500 4796 universum
3532 4727 3816 4793 stellarum

2223 4835 2498 4892 numerum
2529 4827 2998 4905 comprehendisse
3026 4843 3078 4888 et
3107 4829 3487 4900 conscripsisse
3514 4819 3817 4910 iactantur,

2221 4932 2357 4984 sicut
2387 4933 2578 4985 Aratus
2607 4925 2692 4989 xci
2721 4925 3009 4986 Eudoxus,
3048 4924 3130 4978 vel
3176 4924 3216 4976 si
3252 4921 3340 4993 qui
3385 4921 3473 4976 alii
3523 4909 3682 4983 sunt,
3717 4924 3819 4974 ens

2221 5021 2338 5076 libri
2367 5018 2520 5091 hujus
2551 5011 2846 5074 contemnit
2871 5017 3174 5071 auctoritas.
3208 5013 3304 5070 Ilic
3330 5017 3455 5069 sane
3478 5014 3564 5067 illa
3587 5001 3822 5067 sentcn-

2219 5116 2288 5169 tia
2330 5114 2578 5184 ponitur,
2621 5105 2771 5181 Cujus
2814 5111 3098 5181 Apostolus
3148 5099 3387 5163 meminit
3439 5113 3659 5177 propter
3713 5103 3818 5162 Dei

2217 5207 2436 5275 gratiam
2467 5197 2940 5259 commendandam
2962 5242 2975 5264 ,
3007 5193 3230 5254 Credidit
3283 5199 3538 5253 Abraham
3569 5185 3712 5261 Deo;
3766 5208 3822 5252 et

2217 5295 2510 5364 deputatum
2536 5305 2607 5349 est
2633 5292 2714 5348 illi
2731 5293 2799 5347 ad
2814 5293 3072 5364 justitiam
3091 5292 3110 5362 (
3130 5290 3258 5346 Gen.
3282 5306 3373 5359 xv,
3396 5287 3453 5355 ος
3476 5283 3624 5344 Rom.
3650 5280 3727 5357 iv,
3757 5288 3818 5356 ὃ,

2215 5398 2262 5440 et
2289 5384 2459 5439 Galat.
2486 5399 2563 5450 Ill,
2583 5387 2676 5455 6):
2705 5401 2772 5440 ne
2791 5376 3123 5440 circumcisio
3149 5383 3487 5454 gloriaretur,
3512 5391 3826 5451 gentesque

2215 5479 2617 5533 incircumcisas
2656 5478 2721 5532 ad
2767 5477 2923 5532 tidem
2967 5476 3166 5532 Christi
3212 5475 3394 5542 nollet
3421 5473 3652 5528 admitti.
3697 5474 3827 5553 iloc

2213 5571 2354 5626 enim
2385 5569 2597 5639 quando
2618 5567 2814 5624 factum
2841 5577 2946 5634 est,
2979 5577 3032 5622 ut
3062 5567 3301 5638 credenti
3330 5565 3560 5620 Abrahte
3581 5563 3794 5633 dcputa
3819 5598 3827 5606 -

2211 5672 2359 5718 retur
2384 5662 2514 5716 ﬁdes
2553 5663 2616 5717 ad
2647 5660 2927 5731 justitiam,
2953 5661 3190 5714 nondum
3223 5643 3394 5713 luerat
3421 5657 3812 5714 circumcisus.

2275 5821 2292 5853 ¹
2328 5819 2464 5880 Editi,
2493 5819 2552 5870 de
2571 5815 2774 5882 regibus.
2803 5819 2978 5882 Abest,
3000 5815 3095 5880 de,
3115 5829 3142 5868 a
3167 5807 3504 5882 manuscriptis
3538 5795 3590 5866 ct
3621 5785 3827 5882 alie‘ss‘e

2209 5856 3062 5946 debéiﬂ’mifi‘idbviii'iii‘giiiiairi
3075 5856 3596 5946 ἷιὲεἴιὶῖἴξόἕόῖίῐὸὶυἶιὶ
3618 5856 3825 5931 ἆὲῖῖ

2213 5946 2367 5996 stibus
2392 5958 2558 5996 eorum
2575 5938 2696 5998 facta
2719 5952 2812 5997 est.
