4054 6492
279 489 505 548 CAPUT
561 490 752 548 XXIV.
781 521 850 534 —-
891 493 966 548 De
995 493 1358 564 signiﬁcatione
1393 497 1626 566 sacriﬁcii
1659 538 1674 562 ,
1723 497 1856 564 quod

351 582 611 638 Abraham
629 582 812 650 oﬁ'erre
833 591 1110 656 praceptus
1135 589 1226 652 est,
1255 603 1368 640 cum
1395 587 1698 658 peposcisset
1721 599 1772 642 ut
1798 587 1858 642 de

356 673 434 728 his
453 689 568 744 qua
599 674 878 730 crediderat
901 676 940 740 ι,
971 676 1246 730 doceretur.

1476 353 1682 439 om
1725 339 2022 436 atauus
2056 333 2342 458 sums.

3425 388 3530 446 502

1963 511 2080 550 rum
2111 499 2289 564 sciret,
2323 501 2460 570 quod
2500 504 2732 558 futurum
2771 519 2890 572 esse
2909 507 3018 576 jam
3063 522 3170 562 non
3219 509 3530 580 ambigeret.

1961 587 2082 644 Sive
2107 605 2232 660 ergo
2251 592 2638 662 pet-juvencam
2667 597 2958 670 signiﬁcata
2974 601 3040 654 sit
3069 601 3215 670 plebs
3241 605 3412 672 posita
3439 605 3538 660 sub

1959 681 2086 751 jugo
2117 683 2268 753 legis,
2293 701 2386 754 per
2415 702 2628 758 capram
2645 692 2832 746 eadem
2871 694 3018 762 plebs
3037 696 3309 764 peccatrix
3339 698 3533 760 futura,

356 791 408 845 i.
435 789 492 844 In
513 785 706 845 eodem
742 789 860 846 visu
913 805 1034 846 cum
1081 791 1386 861 loqueretur
1406 791 1452 846 ei
1495 791 1656 859 Deus,
1701 789 1860 848 etiam
1965 789 2058 844 Ρθτ
2086 777 2306 830 arietem
2333 777 2516 833 eadem
2544 781 2690 849 Plebs
2737 787 2894 840 etiam
2923 797 3205 857 regnatura
3237 789 3256 861 (
3285 805 3404 859 qui”
3425 791 3540 844 aui"

285 880 388 935 hoc
407 881 482 934 sit
511 880 578 934 ad
619 879 766 935 unum
795 897 810 934 :
845 877 957 952 Ego
1005 881 1138 936 Deus
1182 883 1266 952 qui
1296 891 1342 936 te
1371 881 1524 937 eduxi
1577 883 1638 938 de
1665 885 1865 956 regione

283 973 660 1038 Chaucorum,
689 979 746 1027 ut
771 971 884 1028 dem
933 975 1022 1028 tibi
1067 977 1248 1028 terram
1294 975 1442 1043 hanc,
1490 983 1542 1030 ut
1593 977 1748 1030 lucres
1796 978 1864 1032 sis

283 1067 416 1136 ejus.
459 1064 560 1120 Ubi
580 1079 702 1119 cum
724 1066 1103 1134 interrogasset
1131 1066 1397 1120 Abraham
1425 1067 1714 1122 secundum
1732 1067 1858 1136 quid

287 1157 467 1220 sciret,
485 1157 628 1225 quod
651 1157 822 1210 ha-res
861 1156 976 1226 ejus
997 1157 1115 1222 erit,
1167 1157 1298 1210 dixit
1351 1157 1422 1210 illi
1471 1157 1610 1212 Deus
1643 1176 1654 1210 :
1685 1157 1868 1226 Accipe

287 1247 412 1299 mihi
431 1247 706 1316 juvencam
734 1247 952 1310 trimam,
983 1255 1028 1300 et
1075 1263 1280 1315 capram
1311 1249 1531 1312 trimam,
1562 1257 1608 1300 et
1665 1249 1866 1300 arietem

287 1339 511 1404 trimum,
538 1349 582 1391 et
611 1347 873 1406 turturem,
911 1347 954 1392 et
981 1335 1280 1392 columbam.
1312 1331 1514 1408 Accepit
1561 1349 1723 1394 autem
1749 1339 1824 1393 illi
1847 1339 1868 1371 ²

287 1427 395 1480 hinc
423 1428 616 1493 mania,
645 1437 694 1482 et
739 1428 906 1484 divisit
947 1429 1040 1482 illa
1079 1429 1262 1492 media,
1311 1439 1356 1482 et
1384 1431 1548 1498 posuit
1591 1447 1649 1482 ea
1691 1437 1866 1482 contra

287 1517 470 1588 [aciem
495 1519 712 1574 alterum
739 1519 886 1576 alteri
911 1534 932 1574 :
953 1533 1070 1575 aves
1107 1529 1274 1574 autem
1317 1531 1416 1574 non
1457 1521 1640 1574 divisit.
1699 1519 1764 1572 Et
1785 1521 1874 1574 de-

287 1609 610 1678 scenderunt,
663 1611 797 1668 sicut
845 1612 1100 1683 scriptum
1139 1621 1244 1679 est,
1301 1625 1415 1666 aves
1451 1625 1606 1682 supra
1659 1627 1872 1682 corpora

291 1717 406 1770 qute
424 1701 588 1756 divisa
627 1711 788 1768 erant,
819 1713 868 1757 et
911 1705 1132 1758 consedit
1179 1703 1284 1759 illis
1327 1703 1532 1758 Abram.
1565 1703 1712 1758 Circa
1752 1705 1872 1758 solis

289 1800 458 1844 autent
488 1809 722 1846 occasum
751 1811 906 1864 pavor
931 1795 1080 1848 irruit
1105 1812 1259 1866 super
1285 1797 1490 1860 Abram,
1515 1805 1564 1850 et
1591 1809 1702 1848 ecce
1721 1796 1873 1849 timor

291 1867 580 1937 tenebrosus
606 1901 822 1956 magnus
849 1886 1026 1940 incidit
1054 1888 1098 1941 ei
1123 1904 1141 1940 :
1167 1897 1212 1941 et
1227 1889 1414 1942 dictant
1451 1897 1522 1942 est
1569 1889 1636 1942 ad
1663 1887 1874 1954 Abram,

295 1971 514 2026 Sciendo
535 1973 681 2040 scies,
702 1993 822 2048 quia
845 1978 1162 2047 peregrinum
1185 1980 1278 2032 erit
1297 1995 1464 2034 semen
1499 1987 1642 2032 tuum
1663 1979 1714 2032 in
1741 1988 1878 2034 terra

293 2079 393 2116 non
417 2059 646 2134 propria,
667 2075 713 2118 et
756 2061 808 2120 in
834 2068 1116 2122 servitutem
1144 2069 1370 2140 redigent
1415 2085 1518 2136 eos,
1567 2079 1614 2122 et
1659 2069 1878 2140 aﬁligenl

293 2171 376 2209 eos
395 2149 774 2228 quadringentis
814 2160 1002 2224 annis;
1031 2170 1226 2231 gentem
1265 2170 1432 2214 autem
1473 2161 1556 2216 cui
1597 2162 1876 2228 servierint,

291 2245 527 2314 iudicabo
555 2266 662 2318 ego.
693 2245 820 2302 Post
849 2249 954 2303 hwc
979 2267 1093 2305 vero
1137 2250 1340 2304 exibunt
1363 2251 1461 2305 huc
1487 2268 1602 2306 cum
1625 2251 1882 2324 suppelle-

293 2337 402 2391 ctili
426 2339 602 2392 multa.
631 2337 708 2393 Tu
733 2352 897 2394 autem
921 2343 1011 2396 ibis
1025 2343 1091 2396 ad
1116 2353 1283 2416 patres
1309 2353 1420 2398 tuos
1439 2360 1550 2398 cum
1573 2361 1694 2414 pace
1717 2345 1882 2398 nutri-

295 2437 376 2482 tus
403 2428 480 2498 (a)
501 2431 554 2483 in
579 2442 774 2508 senecta
797 2429 946 2486 bona.
979 2435 1174 2502 Quarta
1201 2451 1312 2490 vero
1337 2435 1654 2506 generatione
1677 2451 1884 2494 conver-

295 2529 400 2573 tent
422 2537 475 2574 se
517 2521 634 2574 huc.
660 2521 902 2577 Nondum
924 2525 1054 2578 enim
1089 2526 1292 2596 impleta
1335 2537 1448 2582 sunt
1475 2535 1680 2598 peccata
1707 2525 1882 2582 Amor-

294 2613 546 2666 rhteorum
573 2631 732 2685 usque
752 2617 934 2670 adhuc.
966 2615 1090 2672 Cum
1111 2629 1277 2672 autem
1291 2623 1407 2690 jam
1441 2619 1518 2674 sol
1547 2627 1650 2674 erat
1689 2619 1757 2672 ad
1805 2636 1884 2674 oc-

295 2713 491 2774 casum,
515 2707 653 2776 facta
677 2717 747 2762 est
773 2707 1002 2780 ﬂamma,
1035 2719 1080 2764 et
1124 2727 1235 2764 ecce
1261 2715 1448 2783 fornaa;
1474 2712 1808 2782 fuittaburtda,
1835 2721 1884 2766 et

297 2797 562 2868 lampades
591 2801 740 2871 ignis,
798 2818 912 2872 qua:
961 2805 1356 2874 pertransierunt
1407 2821 1494 2876 per
1525 2805 1688 2858 media
1724 2805 1886 2860 divisa

295 2889 408 2943 illa.
439 2879 503 2945 In
529 2893 610 2946 die
634 2891 725 2948 illa
745 2895 990 2966 disposuit
1021 2893 1266 2952 Dominus
1286 2895 1424 2952 Deus
1443 2907 1790 2952 testamentum
1817 2899 1886 2952 ad

297 2981 504 3048 Abram,
537 2987 707 3042 dicens
736 3004 752 3041 :
793 2987 985 3043 Semini
1017 3001 1101 3044 tuo
1132 2991 1259 3046 dabo
1306 3001 1490 3046 terram
1521 2991 1672 3057 hanc,
1709 3007 1742 3044 a
1784 2992 1886 3060 ﬂu-

297 3075 431 3133 mine
451 3077 672 3152 rEgypti
737 3099 888 3152 usque
913 3081 978 3136 ad
1015 3085 1204 3154 ﬂumen
1251 3100 1490 3156 magnum
1524 3082 1837 3154 Euphratem
1865 3123 1882 3150 ,

297 3169 524 3238 Cenmos,
563 3183 610 3227 et
635 3172 916 3244 Cenezwos,
956 3186 1002 3230 et
1050 3175 1396 3244 Cadmonwos,
1447 3186 1490 3232 et
1541 3175 1766 3232 Chetteos
1790 3213 1808 3244 ,
1839 3185 1888 3232 et

298 3259 616 3329 Pheraeos,
637 3277 682 3320 et
705 3265 982 3337 Raphaim,
1003 3279 1046 3323 et
1063 3270 1401 3336 Amorrhwos,
1421 3279 1464 3326 et
1494 3267 1828 3336 Chananwoc,
1841 3277 1888 3326 et

299 3351 499 3422 Evceos,
529 3365 574 3410 et
617 3353 926 3428 Gergeswos,
953 3359 1290 3418 etJebuswos.

369 3446 422 3500 2.
454 3435 772 3504 Hmcomnia
807 3447 856 3504 in
897 3452 1009 3504 visu
1053 3451 1190 3506 facta
1234 3454 1486 3508 divinitus
1536 3463 1696 3524 atque
1740 3454 1888 3510 dicta

301 3547 440 3603 sunt,
467 3537 536 3593 de
563 3539 754 3610 quibus
780 3541 999 3612 singulis
1029 3545 1306 3600 enucleate
1360 3545 1626 3602 disserere
1661 3548 1878 3616 longum

306 3637 409 3696 est,
430 3639 486 3686 et
521 3629 874 3688 intentionem
923 3633 1100 3704 operis
1129 3635 1286 3705 hujus
1315 3637 1545 3692 excedit.
1584 3637 1736 3704 Quod
1763 3653 1890 3710 ergo

303 3721 431 3776 satis
452 3729 556 3786 est,
605 3737 764 3778 nosse
814 3723 1122 3781 debemus:
1167 3735 1508 3800 posteaquam
1560 3727 1758 3784 dictum
1787 3739 1886 3798 est,

303 3813 600 3872 credidisse
647 3817 918 3874 Abraham
971 3819 1100 3886 Deo,
1120 3831 1172 3876 et
1209 3821 1516 3892 deputatum
1569 3839 1688 3880 esse
1717 3825 1792 3878 illi
1819 3824 1885 3880 ad

302 3911 581 3982 justitiam,
627 3915 730 3966 non
788 3927 908 3968 eum
955 3911 1006 3967 in
1062 3901 1164 3970 ﬁde
1215 3901 1496 3984 deiecisse,
1553 3925 1610 3970 ut
1661 3915 1884 3985 diceret,

305 4001 610 4056 Dominator
635 4001 868 4070 Domine,
901 4003 1172 4058 secundum
1225 4009 1346 4076 quid
1392 4007 1550 4060 sciant
1574 4007 1693 4078 quia
1735 4007 1893 4062 turres

305 4099 416 4170 ejus
433 4097 554 4170 ero(
576 4081 703 4151 Cen.
731 4111 821 4162 xv,
847 4087 964 4152 7-2i
991 4095 1008 4170 )
1035 4089 1058 4152 ‘?
1082 4109 1234 4154 terrae
1253 4100 1448 4172 quippe
1471 4100 1610 4156 illius
1633 4101 1894 4172 promissa

305 4177 422 4242 erat
447 4177 754 4243 haereditas.
813 4189 926 4246 Non
963 4189 1103 4244 enim
1149 4191 1266 4258 ait,
1295 4189 1448 4248 Unde
1504 4193 1690 4257 sciam,
1744 4193 1894 4264 quasi

305 4278 479 4334 adhuc
509 4293 614 4333 non
633 4267 876 4335 crederet
904 4299 918 4335 :
946 4279 1039 4336 sed
1078 4281 1170 4348 ait,
1218 4281 1505 4337 Secundum
1553 4283 1674 4353 quid
1718 4285 1892 4350 sciam,

305 4381 366 4426 ut
386 4371 435 4427 ei
455 4373 531 4427 rei
561 4389 718 4444 quam
749 4371 1064 4442 crediderat,
1097 4376 1272 4446 aliqua
1295 4378 1583 4434 similitudo
1612 4379 1896 4434 adhibere-

307 4471 416 4530 tur,
439 4479 540 4533 qua
568 4465 684 4534 ejus
715 4465 902 4520 modus
930 4477 1324 4536 agnosceretur.
1371 4469 1518 4523 Sicut
1539 4483 1645 4523 non
1671 4477 1754 4524 est
1784 4470 1890 4524 vir-

305 4555 448 4627 ginis
477 4557 656 4611 Maria:
681 4557 992 4624 difﬁdentia,
1047 4559 1188 4632 quod
1210 4561 1300 4626 ait,
1340 4561 1603 4626 Quomodo
1633 4561 1716 4630 fiet
1737 4561 1894 4628 istud,

306 4651 547 4719 quoniam
577 4651 736 4704 virum
775 4669 874 4706 non
928 4671 1171 4724 cognosco
1200 4655 1225 4708 ἔ)
1250 4653 1400 4722 Quod
1452 4654 1592 4710 enim
1659 4654 1894 4708 futurum

307 4759 436 4798 esse
464 4753 607 4798 certa
634 4749 768 4806 erat,
790 4743 1002 4799 modum
1054 4759 1158 4816 quo
1189 4745 1338 4798 ﬁeret
1367 4744 1664 4818 inquirebat
1707 4745 1803 4824 (b).
1831 4744 1900 4800 Et

309 4837 420 4892 hoc
442 4837 564 4892 Cum
595 4837 892 4908 qutcsisset,
917 4837 1139 4904 audivit,
1167 4837 1390 4908 Spiritus
1431 4847 1634 4892 sanctus
1659 4853 1888 4906 superve-

305 4910 582 4994 nietinue,
620 4939 666 4984 et
700 4929 855 4984 virtus
881 4929 1125 4984 Altissimi
1153 4929 1464 5016 obumbrabjt
1494 4929 1582 4983 tibi
1614 4930 1634 4962 ⁸
1664 4929 1833 5002 (Luc.
1857 4947 1894 4998 ι,

308 5023 406 5088 54,
439 5017 507 5078 55
533 5021 574 5095 ).
607 5021 846 5092 Denique
870 5033 922 5078 et
953 5023 1037 5077 hic
1064 5021 1357 5078 similitudo
1405 5022 1524 5076 data
1567 5031 1648 5077 est
1697 5021 1764 5076 de
1789 5024 1900 5076 ani-

305 5114 568 5178 malibus,
593 5114 844 5182 jurenca,
897 5127 1054 5183 capra
1081 5123 1134 5168 et
1182 5115 1366 5178 ariete,
1409 5119 1462 5168 et
1497 5114 1702 5168 duabus
1746 5114 1896 5168 volu-

307 5205 516 5272 cribus,
555 5213 761 5260 turture
787 5215 840 5261 et
861 5206 1102 5260 columba
1134 5223 1147 5262 :
1175 5213 1232 5260 ut
1276 5203 1566 5260 secandum
1613 5206 1724 5260 haec
1763 5205 1902 5260 futu-

381 5319 402 5350 ⁸
439 5320 511 5382 Sic
530 5327 637 5382 Mss,
661 5327 715 5372 At
735 5321 870 5382 editi,
895 5315 1128 5382 crederet.
1273 5377 1276 5380 ,
1477 5379 1480 5382 _

381 5382 408 5444 ξ
439 5381 574 5441 Editi,
593 5377 694 5432 ille.
721 5385 776 5431 λι
798 5377 921 5441 Mss,
945 5379 1019 5431 illi
1046 5395 1064 5432 :
1075 5379 1214 5444 juxta
1236 5377 1446 5444 graecum
1469 5379 1597 5444 Lxx,
1619 5379 1744 5432 antd.

381 5442 408 5474 ³
441 5446 592 5508 Nostri
613 5445 997 5508 omnescodices
1030 5441 1259 5508 ornittnnj
1275 5445 1450 5508 verba,
1475 5441 1676 5508 spiritus
1712 5445 1904 5494 sanctus

307 5505 618 5564 supeth
639 5503 694 5554 in
707 5511 769 5564 te,
790 5507 836 5554 et
851 5506 1000 5555 virtus
1017 5503 1240 5555 attissimi
1255 5503 1548 5554 obuinbrabit
1569 5503 1669 5555 tibi.
1739 5513 1792 5553 Μ.

381 5565 460 5638 (α)
479 5567 794 5638 septuaginta
811 5569 1176 5638 Interpretesniu
1189 5569 1403 5638 antiquis
1424 5567 1688 5638 codicibus,
1703 5567 1898 5638 habent,

307 5623 556 5690 triplicis;
578 5623 786 5679 utriutus
814 5623 1064 5679 :Ittamen
1107 5627 1158 5678 in
1179 5623 1502 5691 Compluteusi
1527 5623 1728 5692 tapheis,
1748 5623 1904 5692 sepul-

304 5693 416 5738 ιιις.

383 5751 645 5820 (b)_i_ioc_8_.
671 5753 886 5820 Yirginis
903 5751 1130 5820 exemplo
1162 5753 1220 5820 in_
1259 5751 1510 5820 eademre
1528 5753 1680 5820 utitur
1709 5751 1902 5800 Ambro-

303 5811 449 5879 sius,
469 5813 592 5879 libro
613 5815 648 5863 2
667 5815 734 5879 de
754 5811 980 5879 ibi-aliam
1003 5811 1285 5877 patriarcha,
1310 5827 1414 5879 cap.
1437 5815 1487 5863 8.
1529 5815 1611 5864 Ubi
1634 5811 1771 5876 plura
1794 5825 1903 5862 cum

211 5895 226 5905 ο
305 5873 422 5926 hoc
439 5877 596 5940 ωριιε
612 5875 822 5930 conferri
847 5873 1058 5942 possunt.
1084 5873 1329 5936 coemens.

1967 867 2122 922 malia
2151 879 2426 938 propterea
2471 873 2625 928 trima
2675 877 2940 944 dicuntur,
2967 881 3090 950 quia
3115 895 3236 936 cum
3265 883 3372 936 sint
3409 883 3542 937 insi-

1965 975 2096 1028 gnos
2119 962 2320 1015 articuli
2357 969 2652 1032 temporum
2673 967 2740 1020 ab
2781 969 2946 1024 Adam
2979 987 3148 1040 usque
3196 973 3261 1026 ad
3299 971 3432 1036 Noe,
3483 983 3541 1028 et

1969 1049 2091 1105 inde
2110 1068 2274 1122 nsque
2301 1053 2366 1106 ad
2400 1053 2687 1122 Abraham,
2719 1068 2770 1110 et
2802 1059 2922 1114 inde
2941 1076 3105 1130 usque
3135 1063 3202 1116 ad
3235 1063 3419 1129 David,
3451 1065 3540 1134 qui

1969 1143 2252 1213 reprobate
2284 1145 2441 1200 Saule
2463 1149 2664 1216 primus
2687 1149 2736 1202 iu
2765 1166 2926 1220 regno
2945 1155 3117 1220 gentis
3140 1156 3436 1210 Israeliticae
3459 1167 3542 1210 est

1973 1237 2181 1290 Doinini
2235 1237 2504 1294 voluntate
2549 1240 2799 1296 fundatus
2831 1259 2846 1308 ;
2880 1244 2932 1298 in
2968 1244 3070 1300 hoc
3107 1246 3292 1304 ordine
3364 1251 3540 1312 tertio,

1972 1327 2062 1398 qui
2087 1329 2320 1384 tenditur
2341 1347 2403 1384 ex
2427 1332 2692 1386 Abraham
2741 1349 2908 1406 usque
2951 1336 3018 1390 ad
3066 1339 3246 1402 David,
3295 1351 3540 1410 tanquam

1975 1423 2182 1476 tertiam
2214 1432 2423 1478 :ntatem
2473 1440 2665 1496 gerens
2715 1427 2804 1483 ille
2839 1429 3059 1498 populus
3103 1430 3366 1500 adolevit)
3395 1433 3544 1496 ;sive

1973 1511 2166 1583 aliquid
2196 1513 2334 1568 aliud
2361 1517 2762 1572 convenientius
2791 1518 2890 1574 ista
2927 1517 3224 1590 signiﬁcent
3251 1538 3264 1586 ;
3289 1522 3435 1576 nullo
3463 1532 3544 1576 ta-

1975 1621 2095 1658 men
2121 1605 2275 1658 modo
2322 1605 2693 1672 dubitaverim,
2745 1611 3048 1678 spirituales
3079 1611 3131 1666 in
3161 1627 3220 1668 ea
3245 1613 3546 1683 praeﬁgura-

1977 1705 2056 1749 tos
2110 1695 2466 1752 additamenta
2514 1701 2735 1757 turturis
2753 1711 2804 1756 et
2824 1702 3102 1758 columbzn.
3121 1703 3188 1758 Et
3213 1702 3331 1760 ideo
3347 1704 3548 1760 dictum

1975 1797 2076 1853 est,
2111 1789 2236 1842 Aves
2271 1800 2438 1844 autem
2482 1809 2580 1845 non
2611 1791 2818 1847 divisit:
2857 1795 3104 1863 quoniam
3137 1795 3380 1850 carnales
3415 1795 3550 1850 inter

1977 1897 2032 1934 se
2056 1879 2381 1947 dividuntur,
2408 1883 2712 1952 Spirituales
2754 1895 2930 1939 autem
2961 1887 3108 1940 nullo
3163 1888 3360 1953 modo;
3391 1887 3552 1944 sivea

1977 1973 2263 2040 negotiosis
2301 1975 2794 2030 conversationibus
2825 1977 3094 2033 hominum
3121 1993 3178 2034 sc
3222 1987 3549 2046 removeam,

1977 2063 2110 2118 sicut
2145 2073 2350 2128 turtur;
2384 2067 2495 2120 sive
2526 2067 2664 2120 inter
2711 2068 2832 2124 illas
2855 2069 3068 2140 degant,
3101 2069 3237 2126 sicut
3259 2072 3504 2126 columba
3535 2089 3550 2126 :

1979 2165 2198 2226 utraque
2223 2167 2394 2213 tamen
2413 2159 2522 2212 avis
2545 2167 2626 2213 est
2645 2161 2866 2230 simplex
2889 2170 2944 2215 et
2967 2161 3182 2216 innoxia
3209 2179 3223 2228 ;
3251 2163 3552 2233 signiﬁcans

1979 2257 2035 2304 ct
2063 2249 2114 2303 in
2137 2251 2251 2320 ipso
2277 2249 2568 2304 lsi-uelitico
2592 2253 2805 2322 p0pulo,
2827 2253 2912 2306 cui
2941 2263 3080 2308 terra
3110 2253 3196 2308 illa
3221 2254 3390 2308 danda
3417 2264 3548 2322 erat,

1979 2341 2182 2395 futuros
2217 2341 2516 2396 individuos
2551 2341 2686 2396 ﬁlios
2717 2345 3083 2412 promissionis
3121 2357 3174 2400 et
3197 2345 3440 2402 haeredes
3469 2363 3556 2402 re-

1979 2433 2068 2502 gni
2097 2433 2146 2486 in
2169 2441 2367 2488 (eterna
2391 2434 2642 2489 felicitate
2657 2439 2888 2490 mansuri
2907 2438 2944 2488 ί.
2971 2439 3109 2494 Aves
3129 2449 3306 2494 autem
3324 2440 3554 2496 descent-

1980 2527 2166 2582 dentes
2192 2543 2353 2598 super
2379 2543 2600 2598 corpora
2632 2547 2749 2600 qua:
2802 2531 2968 2586 divisa
2990 2545 3162 2600 erant,
3191 2551 3295 2590 non
3315 2537 3436 2592 boni
3461 2538 3556 2592 ali-

1982 2617 2127 2687 quid,
2160 2619 2252 2672 scd
2277 2619 2748 2688 Spiritusindicant
2777 2623 2916 2676 aeris
2945 2623 3117 2694 hujus,
3141 2637 3350 2694 pastum
3375 2643 3559 2695 quem-

1983 2710 2102 2764 dam
2133 2723 2286 2766 suum
2315 2709 2378 2764 de
2409 2711 2704 2766 carnalium
2757 2713 3016 2768 divisione
3062 2727 3378 2784 quaerentes.
3410 2718 3560 2786 Quod

1984 2803 2285 2858 autemillis
2311 2805 2554 2860 consedit
2583 2803 2872 2874 Abraham,
2925 2807 3187 2878 signiﬁcat
3237 2810 3397 2864 etiam
3425 2811 3560 2864 inter

1985 2897 2102 2951 illas
2127 2897 2415 2950 carnalium
2446 2897 2734 2951 divisiones
2756 2899 2776 2930 ¹
2801 2914 2957 2952 veros
2989 2915 3156 2969 usque
3177 2901 3228 2954 in
3259 2901 3417 2954 ﬁnem
3441 2915 3561 2972 per-

1987 2999 2321 3044 severaturus
2345 2987 2548 3044 ﬁdeles.
2580 2991 2644 3044 Et
2671 2991 2813 3045 circa
2843 2991 2970 3046 solis
3014 3007 3260 3046 occasum
3284 2993 3424 3062 quod
3466 3009 3562 3062 pa-

1985 3095 2081 3135 vor
2108 3081 2262 3135 irruit
2291 3083 2342 3135 in
2363 3079 2648 3148 Abraham,
2679 3089 2733 3136 et
2763 3083 2920 3136 timor
2950 3084 3264 3138 tenebrosus
3307 3099 3550 3152 magnus,

1987 3171 2252 3242 signiﬁcat
2279 3171 2419 3226 circa
2449 3171 2602 3240 hujus
2631 3171 2812 3225 δωριΠὶ
2861 3171 3018 3228 ﬁnem
3077 3189 3318 3243 magnam
3360 3183 3564 3244 pertur-

1989 3265 2252 3320 bationem
2285 3279 2346 3318 ac
2375 3263 2769 3319 tribulationem
2817 3263 3042 3318 futuram
3071 3263 3302 3318 ﬁdelium
3328 3282 3342 3319 :
3369 3251 3435 3319 de
3463 3281 3564 3333 qua

1991 3359 2244 3413 Dominus
2274 3357 2469 3411 dixitin
2503 3355 2809 3423 Evangelio,
2857 3353 2972 3409 Erit
2994 3355 3123 3409 enim
3153 3365 3268 3410 tunc
3313 3356 3565 3412 tribulatio

1989 3465 2194 3521 magna,
2211 3447 2377 3518 qualis
2404 3465 2502 3502 non
2529 3447 2622 3520 fuit
2646 3445 2705 3499 ab
2735 3447 2878 3500 initio
2897 3445 2916 3520 (
2935 3445 3120 3502 Matth.
3155 3462 3300 3512 XXIV,
3324 3447 3388 3503 21
3415 3445 3455 3518 ).

2061 3543 2112 3595 5.
2154 3539 2306 3608 Quod
2333 3553 2458 3594 vero
2479 3537 2674 3593 dictum
2703 3533 2867 3594 estad
2897 3537 3178 3604 Abraham,
3207 3537 3426 3594 Sciendo
3447 3539 3568 3594 scies

1989 3635 2108 3706 quia
2139 3633 2456 3704 peregrinum
2485 3633 2579 3686 erit
2605 3647 2768 3686 semen
2797 3641 2934 3684 tuum
2961 3631 3012 3684 in
3041 3639 3171 3685 terra
3199 3649 3296 3685 non
3337 3633 3564 3702 propria,

1991 3737 2036 3780 et
2057 3725 2108 3779 in
2128 3727 2414 3778 servitutem
2441 3723 2668 3794 redigent
2691 3737 2793 3786 eos,
2818 3733 2864 3775 et
2885 3721 3100 3793 amigent
3122 3739 3204 3776 eos
3233 3721 3570 3792 quadringen-

1993 3819 2056 3874 tis
2083 3817 2264 3881 aunis;
2291 3815 2358 3869 de
2381 3813 2573 3884 populo
2601 3813 2782 3878 Israel,
2814 3813 2901 3882 qui
2928 3813 3098 3866 fuerat
3121 3813 3171 3866 in
3198 3809 3430 3884 Egypto
3456 3827 3568 3866 ser-

1993 3910 2220 3976 viturus,
2249 3907 2586 3976 apertissime
2615 3904 2986 3974 prophetatum
3030 3911 3130 3959 est.
3182 3903 3296 3960 Non
3343 3901 3484 3974 quod
3517 3905 3568 3958 in

1995 4000 2180 4058 eadem
2211 4000 2466 4056 servitute
2507 3998 2608 4052 sub
2636 3997 2901 4068 Egyptiis
2939 3995 3291 4066 amigentibus
3316 3993 3568 4066 quadrin-

1995 4103 2180 4164 gentos
2209 4107 2376 4146 annos
2407 4091 2497 4145 ille
2541 4091 2765 4160 populus
2809 4088 2982 4142 fuerat
3021 4093 3359 4156 peracturus;
3393 4083 3488 4140 sed
3521 4087 3568 4139 in

1997 4188 2126 4258 ipsis
2151 4184 2550 4256 quadringentis
2579 4182 2732 4236 annis
2757 4179 3168 4250 prmnuntiatum
3194 4177 3398 4233 esthoc
3427 4177 3571 4232 futu-

1996 4293 2134 4332 rum.
2159 4275 2615 4345 Quemadmodum
2638 4273 2778 4328 enim
2801 4273 3056 4340 scriptum
3083 4277 3166 4325 est
3192 4269 3259 4324 de
3283 4269 3453 4324 Thara
3479 4283 3571 4340 pa-

1997 4383 2078 4428 tre
2117 4367 2364 4432 Abrqhas,
2395 4365 2460 4420 Et
2485 4369 2686 4438 fuerunt
2725 4365 2830 4418 dies
2863 4363 3045 4417 Thura:
3065 4363 3118 4416 in
3139 4359 3332 4416 Charra
3361 4361 3576 4430 quinque

1997 4472 2044 4518 et
2067 4461 2266 4516 ducenti
2291 4461 2413 4513 anni
2437 4456 2590 4526 (Gen.
2619 4472 2694 4520 χι,
2721 4454 2845 4524 52);
2877 4467 2980 4510 non
3017 4453 3138 4524 quia
3163 4453 3232 4508 ibi
3257 4459 3441 4506 oinnes
3469 4451 3572 4505 acti

1997 4564 2141 4621 sunt,
2171 4553 2266 4609 sed
2291 4553 2412 4622 quia
2445 4551 2514 4606 ibi
2541 4549 2792 4618 completi
2820 4555 2944 4601 sunt
2974 4563 2988 4599 :
3026 4548 3097 4601 ita
3117 4555 3170 4601 et
3189 4545 3275 4599 hic
3297 4551 3572 4614 propterea

1999 4647 2368 4716 interpositum
2391 4651 2494 4709 est,
2521 4641 2588 4698 Et
2615 4643 2668 4695 in
2695 4642 2980 4694 servitutem
3001 4639 3224 4710 redigant
3246 4653 3349 4702 eos,
3383 4647 3426 4690 et
3451 4635 3573 4706 afﬂi-

1997 4747 2118 4813 gent
2143 4755 2228 4794 eos
2270 4735 2650 4807 quadringentis
2693 4733 2872 4798 annis;
2918 4731 3166 4801 quoniam
3199 4730 3296 4784 iste
3327 4741 3574 4781 numerus

2001 4833 2052 4886 in
2081 4831 2266 4886 eadem
2296 4828 2584 4884 afﬂictione
2611 4825 2910 4894 completus
2929 4831 3028 4888 est,
3061 4837 3164 4877 non
3190 4821 3310 4888 quia
3339 4817 3410 4871 ibi
3449 4817 3572 4870 uni-

2001 4939 2186 4980 versus
2213 4929 2458 4992 peractus
2483 4929 2584 4975 est.
2619 4916 2996 4988 Quadringenti
3025 4927 3155 4968 sane
3179 4911 3426 4966 dicuntur
3452 4907 3573 4961 anni

2003 5025 2220 5089 propter
2245 5015 2454 5071 numeri
2477 5012 2880 5084 plenitudinem,
2909 5007 3146 5076 quamvis
3173 5003 3442 5071 aliquanto
3471 5015 3578 5053 ani-

2001 5111 2140 5180 plius
2169 5109 2302 5174 sint;
2333 5107 2450 5162 sive
2469 5119 2534 5160 ex
2559 5104 2660 5158 hoc
2682 5113 2922 5170 tempore
2941 5101 3328 5166 computentur,
3352 5105 3458 5162 quo
3479 5091 3574 5145 ista

2007 5201 2449 5271 promittebantur
2476 5195 2724 5259 Abrahzc,
2751 5193 2864 5248 sive
2891 5205 2956 5246 ex
2985 5203 3089 5258 quo
3118 5195 3272 5240 natus
3297 5191 3380 5240 est
3413 5184 3575 5250 Isaac,

2003 5303 2222 5365 propter
2263 5307 2448 5348 semen
2493 5287 2740 5352 Abrahae,
2787 5285 2854 5340 de
2899 5295 3006 5353 quo
3053 5281 3150 5336 ista
3195 5279 3574 5348 praedicuntur.

2003 5389 2388 5457 Computantur
2426 5384 2590 5447 enim,
2625 5381 2764 5435 sicut
2803 5375 3048 5446 superius
3082 5371 3192 5444 jam
3221 5373 3470 5437 diximus,
3516 5371 3582 5426 ab

2004 5497 2143 5536 anno
2163 5475 2554 5548 septuagesimo
2574 5479 2629 5526 et
2649 5471 2835 5540 quinto
2855 5465 3104 5533 Abrahae,
3126 5463 3338 5536 quando
3363 5462 3428 5519 ad
3451 5477 3575 5518 eum

2069 5684 2086 5716 ι
2121 5682 2195 5731 Sic
2213 5687 2319 5729 Mss.
2346 5674 2461 5724 editi
2483 5685 2622 5732 vero,
2643 5681 2943 5738 marisuros.“
3087 5723 3122 5738 _.
3151 5725 3164 5738 ,
3195 5725 3207 5738 _

2069 5747 2089 5776 ¹
2117 5719 2461 5790 mihi}?
2490 5719 2564 5782 iii".
2580 5719 2721 5791 post,
2757 5719 3026 5782 camellam
3065 5723 3343 5791 divisiones,
3379 5719 3576 5791 addunt,

2004 5779 2400 5870 spiri'tiiiilbs-Esse
2412 5779 2870 5870 ἶργῖἠέιιῷδῗίάᾙοὴ
2901 5779 3082 5842 habent
3110 5779 3236 5851 Mss,
3257 5779 3346 5836 sed
3363 5779 3584 5847 plerique

2007 5858 2113 5934 p'ro,
2138 5877 2288 5926 veros,
2309 5863 2490 5922 ferunt,
2513 5858 2652 5910 viros.
