4054 6480
472 286 581 347 503

469 401 608 457 facta
633 411 717 459 est
738 404 908 476 prima
938 410 1242 478 promissio,
1268 424 1436 482 usque
1464 413 1533 470 ad
1559 415 1760 473 exitum
1789 419 1950 477 Israel
1977 435 2047 476 ex

471 495 722 568 Egypto,
755 500 1123 572 quadringenti
1145 513 1199 558 ct
1224 507 1435 577 triginta
1457 511 1580 565 anni
1607 529 1619 563 :
1649 529 1874 582 quorum
1908 517 2051 586 Apo-

465 592 638 646 stolus
664 593 732 646 ita
762 595 1038 650 meminit:
1065 595 1176 651 Hoc
1200 607 1365 654 autem
1396 601 1529 670 dico,
1563 604 1753 676 inquit,
1785 618 2050 664 testamen-

465 692 569 735 tum
611 686 962 753 con/irmatum
1011 706 1042 741 a
1089 689 1231 759 Deo,
1271 711 1384 764 quae
1424 707 1535 766 post
1578 701 1972 774 quadringentos
2002 715 2048 760 et

462 779 669 848 triginta
693 798 850 835 annos
877 785 1014 853 facta
1039 795 1111 839 est
1147 787 1247 852 lex,
1275 805 1375 843 non
1407 791 1631 859 inﬁrmat
1677 795 1744 847 ad
1796 814 2044 852 evacuan-

461 871 577 921 dam
603 873 983 940 promissionem
1017 877 1210 945 (Galat.
1239 896 1314 947 ιιι,
1345 881 1457 952 l7).
1485 883 1600 937 lam
1633 901 1759 956 ergo
1795 888 1877 942 isti
1915 904 2045 959 qua-

458 962 724 1032 dringenti
749 978 802 1020 et
834 969 1043 1038 triginta
1067 973 1212 1038 anni,
1237 975 1604 1046 quadringenti
1630 988 1878 1048 poterant
1907 999 2044 1037 nun-

456 1057 658 1125 eupari,
701 1060 821 1126 quia
854 1076 957 1114 non
1001 1072 1122 1116 sunt
1163 1066 1330 1120 multo
1358 1069 1583 1138 amplius
1614 1088 1624 1123 :
1650 1081 1847 1142 quanto
1875 1075 2042 1144 magis

455 1159 574 1199 cum
598 1147 918 1218 aliqumjum
938 1167 1001 1206 ex
1026 1153 1127 1208 isto
1155 1172 1378 1212 numero
1406 1161 1805 1228 prseteriissent,
1826 1165 2040 1234 quando

452 1236 541 1290 illa
582 1239 635 1292 in
678 1241 791 1296 visu
839 1243 1200 1302 demonstrata
1241 1259 1294 1304 et
1323 1250 1463 1306 dicta
1503 1263 1626 1309 sunt
1656 1256 1912 1322 Abrahte;
1954 1258 2040 1314 vel

451 1331 662 1400 quando
696 1334 840 1390 Isaac
866 1348 1019 1394 natus
1049 1351 1130 1396 est
1156 1346 1466 1401 centenario
1497 1348 1632 1416 patri
1665 1364 1783 1416 suo,
1815 1367 1844 1405 a
1867 1352 2037 1422 prima

450 1427 806 1494 promissione
836 1441 955 1500 post
985 1433 1168 1505 viginti
1208 1444 1262 1491 et
1297 1439 1530 1510 quinque
1558 1456 1747 1511 annos,
1779 1459 1901 1500 cum
1923 1445 2037 1515 ja-

449 1531 513 1572 ex
545 1519 1090 1596 istis-quadringentis
1119 1529 1330 1599 triginta
1368 1533 1742 1606 quadringenti
1781 1545 1835 1592 et
1877 1539 2034 1609 quin-

450 1626 554 1680 que
586 1628 942 1684 remanerent,
974 1635 1107 1689 quos
1135 1623 1272 1677 Deus
1294 1627 1712 1697 quadringentos
1743 1631 1908 1684 voluit
1939 1647 2034 1686 no-

447 1704 674 1772 minare,
700 1717 754 1761 et
778 1719 968 1763 czntera
1010 1728 1129 1781 qua:
1168 1724 1462 1785 sequuntur
1485 1719 1536 1772 in
1567 1720 1741 1774 verbis
1783 1738 2033 1792 przenun-

446 1795 626 1850 tiantis
647 1798 758 1865 Dei,
785 1801 962 1856 nullus
978 1801 1298 1862 dubitaverit
1319 1809 1384 1863 ad
1407 1810 1752 1868 lsraeliticum
1777 1815 2028 1886 populum

443 1887 710 1955 pcrtinere
729 1889 823 1965 (a).

512 1980 565 2032 4.
607 1981 757 2048 Quod
783 1999 906 2040 vero
927 1986 1247 2060 adjungitur,
1274 1989 1397 2045 Cum
1419 2003 1587 2048 autem
1603 1995 1717 2066 jam
1733 1998 1810 2053 sol
1835 2010 1941 2054 erat
1961 2001 2030 2056 ad

441 2086 693 2141 occasum,
725 2078 936 2146 [lamina
965 2081 1103 2150 facta
1132 2095 1225 2151 est,
1257 2094 1303 2138 et
1332 2103 1443 2142 ecce
1469 2088 1658 2158 fornae;
1684 2092 2022 2163 fumabunda,

438 2172 486 2217 et
512 2164 773 2235 lampades
799 2171 952 2239 ignis,
982 2189 1095 2242 qua:
1124 2179 1522 2244 pertransierunt
1553 2199 1642 2252 per
1663 2185 1827 2238 media
1866 2187 2026 2242 divisa

436 2255 561 2321 illa;
587 2259 850 2330 signiﬁcat
870 2265 980 2334 jam
1015 2267 1064 2321 in
1097 2268 1202 2324 fine
1229 2274 1409 2327 saeculi
1452 2290 1547 2344 per
1578 2277 1750 2347 ignem
1775 2279 2022 2348 judican-

435 2349 534 2405 dos
561 2367 681 2407 esse
707 2357 968 2414 carnales.
1000 2360 1148 2416 Sicut
1190 2365 1332 2420 enim
1375 2367 1593 2424 afﬂictio
1637 2371 1866 2427 civitatis
1908 2375 2020 2442 Dei,

434 2442 606 2509 qualis
630 2453 786 2501 antea
817 2465 1084 2520 nunquam
1119 2453 1232 2520 fuit,
1283 2473 1402 2528 qua:
1446 2460 1548 2516 sub
1587 2462 1915 2519 Antichristo
1944 2466 2024 2520 fu-

433 2542 550 2592 tura
591 2549 859 2610 Speratur,
903 2545 1230 2615 significatur
1258 2553 1543 2608 tenebroso
1575 2557 1764 2614 timore
1795 2560 2021 2616 Abrahze

432 2630 571 2685 circa
598 2633 725 2687 solis
748 2650 1017 2706 occasum,
1043 2641 1094 2694 id
1118 2651 1218 2708 est,
1246 2648 1637 2718 propinquante
1653 2650 1761 2720 jam
1791 2653 1896 2709 line
1921 2671 2021 2710 sa:-

433 2721 571 2775 culi:
604 2725 681 2780 sic
707 2727 772 2780 ad
802 2729 932 2784 solis
961 2747 1232 2802 occasum,
1266 2737 1316 2791 id
1360 2750 1462 2807 est,
1504 2742 1568 2796 ad
1614 2744 1785 2816 ipsum
1813 2746 1920 2815 jam
1953 2748 2018 2800 fi-

433 2829 552 2869 nem
574 2817 612 2879 ί,
643 2819 970 2890 significatur
995 2826 1095 2880 isto
1124 2832 1241 2899 igne
1267 2831 1383 2887 dies
1399 2833 1588 2904 judicii
1617 2839 1872 2895 dirimens
1898 2858 2017 2896 car-

429 2909 580 2963 nales
625 2927 721 2982 per
766 2914 944 2984 ignem
991 2920 1293 2990 salvandos,
1343 2935 1396 2980 et
1437 2929 1488 2983 in
1517 2930 1636 2998 igne
1661 2931 2012 2990 damnandos.

429 2999 629 3056 Deinde
683 3013 1055 3066 testamentum
1107 3013 1302 3071 factum
1347 3019 1413 3073 ad
1465 3021 1765 3087 Abraham,
1820 3036 2014 3085 terram

427 3086 675 3152 Chanaan
706 3105 920 3172 proprie
948 3107 1269 3177 manifestat,
1318 3121 1388 3166 et'
1418 3117 1653 3171 nominat
1685 3119 1733 3172 in
1763 3135 1823 3175 ea
1846 3121 2014 3176 unde—

425 3188 526 3242 cim
550 3202 734 3259 gentes
751 3209 778 3246 a
799 3196 1017 3254 ﬂumine
1038 3200 1251 3274 Egypti
1276 3220 1443 3276 usque
1459 3209 1523 3262 ad
1545 3210 1740 3266 flumen
1764 3229 2012 3285 magnum

429 3281 773 3352 Euphratem.
807 3290 918 3345 Non
953 3309 1079 3365 ergo
1104 3313 1132 3350 a
1161 3299 1378 3356 ﬂumine
1408 3319 1606 3379 magno
1636 3281 1876 3380 Egypti,
1912 3313 2014 3367 hoc

425 3387 502 3428 est
531 3377 674 3443 Nilo;
705 3381 797 3436 sed
828 3400 856 3438 a
889 3402 1070 3455 parvo,
1095 3393 1236 3461 quod
1264 3395 1451 3452 dividit
1482 3377 1618 3454 inter
1647 3377 1936 3476 {Egyptum
1957 3418 2012 3464 et

425 3466 780 3539 Palgstinatn,
809 3477 892 3531 ubi
918 3490 997 3534 est
1024 3484 1211 3541 civitas
1235 3487 1601 3547 Rhinocorura
1625 3493 1723 3566 (ὁ).

425 3567 647 3628 CAPUT
674 3565 838 3630 XXV.
865 3601 932 3611 -—
956 3572 1030 3630 De
1052 3577 1188 3658 Agar
1211 3581 1401 3635 ancilla
1430 3565 1641 3642 Sarrte.
1665 3605 1815 3666 quam
1835 3592 2010 3648 exulem

684 3668 848 3726 Sarra
873 3674 1093 3732 Abrahw
1111 3682 1265 3736 voluit
1283 3702 1388 3740 esse
1411 3692 1764 3749 concubinam.

489 3755 605 3812 Jam
633 3759 756 3816 hinc
783 3773 1019 3836 tempora
1068 3786 1467 3847 consequuntur
1502 3784 1728 3844 ﬁliorum
1758 3792 2005 3868 Abrahae,

419 3851 578 3906 unius
621 3853 688 3910 de
731 3858 873 3927 Agar
917 3866 1130 3933 ancilla,
1175 3870 1393 3929 alterius
1421 3876 1487 3932 de
1518 3879 1677 3938 Sarra
1725 3886 1909 3954 libera,

419 3947 609 4016 quibus
640 3950 690 4004 in
716 3952 850 4008 libro
873 3959 1145 4026 superiore
1160 3963 1270 4031 jam
1305 3967 1535 4028 diximus
1558 3973 1710 4047 (cap.
1740 3981 1827 4050 5).
1855 3947 2004 4051 Quod

419 4048 595 4095 autem
625 4045 813 4100 attinet
831 4048 896 4102 ad
927 4064 1037 4105 rem
1065 4066 1290 4124 gestam,
1323 4062 1466 4116 nullo
1493 4045 1663 4121 modo
1680 4080 1762 4125 est
1787 4045 2001 4131 inuren-

419 4129 542 4184 dum
582 4133 650 4188 de
695 4136 792 4194 hac
813 4143 1105 4200 concubina
1154 4151 1355 4206 crimen
1385 4156 1614 4214 Abrahae
1645 4161 1733 4234 (ε).
1757 4165 1895 4223 Usus
1925 4180 2006 4228 est

420 4237 480 4275 ea
508 4224 703 4296 quippe
727 4230 792 4282 ad
822 4237 1176 4300 generandam
1208 4243 1435 4310 prolem,
1458 4263 1561 4302 non
1583 4224 1660 4305 ad‘
1680 4224 2000 4325 explendam

419 4312 726 4385 libidinem;
751 4337 851 4380 nec
878 4326 1155 4393 insultans,
1175 4335 1268 4388 sed
1293 4339 1466 4404 pctius
1489 4342 1740 4402 obediens
1767 4353 1998 4425 conjugi,

417 4422 535 4478 qua:
555 4425 664 4467 sua:
683 4418 975 4474 sterilitatis
996 4425 1220 4481 credidit
1238 4444 1356 4486 esse
1377 4433 1640 4503 solatium,
1657 4441 1700 4494 si
1719 4441 1998 4503 fecundum

415 4503 623 4560 ancilla:
639 4516 865 4579 uterum,
887 4515 1137 4583 quoniam
1152 4530 1336 4577 natura
1361 4541 1465 4582 non
1489 4538 1712 4599 poterat,
1733 4535 2002 4599 voluntate

415 4595 612 4653 laceret
656 4617 830 4670 suum,
853 4615 908 4661 et
957 4624 1024 4665 eo
1065 4611 1187 4682 jure
1246 4632 1352 4686 quo
1395 4595 1522 4678 dicit
1561 4595 1868 4698 Apostolus,
1912 4634 2000 4691 Si-

415 4691 600 4746 militer
642 4704 690 4748 et
729 4697 804 4750 vir
846 4716 944 4755 non
989 4703 1133 4759 habet
1177 4721 1470 4779 potestatem
1506 4691 1733 4790 corporis
1775 4742 1873 4792 ειη,
1911 4746 1999 4784 sea

413 4787 595 4840 mulier
621 4788 676 4858 (Ι
699 4789 816 4846 Cor.
841 4809 931 4861 vn,
965 4797 999 4850 4
1020 4799 1057 4867 ),
1090 4809 1326 4859 uteretur
1369 4811 1560 4866 mulier
1591 4787 1657 4868 ad
1686 4787 1995 4884 pariendum

413 4891 478 4931 ex
508 4877 702 4946 altera,
740 4885 881 4954 quod
920 4902 1025 4942 non
1053 4899 1258 4959 poterat
1286 4912 1351 4951 ex
1377 4913 1434 4954 se
1461 4901 1592 4971 ipsa.
1626 4905 1780 4961 Nulla
1802 4921 1884 4966 est
1913 4912 1998 4970 hic

412 4969 606 5038 cupido
645 4973 899 5041 lasciviae,
925 4979 1069 5035 nulla
1109 4986 1355 5054 nequitiae
1401 4969 1691 5062 turpitudo.
1721 5000 1802 5054 Ab
1832 4969 1996 5062 uxore

412 5072 569 5114 causa
593 5066 756 5132 prolis
793 5069 979 5125 ancilla
1020 5075 1212 5130 marito
1259 5079 1510 5149 traditur,
1543 5100 1573 5140 a
1605 5072 1796 5146 marito
1833 5109 1995 5151 causa

413 5153 577 5219 prolis
628 5159 884 5230 accipitur
929 5182 942 5219 :
986 5165 1054 5220 ab
1109 5177 1334 5242 utroque
1391 5191 1496 5231 non
1559 5183 1728 5252 culpa:
1790 5187 1988 5256 luxus,

411 5244 506 5298 sed
556 5257 758 5306 naturae
803 5254 1005 5312 fructus
1045 5265 1360 5332 exquiritur.
1395 5269 1629 5342 Denique
1655 5289 1774 5330 cum
1799 5281 1992 5337 ancilla

408 5338 659 5408 gravida,
705 5343 960 5404 domina'
987 5349 1176 5422 sterili,
1227 5338 1560 5430 superbiret;
1589 5374 1643 5421 et
1689 5366 1790 5424 hoc
1833 5370 1991 5429 Sarra

471 5476 491 5550 ξ
525 5477 658 5550 Χὶηᾱ.
685 5485 786 5550 Am.
808 5487 859 5530 et
880 5489 973 5546 Ern,
1006 5484 1153 5550 ﬁnem
1172 5493 1353 5545 saeculi.

404 5540 780 5652 ὡῗὶῗεριοῠω
802 5551 929 5594 noue
951 5540 1105 5601 codex
1129 5540 1364 5607 αἰιίᾖῆἰὶ
1383 5566 1686 5628 manuscripti
1701 5579 1811 5619 cum
1829 5571 1989 5637 editis,

492 5667 543 5744 ετξ
559 5664 696 5744 .999!-
721 5674 897 5744 Qeest-
919 5671 968 5744 in
987 5676 1151 5744 εκοάον
1183 5695 1231 5744 (ι-
1257 5680 1335 5744 47-

493 5722 541 5805 ἐν)
559 5722 694 5805 gauli.
718 5722 894 5805 (iuga-st.
927 5734 975 5805 in
996 5722 1158 5805 los-tie,

467 5789 1357 5874 Eelﬁquodnquidemlacrebat'ttanﬁus
1372 5812 1671 5866 manichteus.
1691 5818 1792 5870 vid.
1819 5820 1903 5872 lib.
1925 5822 1986 5874 22

403 5857 570 5900 contra
591 5853 764 5915 ipsum,
786 5867 888 5916 cap.
915 5857 994 5909 50.

1543 299 1629 356 on
1669 299 1988 359 ClVlTATE
2027 301 2163 376 DEI,
2195 263 2263 364 is.
2302 311 2668 377 AUGUSTINI

2165 429 2470 499 suspicione
2497 438 2741 496 muliebri
2769 443 2884 500 viro
2927 448 3098 516 potius
3134 451 3444 525 imputaret,
3483 461 3641 518 etiam
3672 466 3754 524 ibi

2161 519 2544 585 demonstravit
2589 533 2856 594 Abraham
2901 556 3006 597 non
3062 560 3120 601 se
3160 559 3452 608 amatorem
3496 571 3746 631 servum,

2159 617 2253 670 sed
2275 618 2498 676 liberum
2530 625 2693 715 fgisse
2719 633 3039 703 genitorem,
3079 648 3132 694 et
3158 641 3210 698 in
3237 644 3379 715 Agar
3405 645 3580 707 Sarra:
3609 617 3746 710 con:

2153 707 2265 778 jugi
2309 702 2615 780 pudicitia‘m
2657 725 2987 793 custodisse;
3026 702 3140 786 nec
3184 702 3506 806 voluptatem
3554 758 3742 815 suam,

2156 802 2250 856 sed
2291 806 2613 865 voluntatem
2652 814 2790 870 illius
2817 819 3116 889 implevisse
3148 843 3163 880 :
3195 832 3486 901 accepisse,
3515 850 3613 892 nec
3640 853 3744 908 pe-

2155 893 2321 964 tiisse;
2343 903 2650 970 accessisse,
2672 923 2769 964 nec
2790 909 3036 980 hmsisse;
3065 920 3377 987 seminasse,
3395 940 3494 982 nec
3505 942 3740 987 amasse.

2153 986 2243 1040 Ait
2283 992 2424 1044 enim
2455 1011 2467 1043 :
2507 993 2634 1049 Ecce
2664 1001 2851 1055 ancilla
2885 1015 2970 1058 tua
3013 1009 3066 1062 in
3103 1013 3332 1068 manibus
3365 1018 3481 1081 tuis,
3511 1031 3651 1076 utere
3677 1042 3743 1078 ea

2150 1083 2398 1148 quomodo
2429 1086 2517 1139 tibi
2535 1088 2779 1160 placuerit
2802 1094 2963 1165 (Gen.
2990 1115 3107 1164 xvn,
3135 1102 3222 1174 6).
3248 1105 3291 1161 Ο
3311 1107 3480 1165 virum
3508 1113 3743 1173 viriliter

2151 1182 2385 1231 utentem
2406 1179 2637 1250 feminis,
2661 1187 2882 1259 conjuge
2906 1199 3283 1268 temperanter,
3307 1203 3499 1260 ancilla
3526 1206 3740 1264 obtem-

2151 1279 2414 1339 peranter,
2448 1276 2588 1331 nulla
2614 1278 3060 1353 intemperanter!

2147 1379 2370 1438 CAPUT
2398 1384 2744 1448 XXVl.—-De
2768 1398 3114 1467 testiﬁcatione
3131 1403 3230 1461 Dei
3254 1408 3322 1464 ad
3337 1409 3612 1482 Abraham,
3633 1433 3736 1487 qua

2216 1472 2377 1529 eidem
2403 1479 2514 1534 seni
2539 1481 2603 1536 de
2620 1486 2780 1540 sterili
2809 1488 2970 1546 Sarra
2991 1494 3155 1563 ﬁlium
3178 1500 3409 1570 spondet,
3437 1472 3737 1574 patremque

2215 1580 2330 1619 eum
2361 1572 2583 1642 gentium
2619 1580 2814 1646 statuit,
2857 1592 2903 1636 et
2946 1589 3182 1654 promissi
3224 1592 3378 1660 ﬁdem
3413 1572 3733 1655 sacramento

2211 1657 2602 1720 circumcisionis
2627 1669 2874 1742 obsignat.

2212 1772 2264 1829 1.
2288 1773 2415 1830 Post
2443 1777 2558 1834 haec
2594 1791 2675 1837 est
2705 1795 2858 1841 natus
2887 1787 3074 1848 lsmael
3103 1809 3168 1849 ex
3192 1796 3351 1867 Agar,
3392 1801 3445 1856 in
3493 1819 3601 1875 quo
3630 1822 3735 1877 pu—

2137 1869 2251 1919 tare
2281 1878 2459 1935 posset
2483 1870 2778 1944 impletum,
2797 1881 2938 1949 quod
2963 1884 3010 1936 ei
3034 1888 3354 1954 promissum
3384 1869 3572 1963 fuerat,
3603 1869 3727 1955 cum

2137 1955 2238 2011 sibi
2283 1965 2623 2047 vernaculum
2672 1983 2824 2024 suum
2875 1973 3131 2045 adoptare
3171 1981 3464 2053 voluisset,
3513 1989 3729 2050 dicente

2137 2048 2266 2116 Deo,
2303 2051 2423 2109 Non
2460 2058 2553 2112 erit
2582 2060 2740 2118 [neres
2777 2075 2890 2120 tuus
2935 2069 3016 2123 hic
3027 2086 3048 2136 ;
3071 2072 3160 2126 sed
3180 2078 3270 2143 qui
3295 2081 3424 2135 exiet
3535 2094 3602 2153 te,
3638 2048 3731 2143 ille

2135 2143 2228 2197 erit
2259 2146 2419 2202 haeres
2445 2159 2560 2206 tuus
2585 2154 2603 2224 (
2626 2153 2753 2210 Gen.
2783 2174 2870 2225 xv,
2904 2162 2997 2234 4).
3030 2163 3140 2221 Hoc
3159 2183 3286 2241 ergo
3307 2177 3624 2242 promissum
3655 2197 3727 2238 ne

2133 2234 2188 2289 in
2215 2239 2422 2294 ancillae
2448 2241 2556 2298 ﬁlio
2584 2257 2793 2315 putaret
2824 2253 3120 2324 impletum,
3142 2234 3252 2330 jam
3277 2234 3391 2319 cum
3412 2279 3536 2323 esset
3555 2287 3721 2328 anno-

2129 2343 2245 2382 rum
2269 2335 2543 2404 nonaginta
2567 2348 2613 2392 et
2639 2357 2832 2409 novem,
2857 2350 3097 2417 apparuit
3120 2351 3168 2405 ei
3206 2351 3476 2428 Dominus,
3517 2371 3563 2415 et
3592 2365 3725 2419 dixit

2128 2421 2209 2476 illi
2235 2439 2254 2477 :
2280 2425 2390 2496 Ego
2417 2444 2528 2482 sum
2553 2429 2711 2499 Deus,
2733 2435 2877 2505 place
2906 2440 2956 2493 in
2978 2455 3243 2511 conspectu
3263 2464 3391 2512 meo,
3415 2460 3461 2504 et
3481 2462 3584 2507 esto
3608 2457 3722 2511 sine

2129 2519 2348 2585 querela,
2363 2533 2409 2574 et
2420 2539 2607 2592 ponam
2621 2538 2966 2586 testamentum
2979 2545 3141 2590 meum
3161 2539 3290 2596 inter
3305 2560 3383 2598 me
3395 2555 3442 2598 et
3453 2546 3585 2602 inter
3599 2559 3723 2614 te,et

2127 2609 2342 2683 implebo
2371 2626 2416 2670 te
2439 2620 2603 2674 valde.
2631 2621 2699 2675 Et
2722 2628 2936 2693 procidit
2963 2629 3153 2686 Abram
3181 2636 3234 2690 in
3254 2638 3436 2705 faciem
3457 2658 3622 2696 suam.
3648 2609 3721 2699 Et

2126 2702 2322 2759 locutus
2346 2719 2418 2761 est
2437 2710 2515 2764 illi
2544 2711 2703 2781 Deus,
2725 2716 2895 2773 dicens
2919 2737 2938 2774 :
2970 2721 3036 2775 Et
3054 2741 3166 2796 ego,
3197 2702 3307 2782 ecce
3324 2740 3677 2790 testamentum
3697 2740 3716 2771 ⁸

2124 2812 2289 2850 meum
2317 2810 2509 2868 tecum;
2539 2814 2583 2857 et
2603 2807 2699 2861 eris
2726 2821 2869 2879 pater
2895 2814 3227 2873 multitudinis
3254 2824 3475 2891 gentium
3503 2842 3522 2880 :
3540 2837 3590 2881 et
3611 2845 3716 2885 non

2123 2889 2462 2957 appellabitur
2487 2895 2651 2951 adhuc
2673 2915 2850 2956 nomen
2875 2913 3018 2959 tuum
3045 2889 3265 2979 Abram,
3283 2915 3372 2968 sed
3413 2918 3503 2971 erit
3530 2936 3715 2976 nomen

2124 2990 2265 3036 tuum
2291 2983 2585 3056 Abraham;
2612 2993 2731 3062 quia
2760 3005 2952 3064 patrem
2994 3001 3267 3058 multarum
3309 3011 3529 3078 gentium
3562 3015 3715 3080 posui

2122 3080 2168 3126 te
2195 3089 2214 3127 :
2237 3085 2282 3128 et
2303 3079 2495 3147 augebo
2511 3082 2531 3112 ⁹
2553 3091 2601 3136 te
2617 3085 2781 3152 valde,
2801 3097 2849 3141 et
2869 3107 3054 3159 ponam
3079 3103 3126 3148 te
3144 3096 3197 3150 in
3218 3110 3406 3167 gentes,
3427 3114 3471 3154 et
3487 3079 3628 3174 reges
3649 3122 3713 3160 ea:

2122 3172 2170 3219 te
2216 3169 2419 3223 exibunt
2460 3188 2478 3225 :
2507 3183 2727 3230 statuam
2758 3189 3103 3238 testamentum
3149 3206 3312 3244 meum
3351 3193 3481 3247 inter
3539 3212 3619 3250 me
3660 3209 3712 3252 et

2122 3257 2249 3312 inter
2289 3271 2354 3327 te,
2398 3272 2444 3316 et
2482 3266 2611 3320 inter
2655 3285 2822 3325 semen
2867 3284 3008 3328 tuum
3049 3289 3160 3346 post
3182 3291 3229 3334 te
3270 3283 3323 3336 in
3367 3289 3712 3355 generationes

2117 3365 2289 3404 eorum
2327 3354 2380 3407 in
2420 3365 2769 3416 testamentum
2811 3374 3072 3436 teternum,
3116 3380 3172 3425 ut
3198 3373 3293 3427 sim
3337 3354 3422 3430 tibi
3468 3378 3625 3448 Deus,
3658 3391 3710 3437 et

2116 3447 2292 3500 semini
2323 3457 2406 3503 tuo
2432 3461 2545 3519 post
2564 3462 2628 3507 te.
2661 3453 2729 3508 Et
2773 3458 2902 3513 dabo
2945 3462 3032 3515 tibi
3056 3475 3102 3518 et
3145 3468 3323 3522 semini
3369 3479 3455 3526 tuo
3499 3447 3617 3542 post
3659 3486 3710 3531 te

2119 3549 2324 3608 terram,
2366 3544 2419 3597 in
2462 3561 2564 3616 qua
2609 3547 2776 3604 incola
2815 3569 2886 3619 es,
2936 3571 3130 3612 omnem
3172 3569 3358 3616 terram
3381 3564 3625 3622 Chanaan
3650 3571 3707 3625 in

2116 3636 2476 3708 possessionem
2501 3648 2770 3715 aternam,
2801 3654 2846 3701 et
2875 3662 2959 3703 ero
3000 3649 3102 3706 illis
3128 3650 3286 3709 Deus.
3316 3656 3387 3712 Et
3410 3658 3537 3714 dixit
3565 3661 3708 3716 Deus

2114 3731 2182 3782 ad
2204 3731 2458 3787 Abraham
2486 3751 2505 3789 :
2533 3735 2608 3790 Tu
2631 3746 2797 3792 autem
2836 3750 3186 3799 testamentum
3229 3765 3393 3804 meum
3433 3767 3705 3808 conserva-

2114 3820 2209 3886 bis,
2239 3831 2293 3876 tu
2317 3833 2365 3878 et
2396 3841 2564 3880 semen
2612 3837 2755 3882 tuum
2795 3841 2906 3900 post
2949 3842 2995 3888 te
3030 3835 3084 3889 in
3129 3841 3389 3909 progenies
3428 3859 3545 3898 suas
3563 3843 3608 3897 ³.
3636 3845 3708 3900 Et

2114 3917 2210 3969 hoc
2236 3927 2308 3970 est
2335 3926 2682 3974 testamentum
2699 3920 2720 3953 ‘
2748 3926 2883 3993 quod
2909 3931 3222 3984 conservabis
3251 3932 3379 3986 inter
3416 3951 3494 3988 me
3517 3946 3563 3990 et
3589 3954 3704 4005 vos,

2113 4018 2160 4062 et
2183 4010 2313 4065 inter
2338 4028 2503 4067 semen
2532 4022 2672 4068 tuum
2712 4027 2824 4080 post
2852 4027 2900 4072 te
2940 4020 2992 4074 in
3028 4025 3367 4092 generationes
3408 4044 3540 4082 suas.
3587 4029 3707 4083 Cir-

2112 4103 2419 4158 cumcidetur
2434 4117 2650 4160 vestrum
2679 4125 2827 4164 omne
2841 4113 3191 4183 masculinum,
3215 4127 3260 4170 et
3278 4119 3710 4178 circumcidensini

2112 4211 2312 4250 carnem
2341 4197 2362 4228 ⁵
2390 4201 2623 4270 prteputii
2660 4203 2811 4255 vestri
2842 4213 2934 4258 :el
2972 4208 3067 4260 erit
3105 4208 3158 4261 in
3194 4210 3394 4280 signum
3417 4217 3709 4271 testamenti

2110 4287 2239 4342 inter
2265 4306 2342 4343 me
2381 4300 2425 4344 et
2468 4306 2572 4346 vos.
2622 4291 2688 4345 Et
2733 4311 2855 4364 puer
2902 4307 3014 4351 octo
3056 4299 3249 4354 dierum
3289 4304 3705 4376 circumcidctur,

2109 4391 2324 4434 vestrum
2363 4400 2509 4438 omne
2553 4388 2889 4442 masculinum
2929 4391 2983 4444 in
3021 4395 3281 4464 pragenies
3320 4408 3526 4452 vestras.
3567 4399 3700 4456 Ver.

2110 4473 2322 4528 naculus
2364 4483 2411 4528 et
2452 4479 2707 4545 emptitius
2757 4481 2819 4533 ab
2863 4483 3002 4536 onmi
3045 4485 3152 4552 ﬁlio
3196 4487 3477 4560 alienigena
3517 4491 3560 4558 ‘,
3611 4496 3705 4558 qui

2109 4579 2209 4616 non
2253 4574 2326 4618 est
2370 4565 2433 4618 de
2474 4569 2662 4622 semine
2695 4578 2799 4636 tuo,
2840 4573 3218 4632 circumcisione
3253 4580 3639 4638 circumcidetur
3684 4603 3704 4641 :

2107 4659 2404 4714 vernaculus
2438 4658 2616 4714 domus
2664 4671 2762 4716 tua:
2797 4673 2842 4718 et
2885 4668 3158 4736 emptitius.
3192 4669 3257 4725 Et
3293 4673 3384 4727 erit
3422 4683 3700 4731 testamen-

2107 4757 2212 4804 tum
2255 4767 2422 4805 meum
2458 4753 2513 4806 in
2559 4769 2710 4809 carne
2751 4765 2911 4810 vestra
2955 4759 3010 4813 in
3057 4770 3402 4818 testamentum
3443 4776 3701 4823 catenam.

2105 4842 2173 4898 Et
2217 4846 2303 4915 qui
2348 4862 2448 4899 non
2465 4846 2614 4914 fuerit
2657 4848 2976 4904 circumcisus
3005 4892 3019 4916 ,
3066 4855 3320 4909 masculus
3344 4858 3431 4927 qui
3468 4874 3568 4912 non
3595 4861 3706 4913 cir-

2104 4935 2419 4991 cumsidetur
2461 4953 2667 4992 carnem
2711 4943 2982 5011 praeputii'
3009 4945 3088 4998 sui
3128 4956 3300 5000 octavo
3346 4948 3448 5013 die,
3471 4949 3700 5006 interibit

2167 5074 2184 5105 ί
2219 5073 2292 5123 sic
2313 5074 2641 5148 manuscripti
2655 5076 2800 5148 juxta
2829 5080 3156 5143 septuaginta.
3182 5089 3237 5133 At
3259 5083 3394 5133 Vind.
3427 5092 3528 5133 Am.
3574 5090 3650 5135 Er.
3682 5123 3701 5148 ,

2101 5142 2220 5210 ecce
2243 5147 2348 5200 ego,
2367 5142 2412 5187 et
2429 5149 2539 5187 ecce
2555 5144 2903 5190 testatnentum.
2931 5142 3039 5192 ωτι.
3061 5179 3076 5205 ,
3104 5148 3159 5194 Et
3179 5157 3290 5196 ecce
3313 5158 3419 5210 ego,
3442 5142 3704 5200 testanten;

2100 5201 2325 5331 “guttas.
2348 5269 2626 5331 constanter
2648 5263 2864 5323 habent,
2889 5278 3109 5331 augeam.

2165 5323 2187 5355 ³
2217 5325 2290 5372 sic
2324 5327 2481 5397 nostri
2509 5338 2680 5397 omnes
2700 5323 3024 5397 manuscripti.
3052 5336 3100 5378 tn
3133 5335 3180 5379 Β.
3206 5330 3376 5392 deest,
3400 5335 3468 5393 tu,
3497 5339 3549 5383 et
3581 5347 3698 5397 pro,

2098 5385 2151 5437 in
2172 5383 2441 5447 progenies,
2462 5385 2665 5448 legitur,
2692 5387 2742 5437 in
2764 5383 3106 5450 generationes.
3179 5401 3233 5441 M.
3361 5383 3374 5392 ’
3455 5383 3467 5393 ’
3582 5383 3596 5397 ³
3656 5383 3698 5397 γ’

2162 5447 2185 5480 ι
2217 5447 2334 5495 editi
2357 5482 2372 5506 ,
2395 5453 2727 5500 testamentum
2765 5463 2942 5502 ntetnn.
2968 5453 3131 5516 Abest,
3171 5468 3347 5515 meum,
3371 5468 3402 5505 a
3427 5465 3529 5508 Mss.
3567 5466 3619 5507 et
3665 5473 3700 5508 a

2160 5545 2282 5623 ὶῗῖω
2304 5576 2614 5638 ωεωιιδα-ίριί
2637 5577 2777 5639 juxta
2797 5589 3010 5639 graecum
3033 5582 3361 5644 Septuaginta.
3398 5589 3453 5633 Al.
3473 5581 3612 5643 editi,
3632 5582 3699 5635 in

2096 5649 2631 5776 c“Eni/ii.manuscriptis,
2653 5699 2823 5776 alieno.
2848 5701 2976 5772 Apud
3001 5705 3328 5776 Septuaginta,

2158 5763 2179 5794 ⁷
2213 5762 2361 5810 Editio
2373 5768 2502 5833 non,
2521 5769 2577 5811 Et
2599 5762 2840 5836 masculus
2861 5762 2944 5828 qui
2965 5762 3220 5840 uti-afuerit
3237 5762 3547 5840 circumcisus
3569 5781 3698 5817 car-

2097 5838 2155 5875 ne.
2199 5824 2440 5934 praeputii,
2491 5831 2585 5873 etc.
2625 5824 2888 5887 castigatur
2923 5824 3209 5900 auctoritate
3251 5831 3697 5906 manuscriptomm

2103 5887 2181 5934 ani
2208 5887 2305 5934 nihi
2349 5886 2425 5934 hic
2446 5885 2737 5934 dissentiunt
2770 5895 2796 5933 a
2828 5893 3153 5934 septuaginta.
3182 5897 3236 5934 At
3258 5891 3391 5934 vim.
3418 5896 3470 5934 et
3488 5897 3591 5934 Am.
3630 5893 3693 5934 in

2103 5887 2182 5939 ani
2200 5885 2324 5935 nihil
2349 5886 2425 5935 hic
2446 5885 2737 5938 dissentiunt
2754 5885 2796 5933 ἐι
2828 5889 3153 5950 septuaginta.
3180 5897 3236 5942 At
3258 5891 3391 5942 Vind.
3418 5896 3470 5942 et
3488 5885 3591 5942 λιιι.
3629 5893 3694 5946 in
