4054 6474
264 451 433 504 anima
471 450 566 507 illa
594 453 660 510 de
701 471 880 528 genere
919 461 1066 530 q’us;
1104 466 1224 533 quia
1271 477 1617 529 tutamentum
1671 491 1835 531 nicum

261 540 540 612 dissipavit.
612 543 683 599 Et
724 547 852 602 dixit
888 548 1030 606 Deus
1070 554 1138 608 ad
1179 555 1435 615 Abraham
1477 579 1496 616 :
1530 563 1665 618 Sara
1707 583 1837 621 uxor

261 641 374 698 tua,
425 649 530 688 non
567 637 907 706 appellabitur
944 658 1124 698 nomen
1170 649 1279 718 ejus
1325 649 1459 705 Sara
1482 695 1497 720 ,
1541 655 1628 708 sed
1674 656 1837 713 Sarra

261 723 351 776 erit
378 739 561 778 nomen
589 726 755 790 eius‘.
787 728 1088 786 Benedicam
1118 746 1282 791 autem
1319 741 1482 810 illam,
1515 753 1559 796 et
1590 745 1716 799 dabo
1750 749 1837 802 tibi

260 829 320 868 ex
343 831 402 868 ea
426 815 594 883 [ilium
621 832 642 872 :
668 827 716 872 et
739 818 1027 878 benedicam
1062 826 1242 894 illum;
1287 839 1332 884 et
1359 834 1454 887 erit
1489 835 1542 889 in
1586 838 1832 906 nationes,

261 916 305 959 et
343 923 486 977 reges
531 912 755 980 gentium
801 930 864 968 ex
904 932 961 970 eo
1006 929 1170 974 erunt.
1209 920 1278 976 Et
1320 927 1536 994 procidit
1579 929 1836 987 Abraham

258 1014 407 1068 super
434 1000 618 1070 faciem
641 1019 820 1068 suam;
846 1015 892 1059 et
911 1007 1042 1074 risit,
1084 1020 1131 1064 et
1160 1013 1285 1066 dixit
1315 1017 1367 1068 in
1393 1018 1562 1072 animo
1605 1037 1717 1088 suo,
1757 1024 1837 1076 di-

257 1107 371 1144 cens
396 1106 416 1144 :
443 1090 508 1147 Si
530 1093 656 1148 mihi
681 1106 878 1151 centum
903 1115 1063 1156 annos
1091 1101 1292 1158 habenti
1317 1119 1548 1162 nascetur
1587 1112 1744 1179 ﬁlius,
1788 1123 1836 1168 et

256 1181 296 1233 si
322 1179 486 1234 Sarra
511 1200 759 1240 annorum
784 1191 1060 1260 nonaginta
1086 1195 1286 1264 pariet?
1305 1195 1447 1251 Dixit
1473 1209 1642 1254 autem
1668 1201 1834 1257 Abra-

256 1272 374 1360 ham
423 1274 491 1326 ad
539 1273 706 1330 Deum
734 1293 755 1332 :
774 1277 967 1335 Ismael
1012 1283 1093 1337 hic
1141 1286 1272 1342 vivat
1311 1288 1366 1342 in
1412 1302 1678 1360 conspectu
1727 1303 1830 1349 tuo.

254 1359 406 1417 Dixit
441 1375 609 1420 autem
648 1366 789 1424 Deus
816 1371 884 1425 ad
908 1373 1163 1430 Abraham
1191 1393 1211 1431 :
1237 1378 1264 1431 l
1273 1388 1340 1445 ta,
1373 1397 1485 1435 ecce
1513 1359 1676 1438 Sarra
1704 1401 1835 1440 uxor

256 1462 341 1506 tua
368 1457 530 1524 pariet
562 1458 652 1512 tibi
678 1461 863 1530 ﬁlium,
891 1475 942 1518 et
965 1469 1163 1522 vocabis
1207 1487 1389 1526 nomen
1427 1474 1536 1545 ejus
1562 1473 1711 1530 Isaac
1740 1493 1760 1532 :
1786 1486 1834 1533 et

257 1557 475 1603 statuam
517 1561 866 1608 testamentum
904 1574 1071 1614 meum
1103 1562 1171 1614 ad
1213 1564 1357 1618 illum
1401 1567 1454 1621 in
1485 1577 1832 1626 testamentum

252 1648 512 1709 aeternum,
543 1661 648 1699 esse
685 1647 764 1702 illi
784 1647 973 1715 Deus',
1007 1663 1051 1706 et
1090 1655 1268 1709 semini
1293 1657 1399 1726 ejus
1425 1662 1723 1727 pastillum.
1761 1663 1834 1719 De

255 1728 445 1786 Ismael
474 1745 644 1788 autem
663 1754 774 1792 ecce
797 1742 1027 1796 exaudiui
1054 1745 1135 1798 te'
1163 1762 1177 1799 :
1219 1763 1330 1802 ecce
1368 1751 1596 1806 benedixi
1620 1769 1754 1820 eum,
1783 1764 1829 1809 et

251 1825 544 1894 ampliabo‘
575 1829 736 1896 illum,
774 1843 823 1885 et
848 1833 1192 1904 multiplicabo
1223 1839 1366 1893 illum
1394 1843 1539 1898 valde
1556 1845 1597 1897 '.
1622 1844 1830 1901 Duode-

249 1920 348 1971 cim
369 1931 538 1988 gentes
556 1925 810 1994 generabit
837 1941 856 1979 :
880 1936 926 1980 et
947 1927 1076 1982 dabo
1101 1929 1248 1984 illum
1275 1933 1327 1986 in
1351 1945 1544 2004 gentem
1571 1955 1825 2010 magnam.

253 2009 623 2066 Testamentum
669 2025 834 2070 autem
883 2035 1045 2072 meum
1091 2030 1308 2078 statuam
1352 2026 1420 2079 ad
1452 2026 1604 2083 Isaac
1623 2009 1829 2102 ,iquem

250 2104 412 2172 pariet
437 2103 525 2158 tibi
555 2105 718 2160 Sarra
743 2109 793 2161 in
819 2118 1040 2181 tempore
1076 2112 1169 2168 hoc
1214 2115 1282 2168 ad
1323 2133 1512 2172 annum
1550 2131 1829 2192 sequentem

250 2197 267 2263 (
294 2193 422 2250 Gen.
451 2212 586 2264 xvu,
615 2198 800 2272 1-21).

317 2287 372 2338 2.
402 2285 500 2341 Hic
529 2291 793 2358 apertiora
825 2295 1079 2362 promissa
1108 2306 1229 2352 sunt
1266 2298 1334 2353 de
1375 2302 1653 2358 vocatione
1689 2304 1832 2360 Cen-

251 2377 379 2430 tium
408 2379 458 2432 in
490 2378 655 2448 Isaac,
687 2383 739 2436 id
768 2393 868 2452 cst,
904 2385 954 2439 in
985 2385 1095 2442 ﬁlio
1123 2392 1510 2461 promissionis,
1534 2410 1639 2464 quo
1669 2396 1831 2467 signi-

251 2470 437 2524 ﬁcatur
481 2474 682 2542 gratia,
726 2491 829 2528 non
894 2487 1078 2532 natura
1119 2497 1130 2531 :
1171 2482 1290 2550 quia
1347 2483 1414 2538 de
1459 2499 1586 2539 sene
1627 2495 1682 2541 et
1723 2503 1828 2543 anu

249 2564 414 2617 sterili
445 2567 774 2634 promittitur
798 2567 954 2623 ﬁlius.
988 2571 1239 2636 Quamvis
1279 2575 1420 2628 enim
1450 2588 1504 2632 et
1531 2580 1826 2636 naturalem

249 2657 631 2724 procreationis
679 2674 965 2716 excursum
1015 2663 1155 2717 Deus
1202 2675 1488 2734 operetur:
1523 2669 1610 2723 ubi
1654 2679 1826 2727 tamen

248 2747 465 2804 evidens
487 2765 622 2819 Opus
641 2751 733 2806 Dei
755 2761 856 2821 est,
871 2755 1048 2809 vitiata
1068 2765 1122 2811 et
1139 2770 1381 2814 cessante
1398 2771 1604 2830 natura,
1631 2764 1701 2820 ibi
1716 2767 1827 2821 evi-

246 2837 456 2893 dentius
500 2842 810 2912 intelligitur
834 2845 1022 2915 gratia.
1056 2847 1121 2901 Et
1147 2849 1266 2918 quia
1294 2849 1394 2906 hoc
1420 2868 1525 2908 non
1553 2870 1646 2922 per
1670 2873 1832 2926 gene-

243 2932 524 2996 rationem,
544 2933 638 2988 sed
691 2950 786 3004 per
819 2939 1272 3007 regenerationem
1295 2944 1523 3000 futurum
1553 2959 1686 3014 erat,
1708 2949 1829 3006 ideo

246 3039 387 3079 nunc
408 3025 668 3095 imperata
691 3037 772 3082 est
796 3030 1150 3097 circumcisio,
1174 3033 1385 3103 quando
1399 3036 1464 3091 de
1493 3036 1650 3093 Sarra
1699 3056 1823 3109 pro-

247 3119 437 3172 missus
463 3129 547 3174 est
575 3119 732 3175 illius.
763 3121 828 3176 Et
847 3125 988 3192 quod
1014 3139 1222 3193 omnes,
1241 3141 1344 3180 non
1359 3127 1528 3184 solum
1552 3130 1704 3195 lilios,
1732 3147 1826 3186 ve-

246 3224 358 3261 rum
395 3210 558 3264 etiam
595 3227 778 3267 servos
812 3215 1125 3270 vernaculos
1147 3225 1200 3271 et
1215 3219 1483 3289 emptitios
1521 3222 1826 3280 circumcidi

241 3303 409 3372 jubet,
457 3303 524 3356 ad
575 3319 762 3360 omnes
805 3306 958 3360 istam
1000 3311 1223 3378 gratiam
1274 3313 1538 3380 pertinere
1583 3324 1822 3372 testatur.

244 3394 380 3460 Quid
405 3395 549 3449 enim
577 3395 719 3450 aliud
760 3397 1094 3454 circumcisio
1139 3402 1422 3473 signiﬁcat,
1473 3421 1627 3475 quam
1675 3418 1827 3463 vetu-

243 3493 379 3539 state
421 3496 580 3540 exuta
625 3495 868 3542 naturam
907 3500 1219 3547 renovatam
1248 3493 1371 3565 (a)?
1418 3504 1472 3549 et
1517 3497 1641 3566 quid
1686 3499 1827 3556 aliud

242 3593 402 3648 quam
427 3579 696 3635 Christum
721 3592 940 3637 octavus
981 3584 1124 3650 dies,
1169 3588 1258 3657 qui
1301 3588 1626 3645 hebdomada
1675 3608 1827 3650 com-

247 3670 407 3738 pleta,
435 3668 538 3725 hoc
565 3680 649 3726 est
679 3680 800 3742 post
841 3673 1140 3743 sabbatum,
1170 3679 1462 3733 resurrexit
1487 3679 1601 3752 (b)?
1629 3681 1828 3739 Paren-

247 3770 357 3817 tum
384 3771 658 3818 mutantur
683 3772 737 3819 et
764 3767 1000 3833 nomina,
1032 3768 1212 3823 omnia
1237 3780 1490 3826 resonant
1517 3774 1825 3844 novitatem,

244 3862 299 3909 et
338 3854 395 3908 in
439 3853 784 3911 Testamento
832 3867 1011 3914 vetere
1056 3859 1402 3916 obumbratur
1444 3879 1658 3919 novum.
1689 3866 1829 3936 Quid

242 3955 325 4002 est
349 3947 492 4003 enim
513 3948 655 4018 quod
681 3948 875 4004 dicitur
900 3951 1297 4010 Testamentum
1319 3965 1489 4020 vetus,
1518 3958 1619 4013 nisi
1653 3961 1829 4016 occul-

243 4055 378 4109 tatio
422 4054 596 4109 novi?
629 4062 685 4110 et
726 4054 852 4125 quid
896 4066 977 4110 est
1014 4055 1154 4110 aliud
1190 4056 1332 4127 quod
1379 4058 1568 4114 dicitur
1611 4077 1826 4128 novum,

246 4145 349 4200 nisi
386 4145 583 4200 veteris
611 4145 904 4201 revelatio?
933 4147 1088 4201 Risus
1133 4147 1380 4215 Abrahae,
1424 4151 1708 4205 exsultatio
1748 4160 1829 4208 est

242 4239 579 4308 gratulantis,
600 4253 705 4292 non
731 4238 907 4293 irrisio
933 4239 1241 4294 diﬂldentis.
1277 4240 1446 4296 Verba
1473 4258 1684 4314 quoque
1711 4246 1828 4314 ejus

244 4331 331 4386 illa
360 4331 418 4385 in
439 4331 620 4386 animo
649 4346 768 4398 suo,
799 4331 858 4386 Si
878 4331 1002 4385 mihi
1028 4342 1226 4387 centum
1245 4348 1406 4387 annos
1429 4333 1628 4388 habenti
1656 4352 1828 4390 nasce-

244 4431 325 4475 tur
350 4421 511 4491 ﬁlius,
542 4431 588 4475 et
609 4423 654 4476 si
684 4422 846 4476 Sarra
882 4438 1127 4476 annorum
1176 4423 1454 4494 nonaginta
1497 4425 1695 4495 pariet?
1720 4441 1825 4482 non

243 4524 368 4569 sunt
393 4513 708 4580 dubitantis,
737 4514 830 4570 sed
856 4514 1187 4570 admirantis.
1219 4513 1274 4570 Si
1304 4530 1463 4586 quem
1488 4531 1616 4571 vero
1650 4527 1829 4574 movet

241 4607 388 4678 quod
415 4608 613 4662 dictum
658 4616 760 4675 est,
794 4606 861 4661 Et
899 4607 1028 4662 dabo
1067 4608 1154 4662 tibi
1195 4617 1242 4663 et
1287 4609 1463 4663 semini
1509 4619 1594 4663 tuo
1634 4621 1746 4680 post
1783 4621 1830 4667 te

242 4708 453 4766 terram,
475 4700 529 4754 in
562 4715 664 4772 qua
691 4708 745 4754 tu
773 4700 937 4755 incola
964 4717 1035 4769 es,
1065 4716 1262 4755 omnem
1283 4711 1467 4755 terram
1495 4702 1740 4758 Chanaan
1776 4706 1827 4760 in

243 4791 610 4857 possessionem
631 4801 870 4846 cateruam
888 4807 909 4858 ;
929 4793 1198 4863 quomodo
1223 4794 1512 4864 accipiatur
1528 4795 1824 4866 impletum,

241 4941 307 5005 eo
328 4941 430 5005 non
451 4933 780 5004 opnsentiunt,
803 4931 936 5005 quod
955 4929 1077 5005 loco,
1099 4931 1183 5005 qui
1205 4932 1715 5005 noncircumcidetur,
1741 4937 1829 4988 ha-

238 4992 387 5049 bent,
515 5004 608 5042 non
626 4990 954 5043 circumcidet.
979 4990 1074 5055 Ern,
1095 4990 1138 5046 si
1157 5008 1252 5045 non
1275 4994 1651 5047 circumcidetur
1683 4990 1829 5052 carne

309 5119 324 5146 ι
361 5122 432 5185 με
474 5116 783 5186 manusaipti
819 5117 1464 5186 secundumseptuagintan
1485 5120 1604 5170 Editi
1647 5130 1829 5186 autem,

236 5176 385 5250 Sami
408 5189 555 5250 nixo:
587 5183 690 5250 tua,
717 5176 819 5250 non
853 5176 1383 5250 appellabitur'nornen
1416 5180 1521 5243 ejus
1545 5185 1683 5236 Sarni
1707 5176 1828 5249 (vel;

242 5239 380 5313 κλεῖοε
399 5238 580 5313 δαναιὶν
603 5241 859 5313 sedset!“
881 5238 986 5313 ω
996 5240 1318 5313 "omnem.

309 5304 329 5332 ³
364 5307 496 5360 ων..
520 5300 566 5350 et
586 5314 670 5363 ero
689 5300 765 5363 illi
788 5311 932 5352 Deus.
957 5309 1052 5363 Er.,
1071 5309 1117 5353 et
1133 5300 1224 5352 sim
1245 5302 1318 5353 illi
1341 5312 1485 5354 Deus.
1509 5304 1677 5357 Melius
1694 5309 1828 5360 Vind.

241 5372 428 5428 centu.
445 5398 460 5423 ,
484 5368 535 5411 ut
557 5361 648 5412 sim
670 5362 744 5414 illi
770 5373 908 5414 Deus.
939 5361 1154 5428 Attamen
1175 5367 1482 5428 manuscripti
1505 5366 1706 5428 habent,
1730 5383 1832 5423 esse

235 5425 320 5476 ιιιὶ
339 5433 488 5474 Deus.
507 5432 720 5488 Graecum
741 5427 1064 5488 Septuaginta,
1091 5426 1218 5478 εθισὶ
1241 5426 1350 5477 atad
1376 5425 1536 5481 Theos.

311 5489 332 5519 ³
370 5488 506 5546 aditi,
525 5486 696 5557 audivi
717 5493 779 5537 te.
805 5486 859 5537 λι
894 5486 1022 5550 Mss,
1043 5486 1273 5540 exaudiui
1294 5496 1378 5541 te:
1401 5493 1528 5555 quod
1561 5495 1830 5557 respondet

307 5563 430 5606 ineo,
455 5549 683 5612 epécousa
701 5563 802 5600 sou.
1010 5549 1015 5550 “

307 5621 331 5685 ς
364 5614 439 5685 ξξο
464 5619 581 5685 uss,
616 5618 668 5660 Αι
691 5613 824 5685 editi,
850 5611 1168 5685 ampliﬁcabo.

309 5675 346 5743 '_
367 5675 519 5743 δοεςςρ
545 5681 672 5743 MSS.”
707 5681 752 5724 et
785 5673 1109 5738 multiplicabo
1129 5689 1238 5726 eum
1258 5675 1417 5726 valde.
1445 5683 1495 5728 Et
1527 5676 1667 5741 paulo
1702 5687 1827 5743 post,

233 5743 289 5787 et
310 5735 438 5801 dabo
459 5734 668 5801 illumin
691 5748 910 5800 magnam
925 5734 1133 5801 gentem.
1154 5800 1162 5801 ί
1325 5748 1379 5789 Μ.

307 5799 384 5864 (ᾳ)
423 5797 548 5864 conf:
572 5797 660 5864 lib.
680 5797 808 5864 coni.
833 5797 988 5849 Faust.
1009 5800 1352 5864 Manichqncap.
1377 5801 1454 5851 29.

308 5799 362 5858 (α
423 5799 548 5848 conf.
573 5799 660 5847 lib.
680 5799 808 5847 cont.
833 5799 988 5849 FauSt.
1009 5800 1224 5860 Manich.,
1248 5813 1301 5850 ca

308 5799 386 5924 (si
420 5859 548 5912 conf.
571 5859 656 5914 lib.
676 5859 742 5911 de
766 5868 948 5911 Peccat.
971 5863 1122 5926 Orig,
1148 5876 1199 5912 n.
1224 5863 1303 5914 30.

1463 353 1666 415 LIBER
1703 358 1996 420 DECIMUS
2022 363 2312 429 SEXTUS.

1948 481 2060 538 sive
2107 484 2281 542 adhuc
2326 502 2662 563 exspectetur
2701 497 3061 568 implendum,
3090 517 3211 561 cum
3255 515 3523 578 possessio

1949 587 2297 647 quaecumque
2324 590 2529 639 terrena
2561 596 2761 642 aeterna
2808 591 3026 648 cuilibet
3063 598 3208 666 genti
3250 615 3369 657 esse
3415 620 3522 660 non
3571 647 3573 649 ι

1944 670 2115 737 possit
2144 689 2157 725 :
2186 674 2317 728 sciat
2363 686 2618 733 aeternum
2646 695 2676 734 a
2707 684 2903 738 nostris
2956 686 3324 760 interpretari,
3378 697 3522 766 quod

1948 758 2119 816 Grzeci
2143 766 2411 833 appellant
2432 778 2618 825 αἰώνιον
2653 774 2792 843 quod
2813 791 2844 830 a
2864 778 3059 833 saeculo
3080 758 3373 840 derivatum
3395 758 3518 844 est:

1945 855 2062 904 αἰών
2081 855 2274 923 quippe
2303 851 2474 926 graice
2494 863 2742 918 sarculum
2770 879 3120 940 nuncupatur.
3140 873 3243 928 Sed
3273 891 3376 930 non
3396 886 3522 933 sunt

1944 945 2056 997 ausi
2095 945 2267 1001 Latini
2301 949 2401 1004 hoc
2442 951 2620 1009 dicere
2663 960 2938 1025 saeculare,
2985 979 3052 1018 ne
3090 964 3244 1038 longe
3282 968 3335 1023 in
3373 970 3518 1026 aliud

1945 1039 2218 1095 n‘iitterent
2252 1056 2490 1098 sensum.
2517 1045 2802 1103 Saecularia
2831 1053 3024 1124 quippe
3053 1056 3300 1116 dicuntur
3326 1063 3516 1130 multa,

1937 1146 2058 1201 qua:
2085 1133 2135 1187 in
2164 1134 2265 1188 hoc
2287 1138 2480 1192 sacculo
2501 1139 2580 1195 sic
2605 1151 2832 1212 aguntur
2851 1186 2864 1209 ,
2894 1155 2950 1198 ut
2989 1148 3135 1203 brevi
3183 1152 3340 1207 etiam
3383 1163 3516 1209 tem-

1941 1236 2069 1292 pore
2098 1232 2367 1282 transeant
2396 1246 2411 1283 :
2442 1239 2628 1286 αιώνιον
2657 1243 2832 1288 auten:
2858 1237 2999 1306 quod
3023 1238 3244 1307 dicitur,
3271 1253 3363 1298 aut
3407 1261 3512 1300 non

1944 1314 2100 1396 habet
2127 1318 2304 1387 linem,
2330 1332 2602 1395 nutusque
2626 1326 2677 1379 in
2698 1327 2858 1397 hujus
2877 1331 3056 1385 smculi
3075 1334 3307 1392 tenditur
3333 1336 3514 1394 tinem.

1939 1452 2162 1510 CAPUT
2191 1456 2405 1514 XXVII.
2431 1490 2504 1500 —
2530 1459 2608 1514 De
2635 1465 2879 1529 masculo,
2912 1466 2996 1535 qui
3029 1466 3073 1520 si
3109 1477 3282 1522 octavo
3307 1469 3388 1523 die
3416 1487 3516 1526 non

2009 1547 2162 1616 fuerit
2187 1548 2538 1618 circumcisus,
2575 1554 2700 1622 perit
2727 1555 2899 1610 anima
2925 1558 3068 1629 ejus,
3098 1559 3217 1630 quia
3255 1570 3517 1616 testamen-

2007 1647 2112 1689 tum
2138 1637 2234 1692 Dei
2259 1639 2540 1711 dissipavit.

2007 1769 2137 1827 Item
2171 1785 2345 1846 potest
2398 1793 2612 1834 movere
2639 1821 2655 1844 ,
2697 1781 2965 1851 quomodo
3012 1783 3233 1857 intelligi
3276 1795 3519 1857 operteat

1934 1865 2076 1935 quod
2106 1866 2194 1921 hic
2217 1868 2412 1923 dictum
2432 1878 2516 1925 est
2536 1912 2552 1938 ,
2584 1870 2845 1927 Masculus
2875 1875 2962 1946 qui
2987 1893 3088 1930 non
3134 1879 3518 1935 circumsidetur

1935 1975 2136 2013 carnem
2171 1965 2407 2030 prwputii
2431 1965 2510 2016 sui
2533 1974 2706 2020 octavo
2733 1967 2813 2021 die
2841 2007 2856 2034 ,
2880 1968 3097 2023 interibit
3128 1971 3297 2024 anima
3323 1971 3412 2026 illa
3452 1973 3517 2027 de

1934 2067 2111 2120 genere
2127 2053 2377 2124 ejus,quia
2398 2064 2743 2111 testamentum
2763 2075 2929 2112 meum
2949 2060 3210 2130 dissipavit
3231 2079 3243 2116 :
3261 2079 3379 2118 cum
3398 2063 3514 2120 haec

1935 2143 2076 2197 nulla
2098 2145 2250 2216 culpa
2271 2146 2338 2200 sit
2359 2148 2583 2216 parvuli,
2601 2149 2753 2219 cujus
2777 2150 2910 2204 dixit
2932 2153 3160 2207 animam
3186 2155 3509 2224 perituram;

1936 2249 2035 2290 nec
2082 2236 2195 2306 ipse
2238 2237 2575 2308 dissipaverit
2619 2249 2990 2297 testamentum
3035 2243 3160 2311 Dei,
3198 2245 3292 2301 sed
3339 2247 3511 2317 majo-

1937 2343 2024 2383 res
2065 2330 2152 2400 qui
2199 2345 2318 2385 eum
2359 2332 2740 2389 circumcidere
2779 2350 2883 2388 non
2926 2344 3180 2391 curarunt
3217 2354 3230 2390 :
3265 2337 3366 2392 nisi
3389 2340 3512 2409 quia

1931 2422 2090 2476 etiam
2116 2423 2461 2493 parvuli,non
2492 2424 2782 2481 secundum
2813 2443 2923 2482 suae
2945 2429 3066 2483 vita:
3100 2430 3508 2500 proprietatem,

1934 2515 2026 2570 sed
2049 2514 2341 2570 secundum
2363 2531 2699 2572 communem
2725 2521 2936 2588 generis
2965 2520 3183 2574 humani
3209 2521 3467 2591 originem
3491 2562 3506 2587 ,

1933 2621 2120 2662 omnes
2147 2608 2196 2661 in
2226 2607 2319 2663 illo
2345 2624 2451 2662 uno
2484 2618 2858 2664 testamentum
2889 2610 2986 2665 Dei
3017 2611 3432 2681 dissipaverunt,
3458 2612 3510 2666 in

1931 2715 2036 2768 quo
2057 2715 2243 2755 omnes
2267 2711 2620 2770 peccaverunt
2641 2701 2878 2772 (Rom.v.
2899 2703 3006 2774 12).
3027 2703 3185 2758 Multa
3211 2705 3407 2775 quippe
3421 2719 3512 2775 ap-

1934 2794 2198 2864 pellantur
2215 2803 2525 2850 tcstamenta
2545 2796 2659 2858 Dei,
2681 2797 2916 2866 exceptis
2936 2797 3037 2850 illis
3058 2796 3263 2852 duobus
3287 2797 3510 2868 magnis,

1934 2896 2190 2942 vetereet
2211 2903 2366 2953 novo,
2393 2889 2533 2958 quod
2556 2889 2678 2943 licet
2696 2889 2887 2959 cuique
2915 2889 3140 2960 legendo
3166 2905 3508 2961 cognoscere.

1933 2977 2331 3033 Testamentum
2353 2988 2530 3034 autem
2558 2981 2811 3048 primum,
2831 2981 2970 3050 quod
2999 2981 3195 3036 factum
3225 2990 3306 3035 est
3330 2981 3393 3034 ad
3417 2980 3512 3036 ho-

1935 3074 2132 3126 minem
2159 3073 2406 3141 primum,
2441 3071 2677 3141 profecto
2707 3073 2832 3126 illud
2863 3081 2979 3127 est:
3013 3073 3124 3139 Qua
3147 3072 3228 3126 die
3269 3073 3471 3126 ederitis
3494 3114 3509 3137 ,

1933 3173 2092 3215 morte
2119 3163 2399 3216 moriemini
2438 3161 2592 3233 (Gen.
2625 3179 2658 3216 ll
2686 3205 2700 3230 ,
2735 3163 2844 3233 17).
2877 3161 3028 3218 Unde
3058 3163 3313 3232 scriptum
3345 3172 3427 3216 est
3457 3163 3510 3218 in

1934 3256 2090 3320 libro,
2125 3255 2214 3326 qui
2239 3255 2645 3310 Ecclesiasticus
2671 3255 2966 3324 appellatur
2994 3297 3009 3320 ,
3041 3254 3217 3308 Omnis
3241 3271 3358 3309 caro
3382 3256 3510 3308 sicut

1932 3352 2078 3404 vestis
2114 3352 2390 3404 veterascit.
2442 3348 2817 3404 Testamentum
2865 3351 2992 3403 enim
3021 3351 3254 3404 astcculo
3278 3390 3294 3416 ,
3349 3349 3512 3403 Morte

1933 3443 2161 3496 morieris
2181 3443 2200 3474 ι
2232 3441 2419 3512 (Eccli.
2460 3457 2548 3495 xw
2573 3482 2588 3508 ,
2617 3441 2718 3508 l8,
2750 3457 2850 3496 sec.
2887 3440 3074 3511 LXX).
3100 3441 3229 3496 Cum
3260 3439 3399 3495 enim
3427 3440 3508 3494 lex

1931 3533 2232 3590 evidentior
2257 3542 2437 3603 postea
2463 3532 2582 3593 data
2613 3532 2682 3586 sit
2711 3574 2726 3600 ,
2752 3539 2808 3587 et
2851 3531 2992 3586 dicat
3039 3531 3323 3601 Apostolus
3348 3571 3362 3595 ,
3413 3529 3512 3584 Ubi

1933 3633 2098 3678 autem
2122 3641 2221 3678 non
2261 3633 2333 3678 est
2358 3627 2459 3689 lex,
2488 3641 2579 3678 nec
2601 3624 2946 3696 prevaricatio
2967 3621 3138 3692 (Rom.
3162 3637 3234 3684 tv,
3255 3621 3344 3691 15)
3371 3639 3382 3673 :
3405 3635 3512 3690 quo

1931 3725 2086 3786 pacto
2115 3715 2252 3785 quod
2279 3716 2472 3785 legitur
2501 3715 2553 3769 in
2605 3716 2817 3770 Psalmo
2846 3730 3028 3770 verum
3058 3720 3160 3778 est,
3195 3711 3512 3766 Pravarica-

1933 3816 2062 3861 tores
2103 3807 2345 3861 wstimaui
2393 3822 2564 3859 omnes
2591 3817 2874 3877 peccatores
2920 3816 3068 3860 terra
3089 3803 3262 3878 (Psal.
3309 3819 3469 3859 cxvm
3493 3846 3509 3872 ,

1935 3899 2060 3971 119)
2079 3916 2093 3966 ;
2125 3899 2224 3953 nisi
2253 3899 2373 3970 quia
2405 3913 2591 3952 omnes
2619 3898 2750 3967 legis
2767 3896 2986 3966 alicujus
3007 3896 3366 3966 pracvaricataz
3387 3903 3511 3949 sunt

1931 3991 2131 4062 rei,qni
2151 3991 2328 4061 aliquo
2350 3998 2566 4060 peccato
2591 3999 2839 4044 tenentur
2859 3987 3136 4044 obstricti?
3153 3985 3510 4054 Quamobrem

1933 4085 1977 4140 si
2008 4085 2165 4140 etiam
2209 4083 2410 4154 parvuli
2441 4125 2455 4148 ,
2489 4082 2628 4154 quod
2657 4098 2781 4138 vera
2809 4081 2942 4137 ﬁdes
2992 4081 3190 4147 habet,
3219 4087 3513 4135 nascuntur

1936 4195 2039 4234 non
2073 4179 2315 4248 preprie,
2347 4176 2442 4232 sed
2485 4177 2814 4246 originaliter
2842 4183 3148 4246 peccatores
3175 4215 3190 4241 ,
3220 4173 3361 4228 unde
3408 4172 3513 4228 illis

1933 4270 2154 4339 gratiam
2187 4268 2516 4323 remissionis
2547 4276 2883 4336 peccatorum
2912 4266 3266 4321 necessariam
3291 4263 3513 4318 conﬁte-

1935 4377 2053 4415 mur
2077 4378 2090 4425 ;
2123 4358 2361 4431 profecto
2387 4373 2451 4413 eo
2479 4358 2638 4412 modo
2661 4373 2768 4428 quo
2797 4367 2920 4412 sunt
2949 4365 3258 4426 peccatores
3285 4397 3300 4421 ,
3351 4355 3511 4410 etiam

1935 4453 2371 4522 praevaricatores
2397 4450 2528 4520 legis
2567 4450 2726 4514 illius,
2754 4464 2872 4519 quae
2903 4449 2954 4502 in
2985 4448 3230 4517 paradiso
3259 4447 3378 4500 data
3407 4455 3510 4513 est,

1935 4551 2328 4614 agnoscuntur;
2359 4548 2414 4594 ut
2443 4555 2624 4594 verum
2661 4539 2725 4593 sit
2755 4548 3058 4608 utrumque,
3091 4535 3230 4606 quod
3258 4535 3511 4604 scriptum

1935 4644 2036 4702 est,
2060 4641 2130 4700 et,
2167 4632 2585 4686 Prtevaricatores
2610 4630 2850 4686 testimoni
2888 4645 3059 4684 omnes
3099 4638 3381 4698 peccatores
3409 4634 3501 4681 ter.

1935 4741 2046 4790 rte;
2071 4733 2142 4790 et,
2181 4722 2276 4779 Ubi
2305 4726 2386 4777 [ex
2413 4739 2514 4776 non
2533 4731 2628 4786 est;
2654 4738 2744 4776 nec
2769 4721 3135 4792 prteuaricatio.
3164 4724 3242 4775 Ac
3266 4734 3358 4790 per
3388 4718 3509 4785 hoc,

1937 4819 2066 4888 quia
2085 4815 2421 4872 circumcisio
2449 4815 2655 4884 signum
2683 4813 3100 4882 regenerationis
3128 4810 3244 4872 fuit,
3278 4818 3332 4864 et
3353 4808 3372 4839 ²
3402 4823 3508 4860 non

1947 4907 2215 4964 immerito
2241 4905 2523 4976 parvulum
2551 4914 2766 4976 propter
2789 4902 3045 4973 originale
3076 4910 3378 4974 peccatum,
3406 4913 3512 4968 quo

1951 5002 2180 5074 primum
2221 5000 2313 5055 Dei
2340 4999 2653 5068 dissipatum
2679 5005 2762 5052 est
2803 5003 3170 5052 testamentum
3195 5033 3212 5059 ,
3239 4991 3512 5061 generatio

1951 5094 2224 5166 disperdet
2247 5136 2260 5160 ,
2289 5093 2390 5149 nisi
2417 5092 2745 5163 regeneratio
2792 5089 3014 5144 liberet:
3047 5087 3124 5140 sic
3171 5084 3510 5154 intelligenda

1945 5198 2071 5244 sunt
2122 5187 2237 5241 haec
2281 5186 2453 5240 divina
2502 5185 2681 5248 verba,
2727 5193 2972 5265 tanquam
3019 5178 3214 5232 dictum
3271 5177 3380 5243 sit,
3411 5176 3510 5242 Qui

1939 5295 2045 5336 non
2072 5279 2232 5336 fuerit
2257 5286 2624 5350 regeneratus,
2649 5274 2880 5330 interibit
2907 5270 3083 5326 anima
3106 5269 3191 5324 illa
3222 5268 3288 5324 de
3316 5268 3512 5340 populo

2001 5495 2019 5526 ί
2053 5493 2208 5558 Editi,_
2229 5493 2585 5558 Testamentum
2601 5494 2668 5540 est
2689 5502 2726 5558 a_
2761 5482 2951 5558 stecnlo,
2986 5492 3140 5558 morte
3161 5483 3284 5558 mori
3296 5497 3388 5543 eos,
3417 5485 3500 5544 qui

1937 5547 2354 5620 transgrediuntur
2377 5556 2617 5615 prmcepta
2639 5549 2743 5620 Dei.
2761 5556 2905 5620 lpcuS
2920 5554 3145 5620 veterum
3168 5547 3511 5620 librorum‘ope

1941 5611 2176 5668 liberatur
2198 5628 2225 5665 a
2248 5611 2556 5676 glossemate,
2603 5619 2671 5676 et»
2689 5611 3065 5676 redintegratur.
3090 5616 3312 5676 Sumptus
3335 5614 3409 5657 est
3445 5621 3510 5658 ex

1944 5669 2287 5736 Eeclesiastico,
2313 5690 2408 5732 xiv,
2440 5675 2514 5731 18,
2547 5669 2674 5736 apud
2710 5669 3030 5736 Septuaginta.
3070 5679 3121 5720 tn
3148 5669 3353 5736 Vulgata
3391 5682 3510 5719 vero

1941 5743 2157 5806 jungitur
2181 5735 2417 5806 verSiculo
2437 5735 2738 5806 duodecimo,
2762 5735 2816 5806 et
2839 5735 3097 5784 exhibetur
3119 5735 3216 5783 sic:
3250 5737 3510 5783 testamen-

1938 5797 2201 5870 ium'hujus
2224 5799 2407 5870 mundi,
2429 5803 2582 5870 morte
2604 5797 2850 5870 morietur.
2952 5860 2962 5870 _

2002 5869 2023 5897 ι
2054 5860 2303 5926 Particula,
2327 5867 2392 5924 et,
2413 5860 2782 5912 desideraturin
2800 5860 3004 5911 excusis.
