4054 6504
448 1493 455 1536 l

489 405 596 465 807

489 527 626 596 ejus,
639 525 762 598 quia
775 515 1148 581 testamentum
1159 517 1244 578 dei
1259 519 1588 594 dissipavit’,
1607 521 1819 594 quando
1835 521 1886 602 in
1905 521 2073 575 Adam

489 635 611 676 cum
657 617 906 674 omnibus
953 617 1113 672 etiam
1156 615 1272 686 ipse
1298 613 1556 685 peccavit.
1586 614 1642 671 Si
1670 616 1810 671 enim
1835 613 2074 680 dixisset,

489 712 624 780 Quia
654 711 756 765 hoc
800 718 1180 765 testamentum
1209 718 1386 762 meum
1417 707 1731 778 dissipavit;
1762 707 1972 762 nonnisi
2013 693 2081 763 de

491 808 588 861 ista
614 803 1022 860 circumcisione
1053 801 1272 873 intelligi
1305 811 1522 873 cogeret
1549 819 1560 857 :
1597 819 1738 858 nunc
1768 819 1915 869 vero,
1945 818 2080 872 quo-

490 899 630 952 niam
663 911 766 950 non
789 896 1053 965 eXpressit
1080 891 1376 964 cujusmodi
1415 905 1790 951 testamentum
1832 895 2081 964 parvulus

489 983 853 1063 disSipaverit,
888 991 1116 1046 liberum
1169 997 1252 1045 est
1296 990 1595 1060 intelligere
1647 989 1712 1043 de
1765 987 1856 1043 illo
1914 996 2080 1042 testa-

488 1090 675 1141 mento
698 1085 929 1149 dictum,
978 1083 1129 1153 cujus
1160 1083 1438 1150 dissipatio
1489 1081 1755 1150 pertinere
1804 1071 1972 1150 possit
2015 1077 2081 1132 ad

491 1179 788 1246 parvulum.
833 1177 888 1231 Si
935 1169 1115 1230 autem
1154 1173 1435 1245 quisquam
1479 1171 1579 1228 hoc
1627 1172 1837 1227 nonnisi
1885 1169 1952 1227 de
1982 1172 2083 1228 ista

490 1267 896 1322 circumcisione
924 1250 1124 1321 dictum
1155 1281 1274 1320 esse
1299 1261 1596 1332 contendit,
1626 1264 1766 1334 quod
1795 1265 1847 1318 in
1879 1280 1942 1319 ea
1973 1274 2082 1319 tes-

492 1365 784 1414 tatnentUm
809 1359 926 1420 Dei.
948 1359 1196 1430 quoniam
1225 1375 1329 1413 non
1362 1368 1442 1414 est
1467 1360 1834 1423 circumcisus,
1859 1358 2084 1428 dissipa-

489 1453 630 1506 verit
662 1452 950 1526 parvulus;
1005 1461 1208 1521 qumrat
1235 1451 1520 1505 locutionis
1547 1451 1778 1520 aliquem
1824 1450 2040 1505 modum
2064 1489 2080 1515 ,

493 1559 599 1612 quo
631 1560 734 1596 non
765 1543 999 1598 absurde
1038 1545 1204 1614 possit
1235 1543 1474 1612 intelligi,
1511 1543 1632 1598 ideo
1656 1543 1948 1612 dissipasse
1977 1551 2083 1598 tes-

494 1646 788 1690 tamentum
811 1677 826 1702 ,
861 1639 981 1704 quia
1013 1629 1134 1690 licet
1166 1651 1270 1689 non
1309 1636 1375 1689 ab
1417 1637 1508 1690 illo
1531 1679 1546 1700 ,
1577 1645 1756 1691 tamen
1799 1637 1852 1689 in
1883 1636 1976 1690 illo
2003 1643 2085 1690 est

495 1727 830 1796 dissipatum.
860 1727 1053 1780 Verum
1083 1728 1160 1781 sic
1190 1743 1400 1797 quoque
1422 1726 1951 1781 animadvertendum
1979 1735 2083 1794 est,

497 1817 635 1873 tinlla
687 1819 736 1873 in
783 1835 841 1872 se
873 1811 1191 1889 negligentia
1224 1834 1316 1873 sua
1364 1818 1559 1889 injuste
1604 1820 1625 1850 ¹
1654 1819 1873 1872 interire
1920 1816 2085 1872 incir-

496 1912 714 1966 c'umcisi
764 1911 992 1964 animam
1050 1907 1252 1981 parvuli
1282 1951 1296 1976 ,
1337 1907 1432 1964 nisi
1466 1909 1736 1981 Originalis
1767 1908 2088 1980 obligatione

499 2003 719 2073 peccati.

496 2109 722 2174 CAPUT
760 2095 999 2173 XXVIII.
1025 2148 1098 2159 --
1124 2103 1199 2172 De
1227 2097 1619 2173 commutatione
1640 2119 1897 2173 nominum
1922 2116 2086 2171 Abra-

568 2207 646 2264 ha:
673 2218 716 2264 et
741 2197 935 2273 Same,
955 2211 1039 2279 qui
1061 2228 1176 2263 cum
1197 2213 1256 2264 ob
1282 2212 1432 2263 unius
1454 2197 1789 2275 sterilitatem,
1815 2211 1874 2264 ob
1894 2211 2087 2264 utrius-

567 2317 663 2374 que
694 2313 858 2356 autem
891 2314 1191 2357 senectutem
1221 2321 1460 2375 generare
1493 2321 1594 2359 non
1634 2312 1866 2376 possent,
1908 2321 2091 2359 munus

568 2387 892 2464 fecunditatis
913 2393 1101 2465 indepti
1124 2405 1263 2449 sunt.

571 2509 732 2563 Facta
775 2511 935 2579 igitur
982 2511 1336 2580 promissione
1376 2519 1485 2564 tam
1516 2525 1704 2581 magna
1753 2521 1965 2582 tamque
2003 2511 2092 2566 di-

504 2600 681 2678 lucida
717 2600 782 2654 ad
813 2600 1082 2678 Abraham
1111 2643 1127 2670 ,
1178 2603 1262 2657 cui
1309 2602 1708 2657 evidentissitne
1750 2604 1948 2658 dictum
1986 2612 2090 2669 est,

505 2691 712 2745 Patrem
771 2677 1045 2746 multarum
1107 2695 1335 2765 gentium
1388 2696 1535 2766 posui
1582 2705 1664 2760 te;
1717 2705 1760 2750 et
1807 2695 1998 2766 augebo
2042 2705 2096 2753 te

503 2781 668 2871 aplde,
701 2795 746 2858 et
790 2802 973 2858 ponam
999 2796 1045 2840 te
1073 2788 1126 2840 in
1149 2797 1342 2858 gentes,
1374 2797 1421 2841 et
1444 2804 1584 2858 reges
1611 2789 1816 2843 exibunt
1837 2805 1900 2843 ea:
1921 2801 1966 2844 te
1996 2804 2016 2846 :
2045 2799 2095 2846 et

505 2877 635 2953 dabo
659 2878 747 2930 tibi
770 2894 833 2931 ea:
853 2879 1018 2933 Sarra
1043 2878 1246 2948 filium;
1272 2890 1320 2934 et
1343 2881 1631 2935 benedicam
1660 2880 1826 2949 illum,
1856 2893 1901 2936 et
1923 2883 2014 2937 erit
2040 2883 2098 2938 in

504 2971 733 3023 nationes
755 3011 768 3035 ,
797 2980 845 3024 et
878 2988 1023 3043 reges
1049 2973 1274 3043 gentium
1293 2990 1356 3028 ex
1375 2991 1434 3028 eo
1457 2983 1606 3027 erunt
1637 2990 1656 3028 :
1680 2991 1837 3044 quam
1871 2976 2099 3043 promis-

505 3061 714 3115 sionem
744 3077 886 3118 uune
914 3063 966 3118 in
987 3063 1205 3119 Christo
1225 3067 1495 3121 cernimus
1513 3067 1699 3122 reddi:
1731 3083 1796 3123 ex
1820 3069 1912 3122 illo
1938 3067 2096 3122 dein-

507 3166 633 3221 ceps
661 3153 738 3207 illi
778 3155 1032 3225 conjuges
1063 3171 1168 3210 non
1195 3166 1452 3213 vocantur
1496 3159 1549 3213 in
1595 3160 1920 3229 Scripturis,
1962 3161 2100 3215 sicut

508 3256 664 3300 antea
712 3247 1078 3315 vocabantur,
1125 3249 1321 3305 Abram
1367 3259 1420 3305 et
1465 3251 1631 3316 Sara;
1678 3252 1773 3307 sed
1815 3253 1952 3307 sicut
2000 3267 2100 3308 nos

509 3353 602 3392 eos
633 3337 700 3390 ab
731 3338 882 3394 initio
908 3341 1215 3395 vocavimus
1242 3384 1256 3406 ,
1301 3344 1552 3412 quoniam
1594 3346 1672 3398 sic
1706 3345 1819 3410 jam
1845 3353 2102 3399 vocantur

509 3431 577 3482 ab
607 3430 1170 3505 omnibus,.Abraham
1211 3442 1266 3488 et
1292 3435 1473 3488 Sarra.
1506 3435 1615 3489 Cur
1633 3445 1811 3489 autem
1840 3445 2102 3492 mutatum

512 3523 581 3576 sit
615 3538 812 3578 nomen
834 3523 1064 3578 Abrahae
1083 3567 1096 3588 ,
1148 3527 1352 3580 reddita
1383 3537 1464 3582 est
1494 3528 1632 3582 ratio
1664 3546 1674 3582 :
1705 3528 1841 3595 Quia
1884 3541 2102 3599 patrem,

515 3615 707 3686 inquit,
731 3618 1001 3672 mltarum
1023 3621 1246 3689 gentiam
1269 3622 1418 3691 posui
1435 3631 1500 3675 te.
1530 3622 1642 3677 Hoc
1661 3635 1788 3692 ergo
1806 3623 2109 3694 signiﬁcare

515 3709 919 3778 intelligendum
944 3722 1026 3766 est
1057 3712 1320 3769 Abraham
1356 3731 1368 3765 :
1403 3714 1598 3768 Abram
1627 3715 1778 3782 vero,
1811 3717 1950 3785 quod
1981 3726 2109 3773 ante

516 3800 811 3858 vocabatur
831 3843 844 3865 ,
876 3805 1254 3874 interpretatur
1283 3807 1442 3861 Pater
1470 3808 1733 3861 excelsus.
1786 3808 1862 3863 De
1891 3810 2110 3865 nomine

517 3903 695 3948 autem
726 3904 927 3950 mutato
948 3896 1122 3951 Sarra:
1145 3914 1250 3954 non
1268 3909 1355 3954 est
1380 3899 1586 3955 reddita
1616 3901 1753 3954 ratio
1784 3919 1796 3954 :
1828 3901 1943 3967 sed,
1972 3902 2109 3957 sicut

518 3986 688 4052 aiunt,
719 3988 806 4057 qui
838 3989 1167 4058 scripserunt
1205 3990 1678 4058 interpretationes
1700 3992 1976 4046 nominum
2015 3992 2110 4046 he-

520 4085 821 4146 brseorum,
852 4099 971 4153 qua:
1003 4083 1083 4137 his
1125 4083 1291 4137 sacris
1316 4081 1536 4137 Litteris
1575 4085 1934 4148 continentur,
1977 4083 2110 4139 Sara

525 4177 904 4243 interpretatur
957 4176 1210 4242 Princeps
1260 4190 1414 4239 mea;
1466 4175 1624 4230 Sarra
1674 4185 1852 4228 autem
1904 4175 2107 4232 Virtus.

525 4264 679 4319 Unde
705 4265 961 4333 scriptmn
980 4275 1074 4333 est
1122 4266 1174 4318 in
1208 4265 1444 4334 Epistula
1471 4265 1539 4320 ad
1581 4265 1874 4320 Hebraeos:
1905 4265 2039 4320 Fide
2065 4276 2113 4322 et

523 4355 636 4423 ipsa
680 4352 844 4408 Sarra
882 4355 1110 4425 virtutem
1155 4357 1351 4425 accepit
1402 4357 1469 4409 ad
1518 4357 1837 4410 emissionem
1867 4357 2115 4413 'seminis

527 4446 716 4519 (Hebr.
746 4463 794 4500 XI
815 4487 832 4513 ,
860 4446 970 4516 Il).
1005 4424 1178 4502 Ambo
1219 4459 1398 4504 autem
1443 4449 1685 4505 seniores
1710 4448 1733 4482 ‘
1760 4457 1946 4518 erant,
1978 4452 2116 4507 sicut

526 4541 798 4609 Scriptura
827 4546 1053 4594 testatur
1081 4557 1094 4591 :
1126 4539 1217 4595 sed
1249 4537 1340 4595 illa
1377 4541 1538 4596 etiam
1582 4542 1815 4608 sterilis,
1843 4552 1897 4597 et
1923 4557 2116 4601 cruore

531 4643 804 4688 menstruo
829 4633 938 4702 jam
983 4633 1275 4699 destituta;
1322 4646 1543 4704 propter
1586 4635 1729 4705 quod
1767 4636 1877 4706 jam
1929 4653 2120 4708 parere

531 4739 636 4779 non
665 4732 886 4794 posset,
915 4724 1121 4779 etiamsi
1149 4726 1344 4780 sterilis
1376 4741 1481 4780 non
1510 4725 1717 4782 fuisset.
1773 4729 1940 4785 Porro
1969 4731 2012 4784 si
2044 4730 2119 4786 ie-

531 4817 675 4870 mina
701 4817 771 4870 ita
800 4816 870 4871 sit
896 4817 1245 4886 provectioris
1265 4818 1466 4884 astatis,
1497 4829 1554 4873 ut
1579 4820 1626 4874 ei
1653 4819 1806 4875 solita
1837 4822 2118 4876 mulierum

530 4907 707 4963 adhuc
730 4907 918 4975 ﬂuant,
940 4909 1006 4963 de
1029 4908 1227 4978 juvene
1247 4924 1434 4980 parere
1463 4920 1658 4980 potest,
1689 4912 1754 4968 de
1775 4914 1985 4969 seniore
2013 4930 2118 4970 non

531 5007 708 5069 potest
738 5016 754 5053 :
780 4999 1024 5070 quamvis
1047 4999 1221 5054 adhuc
1244 5001 1522 5072 possitille
1542 5004 1745 5071 senior,
1774 5005 1867 5060 sed
1893 5005 1961 5061 de
1988 5005 2120 5061 ado-

537 5092 826 5148 lescentula
877 5093 1101 5163 gignere
1147 5112 1160 5148 :
1201 5096 1341 5150 sicut
1395 5096 1662 5152 Abraham
1719 5109 1838 5167 post
1895 5113 2122 5154 mortem

537 5183 712 5240 Sarra:
759 5186 828 5241 de
852 5186 1089 5242 Cetbura
1123 5190 1325 5257 potuit,
1368 5189 1492 5259 quia
1523 5191 1752 5245 vividam
1779 5193 1897 5261 ejus
1925 5189 2124 5264 invenit

537 5286 767 5333 mtatem.
797 5279 912 5336 Hoc
945 5296 1074 5351 ergo
1100 5290 1184 5336 est
1219 5283 1358 5352 quod
1389 5284 1581 5338 mirum
1609 5286 1948 5341 commendat
1978 5290 2124 5358 Apo-

539 5369 708 5423 stoius
736 5412 750 5434 ,
799 5381 854 5425 et
899 5371 962 5426 ad
1009 5371 1111 5428 hoc
1140 5373 1267 5428 dicit
1311 5375 1539 5431 Abraha:
1581 5376 1690 5447 jam
1722 5377 1888 5434 fuisse
1931 5394 2124 5450 corpus

539 5471 844 5517 emortuum
871 5464 1050 5534 (Rom.
1085 5483 1137 5521 tv
1161 5507 1174 5532 ,
1206 5469 1298 5537 19)
1326 5487 1338 5521 :
1368 5471 1621 5540 quoniam
1651 5487 1756 5528 non
1784 5489 1848 5529 ex
1874 5477 2015 5529 omni
2045 5475 2123 5531 fe-

606 5584 622 5615 ι
648 5589 756 5654 _Am.
777 5589 856 5654 nr.
883 5589 934 5636 et
955 5585 1086 5654 LQV.,
1113 5584 1750 5654 quiatestamentummennt
1770 5585 2034 5654 dissipatit.
2074 5597 2128 5646 At

542 5646 680 5716 Vind.
698 5651 905 5716 ett-153.,
928 5647 1042 5712 quia
1072 5646 1400 5716 testamentum
1421 5651 1784 5716 Deidissipavit.

604 5709 625 5776 ξ
660 5708 792 5758 Vind.
815 5717 914 5757 Am.
941 5708 1013 5758 Er.
1040 5715 1100 5776 et
1116 5711 1327 5762 nonnulli
1352 5717 1480 5776 Mss,
1495 5708 1651 5776 justo.
1927 5771 1929 5776 ,

607 5771 936 5844 {pararemus
958 5779 1061 5833 Ms,
1079 5769 1130 5824 in
1147 5769 1539 5844 conceptionem;
1563 5771 1965 5832 disscntientibtis
1977 5786 2127 5832 cantes

540 5835 617 5900 t'is
628 5832 781 5900 libris.
805 5841 969 5900 Graece
983 5832 1092 5900 est,
1111 5836 1180 5900 eis
1195 5832 1457 5892 cata'botén.

604 5897 628 5934 ⁸
655 5899 732 5955 Sic
751 5903 857 5954 Itis.
875 5897 996 5955 Kdtti
1017 5895 1200 5966 au't‘et'n“,
1233 5907 1385 5956 senes.

1564 401 1654 458 DE
1691 376 2014 459 ctvrrAr'n
2055 366 2188 472 DEI,
2229 401 2286 460 s.
2329 353 2700 462 annosum

3661 407 3775 464 508

2184 520 2348 590 mina,
2368 523 2454 577 cui
2477 532 2620 578 esset
2643 522 2818 578 adhuc
2843 520 3057 593 aliquod
3081 521 3322 594 pariendi
3353 530 3564 594 tempus
3587 533 3773 579 extre-

2185 631 2352 679 mum,
2381 603 2634 686 generare
2661 619 2773 688 ipse
2816 616 2868 670 in
2907 616 2995 670 illa
3029 623 3188 672 mtate
3223 615 3400 671 adhuc
3437 624 3636 686 posset.
3684 615 3773 672 Ad

2183 709 2380 779 aliquid
2409 711 2548 765 enim
2579 720 2881 766 emortuum
2910 724 3106 780 corpus
3145 709 3441 780 intelligere
3483 709 3771 775 debemus,

2186 817 2290 855 non
2313 801 2378 856 ad
2409 801 2608 856 omnia.
2647 800 2786 878 Nam.
2811 802 2858 858 si
2885 802 2952 857 ad
2982 802 3161 858 omnia
3185 837 3200 868 ,
3228 817 3338 857 non
3374 802 3486 873 jam
3515 811 3772 858 senectus

2186 883 2309 958 vivi,
2343 893 2435 948 sed
2465 893 2690 950 cadaver
2713 905 2799 949 est
2827 894 3040 948 mortui.
3069 894 3325 962 Quamvis
3337 894 3498 950 etiam
3521 895 3598 950 sic
3627 894 3769 950 solvi

2186 985 2353 1039 soleat
2405 986 2503 1040 ista
2533 979 2756 1054 quatstio
2779 1026 2793 1051 ,
2842 985 2982 1056 quod
3027 985 3093 1040 de
3118 983 3348 1042 Cetltura
3378 989 3557 1057 msice
3586 986 3776 1056 genuit

2188 1075 2478 1141 Abraham,
2504 1076 2627 1146 quia
2661 1075 2906 1148 gignendi
2934 1075 3130 1132 donum
3153 1115 3170 1143 ,
3194 1077 3336 1146 quod
3362 1091 3394 1131 a
3421 1077 3645 1131 Domino
3673 1090 3774 1131 ac-

2186 1169 2346 1238 cepit,
2377 1169 2538 1222 etiam
2568 1180 2689 1238 post
2710 1169 2912 1224 obitum
2942 1171 3137 1224 mansit
3167 1170 3368 1224 uxoris.
3389 1169 3495 1225 Sed
3523 1182 3778 1241 propter-

2187 1276 2248 1316 ea
2307 1261 2437 1315 mihi
2485 1261 2696 1316 videtur
2764 1263 2891 1328 illa,
2940 1277 3100 1333 quam
3141 1265 3309 1319 secuti
3350 1279 3562 1328 sumus,
3611 1265 3778 1335 huius

2189 1354 2500 1428 quaastionis
2530 1354 2724 1409 solutio
2756 1353 3106 1424 praeferenda,
3142 1357 3264 1425 quia
3293 1355 3781 1426 eentemrhIuni-

2189 1444 2308 1498 dem
2341 1459 2503 1498 senex
2523 1485 2539 1510 ,
2579 1444 2674 1499 sed
2704 1445 2960 1514 temporis
2984 1445 3152 1501 nostri
3179 1487 3195 1512 ,
3225 1446 3294 1500 de
3323 1446 3463 1506 nulla
3501 1457 3674 1516 potest
3698 1447 3781 1509 te—

2192 1539 2331 1616 ntina
2357 1539 2613 1609 gignere;
2639 1554 2744 1594 non
2776 1548 2919 1606 tunc,
2949 1541 3163 1611 quando
3184 1541 3360 1596 adhuc
3387 1551 3490 1595 tam
3511 1543 3598 1596 diu
3630 1543 3780 1596 vive-

2192 1631 2352 1696 bant,
2406 1642 2462 1684 nt
2506 1641 2720 1686 centum
2767 1633 2894 1687 anni
2941 1632 3174 1688 nondum
3217 1632 3457 1688 facerent
3505 1634 3783 1689 hominem

2190 1723 2474 1794 decrepita:
2507 1724 2817 1780 senectutis.

2191 1838 2416 1895 eam
2439 1838 2634 1894 χχιχ.
2657 1870 2728 1881 -
2743 1838 2819 1894 De
2843 1841 3004 1894 tribus
3029 1839 3147 1893 viris
3176 1837 3253 1892 υει
3280 1837 3494 1908 angelis,
3524 1837 3576 1891 in
3597 1837 3784 1908 quibus
3818 1799 3822 1802 ’

2264 1932 2332 1986 ad
2377 1949 2615 2001 quercum
2655 1932 2886 1987 Humbre
2932 1933 3232 2004 apparuisse
3282 1931 3500 1986 Abrahae
3529 1929 3784 1986 Dominus

2263 2023 2538 2078 indicatur.

2267 2137 2396 2192 Item
2428 2138 2566 2192 Dens
2613 2137 2860 2207 apparuit
2888 2133 3118 2190 Abrahm
3159 2134 3224 2189 ad
3256 2150 3510 2204 quercum
3543 2123 3786 2190 Mambre

2196 2232 2248 2285 in
2281 2230 2447 2285 tribus
2477 2231 2645 2295 viris,
2700 2245 2835 2300 quos
2877 2228 3228 2283 dubitandum
3278 2243 3384 2281 non
3428 2221 3507 2282 est
3550 2227 3788 2297 Angelos

2195 2322 2407 2387 fuisse;
2460 2321 2702 2390 quamvis
2752 2319 2970 2391 quidam
3030 2321 3340 2376 existiment
3395 2337 3553 2375 unum
3600 2322 3652 2374 in
3703 2321 3786 2376 eis

2195 2415 2360 2468 fuisse
2390 2411 2673 2467 Dominum
2695 2410 2987 2481 Christum,
3013 2423 3314 2468 asserentes
3335 2429 3456 2468 eum
3479 2416 3638 2468 etiam
3660 2425 3791 2472 ante

2199 2509 2566 2564 indumentum
2597 2505 2774 2563 carnis
2803 2507 2967 2562 fuisse
3012 2509 3271 2562 visibilem
3313 2509 3407 2579 (a).
3449 2508 3544 2563 Est
3571 2510 3794 2578 quidem

2198 2600 2390 2654 divina:
2431 2601 2705 2670 potestatis
2731 2644 2744 2664 ,
2775 2609 2828 2654 et
2854 2599 3156 2662 invisibilis,
3192 2600 3540 2672 incorporalis
3568 2601 3786 2656 incum-

2201 2693 2575 2763 tnutabilisque
2605 2702 2828 2756 natura),
2891 2693 3006 2746 sine
3054 2692 3157 2745 ulla
3185 2693 3265 2745 sui
3297 2692 3588 2747 mulatione
3619 2693 3793 2748 etiam

2201 2785 2509 2840 mortalibus
2540 2775 2841 2855 aspectibus
2863 2800 3140 2856 apparere,
3175 2789 3278 2839 non
3313 2802 3406 2858 per
3430 2786 3478 2840 id
3510 2787 3650 2858 quod
3683 2798 3792 2855 est,

2202 2876 2296 2930 sed
2319 2885 2416 2947 per
2444 2876 2642 2946 aliquid
2672 2875 2812 2947 quod
2850 2876 2950 2930 sibi
2993 2875 3260 2931 subditum
3301 2888 3402 2932 est.
3443 2878 3579 2945 Quid
3609 2889 3795 2936 autem

2203 2967 2274 3021 illi
2303 2967 2572 3021 subditum
2603 2983 2706 3022 non
2738 2966 2858 3023 est?
2881 2967 3262 3024 Verumtamen
3285 2970 3327 3024 si
3362 2980 3642 3040 propterea
3664 2987 3798 3026 con-

2204 3060 2416 3114 firmant
2446 3060 2632 3114 horum
2677 3061 2831 3115 trium
2861 3062 3092 3132 aliquem
3140 3061 3303 3118 fuisse
3331 3053 3633 3128 Christum,
3669 3064 3798 3133 quia

2203 3150 2323 3208 cum
2349 3164 2457 3210 tres
2486 3153 2726 3218 vidisset,
2757 3155 2822 3208 ad
2855 3153 3134 3210 Dominum
3159 3155 3500 3226 singulariter
3528 3153 3609 3211 est
3639 3157 3798 3211 Iocu-

2204 3258 2291 3305 tus
2327 3267 2340 3303 :
2370 3249 2446 3303 sic
2473 3249 2614 3304 'cnim
2656 3248 2912 3318 scriptum
2938 3255 3020 3304 est
3040 3291 3054 3316 ,
3102 3247 3166 3302 Et
3195 3267 3308 3304 ecce
3339 3260 3436 3304 tres
3467 3249 3559 3303 viri
3591 3251 3800 3304 stabant

2204 3357 2358 3412 super
2387 3357 2498 3396 eum
2529 3383 2544 3408 ,
2599 3351 2645 3395 et
2675 3339 2848 3395 videns
2881 3342 3193 3412 procucurrit
3223 3341 3418 3396 obviam
3450 3341 3552 3395 illis
3577 3342 3639 3395 ab
3667 3343 3802 3397 ostio

2207 3432 2519 3504 tabernaculi
2548 3433 2664 3500 sui,
2710 3443 2756 3488 et
2801 3433 3031 3487 adoravit
3075 3425 3490 3505 superterram,
3536 3444 3581 3488 et
3618 3435 3750 3489 dixit
3781 3449 3804 3490 :
3861 3468 3874 3480 ι

2208 3511 2444 3591 Domine,
2475 3527 2520 3580 si
2544 3527 2708 3580 inveni
2734 3527 2951 3598 gratiam
2981 3536 3096 3580 ante
3127 3537 3173 3580 te
3202 3503 3351 3599 (Cen.
3388 3543 3546 3595 xvnt,
3578 3527 3722 3599 1-5),
3749 3536 3805 3584 et

2209 3628 2398 3673 caetera
2431 3634 2444 3670 :
2478 3631 2574 3672 cur
2613 3633 2714 3673 non
2761 3618 2920 3672 etiam
2948 3617 3072 3671 illud
3103 3607 3421 3684 advertunt,
3461 3618 3598 3674 duos
3628 3635 3700 3676 ex
3723 3620 3805 3676 eis

2210 3703 2421 3763 venisse
2441 3751 2453 3772 ,
2488 3719 2547 3763 ut
2575 3708 2863 3763 Sodomitm
2891 3708 3201 3763 delerentur
3222 3751 3234 3775 ,
3285 3726 3404 3763 cum
3434 3701 3609 3768 adhuc
3636 3695 3804 3767 Abra-

2212 3801 2331 3854 ham
2364 3793 2429 3854 ad
2462 3807 2626 3855 unum
2674 3800 2986 3870 loqueretur
3011 3841 3025 3865 ,
3080 3793 3360 3856 Dominum
3391 3802 3666 3873 appellans
3690 3841 3707 3872 ,
3751 3813 3808 3876 et

2215 3886 2550 3948 intercedens
2580 3910 2645 3947 ne
2676 3893 2829 3946 simul
2859 3891 3060 3962 justum
3096 3909 3216 3948 cum
3251 3891 3422 3968 impio
3459 3895 3509 3947 in
3551 3894 3808 3951 Sodomis

2216 3980 2506 4054 perderet?
2536 3985 2657 4038 Illos‘
2684 3991 2861 4038 autem
2889 3984 3021 4038 duos
3039 3985 3115 4040 sic
3147 3987 3379 4055 suscepit
3405 3971 3523 4051 Lot,
3557 3995 3615 4040 ut
3640 3979 3808 4043 etiam

2215 4077 2328 4147 ipse
2359 4078 2410 4132 itt
2436 4076 2707 4149 colloquio
2728 4093 2848 4132 cum
2876 4077 2978 4132 illis
3014 4093 3111 4133 suo
3142 4064 3479 4150 singulariter
3508 4065 3800 4135 Dominutii

2215 4169 2503 4242 appellaret
2533 4167 2570 4224 ί.
2628 4167 2757 4225 Naiu
2784 4187 2902 4226 cutn
2944 4171 3021 4226 eis
3050 4171 3328 4245 pluraliter
3353 4160 3575 4227 disissct
3597 4216 3611 4237 ,
3646 4171 3808 4244 Erice,

2216 4263 2426 4326 domini,
2457 4261 2703 4318 declinato
2723 4261 2772 4317 iit
2798 4264 3001 4316 domum
3025 4265 3170 4335 pueri
3195 4266 3366 4331 vestri,
3401 4265 3452 4320 e'l
3473 4274 3664 4320 czetera
3690 4273 3812 4337 qusi

2218 4353 2289 4410 ibi
2319 4353 2571 4410 dicuntur
2599 4372 2610 4408 :
2639 4363 2818 4425 postea
2844 4345 3017 4410 tamen
3055 4355 3122 4409 ita
3155 4347 3342 4426 legittIr
3364 4397 3380 4424 ,
3427 4357 3491 4409 Et
3539 4347 3814 4411 tenuerunt

2218 4445 2399 4517 Λῆψιὶ
2427 4443 2629 4500 inuitum
2655 4439 2791 4516 ejus,
2839 4455 2882 4500 et
2911 4449 3114 4500 manum
3142 4447 3314 4502 uxoris
3347 4448 3455 4519 ejus
3479 4489 3493 4512 ,
3539 4453 3585 4520 et
3630 4465 3817 4504 manus

2220 4539 2436 4592 duarum
2469 4529 2692 4608 ﬁliarum
2725 4533 2832 4608 ejus
2857 4582 2869 4605 ,
2902 4537 2952 4593 in
2985 4533 3005 4571 ί
3041 4557 3097 4593 eo
3127 4537 3262 4610 quod
3300 4531 3524 4609 parccict
3551 4521 3818 4596 Dominus

2221 4625 2336 4704 ipsi.
2389 4629 2455 4684 Et
2482 4629 2672 4703 factum
2703 4637 2775 4686 est
2799 4673 2812 4697 ,
2841 4645 2959 4684 mox
2987 4641 3042 4684 ut
3070 4632 3344 4686 eduxerunt
3373 4631 3518 4684 illum
3544 4631 3688 4703 foras
3712 4674 3728 4700 ,
3769 4642 3819 4688 et

2222 4723 2458 4778 dixerunt
2478 4739 2496 4777 :
2519 4717 2726 4779 Salvam
2749 4724 2830 4793 fac
2851 4725 3071 4777 animum
3094 4735 3248 4787 tuam,
3271 4741 3332 4777 ne
3351 4723 3630 4793 i'espeazeris
3647 4719 3808 4789 retro,

2224 4833 2312 4870 nec
2338 4813 2532 4870 steteris
2557 4817 2608 4870 in
2637 4825 2739 4869 tota
2763 4817 2964 4888 regione
2995 4830 3013 4869 :
3042 4817 3092 4868 in
3120 4825 3285 4869 monte
3306 4817 3499 4870 salvum
3524 4803 3570 4871 te
3600 4817 3684 4887 fac
3707 4859 3722 4881 ,
3751 4836 3817 4873 ne

2223 4911 2428 4982 quando
2450 4910 2912 4981 comprehendaris.
2939 4907 3080 4962 Dixit
3101 4918 3268 4964 autem
3293 4907 3390 4963 Lat
3411 4909 3477 4962 ad
3497 4909 3615 4963 illos
3641 4925 3659 4964 :
3683 4909 3813 4976 Oro,

2291 5098 2308 5125 ι
2341 5090 2443 5146 Sola
2469 5091 2615 5151 editio
2638 5086 2842 5151 bov.,_in
2859 5085 3090 5151 colloquio
3106 5099 3192 5139 suo
3207 5099 3315 5138 cum
3333 5085 3433 5138 illis
3454 5086 3576 5137 duos
3596 5085 3819 5150 sagum-

2226 5155 2343 5220 riter
2371 5149 2629 5220 Dominum
2645 5149 2926 5220 appellaret.
3227 5209 3238 5220 .
3280 5209 3291 5220 ‘
3341 5211 3352 5220 ‘
3411 5219 3415 5220 γ
3511 5209 3522 5220 ο

2291 5219 2310 5247 ει
2345 5213 2593 5269 Particulo,
2616 5207 2687 5272 in,
2710 5207 2861 5261 'deest
2885 5213 2931 5259 in
2957 5207 3126 5260 editis:
3151 5209 3240 5260 sed
3279 5209 3484 5260 habetur
3509 5209 3560 5259 in
3591 5212 3824 5264 munitm

2227 5278 2716 5342 manuscriptisjuxta
2738 5274 3066 5342 Septuaginta.
3258 5320 3311 5342 ﬂ.

2292 5339 2378 5404 (ιι)Δ
2401 5331 2764 5404 ιιξίόοςῖωι-μιιι
2788 5331 3131 5404 'i‘et'tulliatius,
3161 5331 3271 5404 libri
3287 5331 3349 5404 de
3371 5341 3521 5390 Carne
3542 5333 3717 5404 gbristi
3735 5347 3824 5384 ca-

2230 5395 2328 5465 pite
2348 5395 2398 5460 Β,
2412 5407 2589 5465 _Cont_ra
2606 5398 2807 5465 indutos,
2827 5410 2931 5465 etp.
2955 5396 3004 5454 9,
3025 5402 3194 5448 Contra
3216 5395 3517 5465 Marcianum,
3543 5395 3627 5444 lib.
3642 5395 3826 5465 Ἀθη),

2229 5454 2307 5526 '27,
2336 5454 2491 5526 et'rlib.
2522 5462 2569 5522 5,
2592 5476 2700 5526 cap.
2725 5461 2774 5526 ξ),
2795 5454 3035 5522 alibique;
3071 5465 3298 5517 Irenzeus,
3325 5454 3455 5526 libro
3472 5458 3520 5518 ὅ,
3545 5471 3650 5519 mp.
3679 5457 3729 5514 6,
3769 5454 3826 5511 et

2230 5520 2354 5576 libro
2385 5525 2432 5586 4,
2461 5520 2564 5587 cap.
2584 5520 2674 5587 26';
2697 5520 3187 5587 clemensttomanus,
3209 5520 3604 5587 Constitutionum
3625 5528 3826 5587 Aposto-

2230 5577 2431 5639 licarnni
2446 5577 2605 5654 capite
2625 5577 2679 5634 2i
2699 5586 2944 5654 {Justinus
2955 5590 3140 5654 Βίῳ-ψ’,
3156 5585 3206 5654 in
3224 5577 3418 5654 Diallogo
3431 5589 3594 5654 90mm
3609 5577 3829 5654 'ﬁ‘ytiha

2231 5666 2374 5712 nem;
2400 5641 2647 5707 Eusebius,
2675 5641 2892 5697 ttistoritr
2917 5641 3257 5712 ecclesiastici:
3283 5641 3405 5692 libro
3432 5643 3474 5704 i,
3501 5655 3605 5712 cap.
3630 5641 3686 5692 τις
3707 5641 3826 5712 Ἰξι-ο-

2231 5705 2432 5764 bahilior
2452 5717 2614 5777 tamen
2632 5705 3263 5777 estsententiaaugustipi,
3290 5719 3438 5777 quam
3459 5705 3611 5777 etiam
3623 5705 3832 5777 profer;

2232 5779 2282 5827 in
2303 5777 2424 5825 libro
2445 5774 2475 5824 2
2512 5774 2576 5823 de
2599 5773 2920 5832 'trinitate,_n.
2943 5769 3020 5829 21,
3040 5765 3104 5832 et
3134 5769 3181 5816 in
3207 5765 3330 5818 libro
3353 5765 3383 5818 2
3408 5775 3577 5832 contra
3597 5765 3834 5822 Maximi-

2233 5853 2365 5898 num,
2388 5850 2495 5902 cap.
2511 5836 2588 5902 26,
2610 5832 2692 5902 nn.
2719 5835 2750 5886 5
2773 5830 2878 5893 etB
2890 5831 3241 5902 Leuidenique
3263 5830 3835 5902 consean

2233 5871 2758 5972 {ﬁgam-ubam.”
2719 5871 2750 5886 ν
2773 5871 2880 5966 ἃρῖ
