4054 6482
485 345 582 402 5H

475 460 606 513 bitur
646 469 734 516 ιιοι
769 480 973 522 semen:
992 467 1064 522 ld
1085 478 1190 540 est,
1220 470 1422 544 inquit,
1453 493 1554 532 non
1583 482 1670 550 qui
1703 484 1799 551 ﬁlii
1840 489 2007 542 carnis
2029 530 2046 556 ,

474 554 528 609 hi
542 557 639 624 ﬁlii
662 556 798 623 Dei;
822 561 911 615 sed
932 561 1029 630 ﬁlii
1047 565 1393 633 promissionis
1410 570 1716 642 deputantur
1732 577 1786 629 in
1801 580 1988 634 semine
2008 554 2049 636 ‘.

475 643 651 717 (Rom.
683 663 766 716 ix,
797 649 877 720 8).
919 653 998 708 Ac
1029 667 1126 723 per
1162 654 1263 711 hoc
1293 656 1385 712 ﬁlii
1422 664 1790 730 promissionis
1812 708 1827 735 ,
1860 679 1917 724 ut
1943 672 2052 728 sint

472 749 654 792 semen
694 739 921 795 Abrahae
942 783 958 810 ,
987 743 1039 798 in
1070 744 1213 802 lsaac
1237 760 1513 820 vocantur,
1544 754 1646 810 hoc
1672 769 1784 825 est,
1813 761 1864 814 in
1899 762 2056 817 Chri-

473 837 612 882 stum
644 830 665 861 ²
695 838 1110 905 vocante.gratia
1152 855 1562 915 congregantur.
1590 848 1739 906 Hanc
1762 869 1888 923 ergo
1923 871 2052 926 pro-

471 920 776 976 missionem
803 933 955 992 pater
974 929 1093 998 pius
1128 930 1354 989 ﬁdeliter
1383 945 1600 1005 tenens,
1632 943 1752 1012 quia
1785 920 1880 1014 per
1911 920 2053 1005 hunc

471 1013 750 1080 oportebat
791 1016 1033 1087 impleri,
1072 1037 1230 1093 quem
1273 1025 1412 1082 Deus
1445 1029 1665 1099 jubebat
1702 1013 1869 1108 occidi
1895 1046 1920 1106 ,'
1945 1057 2051 1096 non

469 1101 732 1161 haesitavit
756 1110 897 1178 quod
923 1112 1023 1166 sibi
1045 1115 1193 1170 reddi
1223 1126 1429 1186 poterat
1457 1101 1787 1196 immolatus,
1816 1101 1907 1198 qui
1937 1133 2052 1188 dari

470 1196 640 1265 potuit
670 1213 774 1253 non
805 1213 1069 1270 speratus.
1097 1205 1185 1260 Sic
1207 1207 1532 1267 intellectum
1559 1225 1639 1270 est
1659 1228 1712 1272 et
1737 1221 1788 1272 in
1819 1196 2051 1292 Epistula

469 1286 536 1340 ad
565 1285 850 1359 Hebraeos,
882 1304 935 1348 et
964 1295 1041 1349 sic
1065 1299 1384 1368 expositum.
1412 1303 1575 1370 Fide,
1610 1307 1816 1379 inquit,
1847 1285 2054 1384 praeces-

469 1380 535 1434 sit
561 1381 853 1452 Abraham,
894 1388 946 1440 in
990 1386 1140 1444 Isaac
1168 1391 1189 1422 ³
1218 1401 1477 1463 tentatus;
1508 1408 1553 1452 et
1595 1403 1796 1457 unicum
1829 1380 2049 1478 obtulit,

470 1471 554 1540 qui
594 1475 950 1543 promissiones
996 1483 1248 1553 suscepit,
1297 1487 1364 1538 ad
1413 1505 1558 1556 quem
1606 1493 1794 1550 dictum
1831 1506 1938 1566 est,
1984 1471 2055 1556 In

469 1563 621 1618 Isaac
645 1570 900 1624 vocabitur
928 1573 1017 1626 tibi
1043 1591 1209 1630 semen
1234 1593 1253 1630 :
1274 1581 1502 1649 cogitans
1527 1587 1646 1655 quia
1673 1601 1718 1641 et
1749 1606 1811 1644 ex
1840 1595 2053 1649 mortuis

470 1660 693 1714 excitare
727 1672 886 1731 potest
912 1664 1071 1722 Deus.
1100 1669 1327 1726 Proinde
1357 1674 1592 1744 addidit,
1623 1679 1730 1734 Pro
1778 1683 1872 1737 hoc
1901 1688 2051 1742 etiam

469 1767 584 1805 eum
604 1763 648 1807 et
673 1755 726 1808 in
751 1757 1126 1814 similitudinem
1155 1765 1369 1818 adduxit
1392 1767 1573 1839 (Hebr.
1600 1788 1678 1838 XI,
1713 1775 1922 1847 l7-l9).
1949 1780 2053 1834 Cu-

470 1841 553 1912 jus
580 1845 977 1904 similitudinem
995 1893 1010 1917 ,
1057 1855 1156 1908 nisi
1187 1855 1326 1912 illius
1354 1859 1421 1914 de
1451 1877 1556 1929 quo
1581 1864 1709 1920 dicit
1737 1841 2052 1940 idetnApo-

470 1935 637 1990 stolus
660 1978 674 2002 ,
709 1938 810 2006 Qui
838 1946 1045 2013 praprio
1084 1945 1223 2002 Filio
1248 1967 1348 2004 non
1377 1958 1630 2024 pepercit,
1661 1961 1749 2014 sed
1778 1979 1871 2032 pro
1911 1935 2054 2023 nobis

469 2027 699 2082 omnibus
725 2032 934 2087 tradidit
962 2036 1106 2090 illum
1137 2037 1312 2110 (Rom.
1351 2059 1441 2099 VIII
1463 2089 1476 2112 ,
1509 2047 1639 2118 52)?
1673 2027 1962 2123 Propterea
1999 2067 2054 2113 et

468 2114 613 2172 Isaac
637 2160 652 2185 ,
684 2122 821 2176 sicut
860 2124 1148 2195 Dominus,
1180 2145 1394 2188 crucem
1426 2152 1573 2192 suam
1594 2181 1609 2205 ,
1657 2142 1727 2196 ita
1769 2145 1868 2200 sibi
1913 2147 2053 2218 ligna

467 2211 533 2266 ad
572 2213 802 2271 victimae
846 2217 1056 2287 locum,
1088 2224 1280 2294 quibus
1310 2227 1480 2283 fuerat
1521 2233 1903 2305 imponendus,
1936 2211 2054 2312 ipse

468 2307 714 2373 portavit.
750 2307 1027 2366 Postremo
1052 2316 1172 2384 quia
1203 2315 1350 2373 Isaac
1378 2323 1548 2377 occidi
1580 2341 1685 2382 non
1726 2307 2049 2403 oportebat,

468 2406 809 2472 posteaquam
836 2412 918 2458 est
940 2414 1090 2474 pater
1117 2408 1278 2466 ferire
1305 2413 1605 2481 prohibitus
1627 2459 1642 2483 ,
1672 2423 1790 2490 quis
1817 2433 1931 2479 erat
1963 2424 2054 2481 ille

467 2489 639 2557 aries,
673 2507 778 2561 quo
817 2494 1092 2552 immolato
1131 2500 1404 2571 impletum
1433 2515 1514 2561 est
1538 2489 1890 2579 signiﬁcativo
1928 2531 2052 2572 san-

542 2947 598 3002 2.
629 2949 733 3006 Sed
752 2952 927 3011 divina
954 2973 1052 3028 per
1078 2961 1335 3032 Angelum
1363 2969 1522 3024 verba
1555 2974 1727 3042 p0tius
1751 2979 2046 3039 audiamus.

467 3040 556 3094 Ait
579 3042 774 3128 quippe
819 3047 1088 3118 Scriptura
1119 3070 1132 3108 :
1163 3051 1228 3106 Et
1273 3059 1494 3113 extendit
1543 3040 1800 3120 Abraham
1843 3087 2048 3128 manum

467 3147 611 3186 suam
633 3123 828 3192 sumere
854 3143 1156 3198 machaeram
1175 3187 1190 3212 ,
1228 3156 1283 3200 ut
1312 3153 1558 3206 occideret
1588 3156 1752 3222 ﬁlium
1785 3178 1951 3217 suum.
1981 3165 2048 3220 Et

467 3229 657 3280 vocavit
683 3228 826 3284 illum
852 3233 1074 3306 Angelus
1097 3236 1307 3295 Domini
1333 3245 1394 3297 de
1422 3247 1545 3300 creto
1567 3290 1580 3314 ,
1605 3260 1650 3303 et
1677 3253 1804 3307 dixit
1835 3271 1856 3310 :
1883 3259 2045 3312 Abra-

466 3319 584 3373 ham
604 3321 626 3374 !
646 3321 749 3376 Ille
772 3336 938 3380 autem
967 3328 1136 3385 dixit:
1154 3331 1285 3388 Ecce
1318 3353 1428 3407 ego.
1464 3339 1532 3393 Et
1568 3343 1699 3397 dixit
1728 3362 1746 3398 :
1775 3346 1896 3403 Non
1921 3351 2047 3420 inji-

466 3415 570 3470 cias
593 3432 800 3472 manum
829 3428 969 3476 tuam
992 3440 1145 3494 super
1169 3445 1408 3498 puerum,
1433 3450 1590 3504 neque
1617 3441 1774 3507 facias
1802 3441 1878 3496 illi
1901 3447 2049 3513 quid-

465 3527 613 3581 quam
643 3529 661 3567 :
687 3530 820 3569 nunc
861 3518 994 3572 enim
1029 3523 1148 3575 scivi
1175 3525 1295 3595 quia
1334 3528 1475 3583 times
1502 3529 1669 3586 Deum
1697 3545 1752 3588 tu
1779 3537 1821 3604 δ,
1860 3548 1906 3592 et
1945 3558 2048 3598 non

463 3788 662 3844 sciebat
691 3791 851 3848 Deus.
884 3795 1086 3852 Deinde
1118 3800 1286 3856 ariete
1334 3803 1424 3858 illo
1467 3806 1736 3864 immolato
1776 3828 1872 3882 pro
1901 3815 2048 3873 Isaae

464 3877 575 3934 lilio
603 3893 720 3950 suo,
753 3886 975 3952 vocavit,
1006 3897 1064 3942 ut
1099 3889 1308 3959 legitur,
1340 3894 1595 3950 Abraham
1626 3877 1804 3956 nomen
1844 3903 1941 3959 loci
1975 3908 2043 3962 il-

463 3971 560 4026 lius
582 4014 596 4038 ,
629 3973 875 4031 Dominus
901 3980 1025 4033 vidit
1050 3997 1069 4035 :
1093 3991 1146 4036 ut
1172 3984 1342 4040 dicant
1368 3987 1544 4056 hodie,
1584 3989 1645 4045 In
1673 4006 1838 4049 monte
1864 3997 2046 4054 Domi-

462 4079 557 4116 nus
585 4070 841 4136 apparuit.
890 4071 1041 4127 Sicut
1079 4073 1278 4130 dictum
1317 4087 1433 4147 est,
1469 4080 1622 4136 Nunc
1650 4087 1770 4138 scivi
1794 4129 1808 4154 ,
1857 4105 1951 4158 pro
1978 4107 2044 4148 eo

461 4155 600 4225 quod
646 4169 764 4226 est,
809 4161 964 4220 Nunc
990 4167 1115 4221 sciri
1152 4167 1250 4223 feci
1278 4171 1386 4226 :ita
1427 4171 1548 4241 hic,
1595 4155 2043 4252 Dominus‘vidit;

463 4261 557 4314 pro
578 4262 644 4301 eo
669 4252 810 4319 quod
850 4266 930 4308 est
949 4298 964 4322 ,
993 4258 1246 4315 Dominus
1281 4268 1558 4333 apparuit;
1588 4267 1688 4321 hoc
1714 4283 1827 4339 est,
1864 4275 2042 4334 Videri

459 4352 519 4394 se
541 4339 685 4396 fecit.
708 4342 777 4398 Et
809 4350 999 4402 vocavit
1037 4351 1258 4422 Angelus
1288 4354 1494 4411 Domini
1523 4359 1778 4417 Abraham
1823 4372 2041 4424 secundo

459 4430 522 4484 de
548 4433 702 4502 caelo,
732 4437 902 4493 dicens
927 4455 946 4493 :
970 4439 1074 4495 Per
1101 4450 1441 4517 memetipsum
1461 4451 1637 4519 juravi
1655 4494 1670 4518 ,
1712 4455 1831 4509 dicit
1861 4457 2043 4515 Domi-

457 4539 554 4577 nus
572 4566 585 4589 ,
617 4538 821 4598 prapter
838 4531 972 4597 quod
991 4533 1153 4602 fecisti
1177 4541 1378 4593 verbum
1411 4542 1538 4610 hoc,
1569 4556 1617 4598 et
1643 4563 1743 4602 non
1777 4555 2043 4622 pepercisti

457 4615 566 4683 ﬁlio
595 4624 678 4672 tuo
705 4620 884 4675 dilecto
912 4636 1115 4697 propter
1155 4645 1262 4696 me,
1294 4634 1392 4688 nisi
1429 4637 1720 4694 benedicens
1748 4615 2038 4702 beneﬁcam

457 4716 505 4762 te
526 4748 540 4774 ,
574 4715 620 4762 et
647 4711 989 4783 multiplicans
1017 4721 1360 4790 multiplicabo
1377 4743 1545 4783 semen
1570 4741 1740 4797 tuum,
1769 4735 1895 4788 sicut
1914 4740 2038 4792 stel-

459 4800 535 4854 las
561 4804 672 4858 cteli
687 4845 701 4870 ,
733 4814 782 4860 et
809 4815 1048 4878 tanquam
1074 4828 1280 4868 arenam
1301 4834 1410 4886 quae
1433 4832 1502 4874 est
1518 4824 1672 4892 juxta
1708 4825 1894 4882 labium
1931 4847 2041 4885 ma-

455 4894 545 4950 ris.
574 4894 644 4950 Et
665 4896 957 4956 [meditate
976 4903 1244 4973 possidebit
1264 4924 1431 4964 semen
1454 4920 1592 4967 tuum
1611 4917 1832 4973 civitates
1856 4922 2038 4977 adser-

457 4986 706 5042 sariorum
727 4991 785 5058 l’;
814 5000 861 5045 et
888 4992 1240 5050 benedicentur
1267 4999 1320 5052 in
1342 5003 1530 5056 semine
1556 5013 1642 5057 tuo
1669 5023 1839 5064 omnes
1866 5024 2037 5082 gentes

459 5090 644 5147 terra;
668 5087 788 5151 quia
813 5088 1064 5144 obaudisti
1091 5106 1260 5147 vocem
1287 5110 1448 5148 meam
1475 5095 1625 5177 (Gen.
1649 5115 1761 5156 χχιι
1781 5145 1797 5171 ,
1828 5105 2034 5179 10-18).

459 5169 570 5225 Hoc
599 5174 758 5230 modo
802 5188 884 5234 est
928 5180 1015 5235 illa
1045 5182 1113 5238 de
1156 5186 1434 5242 vocatione
1474 5175 1710 5259 gentium
1752 5169 1801 5248 in
1833 5169 2036 5255 semine

517 5311 911 5396 1.52.5932
925 5311 1307 5396 ῖςρποηέξδδίοηίε
1345 5323 1639 5396 deputantur
1653 5329 1703 5380 in
1723 5343 1914 5396 semen;
1936 5335 2036 5387 dis-

450 5376 789 5452 ιδεξριξεῖιξιίιιιιξΔ
800 5376 943 5452 editis
963 5376 1069 5452 aliis
1089 5376 1510 5452 etmanuscriptis.

516 5435 536 5502 ξ
568 5433 672 5483 Sola
697 5437 843 5502 editio
867 5449 998 5502 ιω,
1024 5443 1073 5493 in
1096 5433 1298 5500 suis;

515 5497 537 5574 ξ
568 5498 952 5574 quqg‘ullingss,
977 5497 1115 5574 ﬁde,
1137 5497 1308 5574 inquit,
1345 5511 1509 5565 obtulit
1532 5513 1773 5566 Abraham
1797 5527 1946 5570 Isaac.
1973 5548 2036 5560 —

451 5561 556 5607 Mss.
585 5556 722 5620 eoeo,
746 5559 858 5612 2051
907 5556 959 5614 ei.
996 5556 1116 5619 2053
1140 5556 1507 5636 'téﬁiiiie'iiiié'

451 5618 692 5671 Abraham
718 5631 870 5675 Isaac.
940 5635 994 5675 Μ.

451 5633 692 5671 Αυιγυιαιη
718 5633 870 5675 Isaac.
940 5635 994 5675 Μ.

448 5681 718 5795 ωὶῶόὲὲὶ,
770 5695 925 5739 Deum
963 5694 1112 5741 tuum.
1149 5696 1317 5747 Melius
1350 5705 1453 5750 Mss.
1499 5701 1638 5764 juxta
1682 5706 1990 5769 septuaginta
2014 5743 2030 5770 ,

511 5808 699 5892 fitﬁt}.
719 5810 916 5892 addunt,
942 5827 1138 5868 sitorum
1159 5831 1176 5868 :
1198 5821 1329 5883 quod
1363 5835 1393 5874 a
1426 5829 1762 5892 manuscriptis
1785 5835 1838 5880 et
1877 5842 1908 5881 a
1943 5839 2030 5882 se-

449 5871 704 5931 rtuaainlh
733 5876 889 5926 abest.

1529 366 1619 423 DE
1656 368 1997 432 CIVITATE‘
2019 376 2132 435 DEI
2167 379 2224 439 S.
2267 383 2635 447 AUGUSTINI

3632 399 3750 458 512

2157 497 2384 553 Abrahae
2399 540 2414 568 ,
2443 510 2564 569 post
2589 502 2951 559 holocaustum
2967 545 2984 572 ,
3012 519 3119 577 quo
3140 504 3465 578 signiﬁcatus
3487 517 3570 568 est
3592 510 3747 569 Chri-

2157 598 2303 658 stus,
2337 593 2495 648 etiam
2549 595 2812 666 iuratione
2859 599 2952 654 Dei
3005 599 3212 656 ﬁrmata
3262 605 3561 674 promissio.
3583 607 3745 680 Smpe

2157 685 2298 739 enim
2323 689 2656 756 promiserat,
2681 690 2775 746 sed
2802 707 3069 763 nunquam
3089 695 3382 764 juraverat.
3401 699 3536 767 Quid
3556 710 3741 758 autem

2157 784 2240 829 est
2271 777 2361 832 Dei
2396 780 2507 833 veri
2545 783 2851 852 veracisque
2871 783 3088 853 juratio,
3129 787 3228 841 nisi
3259 790 3504 858 promissi
3534 792 3742 848 conﬁr-

2157 869 2338 933 matio,
2368 880 2422 924 et
2451 870 2741 928 inﬁdelium
2772 875 3014 944 quaedam
3043 876 3378 948 increpatio?

2227 958 2280 1014 5.
2310 959 2434 1015 Post
2460 962 2569 1017 haec
2599 965 2757 1020 Sarra
2786 977 2993 1021 mortua
3020 976 3126 1034 est,
3157 971 3454 1026 centesimo
3475 981 3530 1028 et
3549 974 3746 1030 vicesi-

2156 1064 2245 1103 mo
2272 1053 2498 1121 septimo
2523 1070 2663 1110 anno
2692 1057 2813 1112 vitae
2835 1073 2943 1112 sua:
2961 1057 3123 1132 (Gen.
3148 1076 3305 1129 mu,
3339 1063 3413 1131 l),
3443 1066 3743 1123 centesimo

2156 1151 2338 1198 autem
2372 1155 2428 1199 et
2469 1147 2734 1202 tricesimo
2769 1150 2996 1219 septimo
3042 1153 3138 1206 viri
3165 1155 3267 1208 sui.
3318 1155 3509 1210 Decem
3539 1159 3739 1228 quippe

2156 1237 2308 1290 annis
2335 1252 2451 1292 eam
2477 1241 2809 1308 praecedebat
2836 1252 3025 1310 mtate;
3059 1245 3195 1301 sicut
3217 1247 3329 1316 ipse
3351 1289 3366 1313 ,
3397 1250 3608 1319 quando
3635 1251 3744 1308 sibi

2155 1341 2218 1380 ex
2249 1327 2334 1380 illa
2362 1331 2656 1399 promissus
2677 1344 2756 1387 est
2781 1334 2919 1389 ﬁlius
2939 1374 2952 1397 ,
2985 1335 3093 1401 ait,
3121 1336 3182 1390 Si
3207 1338 3330 1391 mihi
3351 1356 3600 1395 annorum
3621 1359 3745 1397 cen-

2157 1428 2261 1471 tum
2286 1433 2518 1475 nascetur
2546 1424 2682 1492 ﬁlius
2698 1466 2712 1488 ,
2753 1435 2797 1478 et
2819 1427 2859 1479 si
2884 1424 3047 1480 Sarra
3073 1444 3321 1482 annorum
3345 1433 3617 1502 nonaginta
3643 1451 3744 1505 pa-

2155 1512 2248 1563 riet
2279 1511 2388 1582 (ld.
2417 1529 2523 1567 xvu
2544 1556 2559 1581 ,
2599 1516 2683 1586 17)
2709 1517 2732 1570 ?
2764 1517 2912 1572 Tunc
2949 1520 3077 1574 emit
3105 1537 3288 1591 agrum
3331 1523 3597 1579 Abraham
3621 1567 3639 1591 ,
3688 1528 3745 1582 in

2156 1621 2260 1674 quo
2291 1609 2533 1676 sepelivit
2561 1625 2802 1665 uxorem.
2841 1612 2989 1668 Tunc
3027 1629 3177 1682 ergo,
3220 1618 3511 1671 secundum
3544 1635 3738 1674 narra-

2160 1699 2354 1752 tionem
2396 1700 2685 1770 Stephani,
2734 1705 2784 1756 iu
2817 1711 2957 1758 terra
3000 1706 3086 1760 illa
3118 1715 3199 1760 est
3241 1708 3561 1776 collocatus,
3604 1727 3746 1780 quo-

2158 1793 2298 1847 niam
2321 1795 2483 1862 cmpit
2505 1794 2574 1848 ibi
2597 1809 2717 1850 esse
2741 1812 3018 1865 possessor
3039 1798 3174 1868 (Act.
3205 1816 3276 1855 vn
3295 1843 3309 1868 ,
3335 1802 3423 1871 4);
3451 1811 3568 1873 post
3598 1819 3750 1858 mor-

2158 1893 2263 1939 tem
2291 1888 2493 1941 scilicet
2519 1888 2683 1956 patris
2722 1891 2840 1958 sui,
2884 1892 2973 1961 qui
3012 1892 3280 1962 colligitur
3305 1904 3426 1950 ante
3471 1896 3749 1953 biennium

2161 1977 2322 2032 fuisse
2352 1977 2652 2034 defunctus.

2157 2111 2383 2168 CAPUT
2423 2111 2662 2169 XXXIII.
2694 2144 2764 2157 ν-
2787 2115 2866 2171 De
2907 2116 3129 2174 Rebecca
3158 2131 3304 2191 nepte
3329 2122 3560 2191 Nachor,
3589 2142 3750 2195 quam

2637 2205 2792 2263 Isaac
2815 2213 3009 2282 accepit
3034 2229 3263 2269 uxorem.

2227 2333 2428 2390 Deinde
2451 2333 2771 2407 Rebeccam,
2803 2348 3014 2410 neptem
3042 2339 3253 2397 Nachor
3291 2346 3462 2414 patrui
3489 2347 3590 2411 sui,
3620 2362 3747 2405 cum

2155 2439 2413 2480 annorum
2441 2428 2786 2499 quadraginta
2807 2440 2947 2487 esset
2972 2431 3140 2501 Isaac,
3169 2434 3320 2491 duxit
3342 2453 3584 2505 uxorem,
3609 2453 3744 2494 cen-

2155 2517 2344 2571 tesimo
2373 2518 2578 2574 scilicet
2602 2530 2654 2576 et
2682 2522 3086 2594 quadragesimo
3115 2540 3256 2582 anno
3280 2527 3402 2582 vita:
3433 2531 3594 2598 patris
3615 2531 3700 2586 sui
3722 2573 3742 2598 ,

2155 2609 2384 2666 triennio
2403 2622 2525 2682 post
2549 2623 2774 2669 mortem
2800 2617 2987 2670 matris
3013 2631 3143 2672 suae.
3170 2617 3241 2674 Ut
3265 2630 3440 2675 autem
3470 2622 3609 2676 illam
3639 2623 3746 2678 du~

2027 2731 2051 2744 -
2153 2712 2330 2769 ceret,
2372 2705 2582 2774 quando
2619 2707 2686 2762 ab
2723 2707 2837 2777 ejus
2866 2715 3017 2778 patre
3057 2710 3110 2764 in
3155 2711 3585 2781 Mesopotamiam
3626 2731 3744 2771 ser-

2154 2811 2250 2849 vus
2278 2796 2473 2852 missus
2501 2809 2613 2864 est,
2646 2799 2772 2868 quid
2813 2800 2954 2854 aliud
2991 2800 3412 2859 demonstratum
3457 2817 3536 2861 est
3560 2849 3575 2872 ,
3617 2822 3745 2863 cum

2154 2887 2327 2942 eidem
2357 2903 2514 2944 servo
2551 2889 2683 2944 dixit
2724 2891 3022 2960 Abraham,
3054 2892 3198 2948 Pone
3243 2912 3446 2949 manum
3485 2906 3620 2951 tuam
3650 2899 3748 2953 sub

2155 2983 2343 3051 femore
2380 2997 2522 3048 meo,
2563 2991 2607 3036 et
2653 2982 2900 3054 adjurabo
2929 2993 2976 3038 te
3004 3003 3093 3056 per
3120 2984 3398 3040 Dominum
3437 2987 3600 3042 Deum
3629 2992 3747 3045 caeli

2155 3083 2202 3126 ct
2227 3071 2500 3128 Dominum
2530 3083 2676 3129 terra:
2699 3116 2714 3140 ,
2744 3084 2800 3129 ut
2828 3092 2926 3130 non
2953 3093 3124 3131 sumas
3150 3079 3258 3146 ﬁlio
3290 3096 3398 3134 meo
3437 3079 3591 3135 Isaac
3616 3099 3748 3138 uxo-

2154 3179 2258 3217 rem
2287 3165 2349 3218 de
2374 3164 2574 3234 ﬁliabus
2612 3165 3018 3222 Chananceorum
3060 3168 3077 3240 (
3101 3168 3227 3224 Gen.
3257 3186 3404 3239 ntv,
3431 3172 3467 3226 2
3487 3216 3501 3240 ,
3528 3172 3608 3243 3),
3639 3175 3746 3233 nisi

2153 3255 2433 3310 Dominum
2466 3257 2627 3310 Deum
2662 3259 2784 3313 coeli
2824 3267 2878 3314 et
2923 3260 3202 3314 Dominum
3244 3270 3402 3317 terrae
3441 3263 3497 3318 in
3536 3279 3739 3335 carne,

2152 3362 2269 3417 qua:
2316 3363 2383 3401 ex
2428 3347 2520 3402 illo
2568 3350 2771 3403 femore
2820 3349 3145 3417 trahebatur,
3203 3352 3363 3407 fuisse
3421 3359 3744 3412 venturum?

2151 3439 2416 3510 Numquid
2441 3440 2555 3495 haec
2583 3456 2744 3510 parva
2774 3451 2896 3497 sunt
2923 3446 3289 3512 praenuntiata:
3318 3446 3511 3502 indicia
3540 3449 3746 3504 verita-

2153 3532 2249 3600 tis,
2280 3546 2438 3603 quam
2464 3533 2722 3605 compleri
2752 3534 2992 3591 videmus
3013 3537 3068 3590 iu
3094 3536 3306 3593 Christo
3328 3539 3343 3569 ί
3368 3538 3392 3592 ?

2148 3688 2374 3746 CAPUT
2404 3689 2646 3745 XXXIV.
2674 3721 2746 3732 —
2769 3692 2906 3760 Quid
2930 3693 3311 3765 intelligendum
3333 3696 3397 3750 sit
3433 3697 3484 3749 in
3515 3713 3572 3751 eo
3603 3701 3748 3767 quod

2222 3781 2479 3836 Abraham
2509 3792 2620 3838 vast
2644 3794 2854 3838 mortem
2893 3785 3069 3842 Sarrae
3094 3789 3286 3856 accepit
3312 3805 3519 3844 uxorem
3550 3789 3745 3847 Cet/ru-

2220 3891 2351 3928 ram.

2219 4006 2357 4075 Quid
2385 4016 2563 4064 autem
2591 4008 2693 4064 sibi
2718 4009 2866 4077 vult,
2895 4011 3037 4081 quod
3066 4013 3335 4070 Abraham
3364 4026 3481 4086 post
3509 4027 3747 4078 mortem

2147 4098 2321 4153 Sarrae
2358 4099 2645 4155 Cethuram
2675 4101 2827 4157 duxit
2859 4119 3079 4158 uxorem
3121 4105 3233 4178 (a)?
3271 4107 3370 4163 Ubi
3399 4109 3535 4164 absit
3564 4119 3624 4165 ut
3663 4113 3747 4168 in—

2148 4191 2526 4246 continentiam
2545 4194 2895 4264 suspicemur,
2920 4191 3213 4266 prmsertim
3241 4200 3293 4254 in
3316 4200 3404 4254 illa
3412 4200 3524 4270 jam
3548 4211 3740 4272 aetate,

2147 4292 2201 4338 et
2242 4284 2293 4337 in
2337 4285 2425 4338 illa
2456 4284 2577 4339 ﬁdei
2619 4287 2918 4343 sanctitate.
2964 4290 3044 4342 An
3087 4290 3262 4346 adhuc
3300 4294 3613 4361 procreandi
3643 4296 3746 4353 tilii

2146 4368 2550 4438 qumrebantur,
2582 4385 2702 4425 cum
2730 4371 2840 4441 jam
2870 4372 2984 4428 Deo
3016 4375 3355 4442 promittente
3385 4386 3525 4431 tanta
3559 4380 3747 4434 multi-

2146 4459 2358 4529 plicatio
2387 4460 2616 4516 ﬁliorum
2656 4478 2726 4517 ex
2754 4463 2900 4518 Isaac
2942 4479 3038 4534 per
3073 4465 3256 4521 stellas
3284 4467 3403 4522 caeli
3433 4478 3487 4522 et
3514 4483 3744 4527 arenam

2145 4558 2302 4605 terrae
2343 4550 2446 4606 ﬁde
2495 4554 2866 4622 probatissima
2917 4557 3226 4611 teneretur?
3262 4557 3365 4613 Sed
3410 4559 3650 4628 profecto
3691 4563 3744 4619 si

2145 4643 2286 4712 Agar
2309 4653 2364 4698 et
2392 4644 2600 4710 lsmael,
2623 4645 2840 4702 doctore
2861 4648 3137 4716 Apostolo,
3166 4649 3595 4719 signiﬁcaverunt
3613 4667 3745 4710 car-
3793 4726 3795 4730 ι

2144 4736 2292 4792 nales
2313 4739 2510 4793 veteris
2532 4739 2856 4795 Testamenti
2875 4740 3067 4810 (Galat.
3089 4758 3161 4810 IV,
3182 4744 3274 4814 24)
3292 4761 3305 4809 ;
3325 4760 3420 4799 cur
3440 4762 3545 4802 non
3569 4749 3739 4806 etiam

2143 4829 2373 4885 Cethura
2399 4840 2452 4886 et
2481 4830 2569 4886 lilii
2598 4833 2712 4901 ejus
2733 4832 3034 4903 signiﬁcent
3054 4836 3318 4903 carnales,
3343 4839 3432 4908 qui
3455 4855 3511 4894 se
3536 4841 3604 4894 ad
3629 4841 3743 4898 Τμ

2143 4929 2462 4976 stamentum
2494 4939 2687 4978 novum
2716 4923 3021 4979 existimant
3040 4927 3351 4995 pertinere?
3374 4930 3557 4984 Ambae
3579 4932 3743 5002 quip-

2143 5027 2209 5082 pe
2237 5022 2291 5068 et
2321 5028 2510 5068 uxores
2543 5014 2788 5079 Abrahae,
2820 5024 2876 5071 et
2901 5017 3212 5082 concubina:
3249 5028 3374 5074 sunt
3401 5021 3683 5090 appellate
3718 5041 3738 5081 :

2141 5102 2300 5159 Sarra
2332 5119 2460 5158 vero
2498 5120 2764 5174 nunquam
2807 5105 2948 5161 dicta
2987 5115 3070 5162 est
3107 5107 3466 5163 concubina'.
3509 5109 3639 5165 Nam
3677 5123 3743 5170 et

2140 5194 2353 5266 quando
2377 5194 2501 5250 data
2527 5203 2610 5250 est
2643 5199 2783 5266 Agar
2811 5197 3044 5254 Abrahae
3063 5240 3078 5266 ,
3123 5199 3193 5253 ita
3219 5199 3472 5268 scriptum
3501 5211 3584 5256 est
3613 5221 3627 5257 :
3659 5202 3742 5260 Et

2140 5286 2474 5357 apprehendit
2505 5287 2666 5342 Sarra
2703 5304 2832 5342 uxor
2861 5290 3047 5343 Abram
3076 5290 3209 5362 Agar
3236 5290 3537 5362 (Egyptiam
3561 5297 3740 5349 ancil-

2141 5379 2244 5434 lam
2268 5395 2442 5445 suam,
2474 5388 2586 5451 post
2620 5379 2788 5433 decem
2816 5397 2976 5435 annos
3005 5398 3156 5451 quam
3191 5383 3499 5439 habitaverat
3537 5385 3744 5443 Abram

2135 5565 2173 5608 ~_
2204 5539 2218 5568 ί
2254 5539 2327 5587 sic
2349 5544 2552 5608 nassam
2576 5538 2713 5608 editi,
2754 5537 2938 5592 indicia
2955 5540 3186 5602 veritatis,
3232 5555 3342 5607 qua:
3380 5541 3613 5608 compleri
3651 5546 3740 5597 es“-

2140 5599 2340 5650 deamus
2361 5598 2410 5649 in
2432 5598 2635 5650 Christo.
2698 5598 2705 5600 ἡ
3145 5641 3147 5644 ι

2201 5664 2220 5694 ³
2257 5668 2302 5710 tn
2329 5662 2470 5711 editis
2492 5663 2697 5724 additur,
2717 5663 2804 5714 sed
2821 5676 2945 5714 uxor
2965 5669 3163 5716 tantum.

2198 5768 2271 5831 (ιι)
2296 5775 2612 5846 Hieronymus
2634 5769 2683 5817 in
2719 5769 3071 5846 Traditionibus
3083 5770 3343 5846 Ahepraicis
3365 5769 3521 5846 refert
3537 5773 3740 5846 opinio-

2137 5844 2251 5880 nem
2289 5831 2624 5946 umorum,
2667 5832 3044 5885 existimantium
3079 5833 3334 5883 Cetburam
3378 5835 3531 5896 ipsam
3567 5831 3740 5889 fuisse

2142 5901 2280 5954 Agar.
2430 5906 2550 5942 nos.
