4054 6474
268 350 366 456 ns

264 518 313 572 in
339 524 470 570 terra
495 509 744 569 Chanaan
768 549 783 574 ,
813 517 862 563 et
896 506 1030 561 dedit
1059 519 1171 559 eam
1193 501 1378 556 Abram
1405 500 1511 554 uiro
1550 515 1641 554 suo
1660 541 1674 564 ,
1703 497 1802 568 ipsi
1819 497 1836 528 ¹

267 621 464 662 uxorem
486 605 503 635 ¹
537 602 692 674 (Gen.
718 616 829 664 xu,
861 596 937 671 3).
973 597 1047 652 De
1074 593 1307 651 Cethura
1334 600 1510 646 autem
1537 605 1692 660 quam
1723 594 1844 657 post

266 699 455 754 obitum
496 696 675 752 Sarra:
713 693 948 762 accepit,
985 691 1063 744 sic
1104 687 1293 756 legitur
1327 702 1340 739 :
1383 683 1636 748 Adiiciens
1678 689 1841 734 autem

267 788 514 843 Abraham
551 785 768 855 sumpsit
809 798 1050 847 uxorem,
1078 781 1160 834 cui
1204 794 1381 832 nomen
1421 773 1658 830 Cethura.
1705 773 1842 828 Ecce

265 881 426 935 ambae
445 879 700 934 dicuntur
719 890 912 931 uxores
935 892 949 927 :
974 871 1146 928 ambae
1167 884 1325 939 porro
1347 866 1652 922 concubium
1678 863 1841 918 fuisse

265 971 596 1043 reperiuntur
619 1008 634 1034 ,
665 977 846 1038 postea
885 965 1096 1020 dicente
1141 961 1412 1030 Scriptura
1436 1000 1451 1026 ,
1485 958 1634 1011 Dedit
1674 966 1843 1009 autem

265 1062 514 1117 Abraham
545 1075 742 1114 omnem
769 1073 975 1112 censum
1003 1071 1152 1110 suum
1180 1053 1330 1106 Isaac
1359 1051 1466 1118 [ilio
1494 1065 1584 1102 suo
1604 1089 1620 1114 ,
1646 1056 1693 1101 et
1722 1046 1844 1114 [iliis

264 1153 649 1209 concubinarum
672 1166 880 1204 suarum
902 1148 1038 1202 dedit
1069 1145 1322 1200 Abraham
1347 1143 1589 1205 dationes,
1619 1151 1664 1195 et
1695 1139 1843 1192 dimi-

262 1247 321 1301 sit
347 1261 432 1299 eos
459 1245 524 1299 ab
552 1242 704 1297 Isaac
742 1242 848 1310 ﬁlio
877 1257 968 1295 suo
994 1240 1161 1293 adhuc
1189 1255 1242 1292 se
1269 1238 1406 1302 vivo,
1443 1235 1510 1288 ad
1550 1232 1804 1287 Orientem
1823 1273 1838 1297 ,

263 1338 310 1392 in
333 1347 520 1391 terram
545 1333 764 1389 Orientis
789 1331 899 1402 (Id.
931 1347 1056 1397 xxv,
1085 1331 1130 1395 ί,
1157 1330 1211 1396 5,
1235 1328 1313 1398 6).
1341 1326 1546 1382 Habent
1564 1339 1690 1394 ergo
1710 1338 1842 1377 non-

263 1430 398 1484 nulla
430 1443 650 1483 munera
679 1426 768 1481 ﬁlii
801 1425 1240 1487 concubinarum,
1269 1420 1362 1475 sed
1390 1434 1494 1474 non
1526 1415 1844 1487 perveniunt

261 1521 324 1576 ad
351 1536 577 1592 regnum
607 1518 946 1589 promissum,
979 1530 1078 1570 nec
1107 1511 1364 1579 hmretici,
1393 1525 1492 1565 nec
1525 1508 1693 1563 Judaei
1721 1522 1840 1562 car-

262 1612 406 1668 nales
434 1630 450 1666 :
479 1613 604 1682 quia
632 1618 825 1680 prmter
850 1607 994 1662 Isaac
1021 1605 1196 1660 nullus
1221 1612 1305 1658 est
1330 1603 1534 1666 hreres;
1562 1608 1616 1653 et
1639 1614 1738 1651 non
1756 1597 1842 1666 qui

263 1705 350 1772 ﬁlii
369 1704 562 1766 carnis,
591 1703 643 1756 hi
666 1702 762 1770 ﬁlii
787 1699 917 1764 Dei;
943 1697 1030 1752 sed
1051 1697 1145 1765 filii
1169 1694 1510 1765 promissionis
1536 1689 1842 1758 deputantur

264 1798 309 1851 in
334 1798 527 1851 semine
552 1794 737 1864 (Rom.
767 1810 822 1848 rx
846 1835 860 1860 ,
889 1792 982 1862 8),
1005 1790 1072 1845 de
1101 1803 1207 1859 quo
1232 1787 1428 1842 dictum
1455 1793 1566 1851 est,
1600 1782 1665 1836 In
1693 1781 1848 1835 Isaac

265 1888 517 1941 vocabitur
544 1885 632 1938 tibi
651 1900 814 1940 semen
835 1879 988 1955 (Gen.
1016 1895 1125 1944 nl,
1154 1876 1265 1948 12).
1296 1875 1474 1946 Neque
1498 1874 1639 1929 enim
1665 1871 1838 1935 video,

264 1994 350 2033 cur
391 1978 556 2032 etiam
594 1975 824 2032 Cetbura
867 1983 984 2043 post
1032 1969 1210 2025 uxoris
1249 1977 1475 2022 mortem
1516 1965 1710 2030 ducta,
1742 1961 1842 2016 nisi

266 2078 476 2139 propter
498 2067 602 2120 hoc
626 2065 956 2136 mysterium,
979 2062 1119 2115 dicta
1141 2061 1208 2114 sit
1231 2057 1546 2113 concubina.
1575 2055 1677 2110 Sed
1699 2054 1844 2124 quis-

265 2161 374 2231 quis
404 2160 524 2214 haec
561 2173 666 2213 non
698 2159 809 2212 vult
837 2157 888 2212 in
919 2155 1035 2210 istis
1064 2152 1536 2222 signiﬁcationibus
1565 2149 1840 2218 accipere,

266 2269 362 2308 non
390 2251 746 2308 calumnietur
775 2248 1026 2304 Abrahw.
1056 2245 1194 2312 Quid
1233 2245 1279 2298 si
1321 2243 1464 2298 enim
1495 2251 1547 2296 et
1577 2241 1678 2294 hoc
1718 2253 1842 2308 pro-

265 2346 430 2401 visum
459 2353 546 2399 est
580 2351 764 2398 contra
809 2339 1086 2395 haereticos
1118 2335 1326 2390 futuros
1361 2333 1714 2388 secundarum
1744 2328 1842 2384 ad-

267 2436 532 2492 versarios
571 2434 871 2504 nuptiarum
899 2430 1006 2504 (a),
1032 2437 1090 2484 ut
1127 2428 1179 2482 in
1221 2428 1338 2496 ipso
1382 2435 1531 2495 patre
1559 2423 1844 2478 multarum

264 2528 497 2600 gentium
540 2534 661 2597 post
695 2525 894 2580 obitum
935 2521 1175 2591 conjugis
1216 2519 1409 2574 iterum
1444 2514 1718 2586 conjugari
1747 2513 1844 2569 de-

266 2628 653 2675 monstraretur
699 2634 801 2672 non
851 2630 970 2670 esse
1019 2611 1324 2684 peccatum?
1377 2611 1441 2664 Et
1482 2617 1720 2662 mortuus
1763 2614 1846 2661 est

265 2712 569 2775 Abraham,
610 2724 730 2765 cum
768 2717 913 2764 esset
953 2720 1212 2760 annorum
1255 2710 1470 2757 centum
1516 2698 1844 2769 septuaginta

265 2805 536 2874 quinque”
570 2801 696 2875 (Id.
740 2816 865 2866 xxv,
906 2799 996 2870 7).
1044 2801 1315 2852 Annorum
1353 2810 1480 2864 ergo
1514 2793 1846 2863 septuaginta

266 2898 496 2967 quinque
542 2895 692 2951 Isaac
734 2893 897 2948 ﬁlium
943 2890 1262 2960 dereliquit,
1300 2904 1461 2959 quem
1507 2885 1847 2944 centenarius

264 2987 461 3058 genuit.

266 3098 484 3155 CAPUT
549 3095 767 3153 XXXV.
833 3126 905 3138 —
963 3094 1044 3149 De
1103 3095 1311 3166 geminis
1373 3092 1541 3146 adhuc
1596 3091 1648 3144 in
1701 3098 1843 3144 utero

331 3192 572 3247 Rebeccae
610 3191 786 3244 matris
829 3189 1038 3243 inclusis
1065 3188 1186 3258 quid
1226 3185 1519 3240 indicaverit
1559 3183 1728 3237 diuina
1768 3198 1850 3238 re-

329 3283 563 3353 sponsio.

327 3394 448 3452 Jam
471 3411 538 3450 ex
575 3393 697 3462 hoc,
736 3391 1182 3465 quemadmodum
1231 3405 1325 3460 per
1349 3397 1589 3458 posteros
1621 3386 1847 3442 Abrahae

267 3487 494 3542 civitatis
521 3485 616 3540 Dei
643 3492 970 3555 procurrant
998 3491 1258 3552 tempora,
1287 3481 1578 3535 videamus.
1607 3479 1649 3532 A
1679 3478 1848 3547 primo

266 3578 418 3648 igitur
442 3593 588 3633 anno
614 3577 734 3632 vitae
773 3574 941 3641 Isaac,
963 3587 1129 3644 usque
1155 3572 1223 3627 ad
1255 3571 1642 3642 sexagesimum
1666 3583 1774 3640 quo
1798 3567 1848 3623 ei

268 3672 370 3726 nati
405 3679 535 3726 sunt
563 3669 681 3736 lilii,
712 3668 839 3724 illud
879 3665 1224 3721 memorabile
1269 3672 1373 3729 est,
1421 3661 1562 3732 quod
1607 3675 1727 3714 cum
1775 3659 1847 3713 illi

267 3762 428 3819 Deum
468 3761 676 3833 roganti
709 3769 765 3814 ut
795 3766 1005 3830 pareret
1027 3770 1160 3811 uxor
1188 3755 1326 3825 ejus,
1355 3769 1473 3825 qua:
1493 3751 1690 3809 sterilis
1713 3761 1845 3815 erat,

267 3853 620 3909 concessisset
669 3851 928 3906 Dominus
969 3847 1110 3918 quod
1155 3845 1387 3916 petebat,
1429 3852 1587 3914 atque
1630 3841 1850 3897 haberet

265 3947 346 4001 illa
392 3952 739 4016 conceptum,
789 3941 1090 4013 gestiebant
1134 3938 1331 4009 gemini
1379 3937 1551 3991 adhuc
1603 3935 1654 3990 in
1697 3944 1850 3990 utero

265 4038 374 4109 ejus
398 4037 616 4093 inclusi.
645 4035 757 4104 Qua
789 4032 1029 4089 molestia
1057 4046 1180 4086 cum
1209 4039 1513 4100 angeretur,
1562 4026 1844 4082 Dominum

265 4129 627 4201 interrogavit,
677 4126 986 4197 accepitque
1025 4137 1340 4193 responsum
1371 4138 1383 4173 :
1419 4119 1550 4173 Duae
1589 4127 1756 4190 gentes
1797 4117 1851 4170 in

264 4233 400 4278 utero
425 4233 514 4276 tuo
551 4229 692 4285 sunt,
720 4229 766 4274 et
791 4219 892 4273 duo
920 4215 1096 4287 populi
1143 4215 1205 4268 de
1233 4223 1400 4267 ventre
1429 4220 1512 4265 tuo
1538 4211 1850 4280 separabun-

263 4322 362 4381 tur,
412 4322 465 4368 et
505 4311 725 4385 populus
770 4309 1014 4380 populum
1059 4304 1332 4377 superabit,
1377 4313 1424 4357 et
1463 4304 1627 4374 major
1676 4301 1852 4355 seruiet

262 4406 445 4460 minori
477 4403 496 4475 (
523 4402 685 4469 Ibid.,
719 4402 790 4457 23
810 4402 851 4471 ).
882 4399 1033 4467 Quod
1062 4397 1257 4454 Paulus
1303 4395 1574 4465 apostolus
1599 4408 1850 4464 magnum

263 4496 371 4551 vult
396 4494 621 4564 intelligi
651 4493 835 4563 gratiae
863 4491 1242 4546 documentum
1275 4506 1288 4542 :
1319 4489 1442 4557 quia
1471 4486 1705 4541 nondum
1739 4485 1843 4538 illis

263 4589 418 4654 natis,
451 4601 552 4642 nec
575 4585 776 4656 aliquid
813 4584 1091 4654 agentibus
1119 4582 1246 4637 boni
1271 4595 1366 4634 seu
1392 4580 1540 4645 mali,
1571 4579 1686 4634 sine
1731 4578 1851 4633 ullis

259 4677 416 4734 bonis
440 4678 650 4734 meritis
677 4677 891 4746 eligitur
914 4675 1107 4740 minor,
1133 4673 1336 4741 majore
1364 4671 1644 4740 reprobate
1672 4669 1847 4740 (Rom.

260 4783 337 4838 ιι,
368 4769 584 4840 1143)
620 4766 872 4839 :quando
911 4765 1097 4835 procul
1143 4763 1326 4830 dubio,
1372 4771 1626 4832 quantum
1660 4761 1849 4816 attinet

258 4859 325 4916 ad
374 4861 639 4931 originale
683 4868 978 4929 peccatum,
1009 4855 1167 4911 ambo
1195 4868 1351 4924 pares
1375 4861 1567 4916 erant;
1596 4861 1849 4922 quantum

259 4961 438 5010 autem
470 4953 537 5008 ad
578 4951 850 5022 proprium
878 4990 894 5015 ,
938 4950 1098 5005 ullius
1138 4963 1322 5004 eorum
1353 4947 1548 5001 nullum
1579 4955 1712 5000 erat.
1743 4944 1850 5000 Sed

257 5061 401 5104 nunc
427 5046 498 5102 de
521 5045 624 5100 hac
651 5061 711 5100 re
735 5044 915 5100 dicere
942 5041 1142 5112 aliquid
1186 5041 1344 5097 latius
1367 5082 1381 5107 ,
1410 5038 1637 5095 instituti
1673 5039 1852 5109 operis

263 5139 404 5193 ratio
449 5153 561 5194 non
599 5137 744 5201 sinit,
773 5135 914 5190 unde
941 5143 996 5188 et
1022 5134 1077 5188 in
1119 5134 1237 5188 aliis
1269 5133 1376 5202 jam
1407 5131 1570 5185 multa
1597 5131 1848 5186 diximus.

257 5227 414 5297 Quod
441 5237 623 5283 autem
652 5227 851 5282 dictum
899 5234 1000 5289 est,
1037 5223 1211 5296 Major
1235 5225 1413 5279 serviet
1440 5223 1640 5283 minori.
1684 5237 1843 5276 nemo

257 5319 370 5377 fere
399 5329 648 5376 nostrum
675 5319 829 5375 aliter
868 5318 1148 5383 intellexit,
1194 5332 1357 5387 quam
1391 5316 1648 5385 majorem
1687 5330 1850 5385 popu-

256 5411 367 5467 lum
398 5411 710 5467 Judaorum
742 5411 933 5466 minori
956 5410 1151 5480 populo
1176 5409 1479 5464 Christiano
1505 5409 1845 5463 serviturum.

317 5541 338 5572 ί
374 5547 504 5604 vos,
524 5538 640 5603 ipsi,
658 5540 803 5604 deest
831 5540 882 5590 in
905 5540 1075 5604 editis;
1099 5539 1190 5592 sed
1211 5539 1418 5590 habetur
1442 5541 1492 5589 in
1514 5539 1850 5601 manuscriptls

256 5610 307 5653 et
327 5601 462 5666 apud
479 5601 805 5666 Sejituaginta.

320 5667 342 5696 ²
360 5662 483 5726 'tioc
514 5662 566 5714 et
607 5662 825 5726 proximo
855 5662 964 5714 loco
991 5663 1148 5726 abest,
1172 5663 1395 5726 quinque,
1433 5676 1460 5726 a
1492 5662 1846 5726 manuscriptis.

322 5677 342 5696 '
379 5677 483 5714 Hoc
514 5677 566 5714 ει
639 5677 825 5713 roxuno
858 5677 964 5714 1000
991 5677 1148 5724 aDGSI,
1172 5677 1286 5726 quin
1319 5677 1395 5722 ue,
1433 5677 1460 5711 a
1492 5677 1846 5723 manuscrlpus.

322 5725 401 5786 (α)
702 5725 1228 5798 ηυριίλῖοέιτέιριιηερε
1250 5677 1413 5798 nillil?
1426 5723 1851 5798 “renewed”?

253 5785 395 5852 ferre
418 5788 709 5852 censebant,
733 5785 788 5852 ut
801 5788 970 5852 scibit
984 5785 1276 5852 Augustinus
1289 5788 1340 5839 in
1352 5785 1477 5839 libro
1489 5786 1555 5838 de
1573 5785 1851 5837 uaresibus

253 5850 316 5900 ad
332 5847 748 5912 quadvnltdetun,
767 5848 888 5903 bar.
910 5847 988 5901 26.

1450 379 1657 438 unca
1693 375 1992 435 beamus
2027 375 2314 448 senos.

3408 375 3516 433 ω

1948 497 2013 552 Et
2037 512 2223 550 revera
2251 497 2495 567 quamvis
2518 496 2570 552 in
2606 504 2763 567 gente
2805 495 3179 561 ldummorum,
3229 509 3349 566 qua:
3394 504 3517 550 nata

1947 598 2030 646 est
2056 589 2124 645 de
2153 589 2377 659 majore,
2424 591 2509 646 cui
2535 590 2642 646 duo
2667 593 2881 646 nomina
2909 599 3064 647 erant
3091 591 3252 662 (nam
3282 597 3335 644 et
3377 588 3518 643 Esau

1950 682 2256 748 vocabatur,
2287 692 2341 738 et
2359 682 2551 750 Edom,
2572 683 2714 739 unde
2743 683 2991 756 ldummi)
3020 725 3034 748 ,
3065 683 3168 738 hoc
3194 682 3362 738 videri
3392 697 3514 752 pos-

1946 772 2014 828 sit
2043 773 2349 843 impletum;
2381 773 2501 844 quia
2523 784 2708 844 postea
2734 776 3030 844 superanda
3062 775 3235 831 fuerat
3253 790 3281 828 a
3301 774 3515 845 populo,

1946 868 2033 937 qui
2063 877 2212 922 ortus
2240 878 2322 922 est
2348 883 2414 922 ex
2443 869 2666 934 minore,
2698 869 2750 924 id
2778 879 2860 924 est
2878 868 3192 935 Israelitico,
3223 869 3378 938 eique
3405 866 3518 922 lue-

1947 970 2027 1014 rat
2053 958 2227 1014 futura
2256 959 2491 1029 subjecta
2527 978 2539 1014 :
2569 969 2741 1015 tamen
2769 962 2820 1016 in
2850 962 3048 1033 aliquid
3069 961 3238 1031 majus
3261 963 3517 1017 intentam

1947 1048 2108 1104 fuisse
2139 1050 2291 1105 istam
2343 1051 2696 1120 prophetiam,
2743 1068 2845 1122 qua
2883 1054 3080 1108 dictum
3132 1063 3234 1119 est,
3285 1053 3519 1124 Populus

1947 1139 2191 1211 populum
2211 1142 2486 1211 superabit,
2514 1153 2562 1196 et
2585 1144 2750 1213 major
2772 1145 2948 1198 seruiet
2976 1145 3176 1210 minori,
3199 1145 3520 1200 convenien-

1947 1234 2050 1288 tius
2077 1234 2328 1288 creditur.
2353 1235 2420 1288 Et
2441 1233 2570 1304 quid
2598 1242 2681 1289 est
2709 1234 2828 1300 hoc,
2859 1235 2960 1290 nisi
2987 1237 3128 1306 quod
3154 1235 3208 1290 in
3245 1235 3442 1292 Judais
3467 1245 3521 1290 et

1943 1325 2258 1381 Christianis
2280 1327 2552 1383 evidenter
2572 1328 2852 1397 impletur?

1944 1438 2169 1495 CAPUT
2196 1439 2434 1494 XXXVI.
2469 1471 2541 1480 —
2566 1440 2647 1496 De
2672 1443 2876 1497 oraculo
2903 1453 2951 1496 et
2985 1443 3343 1509 benedictione,
3370 1461 3518 1514 quant

2015 1529 2166 1583 Isaac
2194 1548 2294 1584 non
2323 1531 2471 1585 aliter
2497 1549 2646 1603 quam
2678 1543 2822 1604 pater
2859 1534 3042 1603 ipsius,
3090 1536 3265 1590 nterito
3299 1536 3522 1604 ejusdem

2018 1622 2231 1677 dilectus
2263 1625 2302 1687 ί,
2335 1624 2545 1691 accepit.

2017 1739 2235 1808 Accepit
2257 1741 2414 1796 etiam
2441 1741 2585 1798 Isaac
2609 1741 2881 1797 oraculum
2908 1742 3030 1806 tale,
3062 1741 3216 1812 quale
3244 1741 3522 1812 aliquoties

1946 1840 2095 1900 pater
2136 1826 2250 1902 ejus
2277 1845 2568 1904 acceperat.
2621 1836 2696 1892 De
2741 1852 2846 1905 quo
2887 1836 3103 1890 oraculo
3150 1835 3228 1890 sic
3270 1837 3522 1908 scriptum

1945 1932 2064 1977 est:
2100 1923 2262 1978 Facta
2287 1936 2358 1980 est
2382 1937 2548 1980 autent
2592 1932 2750 1998 fames
2795 1945 2945 1998 super
2970 1938 3175 1996 terram,
3226 1940 3407 1999 prwter
3450 1933 3522 2000 fa-

1945 2030 2076 2068 mem
2093 2032 2206 2086 qute
2230 2018 2368 2086 prius
2389 2023 2524 2088 facta
2551 2030 2620 2072 est
2641 2019 2693 2071 in
2733 2029 2950 2089 tempore
2976 2020 3211 2075 Abrahaz.
3251 2020 3386 2074 Abiit
3423 2037 3522 2072 au-

1946 2115 2042 2159 tem
2071 2105 2221 2160 Isaac
2250 2109 2316 2162 ad
2332 2108 2615 2164 Abimeleclt
2635 2128 2800 2180 regem
2830 2109 3211 2167 Philistinorum
3230 2114 3280 2167 in
3308 2112 3518 2168 Geram.

1945 2199 2195 2269 Apparuit
2217 2211 2385 2254 autent
2401 2201 2476 2256 illi
2503 2201 2770 2268 Dominus,
2800 2215 2846 2257 et
2881 2205 3044 2258 dixit:
3077 2203 3200 2258 Noli
3225 2206 3518 2260 descendere

1946 2291 1998 2343 in
2025 2290 2350 2362 Egyptian:
2382 2294 2551 2348 habita
2593 2306 2755 2350 autent
2783 2297 2835 2350 in
2875 2305 3010 2351 terra
3037 2314 3184 2368 quant
3216 2299 3301 2351 tibi
3325 2298 3519 2363 dixero,

1947 2392 1992 2436 et
2020 2383 2180 2438 incole
2222 2387 2273 2438 in
2317 2395 2448 2439 terra
2478 2390 2572 2441 hac
2589 2406 2610 2454 ,'
2641 2399 2686 2442 et
2718 2406 2802 2442 ero
2836 2399 3016 2457 tecum,
3049 2401 3094 2444 et
3138 2391 3426 2444 benedicam
3450 2402 3517 2445 te.

1948 2473 2062 2528 Tibi
2092 2477 2225 2530 enim
2271 2489 2318 2531 et
2345 2481 2523 2534 semini
2560 2490 2643 2534 tuo
2669 2482 2800 2536 dabo
2839 2501 3036 2539 omnem
3065 2494 3250 2539 terram
3277 2487 3406 2541 hanc
3440 2497 3520 2542 :et

1947 2576 2164 2622 statuam
2184 2570 2534 2639 jurantentum
2569 2589 2732 2626 meum
2757 2575 2890 2642 quod
2908 2577 3083 2647 juraui
3129 2577 3344 2630 Abrahae
3391 2579 3521 2647 patri

1950 2671 2034 2716 tuo
2063 2680 2080 2723 ;
2107 2671 2152 2715 et
2180 2663 2524 2734 multiplicabo
2548 2683 2716 2720 semen
2749 2676 2891 2720 tuum
2931 2677 3170 2738 tanquam
3193 2667 3368 2723 stellas
3392 2669 3520 2734 caeli,

1947 2762 1994 2806 et
2024 2753 2152 2807 dabo
2168 2755 2344 2808 semini
2361 2765 2447 2809 tuo
2472 2773 2751 2822 omnemnc,
2781 2766 2826 2810 et
2853 2757 3204 2812 benedicentur
3228 2768 3412 2812 terram
3438 2758 3505 2811 ha

1948 2843 1998 2895 in
2025 2845 2212 2897 semine
2241 2854 2326 2898 tuo
2357 2862 2527 2900 omnes
2555 2858 2724 2916 gentes
2750 2857 2917 2914 teme,
2951 2866 3042 2918 pro
3068 2866 3123 2902 eo
3152 2849 3288 2920 quod
3313 2847 3520 2904 obaudio

1948 2935 2015 2987 uit
2043 2933 2295 2989 Abraham
2323 2949 2464 3006 pater
2490 2949 2603 2992 tuus
2631 2955 2798 2992 uocem
2822 2956 3004 3006 meam,
3034 2949 3079 2993 et
3103 2941 3370 2994 custodiuit
3397 2955 3504 3010 pra!

1949 3036 2094 3094 cepta
2140 3043 2267 3092 mea,
2313 3037 2358 3080 et
2399 3029 2640 3082 mandata
2687 3046 2817 3094 mea,
2859 3040 2905 3083 et
2929 3031 3324 3099 justiﬁcationes
3367 3048 3520 3098 meas,

1951 3129 1998 3172 et
2027 3119 2252 3199 legitima
2279 3136 2386 3173 mea
2407 3119 2425 3192 (
2449 3120 2576 3176 Gen.
2608 3139 2750 3188 xxvr,
2786 3121 2941 3194 1-5).
2978 3123 3081 3177 Iste
3111 3124 3407 3192 patriarcha
3431 3139 3520 3180 nec

1953 3228 2175 3266 uxorem
2204 3212 2388 3268 habuit
2421 3213 2597 3279 aliam,
2632 3230 2730 3269 nec
2756 3214 2987 3284 aliquam
3015 3215 3363 3270 concubinam
3387 3256 3402 3280 ,
3428 3214 3522 3269 sed

1950 3305 2259 3374 posteritate
2321 3305 2547 3360 duorum
2612 3306 2946 3376 geminorum
2994 3321 3061 3361 ex
3087 3321 3192 3360 uno
3246 3305 3522 3360 concubitu

1951 3407 2347 3466 procreatorum
2387 3408 2667 3454 contentus
2710 3399 2825 3454 fuit.
2859 3398 3056 3453 Timuit
3081 3413 3209 3454 sane
3233 3398 3390 3453 etiam
3415 3396 3525 3466 ipse

1949 3491 2242 3560 periculum
2275 3491 2342 3546 de
2386 3491 2777 3562 pulchritudine
2805 3492 3044 3562 conjugis
3067 3533 3082 3559 ,
3113 3506 3234 3547 cum
3264 3489 3526 3548 habitaret

1951 3582 2091 3636 inter
2116 3583 2338 3648 alienos,
2382 3583 2609 3654 fecitque
2655 3584 2795 3654 quod
2841 3593 3011 3653 pater,
3037 3593 3092 3638 ut
3142 3599 3258 3638 eam
3288 3597 3528 3637 sororem

1951 3673 2168 3739 diceret,
2201 3685 2404 3730 taceret
2437 3691 2653 3731 uxorem
2689 3693 2701 3730 :
2734 3685 2848 3731 erat
2877 3675 3018 3730 enim
3043 3674 3092 3728 ei
3123 3673 3412 3744 propinqua
3438 3687 3528 3744 pa-

1953 3775 2105 3822 terno
2130 3776 2184 3821 et
2208 3777 2449 3821 materno
2476 3767 2732 3838 sanguine
2759 3785 2772 3822 :
2803 3767 2897 3822 sed
2923 3767 3082 3821 etiam
3103 3766 3216 3836 ipsa
3245 3765 3312 3821 ab
3341 3764 3528 3821 alieni-

1951 3859 2101 3928 genis
2129 3860 2170 3925 ',
2195 3860 2405 3929 cognito
2425 3860 2565 3929 quod
2593 3875 2725 3914 uxor
2754 3860 2870 3930 ejus
2898 3870 3061 3927 esset,
3091 3859 3284 3914 mansit
3312 3859 3526 3915 intacta.

1953 3950 2060 4006 Nec
2096 3951 2218 4006 ideo
2243 3961 2418 4007 tamen
2459 3953 2618 4008 istum
2647 3953 2782 4024 patri
2814 3952 2928 4024 ejus
2971 3953 3224 4024 praeferre
3251 3952 3528 4021 debemus,

1953 4043 2074 4112 quia
2111 4043 2212 4099 iste
2250 4044 2447 4099 nullam
2500 4044 2749 4100 feminam
2803 4054 2996 4115 praeter
3045 4059 3203 4100 unam
3251 4044 3530 4116 conjugem

1955 4145 2192 4191 noverat.
2237 4137 2400 4191 Erant
2441 4137 2584 4191 enim
2631 4137 2816 4206 procul
2844 4136 3006 4191 dubio
3031 4145 3267 4206 paterna:
3303 4136 3426 4192 ﬁdei
3478 4144 3530 4192 et

1953 4227 2267 4282 obedientite
2297 4228 2484 4284 merita
2512 4228 2738 4298 potiora,
2762 4228 2814 4282 in
2837 4237 3040 4283 tantum
3069 4241 3124 4283 ut
3145 4238 3362 4298 propter
3382 4228 3528 4284 illum

1954 4317 2095 4373 dicat
2127 4320 2282 4383 Deus,
2318 4321 2440 4375 huic
2464 4337 2524 4377 se
2557 4319 2734 4376 facere
2773 4320 2910 4375 bona
2939 4336 3059 4389 qua)
3107 4320 3232 4374 facit
3261 4337 3274 4373 :
3307 4319 3528 4375 Benedi-

1953 4420 2147 4472 centur,
2179 4412 2364 4482 inquit,
2392 4416 2446 4466 in
2475 4413 2662 4465 semine
2687 4422 2771 4466 tuo
2807 4429 2976 4466 omnes
3015 4421 3184 4482 gentes
3231 4420 3396 4477 terrai,
3440 4428 3529 4480 pro

1954 4517 2011 4556 eo
2032 4502 2168 4571 quod
2187 4502 2438 4556 obaudivit
2455 4503 2710 4556 Abraham
2753 4514 2896 4573 pater
2940 4511 3055 4556 tuus
3081 4519 3249 4557 vocem
3273 4518 3455 4567 meam,
3484 4512 3530 4556 et

1953 4594 2216 4646 custodiuit
2242 4603 2494 4664 praecepta
2521 4611 2653 4660 mea,
2693 4603 2738 4646 et
2769 4593 3010 4648 mandata
3039 4611 3170 4662 mea,
3201 4604 3244 4649 et
3266 4593 3530 4665 justi/ica-

1954 4686 2112 4738 tiones
2135 4701 2289 4749 meas,
2321 4696 2368 4739 et
2387 4687 2610 4757 legitima
2643 4703 2774 4741 mea.
2817 4687 2886 4740 Et
2913 4687 3019 4742 alio
3043 4701 3232 4742 rursus
3269 4686 3485 4742 oraculo
3513 4702 3529 4739 :

1955 4779 2065 4851 Ego
2082 4796 2212 4844 sum,
2228 4781 2415 4851 inquit,
2443 4780 2575 4834 Deus
2599 4779 2856 4834 Abraham
2878 4782 3036 4852 patris
3060 4782 3167 4834 tui:
3191 4780 3296 4834 noli
3325 4779 3528 4842 timere;

1953 4882 2116 4928 tecum
2144 4875 2276 4929 enim
2303 4891 2432 4940 sum,
2465 4885 2510 4928 et
2543 4875 2771 4929 benedixi
2803 4885 2868 4943 te,
2917 4885 2962 4928 et
2995 4872 3338 4944 multiplicabo
3364 4880 3530 4924 semen

1955 4979 2097 5024 tuum
2125 4980 2328 5040 propter
2371 4971 2627 5025 Abraham
2672 4981 2868 5041 patrent
2914 4980 3054 5023 tuum
3097 4965 3404 5039 (1ὁὶά.24)·
3459 4963 3530 5020 Ut

1955 5061 2310 5135 intelligamus
2339 5081 2496 5135 quam
2524 5073 2671 5120 caste
2713 5064 2981 5118 Abraham
3022 5061 3225 5124 fecerit,
3258 5057 3399 5129 quod
3428 5058 3528 5114 ho-

1955 5155 2184 5210 minibus
2207 5156 2485 5224 impudicis
2512 5165 2567 5210 et
2593 5154 2840 5224 nequitiae
2860 5169 2971 5206 sua:
2996 5151 3062 5206 de
3089 5149 3375 5222 Seripturis
3401 5164 3528 5204 san-

1953 5248 2053 5302 ctis
2080 5248 2368 5317 patrocinia
2398 5247 2791 5317 requirentibus
2816 5245 3022 5300 videtur
3048 5244 3235 5300 fecisse
3264 5242 3480 5298 libidine
3510 5260 3526 5298 :

1953 5337 2148 5394 deinde
2176 5349 2232 5394 ut
2261 5341 2416 5394 etiam
2449 5340 2551 5392 hoc
2577 5337 2901 5403 noverimus,
2934 5350 3041 5392 non
3071 5352 3134 5391 ex
3162 5335 3315 5390 bonis
3333 5335 3526 5405 singu-

1953 5433 2018 5488 lis
2052 5432 2192 5487 inter
2239 5447 2298 5488 se
2339 5431 2583 5486 homines
2619 5445 2966 5501 comparare,
2996 5430 3090 5484 sed
3126 5429 3180 5484 in
3210 5443 3530 5499 unoquoque

1953 5525 2352 5583 consideremus
2391 5525 2658 5580 universa.
2686 5509 2827 5578 Fieri
2856 5522 2998 5578 enim
3031 5530 3223 5592 potest,
3258 5529 3314 5576 ut
3336 5519 3532 5576 habeat

1953 5622 2149 5693 aliquid
2172 5622 2222 5676 in
2247 5622 2349 5675 vita
2375 5629 2429 5675 et
2453 5619 2691 5674 moribus
2702 5617 2961 5687 quispiam
2978 5633 3083 5687 quo
3104 5621 3322 5686 superat
3342 5615 3526 5682 alium,

2015 5780 2031 5810 ί
2067 5779 2138 5828 sic
2159 5784 2264 5826 Mss.
2292 5783 2343 5824 Al.
2364 5774 2502 5836 editi,
2521 5772 2691 5827 merito
2709 5769 2928 5836 ejusdem
2945 5783 3003 5824 ac
3023 5767 3293 5825 dilectione.

2015 5843 2036 5874 ³
2068 5847 2197 5901 Mss,
2219 5836 2280 5890 ab
2303 5835 2488 5890 alienis.
