4054 6472
232 365 328 436 υτ

289 480 343 548 .3.
373 477 612 556 yet-gens
637 475 822 546 itaque
843 467 1354 548 inlesopqtamiam
1376 467 1562 552 Jacob.
1591 471 1644 530 in
1671 484 1814 548 som-

231 573 306 632 nis
329 571 536 640 accepit
579 567 860 660 organum
885 607 904 632 ,
933 565 1002 660 de
1025 579 1136 660 quo
1183 563 1264 618 sic
1291 563 1546 633 scriptum
1585 571 1708 660 est}
1747 559 1816 618 Et

229 665 337 722 edit
355 661 520 724 Jacob
537 677 572 716 a
595 653 764 716 Puteo
787 657 1061 734 iurationis
1082 698 1096 724 ,
1129 665 1174 710 et
1206 657 1462 728 profectus
1486 664 1556 710 est
1581 655 1632 708 in
1656 653 1814 710 Char-

229 773 357 824 rain,
387 763 432 808 et
458 751 656 808 deuenit
681 751 734 806 in
785 751 954 806 locum
977 789 992 816 ,
1025 757 1070 804 et
1101 747 1336 814 dormivit
1383 745 1450 800 ibi
1495 760 1514 800 :
1564 746 1816 800 occiderat

228 849 348 908 enim
375 845 502 902 sol:
529 853 580 914 et
614 843 829 916 suntpsit
875 857 940 898 es
981 840 1234 912 lapidibus
1262 839 1396 906 loci,
1445 847 1494 892 et
1541 839 1708 909 posuit
1747 837 1814 890 ad

228 949 370 1012 caput
393 953 544 1010 suun;
563 975 580 1006 ,
611 945 660 1000 et
691 935 925 1004 dormivit
954 934 1006 986 ia
1051 933 1160 988 loco
1187 931 1276 986 illo
1297 973 1310 996 ,
1340 939 1388 985 et
1434 931 1718 984 somniavit.
1746 929 1815 983 Et

228 1049 324 1086 ecce
348 1031 492 1096 scala
517 1029 742 1098 stabilita
767 1043 922 1098 super
956 1035 1146 1104 terram
1165 1065 1182 1090 ,
1211 1025 1356 1096 cujus
1382 1033 1532 1106 caput
1557 1023 1812 1094 pertinge-

230 1127 303 1178 liat
321 1123 390 1176 ad
419 1123 602 1178 cclum
623 1135 643 1176 .‘
665 1129 712 1176 et
741 1119 919 1190 Angeli
943 1117 1046 1186 ,Dei
1081 1101 1413 1190 ascendebant
1462 1125 1507 1170 et
1545 1115 1816 1168 descende-

228 1216 334 1270 bant
365 1228 460 1282 per
501 1210 680 1276 illam;
725 1219 772 1266 et
802 1189 1048 1264 Dominus
1089 1189 1404 1260 incumbebat
1445 1221 1598 1276 super
1638 1205 1813 1268 illam;

227 1317 266 1361 et
284 1305 453 1360 dixit:
495 1302 608 1378 Ego
650 1319 762 1362 sum
805 1301 944 1372 Deus
988 1299 1244 1364 Abraham
1281 1299 1440 1370 patris
1479 1297 1570 1368 tui,
1601 1307 1644 1374 et
1673 1296 1815 1351 Deus

228 1395 408 1468 Isaac,
463 1394 572 1472 noli
611 1395 782 1450 timere
823 1408 844 1450 ε
887 1403 1070 1448 terram
1095 1392 1148 1458 in
1183 1407 1286 1462 qua
1335 1400 1388 1444 tu
1428 1389 1618 1444 dormis
1666 1406 1815 1460 super

229 1488 390 1560 eam‘,
415 1487 510 1548 tibi
555 1485 685 1560 dabo
721 1485 884 1552 illaut,
939 1493 984 1538 et
1032 1482 1209 1560 semini
1253 1490 1384 1536 tuo:
1423 1490 1468 1534 et
1508 1481 1600 1534 erit
1647 1495 1814 1534 semen

229 1559 382 1636 tuum.
410 1580 539 1634 sicut
563 1559 733 1634 arena
778 1587 958 1642 terrai;
1003 1583 1050 1630 et
1098 1559 1394 1628 dildtabitur
1436 1589 1585 1642 super
1636 1569 1810 1638 Mare,

229 1673 332 1726 etin
355 1671 614 1744 Africum,
634 1679 682 1724 et
707 1669 760 1724 in
787 1667 1106 1744 Aquilonem,
1129 1674 1174 1718 et
1191 1665 1258 1716 ad
1288 1661 1583 1716 Orientem:
1611 1671 1654 1714 et
1676 1661 1814 1716 bene-

230 1741 454 1818 dicentur
473 1761 530 1814 in
553 1741 604 1818 te
624 1776 795 1816 omnes
821 1741 979 1832 tribus
1018 1767 1164 1810 terrte
1183 1797 1196 1822 ,
1221 1765 1266 1808 et
1297 1757 1348 1808 in
1393 1755 1582 1808 semine
1614 1763 1720 1808 tuo.
1745 1751 1812 1807 Et

229 1871 328 1908 ecce
351 1869 446 1926 ego
467 1869 582 1922 sum
611 1861 774 1908 tecum
798 1893 812 1918 ,
839 1849 1126 1926 custodiens
1167 1857 1212 1900 te
1235 1849 1288 1900 in
1311 1847 1444 1900 omni
1475 1847 1552 1899 via
1577 1863 1814 1916 quacum-

228 1963 312 2018 que
335 1945 472 2014 ibis;
495 1954 542 2000 et
563 1943 804 2008 reducam
825 1942 942 1996 tein
963 1950 1150 1994 terram
1177 1939 1310 1992 hanc
1331 1955 1348 1993 :
1373 1941 1488 2010 quia
1519 1956 1620 1992 non
1643 1949 1690 1994 te
1721 1939 1812 1992 de-

228 2039 526 2111 relinquam,
545 2019 702 2100 donec
727 2023 920 2108 faciam
936 2034 1126 2098 omnia,
1150 2048 1261 2104 qua:
1279 2042 1440 2086 tecum
1465 2033 1660 2086 loeutus
1681 2049 1811 2086 sunt.

228 2130 290 2186 Et
315 2129 536 2198 surrexit
563 2125 724 2182 Iacob
748 2126 810 2180 de
837 2143 1013 2180 somno
1039 2141 1130 2180 suo
1151 2166 1165 2190 ,
1195 2133 1242 2178 et
1267 2124 1392 2178 dixit
1428 2140 1446 2176 .'
1478 2125 1610 2192 Quia
1639 2123 1812 2176 Domi-

230 2239 316 2278 nus
341 2233 416 2276 est
451 2219 506 2296 in
527 2221 638 2274 loco
668 2219 761 2272 hoc
782 2261 796 2282 ,
828 2235 917 2290 ego
971 2227 1138 2290 autem
1183 2213 1479 2268 nesciebam.
1515 2213 1578 2266 Et
1611 2215 1770 2268 timuit
1797 2255 1810 2282 ,

229 2323 272 2368 et
293 2313 423 2370 dixit
453 2328 473 2368 :
503 2311 670 2390 Quam
708 2311 943 2366 ttrribilis
975 2310 1113 2362 locus
1145 2307 1260 2362 hic!
1297 2323 1397 2360 non
1427 2316 1499 2360 est
1529 2303 1622 2358 lioc
1667 2307 1686 2336 ²
1718 2306 1816 2358 nisi

229 2405 398 2460 donius
417 2403 544 2470 Dei,
575 2413 620 2458 et
642 2403 748 2466 liam
775 2415 922 2474 porta
949 2412 1018 2456 est
1046 2400 1177 2454 cceli.
1205 2397 1270 2452 Et
1306 2401 1526 2453 surrexit
1551 2395 1711 2452 Jaeob
1731 2440 1744 2464 ,
1771 2410 1815 2451 et

229 2500 434 2569 sumpsit
465 2497 690 2570 lapidem
718 2513 862 2560 quem
886 2495 1152 2566 supposuit
1183 2493 1248 2546 ibi
1276 2491 1296 2522 ³
1323 2493 1388 2544 ad
1407 2503 1562 2562 caput
1582 2534 1596 2560 ,
1627 2503 1672 2545 et
1709 2503 1817 2546 sta-

233 2595 316 2646 tuit
335 2592 488 2646 illum
513 2591 567 2646 in
601 2592 832 2654 titulum,
877 2599 924 2644 et
962 2587 1248 2660 superfudit
1279 2587 1444 2650 oleum
1483 2585 1534 2638 iu
1579 2600 1818 2636 cacumen

233 2686 363 2755 ejus:
381 2695 428 2740 et
449 2685 636 2738 vocavit
654 2682 813 2736 Jacob
833 2697 1014 2734 nomen
1032 2681 1128 2732 loci
1145 2679 1302 2744 illius,
1327 2676 1521 2730 Domus
1547 2675 1640 2730 Dei
1664 2673 1813 2748 (Gen.

231 2791 404 2842 nvm,
427 2775 641 2846 10-19).
666 2774 778 2830 Hoc
795 2773 860 2827 ad
875 2759 1214 2844 prophetiam
1249 2770 1479 2842 pertinet
1506 2786 1518 2822 :
1547 2785 1641 2822 nec
1669 2783 1818 2820 more

231 2870 540 2940 idololatria:
567 2869 802 2940 lapidem
829 2867 1062 2938 perfudit
1087 2867 1206 2922 oleo
1235 2864 1422 2928 Jacob,
1451 2863 1594 2916 velut
1617 2861 1817 2916 faciens

231 2963 368 3020 illum
401 2961 600 3030 deum;
627 2976 804 3034 neque
831 2961 974 3016 enim
1001 2958 1242 3012 adoravit
1270 2955 1517 3012 currulem
1547 2953 1774 3024 lapidem
1801 2993 1816 3018 ,

235 3057 312 3112 vel
337 3059 386 3112 ei
419 3053 882 3124 sacriﬁcavit:_sed
905 3052 1160 3122 quoniam
1187 3049 1382 3104 Christi
1405 3063 1602 3102 nomen
1621 3061 1650 3099 a
1677 3045 1816 3100 chri-

233 3157 394 3205 smate
419 3159 542 3218 est,
575 3149 630 3204 id
659 3157 742 3204 est
767 3147 834 3201 ab
857 3145 1141 3211 unctione;
1165 3141 1404 3214 profecto
1433 3143 1714 3212 liguratum
1743 3147 1825 3192 est

234 3241 312 3298 hic
335 3241 562 3312 aliquid,
589 3241 732 3312 quod
753 3239 820 3298 ad
837 3254 1086 3308 magnum
1115 3237 1383 3308 pertineat
1404 3242 1821 3288 sacramentum.

235 3329 438 3387 Scalam
465 3347 592 3386 vero
641 3331 797 3386 istam
836 3330 1147 3398 intelligitur
1177 3329 1288 3398 ipse
1317 3325 1560 3382 Salvator
1591 3323 1744 3377 nobis
1773 3321 1826 3376 in

233 3425 546 3480 memoriam
577 3436 830 3494 revocare
861 3421 912 3474 iu
943 3418 1266 3489 Evangelio,
1305 3415 1396 3472 ubi
1434 3431 1556 3470 cum
1603 3413 1827 3468 dixisset

235 3515 294 3572 de
341 3515 714 3582 Natlianaele,
767 3511 900 3568 Ecce
942 3527 1050 3564 vere
1109 3507 1378 3574 Israelita,
1431 3501 1483 3560 in
1525 3523 1621 3578 quo
1678 3505 1826 3558 dolus

233 3623 326 3660 non
353 3617 461 3672 est;
501 3606 624 3678 quia
659 3603 815 3658 Israel
848 3603 1050 3657 viderat
1079 3603 1230 3656 istam
1271 3599 1530 3654 visionem
1555 3639 1568 3660 ,
1607 3597 1718 3668 ipse
1747 3605 1827 3649 est

235 3701 368 3756 enim
393 3699 564 3754 Jacob
595 3715 608 3752 :
640 3696 830 3752 eodem
860 3695 980 3750 loco
1008 3695 1082 3748 ait
1109 3736 1124 3758 ,
1155 3691 1337 3756 Amen,
1363 3707 1510 3744 amen
1534 3687 1646 3741 dico
1669 3687 1825 3754 vobis,

235 3794 456 3846 uidebitis
477 3793 658 3870 ccelum
685 3799 916 3859 apertum
947 3829 963 3854 ,
995 3798 1040 3841 et
1069 3785 1287 3864 Angelos
1315 3783 1410 3838 Dei
1434 3782 1756 3836 ascendentes
1785 3791 1830 3834 et

235 3885 589 3938 descendentes
621 3899 773 3954 super
803 3879 1002 3970 Figunt
1029 3879 1248 3932 hominis
1297 3875 1469 3952 (Joan.
1509 3877 1560 3940 1,
1585 3873 1652 3960 ᾂἹ
1675 3915 1688 3940 ,
1712 3871 1827 3944 51).

299 3977 352 4032 5.
377 3977 627 4050 Perrexit
651 3951 778 4046 ergo
803 3951 970 4030 Jacob
1011 3975 1066 4028 in
1098 3971 1530 4042 Mesopotamiam
1559 4012 1573 4038 ,
1605 3951 1670 4023 ἰιι
1709 3967 1832 4022 inde

235 4075 758 4148 acciperetuxorcm.
779 4067 928 4148 Unde
943 4075 1120 4138 autem
1141 4067 1214 4120 illi
1232 4065 1722 4136 accideritquatuor
1742 4064 1833 4116 ha-

239 4149 628 4228 beret‘eii'iinas,
647 4161 714 4216 de
740 4147 931 4232 quibus
957 4159 1236 4216 duodecim
1257 4159 1394 4212 ﬁlios
1415 4167 1469 4212 et
1493 4175 1648 4213 unam
1674 4157 1833 4212 ﬁliam

235 4257 572 4326 procreavit,
603 4271 723 4320 cum
756 4269 940 4324 earum
969 4253 1172 4306 nullam
1200 4252 1603 4328 concupisceret
1628 4251 1830 4314 illicite,

237 4347 415 4404 divina
442 4348 716 4420 Scriptura
737 4347 952 4402 indicnt.
973 4344 1052 4400 Ad
1071 4359 1228 4398 uuam
1247 4345 1440 4414 quippe
1471 4341 1834 4412 accipiendam

240 4453 454 4498 venerat
475 4439 627 4512 (Gen.
659 4437 812 4514 uix)
834 4457 848 4504 ;
868 4439 961 4494 sed
983 4455 1102 4492 cum
1127 4437 1198 4492 illi
1230 4439 1392 4490 altera
1413 4451 1509 4506 pro
1529 4437 1693 4488 altera
1712 4451 1838 4505 sup-

237 4537 404 4606 posita
423 4535 634 4598 fuisset,
655 4549 754 4588 nec
779 4534 946 4601 ipsam
962 4531 1184 4598 dimisit,
1204 4546 1304 4598 qua
1325 4529 1568 4582 nesciens
1591 4543 1716 4582 usus
1733 4525 1838 4582 fuc-

187 4617 196 4690 λ
235 4613 314 4682 rat
347 4627 402 4682 in
437 4633 600 4680 nocte
625 4667 638 4690 ,
667 4641 735 4678 ne
765 4623 994 4678 ludibrio
1023 4637 1140 4677 eam
1173 4621 1447 4676 videretur
1473 4617 1756 4684 habuis‘se;
1785 4625 1840 4672 ct

233 4734 298 4776 eo
321 4731 570 4788 tempore
593 4758 611 4784 ,
641 4715 854 4788 quando
883 4713 1294 4784 multipliCunda!
1325 4711 1648 4781 posteritatis
1678 4724 1836 4764 causa

243 4811 428 4883 plures
455 4825 652 4866 uxores
677 4810 762 4863 lex
791 4807 934 4862 nulla
965 4805 1319 4878 prohibebat,
1351 4804 1554 4872 accepit
1591 4803 1748 4856 etiam
1779 4803 1839 4856 il-

231 4903 333 4960 lam
353 4947 370 4972 ,
395 4903 486 4960 cui
515 4903 608 4958 uni
648 4903 757 4972 jam
785 4901 950 4956 futuri
976 4899 1212 4970 coniugii
1253 4897 1414 4952 ﬁdem
1445 4897 1663 4950 fecerat.
1709 4897 1842 4961 Quae

233 5009 352 5050 cum
381 5003 531 5050 esset
555 4993 758 5049 sterilis
786 5033 800 5058 ,
833 4991 1078 5046 ancillam
1120 5003 1269 5044 suam
1291 5031 1304 5054 ,
1337 4987 1404 5042 de
1427 5003 1528 5057 qua
1557 4985 1692 5040 ﬁlios
1725 4987 1840 5056 ipsa

233 5089 554 5156 susciperet,
573 5085 774 5140 marito
789 5083 966 5138 dedit:
983 5082 1126 5153 quod
1141 5081 1300 5135 etiam
1323 5079 1498 5148 major
1521 5091 1674 5132 soror
1697 5077 1835 5146 ejus,

231 5179 482 5249 quamvis
532 5176 1138 5248 peperisset,iinitata,
1191 5173 1442 5244 quoniam
1485 5169 1842 5239 inultiplicare

233 5272 443 5340 prolem
462 5269 732 5340 cupiebat,
763 5267 960 5323 eﬂ‘ecit.
985 5267 1192 5322 Nullam
1213 5263 1382 5320 Jacob
1405 5261 1600 5334 legitur
1623 5261 1843 5332 petiisse

229 5371 434 5432 prseter
463 5353 624 5418 unam
646 5403 664 5430 ,
695 5377 796 5417 nec
833 5377 960 5416 usus
1005 5359 1247 5430 plurimis
1273 5357 1376 5412 nisi
1407 5355 1682 5427 gignendae
1721 5367 1846 5424 pro-

231 5457 300 5512 lis
323 5457 534 5522 ofﬁcio,
567 5455 835 5526 coniugali
857 5455 981 5525 jure
1005 5463 1217 5509 servato
1239 5495 1252 5519 ,
1285 5459 1342 5506 ut
1361 5465 1538 5522 neque
1569 5451 1670 5504 hoc
1697 5447 1843 5502 lace-

229 5559 338 5618 ret,
365 5549 474 5604 nisi
505 5563 700 5605 uxores
721 5547 835 5624 ejus
861 5547 914 5603 id
935 5545 1050 5602 ﬁeri
1077 5545 1436 5616 ﬂagitassent,
1461 5557 1581 5612 quas
1601 5538 1846 5610 corporis

291 5645 314 5708 ε
351 5649 434 5708 Er,
453 5649 507 5708 et
523 5649 660 5701 ιω..
941 5639 1244 5702 (:astlgantur
1263 5649 1328 5708 es
1361 5635 1505 5708 editis
1525 5633 1634 5708 aliis
1658 5638 1846 5708 etsist}.

227 5705 497 5820 ωἰωΡΔὶῐὶ,
527 5717 626 5756 non
647 5697 718 5756 est
733 5701 836 5754 hic.
855 5709 913 5753 At
935 5697 1183 5765 ttss.,'non
1205 5697 1426 5760 esthoc;
1445 5700 1586 5761 juxta
1607 5705 1844 5758 gramm,

231 5892 314 5946 ibi.
343 5887 774 5956 .sfsudex'eket'.
819 5919 824 5924 -
891 5907 908 5920 --

1397 353 1606 440 unus.
1641 349 1942 444 animus
1967 351 2262 446 suus-

295 5805 642 5900 ;vapudm!”
665 5823 915 5900 supposuit
1081 5831 1132 5892 In
1151 5831 1262 5875 uss.
1287 5829 1453 5874 autem
1477 5827 1574 5882 est,
1599 5815 1850 5884 supposuit
1913 5871 1916 5874 λ

2377 445 2382 450 .
3389 419 3490 446 ﬂl'!

1924 470 2022 544 viri
2051 471 2134 526 sui
2160 468 2426 526 habebant
2449 469 2738 546 legitimam
2775 463 3115 554 potestatem.
3144 467 3338 560 Genui}
3378 487 3504 548 Cl'gtt

1923 561 2204 626 duodecim
2238 561 2375 618 ﬁlios
2404 571 2459 642 et
2497 579 2655 618 unam
2705 561 2866 644 ﬁliam
2897 579 2959 617 ex
3005 571 3230 632 quatuor
3263 555 3504 617 mulieri-

1923 657 2039 718 bus.
2085 655 2289 712 Deinde
2330 655 2600 728 ingressus
2642 666 2722 712 est
2767 657 2820 710 in
2858 655 3149 734 @gyptum
3194 673 3288 728 per
3342 657 3503 710 ﬁlium

1921 766 2073 814 suum
2095 749 2296 820 Joseph
2317 791 2332 816 ,
2359 750 2448 818 qui
2493 749 2740 806 venditus
2764 749 2830 804 ab
2871 749 3230 806 iuvideutibus
3258 751 3509 807 fratribus

1923 859 1986 898 eo
2015 842 2300 914 perductus
2331 841 2450 908 fuit,
2473 854 2632 914 atque
2661 843 2852 898 ibidem
2885 843 3218 898 sublimatus.

1917 977 2146 1036 CAPUT
2171 977 2416 1034 XXXIX.
2463 1007 2538 1020 —
2565 977 2694 1044 Quae
2717 979 2848 1032 ratio
2878 981 3032 1050 fuerit
3059 991 3114 1034 ut
3151 978 3314 1036 Iacob
3355 981 3510 1038 etiam

2379 1069 2546 1128 Israel
2581 1073 3044 1144 cognominaretur.

1989 1214 2154 1272 Jacob
2170 1223 2346 1272 autem
2366 1213 2526 1270 etiam
2549 1212 2734 1282 Israel,
2753 1211 2887 1266 sicut
2899 1211 3056 1284 paulo
3072 1223 3190 1268 ante
3211 1211 3510 1277 dixi,voca-

1917 1309 2073 1364 batur
2101 1325 2113 1362 :
2141 1307 2284 1380 quod
2311 1321 2506 1364 nomen
2539 1305 2707 1378 magis
2739 1305 2964 1378 p0pulus
2991 1319 3054 1359 ex
3087 1303 3176 1360 illo
3201 1315 3510 1376 procreatus

1923 1402 2167 1458 obtinuit.
2193 1402 2304 1458 lloc
2317 1409 2492 1456 autem
2509 1415 2701 1456 nomen
2717 1399 2787 1453 illi
2801 1391 3082 1482 abAngelo
3095 1397 3394 1482 impositpm
3409 1407 3510 1466 est,

1919 1495 2006 1564 qui
2029 1509 2148 1550 cum
2169 1493 2262 1550 illo
2293 1493 2466 1548 fuerat
2489 1493 2542 1550 in
2562 1493 2751 1546 itinere
2772 1491 2838 1546 de
2859 1473 3238 1564 Mesopotamia
3261 1473 3515 1564 redeunte

1921 1587 2185 1652 luctatus,
2218 1595 2400 1658 typum
2449 1585 2644 1640 Christi
2697 1559 3112 1640 evidentissima
3139 1563 3357 1670 gerens.
3383 1581 3516 1636 Nam

1920 1678 2064 1748 quod
2085 1677 2132 1732 ci
2161 1677 2440 1748 praevaluit
2462 1675 2647 1742 Jacob,
2676 1676 2858 1746 utique
2883 1673 3105 1740 volenti,
3125 1685 3178 1727 ut
3207 1673 3516 1745 mysterium

1919 1771 2175 1842 ﬁguraret
2199 1813 2214 1838 ,
2247 1770 2510 1842 signiﬁcat
2541 1770 2842 1840 passionem
2875 1767 3110 1832 Christi,
3139 1765 3226 1821 ubi
3257 1765 3354 1820 visi
3397 1775 3520 1824 sunt

1923 1863 1970 1918 ci
2005 1861 2298 1932 praevalere
2325 1859 2514 1916 Ιυιιωί.
2547 1859 2614 1916 Et
2643 1869 2818 1914 tamen
2851 1857 3278 1913 benedictionem
3323 1859 3391 1912 ab
3425 1873 3519 1911 eo-

1921 1953 2042 2008 dem
2073 1953 2263 2022 angelo
2290 1993 2303 2016 ,
2337 1966 2496 2021 quem
2543 1959 2927 2026 superaverat,
2961 1947 3266 2020 impetravit
3302 1967 3314 2002 :
3344 1963 3406 2001 ac
3445 1947 3521 2003 sic

1925 2047 2083 2116 hujus
2113 2045 2348 2100 nominis
2397 2044 2668 2114 iinpositio
2703 2041 3003 2109 benedictio
3055 2041 3171 2096 fuit.
3205 2042 3522 2110 interpreta-

1925 2147 2009 2191 tur
2055 2147 2234 2196 autcm
2291 2137 2454 2192 Israel
2487 2178 2500 2200 ,
2535 2135 2736 2190 Videns
2767 2135 2970 2188 Deum:
3001 2131 3140 2204 quod
3186 2133 3284 2187 erit
3325 2133 3378 2186 in
3419 2131 3524 2186 ﬁne

1923 2231 2200 2302 prannium
2224 2230 2460 2284 omnium
2495 2237 2822 2282 sanctorum.
2859 2225 3056 2298 Tetigit
3093 2239 3252 2298 porro
3280 2223 3354 2278 illi
3383 2223 3521 2281 idem

1931 2323 2152 2392 angelus
2181 2321 2326 2376 velut
2351 2319 2657 2390 pra-valenti
2678 2317 3010 2374 latitudiuern
3037 2315 3274 2384 femoris,
3299 2331 3524 2388 euntque

1927 2417 2026 2472 isto
2053 2415 2214 2470 modo
2239 2415 2484 2468 claudum
2517 2413 2746 2468 reddidit
2770 2410 2920 2488 (Gen.
2947 2428 3108 2476 xxx",
3133 2407 3347 2482 24-29).
3393 2407 3524 2464 Erat

1927 2509 2104 2580 itaque
2154 2523 2290 2562 unus
2317 2517 2475 2578 atque
2505 2506 2644 2560 idem
2668 2505 2832 2560 Jacob
2875 2515 2928 2560 et
2949 2504 3264 2558 benedictus
3295 2513 3348 2558 et
3375 2501 3524 2557 clau-

1929 2602 2062 2664 dus;
2097 2600 2410 2656 benedictus
2437 2599 2490 2654 in
2517 2599 2594 2654 eis
2615 2599 2702 2670 qui
2738 2598 2787 2650 in
2818 2597 3091 2650 Christum
3122 2611 3186 2650 ex
3219 2595 3406 2650 eodem
3437 2609 3529 2666 po.

1927 2697 2053 2768 pulo
2110 2695 2490 2758 crediderunt,
2519 2679 2680 2766 atque
2731 2693 2781 2746 in
2827 2689 3128 2746 inﬁdelibus
3155 2689 3375 2746 claudus
3425 2689 3528 2760 (a).

1927 2789 2060 2844 Nam
2093 2789 2310 2844 leinoris
2337 2787 2562 2842 latitudo
2585 2829 2602 2856 ,
2633 2784 2847 2856 generis
2887 2793 2972 2838 est
3013 2779 3316 2838 multitudo.
3340 2783 3530 2840 Plures

1936 2883 2133 2954 quippe
2159 2889 2284 2936 sunt
2311 2881 2362 2936 iu
2394 2895 2456 2934 ea
2489 2879 2653 2950 stirpe
2675 2919 2690 2946 ,
2729 2877 2795 2934 de
2837 2877 3030 2950 quibus
3063 2877 3370 2948 prophetico
3401 2891 3530 2948 ρεπι-

1929 2975 2126 3028 dictum
2171 2983 2299 3028 est:
2343 2971 2412 3026 Et
2451 2969 2863 3026 claudicaverunt
2894 2987 2926 3022 a
2977 2969 3165 3040 semitis
3205 2965 3314 3026 suis
3359 2965 3529 3040 (Psal.

1931 3080 2061 3130 Ivu,
2089 3065 2204 3134 46).

1927 3193 2156 3254 CAPUT
2179 3195 2287 3250 XL.
2309 3223 2382 3236 ——
2403 3193 2672 3260 Quomodo
2701 3191 2864 3249 Jacad
2893 3207 3008 3246 cum
3027 3191 3350 3263 septuaginta
3379 3193 3528 3262 quiin

1957 3291 1960 3294 ’
2001 3305 2095 3360 que
2145 3287 2407 3342 animabus
2458 3285 2749 3359 Egyptian
2803 3293 3040 3338 narretur
3083 3285 3376 3354 ingressus;
3415 3301 3530 3340 cum

2007 3381 2233 3454 plerique
2257 3397 2318 3436 ex
2349 3381 2426 3436 his
2451 3381 2536 3452 qui
2584 3386 3041 3434 commemorantur
3063 3417 3078 3442 ,
3109 3385 3330 3448 tempore
3363 3385 3531 3446 postea

1919 3501 1922 3504 -
2005 3475 2138 3530 riore
2162 3477 2262 3529 sint
2287 3475 2464 3544 geniti.

2005 3612 2238 3682 lugressi
2261 3611 2440 3682 itaque
2465 3609 2767 3668 referuntur
2811 3607 2862 3662 in
2890 3603 3182 3678 Egyptum
3232 3603 3392 3658 simul
3414 3618 3533 3662 cum

1936 3705 2052 3773 ipso
2077 3703 2240 3758 Jacoh
2273 3701 2606 3770 septuaginta
2634 3701 2866 3772 quinque
2904 3698 3148 3752 homines
3181 3693 3332 3768 (Gen.
3387 3711 3533 3768 aevi,

1935 3795 2026 3862 ‘27,
2060 3813 2156 3849 sec.
2185 3793 2348 3858 LXX,
2381 3803 2428 3848 et
2457 3794 2572 3845 Act.
2606 3808 2694 3858 vn,
2719 3789 2830 3860 M),
2856 3795 3208 3852 annumerato
3235 3787 3350 3856 ipso
3377 3803 3497 3840 cum
3517 3787 3534 3819 ¹

1941 3887 2064 3944 ﬁliis
2090 3889 2220 3942 suis.
2249 3883 2308 3940 In
2333 3903 2439 3956 quo
2471 3900 2696 3940 numero
2740 3883 2858 3937 dua:
2883 3891 3086 3936 tantum
3139 3881 3352 3936 feminae
3387 3895 3536 3936 com-

1939 3989 2324 4044 memorantur,
2355 3995 2452 4032 una
2480 3979 2603 4042 ﬁlia,
2635 3975 2810 4048 neptis
2830 3975 3015 4031 altera.
3045 3975 3148 4030 Sed
3195 3990 3282 4029 res
3307 3973 3537 4042 diligen-

1939 4081 2020 4129 ter
2040 4069 2375 4128 considerata
2407 4087 2511 4124 non
2543 4069 2758 4134 indicat,
2777 4067 2919 4138 quod
2953 4075 3132 4122 tantus
3152 4079 3402 4120 numerus
3427 4064 3538 4120 fue-

1943 4169 2012 4222 rit
2045 4167 2096 4220 in
2125 4163 2382 4236 progenie
2415 4161 2579 4218 Iacob
2611 4161 2697 4217 die
2727 4160 2812 4215 vel
2847 4175 2988 4214 almo
3023 4175 3130 4230 quo
3156 4159 3431 4229 ingressus
3452 4167 3537 4214 est

1941 4257 2253 4332 Egyptum.
2293 4253 2710 4312 Commemorati
2757 4261 2880 4308 sunt
2909 4254 3105 4322 quippe
3149 4253 3200 4306 in
3257 4253 3335 4306 eis
3379 4253 3538 4308 etiam

1943 4361 2265 4423 pronepotes
2285 4347 2507 4419 Ioseph,
2537 4349 2624 4418 qui
2648 4347 2796 4402 nullo
2822 4345 2982 4400 modo
3009 4346 3117 4414 jam
3147 4343 3273 4398 tunc
3301 4359 3420 4398 esse
3445 4359 3539 4412 po-

1945 4456 2192 4502 tuerunt:
2219 4446 2468 4515 quoniam
2497 4449 2622 4497 tunc
2642 4449 2853 4495 centum
2887 4439 3099 4508 triginta
3135 4453 3394 4492 armorum
3425 4445 3540 4491 erat

1943 4539 2108 4594 Iacob
2130 4580 2144 4602 ,
2175 4535 2316 4592 ﬁlius
2343 4551 2472 4589 vero
2502 4533 2617 4604 ejus
2660 4531 2858 4601 Josepb
2889 4531 3102 4600 triginta
3125 4543 3317 4583 novem
3341 4545 3356 4593 ;
3380 4543 3538 4598 quem

1945 4645 2062 4682 cum
2097 4625 2370 4698 accepisse
2397 4623 2669 4680 tricesimo
2693 4638 2833 4676 anno
2863 4637 2988 4690 suo,
3017 4623 3104 4676 vel
3137 4621 3386 4690 amplius,
3407 4635 3538 4674 con-

1946 4729 2050 4777 stet
2079 4733 2302 4774 uxorem
2336 4760 2351 4784 ,
2378 4715 2650 4788 quomodo
2683 4715 2858 4785 potuit
2885 4729 2981 4784 per
3021 4729 3212 4767 novem
3243 4725 3412 4765 annos
3443 4713 3538 4764 ha-

1947 4815 2073 4868 bere
2096 4819 2420 4882 pronepotes
2447 4807 2512 4864 de
2539 4807 2659 4862 ﬁliis
2679 4850 2692 4872 ,
2725 4821 2861 4878 quos
2888 4823 2954 4861 ex
2995 4805 3186 4860 eadem
3215 4817 3385 4856 uxore
3421 4817 3540 4856 sus-

1948 4905 2126 4974 cepit?
2155 4901 2286 4957 Cum
2317 4901 2477 4972 igitur
2506 4915 2605 4955 nec
2631 4899 2770 4954 ﬁlios
2801 4899 3060 4954 haberent
3089 4895 3334 4967 Ephrmm
3361 4901 3411 4949 et

1949 5013 2134 5055 nasses
2162 4995 2254 5052 ﬁlii
2283 4991 2500 5065 Ioseph,
2529 4993 2622 5048 sed
2649 5005 2742 5048 eos
2770 5007 2962 5062 pueros
2989 4989 3123 5044 infra
3145 5001 3303 5058 quam
3335 4971 3540 5040 noven-

1951 5109 2046 5148 nes
2071 5089 2237 5146 Jacob
2261 5087 2553 5162 Egyptum
2586 5089 2858 5160 ingressus
2899 5079 3204 5162 invenerit,
3241 5095 3348 5151 quo
3383 5088 3539 5150 pacto

1952 5203 2136 5241 eorum
2177 5200 2280 5238 nou
2332 5185 2506 5238 solum
2539 5179 2631 5234 ﬁlii
2660 5177 2792 5246 ,sed
2832 5163 2998 5232 etiam
3040 5157 3304 5244 nepotes,
3345 5175 3397 5228 in
3439 5175 3540 5229 illis

1951 5279 2287 5349 septuaginta
2315 5275 2548 5346 quinque
2577 5279 2944 5334 numerantur,
2975 5267 3066 5338 qui
3097 5277 3222 5321 tunc
3243 5264 3542 5338 Egyptum

1953 5369 2178 5443 ingressi
2195 5377 2320 5426 sunt
2344 5382 2464 5424 cum
2485 5363 2688 5422 Jacob?
2713 5361 2842 5420 Nam
2871 5367 3324 5418 commemoratur
3345 5355 3413 5410 ibi
3437 5355 3544 5410 Ma-

1953 5465 2070 5540 chir
2085 5463 2227 5540 ﬁlius
2249 5459 2513 5524 Manasse,
2535 5471 2704 5528 nepos
2723 5453 2920 5524 Joseph
2939 5495 2953 5522 ,
2981 5461 3038 5508 et
3061 5451 3301 5522 ejusdem
3341 5450 3546 5506 Maehir

1955 5537 2116 5620 ﬁlius,
2151 5531 2316 5610 idest
2361 5547 2583 5618 Galaad,
2624 5561 2792 5622 nepos
2835 5543 3108 5612 Manasse,
3141 5555 3408 5614 pronepos
3448 5537 3542 5596 Jo-

1955 5652 2084 5724 sepb
2120 5649 2228 5705 :ibi
2259 5655 2344 5704 est
2385 5655 2440 5702 et
2463 5659 2623 5716 quem
2681 5641 2864 5714 genuit
2903 5638 3188 5710 Ephrmm,
3239 5635 3373 5691 alter
3403 5631 3542 5690 ﬁlius

2021 5815 2036 5846 ί
2075 5805 2324 5872 Particula,
2349 5821 2482 5872 cum,
2497 5805 2680 5872 ahest_a
2703 5805 2812 5852 Mss

2020 5857 2094 5940 (α)
2110 5857 2254 5922 Bonl.
2468 5857 2520 5920 in
2545 5863 2666 5918 Psal.
2691 5878 2821 5936 nav,
2842 5874 2894 5928 tt.
