4054 6474
526 391 634 450 819

525 503 745 575 Ioseph,
759 501 810 558 id
825 510 904 556 est
920 498 1157 556 Utalaam
1175 495 1216 562 ί,
1232 507 1394 563 nepos
1412 490 1611 560 Ioseph
1632 509 1646 553 ;
1665 499 1719 546 et
1740 491 1885 546 ﬁlius
1927 491 2095 560 ipsius

531 598 726 654 Utalaaa
751 595 934 656 Edem,
959 604 1123 660 nepos
1149 587 1419 656 Ephrzem,
1446 599 1707 654 pronepos
1727 583 1924 652 Ioseph
1943 581 2096 655 (Gen.

528 705 576 752 ι,
597 687 696 753 22;
729 684 882 739 Num.
900 699 1045 748 ηπ,
1061 680 1131 736 29
1151 679 1304 750 sqq.):
1325 678 1412 746 qui
1435 675 1578 730 nullo
1601 676 1758 730 modo
1777 689 1896 729 esse
1918 682 2104 744 potue-

527 788 668 843 runt,
691 776 902 848 quando
917 774 1082 830 Iacob
1107 773 1158 826 in
1177 769 1464 841 Egyptum
1483 768 1646 833 venit,
1666 777 1720 822 et
1747 767 1882 820 ﬁlios
1905 765 2100 834 Ioseph

528 882 745 942 nepotes
762 886 904 936 suos,
931 883 1057 923 avos
1085 868 1328 929 istorum,
1349 864 1581 918 minores
1605 877 1763 932 quam
1794 875 1981 914 novem
2009 875 2103 912 an-

530 979 721 1020 norum
751 978 941 1034 pueros
972 959 1193 1016 invenit.
1234 958 1340 1014 Sed
1370 957 1616 1012 nimirum
1656 954 1904 1008 introitus
1943 951 2105 1007 Iacob

525 1057 575 1110 in
599 1055 908 1125 Egyptum,
933 1052 1144 1124 quando
1169 1066 1293 1106 eum
1317 1049 1370 1104 in
1389 1048 1720 1118 septuaginta
1741 1046 1972 1114 quinque
1993 1042 2105 1096 aui-

523 1147 708 1200 mahus
748 1145 1018 1215 Scriptura
1046 1149 1432 1199 commemorat
1459 1180 1474 1204 ,
1509 1154 1613 1194 non
1642 1153 1778 1192 unus
1817 1135 1932 1190 dies
1956 1177 1970 1198 ,
2021 1133 2104 1187 vel

525 1256 658 1294 unus
688 1254 856 1296 annus
879 1280 894 1305 ,
917 1238 1013 1294 sed
1063 1247 1231 1292 totum
1281 1234 1412 1289 illud
1444 1242 1526 1288 est
1569 1243 1806 1299 tempus,
1847 1227 2101 1297 quamdiu

521 1336 648 1388 vixit
679 1333 898 1402 Ioseph,
931 1347 1028 1402 per
1055 1346 1212 1400 quem
1241 1329 1437 1383 factum
1467 1334 1548 1380 est
1578 1333 1634 1378 ut
1670 1325 1945 1377 intrarent.
1973 1319 2103 1373 Nam

523 1425 589 1480 de
617 1415 732 1494 itSo
751 1423 948 1492 Ioseph
979 1421 1166 1477 eadem
1187 1421 1458 1489 Scriptura
1480 1417 1556 1471 sic
1578 1415 1807 1484 loquitur
1835 1431 1847 1467 :
1878 1412 1946 1464 Et
1967 1409 2107 1463 habi-

525 1519 645 1570 tavit
672 1517 861 1585 Ioseph
882 1515 934 1568 in
962 1513 1192 1584 Ai'gypto
1213 1553 1228 1579 ,
1258 1513 1365 1580 ipse
1396 1520 1442 1564 et
1490 1512 1670 1580 fratres
1695 1508 1803 1577 ejus
1824 1547 1839 1570 ,
1872 1513 1915 1557 et
1944 1503 2105 1557 omnis

523 1607 828 1662 cohabitatio
858 1608 1014 1676 patris
1037 1609 1144 1673 ejus
1173 1621 1192 1657 :
1214 1612 1259 1656 et
1285 1602 1404 1656 vixit
1434 1616 1592 1653 annos
1617 1606 1812 1652 centum
1837 1603 1885 1649 et
1913 1597 2102 1661 decem,

523 1712 569 1755 et
600 1703 722 1755 vidit
751 1699 942 1770 Ioseph
969 1701 1100 1767 ﬁlios
1127 1696 1373 1767 Ephraam
1401 1710 1556 1763 usque
1580 1694 1631 1746 in
1654 1691 1854 1744 tertiam
1897 1704 2104 1759 genera-

521 1795 723 1848 tionem.
753 1793 868 1862 Ipse
914 1801 996 1847 est
1039 1791 1126 1846 ille
1157 1803 1422 1858 pronepos
1455 1787 1570 1856 ejus
1595 1785 1661 1838 ah
1706 1782 1953 1852 Ephrmm
2003 1790 2108 1834 ter-

523 1887 646 1942 tius.
679 1882 1090 1940 Generationem
1119 1883 1324 1952 quippe
1355 1880 1560 1934 tertiam
1586 1876 1750 1941 dicit,
1783 1875 1946 1928 ﬁlium
1967 1914 1982 1938 ,
2011 1889 2104 1928 ne-

524 1987 718 2046 potem,
752 1984 1115 2045 pronepotem.
1141 1972 1341 2027 Deinde
1363 1971 1634 2039 sequitur:
1661 1967 1726 2021 Et
1753 1967 1847 2035 ﬁlii
1872 1965 2101 2033 Machir,

519 2071 616 2139 lilii
656 2069 922 2135 Manasse,
969 2069 1076 2122 nati
1131 2077 1248 2121 sunt
1285 2083 1441 2137 supra
1484 2067 1675 2136 femora
1712 2059 1905 2128 Ioseph
1953 2059 2100 2128 (Gen.

520 2177 570 2226 ι,
596 2161 712 2231 22).
742 2160 809 2214 Et
844 2160 928 2215 hic
950 2159 1037 2214 ille
1075 2159 1188 2228 ipse
1214 2167 1294 2212 est
1343 2171 1506 2224 nepos
1546 2155 1805 2217 Manasse,
1839 2167 2104 2222 pronepos

517 2252 734 2322 Ioseph.
767 2251 871 2308 Sed
905 2251 1175 2322 pluraliter
1197 2249 1448 2319 appellati
1479 2256 1638 2313 sunt,
1670 2245 1808 2302 sicut
1832 2243 2102 2314 Scriptura

519 2344 839 2410 consuevit;
872 2360 987 2414 qua:
1015 2359 1174 2397 unam
1203 2357 1412 2412 quoque
1434 2339 1593 2394 ﬁliam
1616 2339 1782 2394 Iacob
1809 2339 1943 2393 ﬁlias
1971 2354 2104 2394 nun-

520 2435 772 2507 cupavit:
805 2435 942 2490 sicut
987 2436 1036 2489 in
1069 2435 1245 2488 latinze
1290 2433 1481 2502 linguae
1524 2430 1912 2487 consuetudine
1951 2429 2103 2484 liberi

516 2529 762 2584 dicuntur
797 2527 1070 2597 pluraliter
1097 2527 1209 2589 ﬁlii,
1239 2525 1446 2581 etiamsi
1470 2541 1574 2579 non
1604 2525 1709 2578 sint
1739 2538 1845 2578 uno
1873 2522 2103 2590 amplius

521 2620 616 2692 (a).
645 2621 778 2676 Cum
811 2636 937 2691 ergo
973 2620 1138 2690 ipsius
1183 2618 1382 2688 Ioseph
1423 2617 1802 2687 prtediceretur
1847 2615 2099 2680 felicitas,

516 2713 638 2781 quia
671 2712 850 2767 videre
882 2712 1050 2780 potuit
1100 2719 1418 2780 pronepotes
1447 2751 1460 2774 ,
1503 2711 1647 2764 nullo
1673 2708 1832 2763 modo
1883 2705 2101 2776 putandi

516 2813 641 2858 sunt
674 2803 782 2874 jam
815 2803 978 2859 fuisse
1003 2803 1270 2858 tricesimo
1320 2817 1461 2857 nono
1487 2817 1630 2856 anno
1662 2800 1843 2870 proavi
1893 2799 1974 2854 sui
2002 2797 2097 2852 Io-

517 2895 675 2966 seph,
710 2890 921 2965 quando
956 2896 1022 2951 ad
1051 2911 1171 2951 eum
1203 2896 1258 2950 in
1286 2894 1576 2966 Egyptum
1609 2893 1773 2949 Iacob
1807 2900 1955 2962 pater
1983 2892 2099 2960 ejus

516 2985 748 3042 advenit.
779 2985 910 3042 Illud
950 2997 1127 3042 autem
1158 2995 1266 3052 est,
1295 2986 1435 3056 quod
1466 2986 1597 3040 fallit
1637 2986 1812 3040 minus
1840 2984 1938 3038 ista
1980 2983 2100 3038 dili-

518 3086 708 3148 genter
731 3077 1019 3142 intuentes,
1050 3077 1296 3148 quoniam
1323 3075 1580 3146 scriptum
1613 3086 1734 3141 est,
1769 3073 1892 3129 Haec
1928 3083 2098 3128 autem

516 3168 720 3223 nomina
757 3168 978 3236 ﬁliorum
1025 3166 1227 3234 Israel,
1258 3167 1343 3236 qui
1373 3167 1681 3220 intraverunt
1716 3165 1770 3218 in
1810 3164 2098 3235 /Egyptunt

515 3260 668 3316 simul
696 3277 812 3314 cum
851 3258 1009 3313 Iacob
1038 3267 1180 3330 patre
1227 3275 1316 3312 suo
1342 3257 1453 3328 (Id.
1482 3270 1640 3321 nm,
1668 3255 1748 3327 8).
1797 3256 1909 3310 Hoc
1951 3259 2096 3310 enim

515 3349 714 3406 dictum
767 3359 888 3416 est,
920 3349 1039 3419 quia
1067 3349 1224 3404 simul
1263 3365 1384 3403 cum
1440 3348 1534 3403 illa
1587 3355 1960 3416 computantur
2008 3361 2095 3402 se-

515 3441 787 3511 ptuaginta
816 3440 1066 3510 quinque,
1093 3456 1196 3495 non
1219 3440 1338 3510 quia
1369 3439 1521 3494 simul
1539 3439 1650 3509 jam
1687 3445 1839 3494 erant
1863 3451 2052 3492 omnes
2074 3477 2091 3506 ,

515 3531 727 3602 quando
775 3531 1062 3602 Egyptum
1090 3531 1361 3601 ingressus
1405 3541 1486 3586 est
1524 3530 1673 3600 ipse:
1701 3529 1908 3596 sed,ut
1933 3529 2043 3585 dixi
2069 3567 2093 3600 ,

517 3631 681 3679 t0tum
713 3632 919 3694 tempus
949 3622 1175 3678 habetur
1200 3623 1315 3693 ejus
1343 3623 1612 3718 ingress.us
1633 3664 1646 3689 ,
1679 3639 1786 3694 quo
1827 3623 1958 3678 vixit
1996 3621 2090 3678 Io—

517 3713 668 3783 seph,
695 3729 790 3785 per
808 3730 964 3785 quem
996 3714 1204 3770 videtur
1228 3715 1518 3786 ingressus.

517 3825 738 3882 CAPUT
766 3825 975 3881 XLl.—
993 3827 1070 3881 De
1090 3827 1447 3894 benedictione,
1469 3843 1620 3899 quam
1637 3826 1798 3882 Iacob
1825 3829 1880 3882 in
1897 3825 2092 3882 Iudam

999 3919 1165 3988 [ilium
1187 3935 1336 3973 suum
1360 3919 1607 3990 promisit.

591 4029 754 4099 Igitur
794 4037 1018 4098 propter
1057 4030 1309 4100 populum
1349 4030 1737 4098 christianum,
1767 4030 1819 4084 in
1857 4045 1964 4100 quo
1993 4029 2090 4086 Dei

518 4118 710 4173 civitas
738 4119 1104 4188 peregrinatur
1141 4119 1194 4173 in
1235 4121 1424 4186 terris,
1455 4120 1500 4174 si
1537 4135 1754 4175 carnem
1793 4119 1988 4174 Christi
2037 4121 2092 4176 in

519 4207 748 4262 Abrahae
793 4209 998 4265 semine
1033 4211 1397 4279 requiramus,
1424 4212 1644 4266 remotis
1673 4212 2090 4268 concubinarum

519 4297 680 4366 ﬁliis,
722 4300 956 4354 occurrit
996 4300 1139 4355 Isaac
1172 4319 1184 4355 :
1212 4302 1257 4354 si
1304 4302 1359 4356 in
1408 4301 1613 4357 semine
1652 4302 1834 4370 Isaac,
1887 4313 2092 4360 remoto

519 4391 682 4458 Esau,
710 4392 802 4463 qui
829 4399 911 4447 est
960 4393 1120 4448 etiam
1151 4393 1319 4448 Edom
1344 4435 1358 4459 ,
1399 4395 1633 4450 occurrit
1660 4395 1856 4462 Iacob,
1885 4397 1973 4466 qui
2011 4405 2094 4452 est

519 4493 575 4542 et
595 4485 758 4540 Israel
789 4502 804 4539 :
833 4485 878 4540 si
917 4483 970 4539 in
997 4486 1199 4540 semine
1243 4485 1402 4540 Israel
1445 4487 1614 4556 ipsius
1636 4529 1650 4551 ,
1681 4488 1904 4541 remotis
1929 4497 2091 4543 czete~

519 4575 596 4631 ris
619 4617 636 4642 ,
668 4575 898 4630 occurrit
917 4573 1079 4630 Iudas
1103 4617 1118 4642 ,
1150 4576 1275 4646 quia
1320 4575 1387 4631 de
1435 4577 1573 4632 tribu
1607 4576 1743 4632 Iuda
1770 4586 1985 4633 exortus
2013 4587 2095 4634 est

519 4665 781 4722 Christus.
804 4668 881 4721 Ac
899 4682 993 4736 per
1019 4666 1122 4721 hoc
1145 4682 1264 4722 cum
1295 4668 1345 4721 in
1375 4667 1606 4740 (Egypto
1625 4670 1912 4725 moriturus
1933 4669 2095 4725 Israel

523 4755 662 4812 ﬁlios
692 4771 817 4812 suos
850 4756 1221 4823 benediceret,
1257 4758 1702 4828 quemadmodum
1742 4759 1928 4814 Iudam
1971 4775 2095 4830 pro-

523 4846 732 4916 pheticc
789 4847 1153 4914 benedixerit,
1205 4849 1481 4904 audiamus
1533 4869 1544 4904 :
1590 4850 1763 4917 Iuda,
1806 4853 2008 4922 inquit,
2051 4862 2099 4910 te

527 4937 805 4995 laudabunt
831 4944 1014 5013 fratres
1035 4941 1126 4993 tui.
1159 4939 1346 4994 Manus
1390 4949 1492 4996 tute
1520 4958 1670 5011 super
1695 4943 1902 4996 dorsum
1929 4944 2094 4996 inimi-

521 5047 694 5085 corum
734 5038 936 5086 tuorum
963 5045 984 5086 :
1011 5031 1290 5086 adorabunt
1331 5040 1376 5084 te
1423 5032 1517 5100 ﬁlii
1567 5034 1723 5102 patris
1767 5033 1858 5086 tui.
1891 5032 2096 5090 Catulus

521 5119 678 5175 leonis
731 5120 874 5176 Iuda
913 5137 934 5177 :
975 5138 1039 5177 ea:
1085 5122 1445 5192 germinatione
1467 5164 1482 5189 ,
1524 5122 1600 5190 ﬁli
1651 5124 1754 5190 mi,
1787 5123 2050 5178 ascendisti
2078 5139 2098 5179 :

585 5257 604 5286 ι
638 5252 856 5305 Nonnulli
893 5256 1054 5314 proba:
1093 5263 1220 5306 notae
1259 5263 1387 5314 Mss,
1417 5255 1662 5306 Tutalaam
1677 5295 1689 5312 .
1718 5255 1798 5306 vel
1840 5253 2094 5308 Uttalaam.

525 5315 986 5380 fApudseptuaginta
1009 5316 1426 5380 vero,__sutalaam.
1446 5324 1550 5380 Mox
1585 5326 1707 5380 post,
1725 5329 1868 5380 nepos
1889 5318 2098 5380 Joseph;

525 5332 655 5377 Apuu
677 5332 790 5377 sept
885 5332 986 5367 tnta
1009 5332 1144 5377 vero,
1169 5332 1426 5367 summam.
1447 5332 1550 5368 mox
1603 5332 1707 5378 ωδε,
1725 5332 1868 5380 nepos
1889 5332 1999 5368 Jose
2033 5332 2096 5380 n;

524 5375 576 5446 i_n_
598 5375 741 5446 editis
762 5332 1125 5446 sizafegebatur,
1143 5376 1211 5446 ibi
1233 5384 1363 5446 est_et
1383 5379 1556 5429 Bareth
1579 5332 1707 5446 ﬁlius
1724 5377 1873 5441 ipsius
1898 5332 2096 5446 Πιαῶῳ,

522 5438 576 5500 id
599 5442 667 5486 est
689 5448 831 5500 nepos
854 5438 1092 5500 Ephrtem.
1113 5438 1118 5440 ⁷
1139 5441 1460 5491 Emendantur
1483 5438 1767 5490 auctoritate
1791 5447 2013 5491 veterum
2037 5438 2098 5490 li-l

524 5498 949 5566 brorum,'quil_ius
985 5499 1274 5566 suﬁi'agatur
1308 5502 1456 5552 editio
1490 5503 1830 5566 Septuaginw
1845 5502 1935 5550 nisi
1969 5503 2099 5566 quod

524 5557 650 5624 haec
667 5557 770 5620 pro,
781 5557 980 5624 _'Edem,
1003 5557 1168 5624 habet:
1198 5563 1349 5624 Edam
1365 5569 1476 5624 ,et,
1496 5557 1738 5622 Su'talac'e;
1763 5557 2095 5624 prmi/taleae.

586 5615 764 5682 (u)'lta’
781 5617 929 5685 latine
945 5615 1075 5685 unus
1103 5615 1230 5674 ﬁlius
1261 5615 1399 5675 liberi
1431 5615 1622 5685 dicitur,
1646 5615 1962 5674 sicut'GeIlius
1981 5627 2100 5675 scri-

523 5681 611 5739 hit,
636 5681 772 5749 ψει.-
792 5683 926 5749 A_ttic.
946 5682 1029 5749 lib.
1053 5683 1100 5744 2,
1125 5697 1230 5749 cap.
1257 5687 1333 5742 15,
1352 5685 1593 5749 aﬁ'ertque
1609 5681 1801 5749 dictum
1825 5688 2100 5749 sempronii

527 5701 611 5739 νιι,
637 5701 765 5731 sua.
792 5701 926 5731 ιιιιιο.
946 5701 1029 5732 ιιι).
1053 5701 1100 5744 z,
1125 5701 1184 5735 ea
1218 5721 1230 5732 .
1257 5701 1333 5742 ιο,
1352 5701 1593 5749 anet-tque
1622 5701 1801 5736 uictum
1832 5701 2100 5748 sempromt

527 5739 802 5816 Assellionis
1063 5701 1230 5816 quid;
1252 5749 1393 5798 unico
1410 5748 1593 5816 fiberji
1605 5747 1796 5816 Gracchi
1818 5741 1914 5816 ﬁlio
1937 5764 1960 5793 ι
1976 5745 2100 5816 line:

523 5817 640 5876 ros»
662 5803 802 5876 dixit:
827 5803 1521 5876 Herennius,jurisconsulttts,
1544 5807 1671 5862 libro
1695 5811 2001 5874 Digestorum
2035 5807 2100 5862 50

525 5865 656 5918 item
675 5863 938 5918 conﬁrmat.
971 5872 1080 5919 wn.
1104 5863 1260 5923 'Vivns.

1560 378 1649 435 DE
1686 373 2006 435 CIVITATE
2045 371 2179 442 DEI,
2220 372 2279 432 S.
2319 372 2685 432 AUGUSTINI

2203 490 2493 544 recumbens
2517 487 2747 543 dormisti
2775 495 2829 542 ut
2869 487 2946 542 leo
2967 527 2982 553 ,
3015 493 3063 540 et
3104 495 3161 540 ut
3190 486 3400 540 catulus
3448 485 3604 540 leonis
3626 528 3642 552 ,
3671 489 3788 557 quis

2201 583 2457 638 suscitabit
2486 581 2640 636 eum?
2673 579 2796 634 Non
2821 581 3017 648 deﬁciet
3043 580 3275 650 princeps
3303 577 3528 652 equda
3547 619 3563 644 ,
3592 588 3639 634 et
3677 580 3793 634 dua:

2204 677 2267 730 de
2288 677 2554 748 femoribus
2583 676 2690 746 ejus
2713 715 2728 741 ,
2761 673 2917 727 donec
2944 673 3142 726 veniant
3167 688 3281 741 qua:
3306 674 3528 741 reposita
3547 685 3664 728 sunt
3695 675 3743 728 ei
3766 691 3786 728 :

2203 780 2251 824 et
2274 769 2381 838 ipse
2405 769 2706 838 exspectatio
2733 767 2953 838 gentium
2980 765 2996 796 ⁸
3029 780 3043 830 ;
3077 765 3294 835 alligans
3316 765 3384 819 ad
3413 766 3560 820 vitem
3587 768 3788 836 pullum

2205 879 2349 917 suum
2375 903 2388 926 ,
2421 870 2467 914 et
2495 861 2660 914 cilicio
2683 859 2763 928 (a)
2788 857 2988 927 pullum
3014 857 3174 911 asinae
3201 873 3326 911 sure.
3357 855 3568 910 Lauabit
3592 859 3644 912 in
3669 860 3791 912 vino

2205 956 2385 1009 stolam
2407 971 2579 1017 suam,
2611 966 2656 1006 et
2685 953 2736 1006 in
2766 952 3013 1022 sanguine
3040 966 3147 1005 uva:
3174 951 3411 1005 amictum
3432 967 3596 1005 suum.
3633 949 3792 1006 Fulvi

2206 1049 2337 1101 oculi
2365 1050 2473 1115 ejus
2499 1064 2530 1100 a
2555 1048 2690 1113 uino,
2716 1054 2762 1100 et
2789 1047 2954 1100 dentes
2972 1044 3288 1099 candidiores
3315 1042 3444 1097 lacte
3460 1042 3612 1114 (Gen.
3639 1059 3788 1105 χιιι,

2207 1137 2383 1206 8-12).
2410 1137 2639 1205 Exposui
2691 1135 2804 1191 haec
2848 1135 3104 1190 adversus
3145 1135 3489 1191 Manichzeum
3532 1135 3787 1190 Faustum

2206 1229 2481 1298 disputans
2508 1228 2730 1300 (Contra
2754 1227 3005 1283 Faustum
3037 1227 3399 1295 Manichceum,
3427 1229 3516 1282 lib.
3548 1228 3635 1294 12,
3662 1245 3785 1299 cap.
3847 1225 3868 1240 “

2207 1319 2296 1390 42)
2330 1338 2341 1373 :
2371 1329 2425 1374 et
2457 1321 2587 1375 satis
2628 1335 2746 1375 esse
2774 1321 3021 1385 arbitror,
3055 1330 3306 1390 quantum
3332 1321 3527 1375 veritas
3553 1321 3792 1390 prophe-

2209 1410 2293 1465 tia:
2322 1411 2478 1481 hujus
2507 1412 2720 1478 elucet;
2749 1413 2840 1468 ubi
2887 1423 2943 1467 et
2985 1428 3129 1468 mors
3172 1411 3372 1468 Christi
3414 1412 3660 1483 prmdicta
3701 1423 3793 1468 est
3835 1471 3837 1473 ,

2207 1504 2371 1559 verbo
2410 1505 2778 1570 dormitionis,
2808 1514 2864 1561 et
2900 1521 3007 1562 non
3054 1507 3345 1563 necessitas
3368 1548 3384 1573 ,
3416 1505 3510 1561 sed
3548 1515 3790 1576 potestas

2207 1593 2260 1648 iu
2285 1605 2458 1650 morte
2483 1638 2498 1662 ,
2524 1597 2741 1653 nomine
2771 1597 2961 1653 leonis.
2993 1598 3160 1664 Quam
3192 1604 3506 1667 potestatem
3533 1598 3581 1652 in
3610 1599 3791 1652 Evan-

2207 1687 2343 1756 gelio
2368 1686 2481 1757 ipse
2505 1688 2772 1756 przedicat,
2799 1688 3018 1744 dicens:
3053 1687 3362 1743 Potestatem
3389 1689 3546 1744 habeo
3562 1691 3792 1760 ponendi

2208 1779 2432 1832 animam
2469 1796 2629 1834 meam
2656 1823 2670 1847 ,
2700 1792 2745 1834 et
2795 1790 3085 1850 potestatem
3133 1782 3289 1836 habeo
3332 1782 3508 1836 iterant
3551 1783 3792 1838 sumendi

2207 1888 2337 1926 eam.
2369 1871 2531 1926 Nemo
2557 1890 2667 1926 eam
2693 1875 2821 1928 tollit
2847 1891 2878 1926 a
2899 1890 3014 1928 me:
3056 1873 3146 1928 sed
3173 1891 3264 1944 ego
3304 1890 3414 1928 eam
3443 1890 3575 1942 pono
3605 1893 3634 1927 a
3665 1893 3747 1930 me
3772 1918 3787 1942 ,

2207 1972 2253 2014 et
2280 1962 2455 2016 iterum
2483 1978 2626 2017 sumo
2654 1979 2764 2016 eam
2794 1963 2975 2031 (Ioan.
3003 1980 3056 2030 x,
3085 1964 3172 2028 18,
3191 1965 3299 2036 t7).
3327 1963 3416 2020 Sic
3442 1965 3525 2020 leo
3546 1966 3786 2034 fremuit,

2207 2057 2283 2109 sic
2324 2056 2466 2126 quod
2513 2056 2646 2110 dixit
2687 2056 2944 2126 implevit.
2980 2057 3058 2111 Ad
3112 2073 3228 2112 eam
3279 2071 3506 2128 namque
3553 2061 3791 2129 pertinet

2208 2156 2524 2217 potestatem
2551 2190 2566 2213 ,
2609 2149 2749 2217 quod
2793 2148 2861 2202 de
2901 2152 3286 2204 resurrectione
3315 2151 3433 2218 ejus
3475 2149 3786 2219 adjunctum

2205 2252 2321 2307 est,
2356 2240 2480 2307 Quis
2503 2241 2759 2295 suscitabit
2785 2258 2898 2296 eum
2918 2243 2943 2295 ?
2970 2241 3073 2297 hoc
3103 2252 3185 2298 est
3208 2285 3223 2311 ,
3253 2246 3372 2312 quia
3403 2244 3576 2298 nullus
3602 2243 3784 2297 homi-

2205 2349 2360 2398 num,
2391 2334 2490 2388 nisi
2514 2348 2572 2389 se
2601 2334 2747 2404 ipse,
2779 2335 2868 2404 qui
2905 2335 3063 2389 etiam
3113 2335 3180 2390 de
3215 2349 3439 2405 corpore
3480 2350 3578 2390 suo
3597 2335 3734 2390 dixit
3761 2377 3776 2399 ,

2207 2425 2398 2481 Soluite
2435 2427 2673 2497 templum
2715 2427 2844 2495 hoc,
2875 2436 2922 2481 et
2974 2428 3027 2481 in
3075 2427 3246 2482 triduo
3293 2428 3598 2483 resuscitabo
3651 2429 3790 2482 illud

2205 2515 2317 2586 (Id.
2350 2518 2544 2588 11,19).
2595 2517 2770 2588 Ipsum
2824 2529 3004 2574 autem
3051 2535 3216 2588 genus
3270 2520 3494 2583 mortis,
3549 2519 3650 2575 hoc
3699 2527 3790 2575 est

2204 2608 2502 2663 sublimitas
2532 2609 2705 2665 crucis
2726 2651 2741 2676 ,
2770 2609 2821 2664 in
2849 2625 2956 2664 uno
2975 2611 3141 2665 verbo
3171 2609 3500 2680 intelligitur,
3523 2610 3665 2678 quod
3686 2611 3784 2678 ait,

2204 2701 2505 2755 Ascendisti.
2540 2701 2692 2770 Quod
2733 2718 2864 2756 vero
2903 2703 3142 2768 addidit,
3175 2702 3484 2756 Recumbens
3521 2703 3784 2766 dormisti,

2201 2791 2525 2860 evangelista
2572 2792 2835 2860 exponit,
2882 2792 2971 2846 ubi
3014 2791 3174 2857 dicit,
3229 2802 3274 2845 et
3326 2793 3568 2846 inclinato
3615 2794 3788 2860 capite

2203 2883 2412 2937 tradidit
2452 2885 2682 2954 spiritum
2715 2882 2824 2954 (Id.
2861 2899 2972 2950 ιη,
3006 2883 3134 2953 30).
3164 2885 3270 2938 Aut
3315 2896 3462 2940 certe
3511 2885 3787 2955 sepultura

2199 2979 2316 3047 ejus
2344 2979 2670 3048 agnoscitur,
2704 2981 2753 3036 in
2795 2995 2896 3050 qua
2936 2981 3180 3035 recubuit
3216 2980 3604 3048 dormiens;et
3642 2982 3787 3038 unde

2201 3071 2349 3126 illum
2389 3073 2565 3128 nullus
2589 3072 2863 3128 hominum
2887 3116 2901 3140 ,
2935 3075 3072 3128 sicut
3099 3074 3379 3144 Propheta:
3408 3077 3615 3146 aliquos
3639 3118 3654 3142 ,
3696 3077 3786 3131 vel

2198 3165 2337 3220 sicut
2379 3166 2490 3233 ipse
2538 3166 2673 3220 alios
2716 3168 3029 3235 suscitavit,
3059 3168 3154 3224 sed
3202 3169 3342 3223 sicut
3368 3185 3397 3222 a
3425 3185 3613 3225 somno
3669 3172 3788 3239 ipse

2197 3257 2449 3312 surrexit.
2473 3255 2621 3313 Stola
2649 3272 2811 3327 porro
2840 3259 2957 3327 ejus
2983 3274 3143 3329 quam
3171 3259 3309 3314 lavat
3336 3261 3392 3315 in
3421 3261 3565 3328 vino,
3595 3261 3647 3315 id
3677 3271 3785 3327 est,

2199 3347 2419 3401 mundat
2463 3362 2493 3400 a
2535 3349 2766 3417 peccatis
2793 3349 2844 3403 in
2876 3349 3131 3420 sanguine
3158 3366 3255 3406 suo
3276 3395 3290 3417 ,
3321 3352 3471 3422 cujus
3511 3353 3788 3423 sanguinis

2195 3450 2587 3502 sacramentum
2631 3440 2884 3511 baptizati
2913 3443 3088 3496 sciunt
3112 3485 3126 3510 ,
3159 3443 3296 3498 unde
3325 3455 3378 3500 et
3403 3444 3643 3516 adjungit
3666 3487 3681 3510 ,
3719 3445 3788 3499 Et

2193 3534 2246 3588 in
2270 3534 2512 3605 sanguine
2538 3549 2646 3589 uete
2672 3537 2909 3590 amictum
2947 3553 3096 3591 suum
3117 3579 3131 3604 ,
3159 3537 3283 3607 quid
3323 3547 3406 3593 est
3443 3539 3543 3594 nisi
3591 3539 3790 3597 Eccle-

2195 3628 2316 3681 sia?
2340 3627 2406 3682 Et
2446 3629 2574 3698 fulvi
2602 3630 2736 3683 oculi
2784 3631 2895 3700 ejus
2935 3647 2968 3683 a
3008 3631 3122 3684 vino
3151 3647 3170 3684 :
3193 3630 3499 3700 spirituales
3524 3632 3640 3700 ejus
3671 3634 3790 3688 ine-

2195 3720 2352 3775 briati
2401 3721 2594 3789 poculo
2630 3721 2748 3790 ejus
2769 3763 2784 3788 ,
2811 3723 2879 3776 de
2923 3738 3030 3792 quo
3070 3723 3214 3777 canit
3240 3722 3479 3778 Psalmus
3502 3765 3518 3790 ,
3549 3721 3614 3776 Et
3645 3726 3790 3780 calix

2193 3821 2309 3866 tuus
2348 3812 2600 3866 inebrians
2643 3829 2793 3882 quant
2820 3814 3092 3882 praeclarus
3130 3822 3202 3868 est
3226 3810 3398 3883 (Psal.
3425 3829 3554 3879 xm,
3589 3815 3645 3886 5)
3672 3817 3687 3870 l
3719 3815 3790 3870 Et

2193 3907 2364 3961 dentes
2393 3907 2502 3977 ejus
2536 3907 2853 3960 candidiores
2882 3907 3010 3960 lacte
3033 3922 3051 3960 :
3071 3906 3210 3976 quod
3253 3916 3435 3975 pctant
3465 3907 3602 3976 apud
3635 3912 3790 3978 Apo-

2195 4004 2391 4058 stoium
2445 4002 2684 4072 parvuli,
2715 4001 2874 4056 verba
2925 4002 3128 4056 scilicet
3169 4001 3455 4056 nutrientia
3482 4042 3497 4066 ,
3539 4001 3786 4056 nondum

2197 4094 2374 4150 idonei
2421 4093 2593 4148 solido
2642 4093 2761 4149 cibo
2789 4093 2833 4162 (Ι
2859 4093 2976 4147 Cor.
3008 4108 3085 4159 ιιι,
3114 4092 3192 4164 2).
3224 4091 3343 4163 Ipse
3393 4093 3554 4164 igitur
3593 4103 3684 4148 est
3735 4094 3793 4150 in

2194 4201 2300 4258 quo
2327 4186 2558 4256 reposita
2591 4194 2745 4240 erant
2783 4185 3041 4255 promissa
3070 4184 3240 4251 Iudae,
3269 4201 3387 4254 qua:
3417 4185 3589 4240 donec
3618 4187 3781 4240 veni-

2193 4287 2351 4344 rent,
2384 4293 2653 4347 nunquam
2680 4277 2948 4347 principes
2969 4319 2983 4344 ,
3027 4275 3128 4334 hoc
3175 4285 3258 4332 est
3300 4290 3451 4346 reges
3472 4318 3486 4340 ,
3519 4275 3690 4331 Israel
3715 4278 3789 4332 ab

2197 4371 2291 4425 illa
2337 4371 2503 4439 stirpe
2556 4369 2860 4425 defuerunt.
2892 4368 2958 4422 Et
3002 4369 3108 4438 ipse
3157 4369 3458 4439 exspectatio
3515 4370 3788 4439 gentium:

2195 4462 2335 4533 quod
2357 4463 2552 4517 clarius
2579 4472 2660 4516 est
2689 4461 2916 4516 videndo
2939 4503 2954 4526 ,
2987 4475 3144 4530 quam
3172 4462 3241 4515 sit
3268 4461 3605 4531 exponendo.

2197 4575 2421 4631 CAPUT
2461 4574 2696 4629 XLIl.—-
2723 4573 2800 4628 De
2823 4572 2945 4642 filiis
2969 4572 3161 4644 Ioseph
3183 4615 3198 4639 ,
3222 4590 3345 4644 quos
3363 4571 3525 4626 Iacob
3551 4574 3789 4643 prophe-

2320 4669 2418 4723 tica
2441 4683 2681 4721 manuum
2700 4681 2908 4720 suarum
2937 4665 3354 4719 transmutatione
3383 4664 3657 4720 benedixit.

2266 4781 2413 4838 Sicut
2432 4790 2606 4836 autem
2633 4779 2738 4835 duo
2766 4778 2914 4834 Isaac
2952 4779 3079 4844 ﬁlii,
3127 4779 3267 4834 Esau
3317 4786 3370 4834 et
3399 4777 3565 4833 Iacob
3589 4819 3602 4842 ,
3643 4777 3794 4848 ﬁgu-

2199 4891 2308 4928 ram
2357 4873 2694 4943 prazhuerunt
2739 4871 2964 4925 duorum
3010 4871 3323 4940 populorum
3374 4870 3426 4924 in
3477 4868 3681 4924 Iudaeis
3732 4879 3797 4925 et

2197 4964 2787 5034 Christianis(quamvis
2811 4963 2952 5034 quod
2980 4962 3044 5016 ad
3072 4964 3250 5017 carnis
3266 4963 3608 5032 propaginem
3627 4963 3798 5032 perti-

2200 5066 2309 5123 net,
2332 5072 2430 5112 nec
2445 5056 2612 5111 Iudaei
2634 5057 2879 5110 venerint
2895 5072 2959 5109 ex
2981 5056 3184 5110 semine
3206 5056 3378 5122 Esau,
3401 5056 3497 5110 sed
3522 5055 3746 5110 Idumaei
3778 5075 3796 5123 ;

2199 5164 2298 5204 nec
2317 5148 2629 5202 Christianae
2654 5155 2839 5217 gentes
2863 5147 2930 5201 de
2949 5146 3112 5202 Iacob
3134 5189 3146 5214 ,
3171 5146 3266 5201 sed
3296 5146 3470 5215 potius
3493 5145 3662 5200 Iudaei
3682 5147 3794 5217 (b),

2198 5241 2267 5295 ad
2293 5242 2392 5294 hoc
2429 5240 2572 5295 enim
2611 5249 2814 5294 tantum
2847 5240 3009 5309 ﬁgura
3034 5239 3220 5302 valuit,
3250 5237 3393 5308 quod
3420 5237 3622 5292 dictum
3655 5247 3748 5293 est
3776 5280 3796 5305 ,

2201 5332 2373 5404 Major
2395 5332 2572 5386 serviet
2597 5332 2779 5384 minori
2806 5329 2958 5403 [Gem
2989 5347 3112 5397 xxv,
3138 5328 3256 5402 25])
3283 5345 3298 5394 ;
3331 5330 3400 5383 ita
3449 5327 3660 5384 factum.
3699 5339 3802 5386 est

2199 5424 2358 5478 etiam
2389 5423 2438 5476 in
2469 5422 2676 5478 duobus
2721 5424 2841 5476 ﬁliis
2865 5421 3062 5491 Ioseph
3090 5439 3104 5475 :
3136 5435 3256 5473 nam
3294 5419 3470 5489 major
3493 5420 3661 5490 gessit
3696 5429 3799 5491 ty-

2200 5531 2324 5586 pum
2369 5514 2674 5569 Iudreorum
2695 5555 2710 5581 ,
2747 5512 3170 5568 Christianorum
3199 5520 3377 5567 autem
3405 5511 3598 5566 minor.
3627 5510 3799 5578 Quos

2268 5623 2284 5653 ί
2322 5619 2455 5679 Editi,
2478 5626 2522 5669 et
2555 5620 2656 5683 ipse
2679 5619 2770 5669 erit
2789 5617 3078 5683 exspectatio
3112 5619 3339 5682 gentium.
3377 5618 3550 5676 Abest,
3585 5615 3714 5677 erit,
3764 5632 3798 5670 a

2200 5685 2533 5756 manuscriptiS
2557 5680 2618 5756 et
2629 5693 2656 5729 a
2668 5695 2842 5756 ﬁrmet).
2858 5680 3181 5756 Septuaginta.

2282 5745 2333 5808 a)
2365 5739 2642 5808 Graececst,
2663 5739 2842 5808 te_el_i_ki
2869 5755 2886 5790 :
2911 5739 3338 5808 quod'Cypriauus,
3367 5741 3449 5792 lib.
3478 5741 3502 5790 1
3539 5739 3801 5793 adversm

2287 5802 2403 5865 téos,
2428 5806 2592 5867 vertit,
2617 5805 2682 5854 ad
2705 5802 2920 5867 (reticent,
2944 5805 2991 5852 id
3005 5802 3178 5867 estad
3201 5803 3460 5867 palmitem.

2265 5867 2340 5932 (ι)
2369 5862 2496 5917 cons.
2513 5868 2658 5930 Epist.
2693 5865 2803 5929 196,
2831 5864 2894 5917 ad
2914 5862 3184 5916 Asellum.
