4054 6472
232 422 324 484 32!

234 560 342 601 cum
380 540 727 598 benediceret
762 539 926 597 Jaeob
950 579 965 605 ,
1024 553 1241 594 manum
1280 538 1553 593 dexteram
1594 553 1800 609 ponens

233 650 383 707 super
407 634 712 702 minorem,
757 648 919 704 quem
954 629 1187 686 habebat
1228 629 1296 685 ad
1342 629 1643 694 sinistram;
1676 629 1805 684 sini-

233 739 389 783 stram
419 741 585 797 super
604 725 867 796 majorem
889 765 906 791 ,
953 739 1111 794 quem
1156 721 1385 778 habebat
1422 720 1490 776 ad
1520 721 1760 777 dextram
1792 738 1805 774 :

232 838 381 894 grave
403 820 577 876 visum
627 829 711 876 est
750 820 889 890 patri
934 833 1142 885 eorum,
1171 825 1227 872 et
1276 816 1553 872 admonuit
1604 824 1808 885 patrem

231 916 366 971 velut
404 914 683 985 corrigens
722 912 841 984 ejus
866 927 1129 977 errorem,
1162 918 1217 966 et
1243 911 1487 981 quisnam
1512 924 1697 964 eorum
1724 923 1811 963 es-

230 1018 302 1066 set
338 1008 512 1077 major
538 1006 853 1063 ostendens.
888 1008 959 1061 At
992 1005 1083 1061 ille
1120 1015 1329 1059 mutare
1358 1018 1549 1058 manus
1592 1002 1765 1057 noluit
1789 1043 1806 1069 ,

232 1102 315 1157 sed
339 1101 477 1157 dixit
509 1119 523 1156 :
553 1100 677 1157 Scio
698 1141 713 1166 ,
746 1100 823 1169 fili
842 1142 859 1167 ,
890 1100 1014 1155 scio.
1049 1098 1117 1153 Et
1142 1099 1223 1153 hic
1248 1098 1341 1153 erit
1368 1101 1421 1151 in
1451 1098 1696 1169 pupulum
1720 1138 1734 1162 ,
1764 1105 1810 1151 et

228 1203 269 1251 et
288 1194 364 1247 hic
394 1192 702 1249 exaltabitur
721 1191 841 1247 :sed
860 1196 1017 1261 frater
1043 1192 1153 1261 ejus
1167 1191 1348 1262 junior
1374 1191 1540 1261 major
1564 1188 1654 1245 illo
1684 1190 1776 1244 erit
1787 1230 1803 1259 ,

231 1302 384 1341 senten
416 1285 529 1356 ejus
554 1286 649 1340 erit
686 1284 739 1337 in
768 1283 1143 1339 multitudinem
1188 1282 1412 1354 gentium
1432 1282 1453 1353 (
1471 1279 1599 1336 Gen.
1623 1296 1805 1345 vant,

230 1376 331 1449 l9).
366 1376 540 1432 Etiam
564 1376 653 1432 hic
677 1376 785 1432 duo
810 1376 901 1432 illa
939 1379 1205 1447 promissa
1244 1375 1578 1431 demonstrat
1605 1376 1645 1428 ⁸.
1674 1373 1807 1429 Nam

228 1469 306 1526 ille
332 1470 388 1523 in
416 1469 664 1541 populum
684 1510 700 1537 ,
730 1468 831 1524 iste
867 1468 921 1522 in
950 1467 1322 1523 multitudinem
1368 1467 1593 1539 gentium
1614 1480 1635 1521 :
1680 1464 1806 1536 quid

229 1560 521 1618 evidentius
540 1576 701 1631 quam
729 1560 814 1615 his
839 1558 1045 1615 duabus
1075 1558 1518 1630 promissionibus
1545 1557 1807 1614 contineri

228 1654 475 1726 populum
505 1653 864 1709 lsraelitarum
899 1652 1191 1722 orbemque
1219 1660 1482 1706 terrarum
1510 1650 1563 1705 in
1603 1650 1807 1705 semine

227 1745 449 1802 Abrahae
474 1788 492 1815 ,
521 1746 673 1802 illum
714 1744 1008 1802 secundum
1037 1758 1253 1800 carnem
1272 1782 1288 1809 ,
1314 1743 1476 1798 istum
1512 1741 1806 1799 secundum

227 1838 374 1895 ﬁdem
396 1839 423 1893 2

226 1951 445 2009 CAPUT
469 1950 656 2007 XLIII.
684 1980 755 1992 —-
780 1950 857 2006 De
884 1950 1191 2021 temporibus
1215 1948 1403 2020 Moysi,
1427 1956 1473 2004 et
1493 1947 1619 2005 Iesu
1638 1949 1803 2017 Nave,

286 2062 343 2099 ac
379 2043 631 2100 Iudicum
654 2087 670 2113 ,
719 2053 867 2115 atque
894 2043 1077 2099 exinde
1103 2043 1332 2113 Regum,
1362 2059 1576 2113 quorum
1604 2044 1806 2114 quidem

288 2136 423 2192 Sui!
456 2138 653 2207 primus
676 2144 783 2204 est,
801 2136 890 2192 sed
922 2134 1092 2191 Dauid
1117 2136 1405 2206 prwcipuus
1428 2144 1475 2191 et
1490 2146 1807 2192 sacramento

287 2229 501 2284 habetur
531 2239 580 2283 et
605 2229 802 2285 merito.

286 2343 336 2397 l.
379 2340 646 2398 Defuncto
670 2341 856 2410 Jacob,
884 2341 1134 2398 defuncto
1158 2342 1319 2398 etiam
1344 2340 1564 2412 Joseph,
1596 2356 1692 2412 per
1717 2357 1802 2397 re-

225 2432 387 2505 liquos
439 2445 655 2492 centum
709 2436 1057 2507 quadraginta
1104 2446 1335 2508 quatuor
1370 2451 1579 2505 annos,
1634 2435 1805 2492 donec

224 2528 451 2583 exiretur
491 2527 562 2585 de
606 2537 748 2584 terra
800 2527 1041 2601 Egypti,
1068 2527 1120 2583 in
1163 2529 1381 2584 modum
1434 2527 1803 2584 incredibilem

223 2617 301 2673 illa
334 2634 473 2691 gens
497 2620 668 2676 crevit
690 2662 707 2688 ,
738 2621 902 2676 etiam
928 2620 1089 2675 tantis
1115 2621 1295 2676 attrita
1317 2618 1801 2692 persecutionibus,

223 2721 275 2767 ut
297 2710 531 2782 quodam
586 2722 827 2784 tempore
875 2713 987 2768 nati
1030 2713 1253 2768 masculi
1299 2722 1655 2780 necarentur,
1682 2728 1802 2769 cum

223 2805 473 2861 mirantes
511 2804 797 2879 (Egyptios
841 2807 1005 2861 nimia
1054 2807 1235 2879 populi
1286 2805 1431 2862 illius
1473 2806 1803 2863 incrementa

223 2904 498 2954 terrerent.
532 2897 683 2954 Tunc
706 2898 918 2972 Moyses
955 2900 1262 2955 subtractus
1308 2898 1455 2955 furto
1504 2899 1800 2956 trucidato-

222 2988 356 3045 ribus
384 2990 732 3060 parvulorum
758 3033 775 3060 ,
819 2991 885 3047 ad
924 2990 1142 3048 domum
1171 2992 1375 3064 regiam
1399 3032 1415 3057 ,
1448 2992 1680 3062 ingentia
1708 3006 1805 3061 per

223 3095 331 3136 eum
359 3081 476 3137 Deo
512 3094 880 3154 praeparante,
909 3085 1191 3157 pervenit,
1230 3085 1571 3155 nutritusque
1606 3095 1661 3141 et
1704 3084 1801 3139 ad-

223 3184 426 3246 optatus
445 3191 478 3231 a
503 3176 613 3232 ﬁlia
643 3176 935 3235 Pharaonis
956 3178 1120 3250 (quod
1146 3192 1340 3234 nomen
1359 3178 1412 3233 in
1428 3176 1665 3249 Egypto
1686 3192 1805 3233 om-

224 3267 356 3323 nium
386 3284 577 3340 regum
606 3268 747 3344 fuit),
771 3266 832 3326 in
864 3279 1068 3327 tantum
1094 3272 1338 3343 pervenit
1362 3273 1535 3328 virum
1553 3314 1569 3339 ,
1601 3281 1661 3326 ut
1689 3270 1804 3341 ipse

222 3359 353 3417 illam
378 3371 602 3434 gentem
628 3362 945 3421 mirabiliter
967 3364 1395 3436 multiplicatam,
1426 3379 1493 3421 ex
1514 3363 1804 3420 durissimo

224 3456 633 3525 «gravissimo,
660 3456 805 3529 quod
850 3456 920 3511 ibi
952 3457 1190 3525 ferebat,
1221 3457 1349 3529 jugo
1390 3459 1666 3515 servitutis
1709 3473 1803 3514 ex-

225 3544 490 3613 traheret,
526 3549 637 3603 imo
683 3562 779 3619 per
814 3563 937 3604 eum
987 3548 1129 3604 Deus
1152 3590 1167 3616 ,
1208 3549 1299 3620 qui
1340 3548 1441 3604 hoc
1483 3550 1804 3620 promiserat

224 3635 464 3692 Abrahae.
507 3636 665 3693 Prius
704 3639 901 3710 quippe
942 3638 1135 3696 exinde
1178 3639 1421 3710 fugiens,
1450 3640 1593 3711 quod
1618 3681 1634 3708 ,
1680 3657 1801 3697 cum

224 3726 512 3785 Israelitam
546 3730 896 3801 defenderet,
929 3732 1243 3805 Egyptium
1267 3730 1572 3801 occiderat,
1599 3741 1656 3787 et
1694 3742 1802 3789 ter-

223 3823 344 3879 ritus
370 3824 556 3880 fuerat
583 3826 605 3857 ¹
632 3841 648 3892 ;
674 3833 861 3895 postea
897 3824 1151 3881 divinitus
1197 3826 1395 3882 missus
1442 3825 1497 3881 in
1541 3833 1803 3897 potestate

222 3913 447 3984 Spiritus
470 3916 567 3971 Dei
593 3916 871 3987 superavit
908 3917 1220 3973 resistentes
1258 3915 1556 3972 Pharaonis
1593 3931 1799 3988 magos.

222 4004 360 4063 Tunc
387 4024 489 4079 per
512 4023 636 4063 eum
661 4008 929 4081 Egyptiis
960 4009 1119 4064 illata:
1162 4018 1287 4065 sunt
1313 4009 1500 4066 decem
1530 4022 1801 4066 memora-

218 4098 343 4156 biles
390 4103 604 4173 plagaa,
635 4119 757 4159 cum
804 4103 1078 4160 dimittere
1120 4106 1375 4177 populum
1426 4106 1522 4162 Dei
1564 4100 1800 4174 nollent;

219 4203 343 4262 aqua
368 4194 425 4248 in
456 4194 773 4265 sanguinem
821 4210 973 4250 versa
993 4237 1007 4263 ,
1035 4210 1179 4251 rana:
1208 4206 1263 4252 et
1289 4196 1561 4267 sciniphes
1583 4237 1599 4262 ,
1634 4210 1800 4269 cyno-

217 4285 349 4353 myia
368 4326 383 4350 ,
418 4301 568 4341 mors
596 4301 856 4356 pecorum
878 4328 897 4354 ,
930 4288 1108 4343 ulcera
1130 4328 1147 4355 ,
1178 4288 1383 4359 grando
1402 4329 1418 4357 ,
1445 4290 1647 4345 locusta
1674 4329 1692 4357 ,
1719 4296 1803 4345 te-

220 4377 419 4446 nebrre,
454 4395 601 4435 mors
648 4381 1149 4452 primogenitorum.
1180 4382 1262 4436 Ad
1303 4392 1603 4438 extremum
1633 4382 1805 4439 Israe-

218 4467 362 4537 litas,
394 4485 537 4541 quos
562 4470 734 4541 plagis
758 4481 835 4526 tot
860 4473 1126 4543 tantisque
1164 4472 1412 4543 perfracti
1460 4475 1675 4529 tandem
1708 4475 1804 4530 ali-

220 4560 425 4628 quando
466 4560 821 4630 dimiserant,
864 4562 1103 4634 IEgyptii
1156 4563 1212 4617 in
1247 4564 1381 4618 mari
1436 4562 1621 4620 Rubro
1674 4563 1801 4620 dum

217 4662 629 4723 persequuntur,
655 4653 904 4709 exstincti
933 4664 1077 4710 sunt.
1109 4653 1217 4711 Illis
1253 4655 1450 4725 quippe
1486 4655 1803 4711 abeuntibus

216 4740 439 4798 divisum
468 4758 621 4800 mare
648 4744 790 4801 viam
827 4745 986 4803 fecit:
1014 4746 1112 4801 hos
1154 4755 1334 4802 autem
1367 4747 1709 4818 insequentes
1746 4749 1800 4803 in

216 4840 271 4881 se
304 4827 529 4884 rediens
559 4828 701 4884 unda
730 4828 1039 4886 submersit.
1062 4831 1265 4887 Deinde
1312 4846 1411 4902 per
1458 4846 1629 4887 annos
1680 4847 1806 4902 qua-

215 4917 452 4991 draginta
480 4962 496 4989 ,
529 4922 679 4978 duce.
704 4921 883 4994 Moyse
903 4965 918 4989 ,
950 4924 1045 4980 Dei
1072 4924 1303 4996 populus
1346 4941 1443 4996 per
1483 4924 1755 4981 desertum
1782 4925 1805 4958 ⁸

213 5019 357 5067 actus
412 5023 539 5078 est,
597 5014 810 5083 quando
860 5014 1288 5071 Tabernaeulum
1333 5015 1624 5073 testimonii
1668 5034 1804 5073 nun-

213 5114 463 5174 cupatum
492 5116 576 5161 est
594 5148 610 5175 ,
638 5108 730 5162 ubi
758 5107 903 5163 Deus
927 5108 1204 5164 sacriﬁciis
1234 5108 1413 5165 futura
1444 5112 1804 5180 praenuntian-

216 5195 351 5253 tibus
378 5198 659 5255 colebatur
695 5216 709 5254 :
742 5216 863 5256 cum
904 5202 1111 5258 scilicet
1131 5203 1242 5273 jam
1270 5202 1392 5259 data
1419 5205 1505 5259 lex
1532 5204 1721 5262 fuisset
1750 5207 1802 5261 in

212 5297 395 5345 monte
420 5290 647 5345 multum
675 5292 1023 5358 terribiliter;
1049 5293 1398 5349 attestabatur
1423 5296 1566 5351 enim
1589 5296 1804 5353 eviden~

214 5378 420 5435 tissima
452 5381 789 5437 mirabilibus
818 5382 983 5453 signis
1014 5384 1341 5455 vocibusque
1363 5386 1632 5444 divinitas.
1651 5388 1805 5455 Quod

212 5469 412 5526 factum
443 5482 523 5527 est
551 5489 677 5528 mox
706 5484 763 5529 ut
786 5476 988 5530 exitum
1033 5487 1115 5532 est
1142 5477 1212 5533 de
1239 5476 1473 5549 Egypto
1500 5522 1514 5545 ,
1548 5490 1604 5536 et
1630 5481 1680 5535 in
1711 5480 1804 5538 de-

211 5574 352 5618 serto
396 5565 626 5635 populus
659 5582 778 5621 esse
826 5569 1026 5638 ccepit,
1068 5569 1505 5641 quinquagesimo
1552 5572 1638 5628 die
1685 5582 1807 5643 post

271 5678 291 5745 ξ
328 5677 469 5745 aditi,
494 5676 838 5745 demonstrant.
864 5679 1183 5745 emendantur
1206 5693 1269 5745 ex
1295 5684 1650 5745 manuscriptis.

273 5741 292 5768 ³
327 5741 406 5806 sic
432 5745 536 5806 Mss.
566 5747 623 5788 Al.
645 5741 782 5806 editi,
811 5740 950 5791 Prius
972 5743 1146 5806 quippe
1181 5742 1366 5806 exinde
1392 5745 1457 5793 ad
1484 5740 1667 5806 terram
1701 5754 1805 5795 Μα-

210 5798 347 5873 dian
358 5799 551 5870 fugisse
572 5798 816 5873 refertur,
850 5798 1017 5873 quod,
1050 5798 1163 5873 eam
1198 5805 1467 5873 Israelitam
1505 5805 1801 5873 defenderet,

213 5863 460 5924 mltum
478 5863 739 5923 occiderat,
763 5872 809 5916 et
836 5863 1032 5919 territus
1050 5866 1241 5934 fugerat
1256 5904 1271 5933 ,
1296 5868 1397 5931 vel,
1420 5863 1625 5934 fugeret.

272 5925 294 5956 ³
484 5926 536 5976 in
558 5926 764 5976 deserto.

326 5933 461 5985 ηδε,
484 5926 536 5976 in
558 5926 764 5977 deserto.

420 6010 647 6075 timur.
680 6015 954 6079 Aususr.
1002 6016 1137 6081 VII.

1434 417 1635 474 LIBER
1678 416 1971 475 DECIMUS
2007 416 2296 478 SEXTUS.

3402 436 3507 491 522

1917 537 2247 594 celebratum
2300 540 2505 598 Pascha
2553 558 2649 614 per
2686 546 2803 601 ovis
2850 546 3312 605 immolationem:
3345 553 3433 622 qui
3487 556 3503 585 ⁸

1916 643 2089 699 usque
2120 630 2256 686 adeo
2299 640 2454 704 typus
2498 635 2696 692 Christi
2721 648 2832 705 est,
2864 642 3230 710 praenuntians
3257 659 3378 698 cum
3413 661 3507 715 per

1918 720 2193 776 victimam
2244 724 2510 795 passionis
2558 726 2626 783 de
2678 729 2780 783 hoc
2823 731 3022 785 mundo
3055 733 3400 789 transiturum
3438 735 3504 792 ad

1916 809 2128 866 Patrem
2155 811 2382 885 (Pascha
2431 816 2626 887 quippe
2666 817 2879 875 bebrma
2910 821 3083 892 lingua
3112 823 3391 882 Transitus
3421 827 3504 881 in-

1917 910 2239 974 terpretatur
2267 905 2460 979 [Εποά.
2492 924 2585 975 xu,
2611 909 2769 984 11,]),
2808 923 2864 967 ιιι
2887 914 2996 983 jam
3027 931 3148 971 cum
3175 916 3506 974 revelaretur

1916 992 2319 1051 Testamentum
2369 1013 2588 1065 novum,
2612 1012 2961 1073 posteaquam
3006 1006 3208 1062 Pascha
3255 1019 3499 1065 nostrum

1918 1085 2232 1143 immolatus
2257 1098 2341 1144 est
2367 1087 2612 1147 Christus
2638 1133 2653 1157 ,
2685 1095 3126 1167 quinquagesimo
3170 1100 3257 1157 die
3295 1103 3505 1159 veniret

1920 1176 1987 1233 de
2009 1178 2151 1236 ctelo
2177 1180 2410 1251 Spiritus
2434 1192 2653 1239 sanctus
2676 1201 2690 1239 :
2713 1186 2803 1255 qui
2829 1186 3004 1242 dictus
3028 1200 3110 1245 est
3137 1191 3191 1246 in
3215 1192 3506 1265 Evangelia

1916 1268 2115 1340 digitus
2147 1273 2239 1327 Dei
2271 1271 2424 1342 (Luc.
2451 1290 2525 1343 ιι,
2554 1274 2672 1349 20),
2703 1286 2761 1331 ut
2804 1280 3228 1340 recordationem
3265 1296 3502 1344 nostram

1915 1360 1968 1415 in
1997 1362 2155 1431 primi
2185 1365 2511 1436 praeﬁgurati
2535 1366 2666 1423 facti
2695 1371 3010 1426 memoriam
3037 1386 3352 1447 revocaret;
3381 1381 3505 1452 quia

1914 1463 1968 1509 et
2006 1454 2139 1526 legis
2188 1456 2294 1512 illa:
2335 1459 2529 1515 tabulae
2578 1459 2748 1533 digito
2797 1462 2889 1518 Dei
2942 1467 3153 1538 scripta
3201 1468 3508 1531 referuntur

1915 1543 2111 1614 (Exod.
2142 1563 2289 1616 xxxi,
2321 1549 2436 1622 18).

1982 1638 2036 1693 2.
2070 1639 2329 1698 Defuncto
2354 1643 2536 1718 Moyse
2558 1687 2573 1713 ,
2606 1651 2859 1719 populum
2888 1652 3028 1708 rexit
3054 1651 3211 1712 Iesus
3237 1654 3383 1713 Nave
3406 1697 3421 1725 ,
3452 1668 3510 1715 et

1912 1729 1966 1785 in
2013 1740 2208 1787 terram
2258 1735 2628 1804 promissionis
2674 1740 3009 1813 introduxit,
3041 1760 3269 1817 eamque
3309 1748 3511 1819 popqu

1912 1819 2110 1877 divisit.
2130 1822 2212 1877 Ab
2238 1822 2321 1879 bis
2341 1824 2551 1883 duobus
2576 1828 2910 1888 mirabilibus
2934 1834 3157 1891 ducibus
3179 1836 3318 1892 bella
3346 1839 3508 1895 etiam

1912 1914 2273 1985 prosperrime
2318 1931 2381 1973 ac
2426 1919 2739 1978 mirabiliter
2778 1933 2926 1996 gesta
2969 1936 3130 1996 sunt,
3165 1928 3277 1986 Deo
3320 1941 3511 1988 eonte-

1912 2014 2087 2065 stante
2116 2026 2222 2067 non
2253 2019 2361 2067 tam
2388 2023 2607 2086 propter
2635 2018 2825 2074 merita
2858 2020 3067 2076 Hebrmi
3097 2024 3319 2095 populi,
3347 2040 3509 2096 quam

1912 2111 2132 2172 propter
2173 2115 2391 2175 peccata
2420 2122 2603 2165 earum
2631 2126 2750 2182 quae
2778 2112 3183 2172 debellabautur
3225 2121 3463 2189 gentium
3486 2159 3506 2187 ,

1911 2191 2029 2249 illas
2072 2195 2150 2251 eis
2196 2199 2505 2267 provenisse
2534 2202 2805 2260 victorias.
2834 2204 2967 2264 Post
3009 2208 3139 2265 istos
3181 2209 3347 2269 duces
3370 2252 3386 2277 ,
3412 2211 3509 2268 Ju-

1911 2284 2058 2341 dices
2101 2285 2352 2357 fuerunt,
2375 2292 2485 2361 jam
2519 2293 2571 2349 in
2605 2304 2743 2351 terra
2769 2299 3139 2368 promissionis
3167 2303 3363 2374 populo
3391 2305 3505 2360 col-

1911 2378 2086 2435 locato
2134 2397 2149 2434 :
2200 2391 2259 2437 ut
2301 2383 2559 2456 inciperet
2606 2387 2819 2445 interim
2864 2393 3014 2448 reddi
3062 2394 3291 2452 Abrahze
3335 2398 3507 2468 prima

1914 2473 2199 2541 promissio
2224 2474 2290 2530 de
2318 2486 2477 2547 gente
2504 2494 2631 2547 una,
2665 2480 2717 2535 id
2742 2490 2826 2538 est
2852 2482 3097 2551 Hebrzea,
3124 2495 3179 2543 et
3204 2497 3342 2545 terra
3370 2489 3508 2545 Cha-

1911 2578 2049 2620 naan
2073 2583 2089 2632 ;
2122 2567 2356 2624 nondum
2385 2570 2453 2626 de
2479 2573 2728 2631 omnibus
2753 2578 3001 2647 gentibus
3026 2588 3079 2635 et
3105 2590 3217 2637 toto
3241 2582 3372 2639 orbe
3397 2592 3507 2641 ter-

1909 2674 2091 2715 rarum
2125 2679 2139 2715 :
2174 2663 2311 2734 quod
2338 2663 2533 2721 Christi
2577 2667 2837 2725 adventus
2867 2671 2919 2725 in
2962 2687 3125 2729 carne
3147 2716 3163 2743 ,
3192 2683 3248 2731 et
3275 2691 3381 2733 non
3411 2692 3507 2734 ve-

1910 2755 2040 2811 teris
2066 2756 2224 2828 Legis
2260 2758 2667 2818 observationes
2689 2804 2704 2831 ,
2736 2763 2833 2819 sed
2866 2763 3139 2837 Evangelii
3167 2768 3299 2826 ﬁdes
3337 2770 3510 2827 fuerat

1908 2844 2211 2917 impletura.
2241 2849 2406 2922 Cujus
2433 2853 2509 2908 rei
2540 2855 2899 2925 praaﬁguratio
2928 2856 3067 2913 facta
3096 2869 3198 2925 est,
3227 2861 3369 2932 quod
3400 2877 3505 2919 non

1907 2936 2117 3009 Moyses
2140 2980 2155 3006 ,
2186 2940 2273 3011 qui
2303 2942 2474 3013 legem
2518 2945 2714 3015 populo
2738 2956 3019 3018 acceperat
3046 2949 3098 3004 in
3126 2961 3311 3009 monte
3334 2952 3463 3010 Sina
3487 2996 3505 3022 ,

1908 3030 2002 3086 sed
2046 3032 2201 3089 Jesus
2228 3076 2241 3098 ,
2300 3036 2385 3089 cui
2443 3038 2603 3091 etiam
2647 3054 2841 3094 nomen
2867 3040 2977 3096 Deo
3006 3045 3349 3114 praecipiente
3389 3063 3504 3101 mu-

1909 3131 2075 3178 tatum
2124 3124 2298 3179 fuerat
2347 3134 2406 3181 ut
2432 3126 2586 3183 Jesus
2633 3141 2955 3197 vocaretur,
2988 3137 3239 3203 populum
3288 3139 3339 3193 in
3391 3148 3502 3194 ter-

1908 3231 2022 3271 ram
2070 3218 2440 3287 promissionis
2485 3219 2721 3277 induxit.
2775 3222 3131 3294 Temporibus
3177 3236 3353 3283 autem
3402 3230 3502 3286 Ju-

1908 3308 2084 3364 dicum
2110 3352 2125 3377 ,
2175 3311 2314 3367 sicut
2341 3325 2401 3368 se
2445 3311 2711 3368 habebant
2739 3322 2795 3369 et
2842 3324 3055 3386 peccata
3090 3318 3269 3389 p0puli
3298 3328 3352 3374 et
3399 3322 3501 3375 mi-

1907 3402 2196 3459 sericordia
2248 3405 2383 3474 Dei,
2431 3405 2833 3465 alternaverunt
2878 3426 3131 3482 prospera
3179 3421 3232 3469 et
3275 3413 3502 3470 adversa

1906 3495 2193 3554 bellorum.

1977 3589 2033 3646 '5.
2065 3588 2193 3644 Inde
2230 3598 2445 3646 ventum
2474 3600 2558 3648 est
2596 3592 2663 3648 ad
2709 3594 2912 3666 Regum
2958 3604 3193 3666 tempora
3228 3615 3242 3652 :
3275 3613 3500 3668 quorum

1910 3680 2115 3752 primus
2140 3684 2379 3753 regnavit
2403 3685 2531 3742 Ssul
2564 3702 2578 3739 :
2610 3702 2717 3758 quo
2764 3688 3048 3758 reprobato
3073 3698 3127 3743 et
3178 3688 3365 3746 bellica
3393 3691 3503 3746 ela-

1906 3772 1974 3829 de
1999 3783 2266 3843 prostrato
2287 3816 2304 3843 ,
2348 3775 2571 3847 ejusque
2614 3778 2781 3849 stirpe
2805 3779 3001 3849 rejecta
3028 3821 3043 3845 ,
3088 3796 3155 3836 ne
3182 3780 3307 3838 inde
3346 3798 3500 3855 reges

1905 3867 2173 3921 orirentur
2195 3909 2211 3933 ,
2241 3866 2406 3922 David
2428 3868 2688 3924 successit
2717 3870 2772 3924 in
2796 3885 3016 3941 regnum
3040 3912 3056 3939 ,
3085 3871 3237 3943 cujus
3263 3873 3497 3931 maxime

1906 3956 2150 4013 Christus
2173 3958 2346 4015 dictus
2372 3970 2457 4015 est
2481 3960 2638 4017 filius.
2670 3960 2732 4017 In
2762 3979 2868 4033 quo
2893 3963 3151 4019 articulus
3178 3966 3392 4037 quidam
3423 3967 3503 4023 fa-

1906 4060 2025 4108 ctus
2052 4060 2137 4108 est
2163 4063 2218 4109 et
2244 4052 2523 4110 exordium
2567 4055 2960 4126 quodammodo
2996 4056 3288 4126 juventutis
3315 4060 3500 4132 populi

1907 4143 2004 4201 Dei
2037 4162 2051 4199 :
2083 4144 2236 4215 cujus
2259 4147 2471 4216 generis
2495 4146 2737 4217 quiedam
2767 4147 2911 4203 velut
2948 4147 3308 4207 adolescentia
3335 4150 3500 4208 duce-

1907 4236 2064 4291 batur
2089 4237 2155 4293 ab
2182 4238 2298 4309 ipso
2326 4237 2597 4294 Abraham
2623 4255 2792 4309 usque
2819 4239 2887 4295 ad
2930 4240 3071 4295 hunc
3098 4241 3284 4299 David.
3313 4243 3499 4316 Neque

1898 4328 2051 4383 enim
2098 4327 2293 4384 frustra
2322 4329 2601 4386 Matthwus
2647 4331 2974 4401 evangelista
3004 4332 3081 4387 sic
3126 4335 3501 4403 generationes

1908 4421 2385 4487 commemoravit,
2439 4432 2497 4477 ut
2544 4421 2647 4477 hoc
2694 4422 2923 4492 primum
2976 4422 3314 4479 intervallum
3362 4442 3498 4497 qua-

1909 4504 2202 4565 tuordeeim
2233 4512 2663 4582 generationibus
2685 4513 3104 4577 commendaret.
3130 4513 3198 4571 ab
3226 4514 3496 4571 Abraham

1907 4600 2110 4656 scilicet
2134 4615 2302 4672 usque
2324 4602 2391 4657 ad
2416 4602 2575 4657 David
2608 4602 2821 4675 (Matth.
2856 4619 2913 4673 ι,
2942 4606 3053 4677 17).
3083 4605 3165 4663 Ab
3190 4605 3500 4664 adolescen-

1908 4693 1979 4748 tia
2006 4692 2202 4765 quippe
2242 4692 2426 4764 incipit
2468 4694 2629 4750 homo
2671 4710 2829 4766 posse
2874 4712 3133 4768 generare
3167 4717 3185 4758 :
3217 4711 3497 4772 propterea

1908 4784 2310 4859 generationum
2333 4785 2354 4816 ’
2385 4800 2451 4839 ex
2478 4784 2744 4841 Abraham
2789 4790 3017 4860 sumpsit
3058 4792 3335 4848 exordium
3360 4810 3374 4857 ;
3405 4793 3497 4864 qui

1908 4875 2067 4929 etiam
2090 4881 2243 4943 pater
2267 4875 2503 4943 gentium
2528 4877 2852 4934 constitutus
2876 4887 2979 4948 est,
3002 4880 3215 4949 quando
3240 4890 3498 4938 mutatum

1910 4980 2104 5021 nomen
2154 4965 2378 5036 accepit.
2412 4968 2552 5022 Ante
2598 4966 2739 5023 hunc
2780 4984 2910 5039 ergo
2940 4970 3085 5025 velut
3133 4972 3358 5041 pueritia
3402 4972 3502 5031 fuit

1909 5044 2066 5126 hujus
2110 5058 2320 5127 generis
2361 5059 2538 5129 populi
2586 5061 2721 5125 Dei,
2765 5076 2794 5114 a
2837 5059 2949 5116 Noe
3000 5076 3168 5130 usque
3208 5063 3274 5117 ad
3322 5064 3498 5135 ipsum

1911 5149 2179 5204 Abraham
2215 5167 2227 5203 :
2259 5158 2316 5204 et
2340 5148 2461 5206 ideo
2490 5151 2657 5220 prima
2700 5150 2875 5221 lingua
2898 5151 2919 5182 ³
2948 5152 3160 5208 iuventa
3189 5162 3307 5221 est,
3339 5155 3390 5211 id
3418 5169 3502 5213 est

1910 5242 2142 5297 ltebrtna.
2173 5242 2215 5297 A
2249 5243 2473 5313 pueritia
2518 5258 2745 5313 namque
2787 5242 2950 5298 homo
2976 5244 3162 5314 incipit
3205 5246 3348 5318 loqui
3380 5262 3501 5320 post

1911 5334 2226 5402 infantiam,
2270 5352 2389 5406 qua:
2437 5334 2561 5390 hinc
2604 5335 2864 5405 appellata
2912 5344 3030 5402 est,
3075 5339 3197 5409 quia
3247 5339 3347 5396 fari
3392 5358 3497 5398 non

1912 5436 2104 5497 potest.
2134 5427 2301 5495 Quam
2329 5426 2567 5496 profecto
2593 5435 2802 5483 mtatem
2831 5428 3054 5498 primam
3080 5429 3340 5504 demergit
3367 5434 3502 5489 obli~

1976 5627 1990 5657 ε
2027 5626 2100 5689 sic
2120 5634 2225 5689 Mss.
2248 5626 2365 5676 Editi
2389 5632 2573 5689 autem,
2598 5639 2723 5689 quce.

1974 5688 1993 5719 ³
2027 5687 2163 5761 Editi,
2186 5686 2749 5761 generationum-series;
2773 5697 2825 5761 et
2847 5690 2990 5752 paulo
3010 5702 3135 5755 post,
3157 5695 3241 5761 qui
3260 5695 3405 5761 etiam
3419 5708 3503 5761 pa-

1909 5755 1982 5800 ter
2006 5747 2518 5822 mulgaria-ngenium.
2537 5752 2699 5809 Abest,
2722 5747 2888 5822 series,
2911 5765 2941 5801 a
2962 5747 3299 5819 manuscriptis
3312 5747 3504 5810 necnon

1912 5910 2044 5998 libri,
2062 5910 2127 5985 ἐἰ
2140 5910 2546 6003 remeam;
2556 5910 2731 6000 ὗὲῑῗῖἱ
2744 5910 3037 5990 ἒιῖᾶῖέἱὶἓίἑ

3071 5879 3178 5929 ima.
3200 5881 3285 5931 Alii
3301 5889 3501 5933 veteres

3071 5955 3178 5992 uua.

2682 6024 3099 6105 (Dim-sapt.)
