4054 6478
473 343 582 404 623

1543 336 1631 391 DE
1668 335 1990 391 CIVITATE
2032 335 2169 407 DEI,
2207 336 2264 394 S.
2304 337 2668 394 AUGUSTINI

3644 343 3762 401 52$

474 464 583 530 vio,
616 462 754 516 sicut
779 464 910 515 mtas
937 457 1108 528 prima
1133 452 1347 526 generis
1375 451 1593 507 humani
1620 459 1702 508 est
1728 449 1901 506 deleta
1927 446 2062 504 diIu-
2165 450 2385 507 arietem
2416 451 2631 506 trimum
2659 452 2828 525 (Gen.
2877 468 2944 507 xv
2967 495 2983 520 ,
3011 453 3044 508 9
3068 452 3087 525 )
3115 495 3126 518 ,
3159 454 3466 524 impositum
3490 464 3573 513 est
3597 450 3796 530 Legis‘

473 552 809 622 vim-Quotus
851 548 994 606 enim
1017 548 1243 618 quisque
1289 551 1408 612 est,
1436 543 1526 622 qui
1571 558 1720 599 suam
1751 541 2062 599 recordetur
2163 545 2347 616 jugum
2373 584 2387 610 ,
2416 551 2472 598 et
2495 543 2739 615 apparuit
2765 543 3086 600 abundantia
3113 551 3451 616 peccatorum
3478 589 3492 615 ,
3523 557 3577 603 et
3605 551 3772 620 regni

475 642 788 700 infantiam?
805 639 1164 711 Quamobrem
1193 640 1247 693 in
1273 639 1376 694 isto
1405 650 1661 708 procursu
1687 636 1918 692 civitatis
1941 634 2059 702 Dei,

475 735 615 792 sicut
641 733 884 804 superior
921 745 1080 787 unam
1122 729 1470 801 eamdemque
1500 727 1726 800 primam
1750 767 1765 794 ,
1809 728 1882 782 ita
1929 726 2063 782 duas

477 836 656 884 aetates
673 826 957 882 secundam
983 835 1038 880 et
1063 823 1426 881 tertiamiiber
1453 823 1554 879 iste
1579 819 1868 888 contineat,
1888 821 1941 876 in
1957 833 2063 890 qua

478 920 627 975 tertia
672 924 890 989 propter
917 931 1133 975 vaccam
1178 919 1390 973 trimam
1413 959 1428 985 ,
1459 929 1676 986 capram
1726 912 1936 970 trimam
1961 953 1977 980 ,
2008 917 2066 967 et

2169 636 2365 693 terreni
2391 637 2621 692 surrexit
2644 636 2942 704 exordium,
2962 633 3053 693 ubi
3081 629 3486 694 nondeiuerunt
3509 640 3766 710 spiritus.

2167 728 2250 785 les
2271 769 2287 797 ,
2321 741 2548 799 quorum
2577 727 2629 783 in
2673 735 2881 786 turture
2905 735 2962 786 et
2988 728 3235 787 columba
3259 727 3450 802 abici.)
3475 730 3792 803 ﬁguratam-
3895 804 3904 811 Ι

2169 823 2253 874 εει
2277 827 2691 876 sacramentum.

488 1086 3762 1117 Mm

1040 1212 1516 1325 LIBER
1580 1205 2294 1320 DECIMUS
2349 1205 2638 1318 SEP
2663 1201 3181 1318 TIMU'S.

477 1452 525 1504 ιιι
545 1451 825 1522 meum
846 1447 914 1520 9e
933 1446 1142 1524 οίνίιρξίε
1163 1446 1246 1494 "ei
1259 1433 3772 1524 nos“!Pﬂﬂ‘ﬂfﬂmfﬂmgl:“ﬂigifinﬁ'iﬁ‘iiﬁiiﬁﬁ.S‘ifisiﬂlﬂrsﬁﬁ

539 1495 1149 1562 ἕδέἶίξῗιῖἱῖετῖέὼξώᾱειω
1165 1495 1661 1556 δαυίνειὶεἰηειὶυιιεὲ
1678 1495 1963 1558 εοτιιωᾱεῦι
1986 1495 2260 1566 temporum
2283 1496 2333 1545 in
2356 1498 2556 1558 Regum.
2583 1495 2872 1547 Ρεθιωοηιῐι)
2897 1503 2949 1546 (εἴ
2970 1495 3230 1547 5³10³ῖοοΒ
3251 1495 3388 1549 “bris
3420 1497 3484 1549 de
3506 1495 3688 1553 είιΐίδιδ
3713 1511 3772 1554 ει

543 1573 751 1624 Ecclesia
772 1577 1095 1636 exponuntur.

1992 1657 2239 1732 θ’θῆξῆ

545 1802 772 1862 CAPUT
791 1799 1073 1858 PRIMUM.
1088 1829 1157 1842 —-
1172 1798 1250 1854 De
1270 1796 1576 1870 temporibus
1597 1795 1992 1867 Proptetarum.

551 1939 936 1998 Promissiones
965 1935 1061 1993 Dei
1086 1979 1100 2004 ,
1147 1951 1264 2007 qua:
1307 1933 1460 1990 factae
1488 1943 1613 1990 sunt
1658 1931 1724 1988 ad
1753 1929 2020 1987 Abraham
2047 1973 2064 2000 ,

477 2036 630 2107 cujus
648 2031 839 2091 semini
860 2040 914 2087 et
938 2038 1148 2102 gentem
1173 2027 1516 2086 israeliticam
1538 2022 1830 2082 secundum
1851 2021 2068 2078 carnem

475 2139 530 2188 et
555 2143 740 2186 omnes
768 2136 952 2198 gentes
979 2122 1164 2181 deberi
1203 2121 1496 2178 secundum
1527 2118 1686 2175 iidem
1713 2160 1727 2184 ,
1775 2117 1885 2172 Deo
1911 2115 2068 2186 polli-

475 2230 631 2279 cente
651 2263 667 2289 ,
697 2217 982 2275 didicimus
1003 2259 1018 2284 ,
1050 2212 1498 2289 quemadmodum
1542 2210 1907 2281 compleantur
1930 2251 1944 2276 ,
1975 2224 2070 2278 per

475 2314 720 2371 ordinem
747 2321 1046 2381 temporum
1069 2322 1389 2378 procurrens
1416 2306 1510 2362 Dei
1539 2305 1723 2361 civitas
1752 2305 2006 2363 indicabit
2026 2305 2068 2360 ¹.

475 2405 738 2478 Quoniam
764 2417 891 2474 ergo
913 2401 1204 2472 superioris
1226 2398 1348 2455 libri
1374 2413 1542 2470 usque
1568 2397 1633 2454 ad
1661 2413 1882 2470 regnum
1905 2397 2071 2452 David

476 2498 646 2554 factus
689 2507 772 2551 est
818 2495 976 2561 finis,
1027 2508 1168 2548 nunc
1212 2492 1281 2550 ab
1329 2489 1517 2547 eodem
1560 2505 1765 2561 regno,
1815 2498 2070 2561 quantum

476 2595 726 2658 suscepto
751 2585 902 2657 operi
927 2583 1172 2641 sufficere
1191 2581 1401 2638 videtur
1425 2625 1441 2652 ,
1483 2591 1675 2637 czetera
1703 2595 1820 2652 quae
1843 2596 2072 2652 sequun-

472 2683 566 2738 tur
608 2679 936 2751 attingimus.
972 2677 1083 2732 Hoc
1127 2676 1304 2747 itaque
1334 2683 1543 2745 tempus
1571 2719 1585 2742 ,
1620 2689 1684 2731 ex
1710 2689 1816 2746 quo
1859 2680 2074 2730 sanctus

475 2772 693 2833 Samuel
723 2771 1045 2842 praphetare
1072 2769 1251 2839 coepit,
1283 2778 1336 2824 et
1362 2767 1616 2838 deinceps
1643 2767 1817 2822 donec
1845 2763 2073 2838 populus

476 2863 646 2920 Israel
669 2863 910 2934 captivus
935 2861 990 2918 in
1033 2859 1382 2931 Babyloniam
1407 2859 1694 2915 duceretur
1715 2900 1731 2927 ,
1764 2868 1925 2928 atque
1950 2857 2074 2914 inde

476 2954 770 3014 secundum
793 2953 962 3010 sancti
978 2949 1224 3009 Ieremia:
1245 2950 1580 3023 prophetiam
1602 2960 1720 3021 post
1741 2949 2073 3022 septuaginta

479 3061 651 3103 annos
665 3047 897 3104 reversis
915 3045 1171 3101 lsraeiitis
1191 3042 1403 3115 (larem.
1424 3057 1548 3108 xxv,
1562 3041 1654 3115 11)
1673 3043 1763 3098 Dei
1785 3043 1973 3099 domus
1988 3044 2073 3097 in-

480 3147 812 3195 Stauraretur
841 3145 1009 3193 totum
1033 3145 1242 3206 tempus
1282 3143 1364 3191 est
1384 3135 1796 3206 Prophetarum.
1816 3134 2076 3203 Quamvis

481 3231 625 3293 enim
663 3237 718 3286 et
754 3229 929 3300 ipsum
962 3227 1073 3284 Noe
1092 3227 1470 3297 patriarcham,
1495 3228 1546 3281 in
1565 3227 1716 3297 cujus
1735 3227 1923 3283 diebus
1951 3228 2070 3281 uni-

483 3335 640 3384 versa
665 3330 808 3383 terra
851 3321 1054 3381 diluvio
1098 3321 1278 3378 deleta
1318 3329 1418 3394 est,
1450 3330 1504 3381 ct
1533 3322 1664 3381 alios
1686 3335 1843 3398 supra
1863 3319 2073 3383 etini’ra

482 3432 653 3489 usque
693 3418 761 3474 ad
799 3417 902 3472 hoc
927 3422 1135 3488 tempus
1161 3460 1174 3485 ,
1207 3431 1313 3488 quo
1339 3431 1492 3488 reges
1539 3418 1588 3472 in
1615 3418 1708 3473 Dei
1737 3419 1930 3488 populo
1955 3432 2074 3475 esse

483 3520 799 3580 cmperunt,
849 3518 1066 3580 propter
1107 3509 1351 3580 quaedam
1403 3527 1497 3581 per
1538 3527 1630 3567 cos
1673 3510 1851 3567 futura
1893 3515 1917 3546 ’
1957 3513 2074 3569 sive

485 3613 700 3672 quoquo
727 3598 888 3656 modo
931 3600 1264 3671 significata,
1308 3602 1422 3656 sive
1467 3597 1752 3670 praedicta,
1788 3619 1904 3672 quae
1949 3618 2072 3674 per-

483 3693 714 3748 tinerent
753 3691 820 3748 ad
849 3691 1117 3748 civitatem
1147 3692 1239 3748 Dei
1267 3691 1598 3764 regnuque
1632 3691 1889 3750 caelorum
1919 3738 1933 3762 ,
1967 3709 2073 3750 non

485 3785 751 3840 immerito
783 3786 1048 3856 possimus
1098 3785 1368 3856 appellare
1417 3786 1744 3856 prophetas;
1777 3791 2073 3859 praesertim

484 3877 608 3948 quia
650 3877 936 3932 nonnullos
963 3889 1149 3933 eorum
1181 3876 1232 3931 id
1263 3879 1570 3948 expressius
1613 3880 1838 3951 legimus
1866 3895 2073 3937 nuncu-

484 3979 639 4041 patos
661 4013 675 4037 ,
707 3971 844 4025 sicut
890 3969 1156 4025 Abraham
1191 3969 1359 4042 (Gen.
1390 3983 1460 4026 xx
1488 4015 1501 4040 ,
1537 3970 1648 4044 1),
1697 3973 1832 4028 sicut
1861 3971 2074 4046 Moysen

486 4061 665 4133 (Deut.
694 4075 878 4130 xxxiv,
897 4061 987 4131 £0)
1018 4068 1234 4118 :tamen
1262 4059 1377 4120 dies
1397 4061 1782 4134 Prophetarum
1813 4068 2075 4137 praecipue

485 4153 824 4224 maximeque
865 4153 920 4208 hi
945 4153 1073 4209 dicti
1102 4163 1225 4209 sunt
1251 4198 1265 4222 ,
1299 4169 1362 4209 cx
1409 4170 1514 4225 quo
1551 4157 1714 4226 coepit
1758 4157 2075 4228 prophetare

485 4242 703 4300 Samuel
728 4283 741 4308 ,
769 4244 858 4313 qui
885 4252 940 4298 et
964 4243 1176 4300 Saftiem
1204 4246 1352 4315 prius
1377 4287 1391 4312 ,
1421 4255 1475 4301 et
1501 4261 1564 4301 eo
1591 4247 1876 4318 reprobate
1902 4250 2072 4318 ipsum

489 4331 657 4390 David
681 4373 697 4401 ,
725 4333 835 4390 Deo
880 4335 1224 4405 praecipiente
1248 4377 1262 4404 ,
1293 4336 1441 4391 unxit
1487 4342 1539 4392 in
1582 4351 1761 4408 regem
1788 4383 1801 4407 ,
1832 4340 1900 4396 de
1924 4339 2076 4411 cujus

487 4424 669 4482 caeteri
693 4425 861 4496 stirpe
901 4424 1286 4494 succederent,
1319 4440 1595 4499 quousque
1639 4429 1758 4485 illos
1787 4433 2074 4489 succedere

488 4513 568 4570 sie
595 4523 885 4585 Oporteret.
917 4515 1047 4584 Quae
1089 4515 1247 4587 igitur
1275 4530 1305 4572 a
1337 4515 1619 4588 Prophetis
1657 4529 1780 4576 sunt
1820 4523 2075 4592 praedicta

487 4607 558 4663 de
596 4605 848 4677 Christo,
877 4623 1001 4665 cum
1038 4610 1316 4666 moriendo
1343 4609 1726 4669 decedentibus
1755 4622 1809 4670 ct
1857 4629 2077 4674 nascen-

487 4699 560 4754 do
605 4699 1012 4757 succedentibus
1039 4700 1152 4757 suis
1199 4702 1454 4759 membris
1497 4704 1684 4760 civitas
1714 4705 1807 4762 Dci
1836 4721 1933 4778 per
1976 4709 2076 4765 ista

487 4800 726 4849 curreret
761 4800 1000 4865 tempora
1026 4834 1042 4861 ,
1075 4793 1119 4850 si
1145 4793 1323 4851 omnia
1344 4796 1504 4851 velim
1529 4812 1950 4857 commemorare
1973 4844 1988 4869 ,
2021 4801 2075 4857 in

487 4883 806 4940 immensum
853 4883 1106 4956 pergitur.
1156 4883 1391 4943 Primum
1432 4891 1554 4961 quia
1603 4891 1719 4962 ipsa
1759 4891 2032 4963 Scriptura
2057 4938 2071 4963 ,

487 4989 605 5044 quae
647 4990 744 5052 per
789 4977 1031 5033 Ordinem
1061 4977 1234 5050 Reges
1277 4994 1568 5055 eorumque
1619 4983 1753 5039 facta
1786 4994 1838 5041 et
1884 4996 2074 5043 eventa

489 5069 736 5140 digerens
758 5111 774 5139 ,
806 5069 1016 5129 videtur
1045 5081 1294 5143 tanquam
1341 5071 1588 5132 historica
1619 5077 1888 5149 diligentia
1916 5081 2074 5137 rebus

485 5164 650 5233 gestis
700 5175 952 5235 occupata
1006 5181 1125 5223 esse
1177 5166 1495 5234 narrandis,
1548 5172 1591 5225 si
1642 5169 1931 5242 adjuvante
1980 5173 2073 5229 Dei

487 5255 690 5326 Spiritu
736 5258 1070 5314 considerata
1113 5267 1374 5316 tractetur
1399 5303 1413 5323 ,
1446 5262 1529 5315 vel
1572 5263 1741 5332 magis
1764 5304 1779 5330 ,
1814 5263 1897 5318 vel
1928 5274 2073 5320 certe

487 5362 596 5402 non
646 5348 822 5406 minus
849 5352 1264 5421 pmnuntiandis
1314 5352 1504 5409 futuris
1529 5396 1544 5422 ,
1575 5369 1734 5423 quam
1786 5356 2072 5426 praeteritis

487 5441 844 5503 enuntiandis,
881 5443 1178 5500 invenietur
1205 5445 1427 5502 intenta.
1461 5445 1528 5502 Et
1557 5445 1659 5503 hoc
1687 5449 2071 5520 perscrutanda

488 5530 741 5602 indagare
790 5549 852 5588 ac
880 5533 1192 5591 disserendo
1242 5549 1576 5605 monstrare,
1609 5556 1766 5609 quam
1819 5544 1888 5598 sit
1939 5560 2069 5614 ope-

552 5685 740 5762 Llfditli,
763 5688 1503 5762 disseruientllmsmanuscriptis
1521 5693 1786 5762 plerisque,
1803 5695 2064 5752 indicavit:

487 5747 684 5821 «intra
704 5748 824 5821 loco,
847 5751 1137 5821 nauigium,
1161 5753 1359 5821 habent,
1383 5747 1687 5821 ιιὶιᾷηρωηαδ.

551 5811 571 5842 ³
602 5819 652 5862 in
674 5813 777 5862 sola
801 5803 1012 5864 editione
1032 5803 1162 5878 bovi,
1184 5815 1315 5878 facta
1336 5803 1520 5870 finale:

2173 1812 2355 1854 rosum
2386 1807 2548 1867 atque
2593 1797 2898 1867 prolixum,
2932 1805 2987 1853 et
3015 1812 3173 1867 quam
3218 1798 3399 1854 multis
3440 1801 3714 1872 indignum
3753 1805 3772 1835 ί

2173 1891 2572 1970 voluminibus,
2600 1889 2718 1960 quis
2751 1889 3012 1960 ignorat,
3041 1890 3131 1961 qui
3158 1889 3274 1946 haec
3317 1891 3396 1948 vel
3425 1893 3772 1952 mediocriter

2174 1981 2414 2055 cogitat?
2462 1980 2663 2037 Deinde
2709 1981 2831 2052 quia
2879 1997 2940 2037 ea
2989 1981 3101 2053 ipsa
3150 1999 3269 2054 qua:
3315 1983 3383 2039 ad
3430 1985 3772 2058 prophetiam

2177 2090 2283 2130 non
2328 2074 2614 2146 ambigitur
2644 2075 2910 2146 pertinere
2935 2117 2951 2144 ,
2983 2074 3052 2130 ita
3096 2087 3222 2131 sunt
3265 2077 3428 2133 multa
3457 2075 3522 2134 de
3552 2077 3775 2138 Christo

2177 2151 2448 2238 regnoque
2474 2165 2733 2224 caelorum
2756 2210 2772 2235 ,
2804 2182 2922 2238 quae
2965 2167 3152 2224 civitas
3179 2167 3270 2224 Dei
3317 2179 3401 2226 est
3423 2215 3438 2240 ,
3471 2184 3528 2227 ut
3574 2173 3640 2230 ad
3669 2176 3776 2234 hoc

2177 2261 2522 2332 aperiendum
2576 2261 2745 2333 major
2795 2271 2864 2317 srt
2894 2261 3182 2333 disputatio
3234 2267 3534 2320 necessaria
3561 2310 3575 2334 ,
3609 2260 3774 2340 quam

2179 2351 2337 2431 hujus
2366 2360 2544 2431 operis
2573 2359 2762 2416 modus
2791 2359 3010 2432 ﬂagitat.
3044 2361 3276 2419 Proinde
3307 2363 3377 2419 ita
3405 2408 3418 2431 ,
3448 2361 3491 2419 si
3522 2375 3772 2435 potuero,

2179 2451 2304 2508 stilo
2328 2449 2651 2508 moderabor
2677 2467 2797 2508 meo
2822 2495 2838 2523 ,
2871 2463 2928 2510 ut
2955 2454 3079 2510 huic
3107 2454 3256 2526 operi
3297 2457 3349 2511 in
3381 2455 3473 2511 Dei
3502 2457 3776 2513 voluntate

2181 2543 2502 2616 peragendo,
2535 2558 2635 2600 nec
2662 2560 2723 2601 ea
2755 2559 2873 2616 quae
2903 2548 3174 2618 supersint
3204 2548 3398 2616 dicam,
3432 2561 3529 2604 nec
3561 2557 3622 2604 ea
3652 2563 3777 2620 quze

2181 2638 2310 2694 satis
2339 2637 2447 2694 sint
2473 2639 2898 2708 praetermittam.

2180 2745 2405 2808 CAPUT
2434 2749 2497 2806 ll.
2527 2781 2599 2793 —
2631 2751 2741 2820 Quo
2771 2761 2992 2825 tempore
3033 2755 3098 2810 sit
3126 2755 3335 2825 impleta
3382 2758 3646 2825 promissio
3677 2757 3779 2816 Dei

2252 2845 2315 2899 de
2341 2855 2475 2910 terra
2503 2843 2765 2914 Chanaan,
2790 2863 2942 2918 quam
2968 2848 3022 2902 in
3043 2848 3410 2919 possessionem
3433 2850 3585 2904 etiam
3606 2847 3779 2906 Israel

2252 2938 2470 2998 carnalis
2498 2938 2709 3009 accepit.
3790 2929 3792 2931 b

2253 3050 2310 3108 in
2336 3053 2671 3122 praecedente
2695 3053 2834 3119 libro
2861 3055 3113 3136 diximus.
3143 3056 3212 3113 ab
3235 3057 3388 3114 initio
3409 3057 3476 3114 ad
3502 3058 3780 3117 Abraham

2182 3145 2598 3232 promissionum
2623 3147 2720 3204 Dei
2760 3148 2894 3204 duas
2918 3164 3006 3206 res
3050 3150 3214 3209 fuisse
3240 3153 3535 3221 promissas
3566 3168 3583 3208 :
3611 3171 3780 3213 unum

2181 3238 2423 3305 scilicet,
2456 3240 2598 3308 quod
2651 3248 2847 3298 terram
2879 3241 3128 3298 Chanaan
3178 3258 3551 3314 possessurum
3598 3247 3782 3305 fuerat

2181 3348 2367 3394 sanet:
2393 3333 2550 3414 ejus:
2580 3333 2724 3410 quod
2761 3335 3110 3413 signiﬁcatur,
3144 3336 3232 3402 ubi
3259 3338 3462 3405 dieuun
3488 3349 3596 3418 est,
3638 3339 3783 3409 Vade

2179 3429 2234 3483 in
2279 3440 2506 3499 terram,
2534 3448 2685 3500 quam
2729 3434 2818 3488 tibi
2861 3435 3270 3494 dentonstravero
3293 3478 3309 3507 ,
3335 3451 3383 3494 et
3430 3443 3615 3510 faciant
3644 3454 3699 3498 te
3725 3447 3786 3499 in

2179 3531 2375 3591 gentem
2415 3540 2698 3596 magnam:
2730 3527 2890 3582 aliam
2937 3543 3067 3584 vero
3113 3530 3274 3600 longe
3303 3536 3735 3606 praestantiorem
3759 3573 3780 3603 ,

2181 3628 2288 3674 non
2314 3614 2380 3670 de
2408 3617 2608 3671 carnali
2631 3657 2647 3682 ,
2673 3618 2788 3675 sed
2813 3620 2883 3674 de
2925 3622 3188 3690 spirituaii
3230 3625 3436 3679 semine
3462 3667 3477 3692 ,
3507 3641 3604 3694 per
3630 3627 3782 3697 quod

2178 3719 2333 3779 pater
2373 3720 2456 3766 est
2477 3750 2498 3776 ,
2522 3726 2630 3768 non
2660 3712 2816 3767 unius
2843 3715 3015 3784 gentis
3040 3713 3347 3772 lsraeiitica:
3365 3757 3383 3784 ,
3410 3719 3506 3774 sed
3531 3721 3782 3777 omnium

2179 3803 2437 3874 gentium,
2469 3819 2586 3873 qua:
2615 3805 2744 3861 ﬁdei
2771 3806 2888 3875 ejus
2917 3808 3137 3878 vestigia
3161 3821 3561 3881 consequuntur
3585 3829 3600 3878 ;
3627 3814 3778 3883 quod

2180 3898 2415 3965 promitti
2447 3897 2607 3967 caspit
2633 3899 2718 3953 his
2743 3901 2953 3955 verbis:
2973 3900 3042 3954 Et
3067 3903 3419 3958 benedicentur
3441 3905 3494 3959 in
3522 3915 3572 3959 te
3599 3921 3780 3962 om

2180 3989 2338 4042 tribus
2365 3998 2512 4043 terra;
2540 3992 2557 4058 (
2585 3990 2711 4045 Gen.
2745 4008 2814 4046 xu
2839 4033 2853 4057 ,
2887 3994 2980 4047 1νὸ
3000 3992 3041 4065 ).
3073 3996 3140 4049 Ει
3167 3995 3419 4066 deinceps
3443 3998 3564 4052 aliis
3591 4001 3782 4057 multis

2179 4081 2462 4140 admodum
2511 4084 2828 4144 testimoniis
2854 4085 2968 4141 haec
3009 4087 3118 4143 duo
3161 4091 3423 4158 promissa
3449 4103 3576 4148 esse
3616 4108 3779 4150 mon-

2180 4175 2484 4230 stravimus.
2503 4175 2633 4234 Erat
2647 4177 2805 4247 igitur
2825 4177 2936 4247 jam
2953 4180 3007 4234 in
3035 4191 3174 4236 terra
3191 4183 3561 4251 promissionis
3581 4198 3778 4242 semen

2179 4266 2410 4322 Abrahae
2434 4308 2450 4335 ,
2482 4267 2536 4322 id
2575 4279 2657 4324 est
2698 4271 2928 4340 populus
2959 4272 3123 4328 istael
3146 4313 3160 4339 ,
3188 4276 3484 4331 secundum
3510 4292 3732 4335 carnem
3756 4295 3775 4334 ε

2178 4366 2338 4428 atque
2363 4357 2434 4413 ibi
2470 4373 2578 4415 non
2619 4361 2794 4416 solum
2821 4363 3052 4419 tenendo
3077 4379 3140 4420 ac
3165 4367 3490 4436 possidendo
3527 4369 3779 4428 civitates

2179 4451 2628 4521 adversariorum,
2661 4468 2850 4510 verum
2875 4457 3036 4512 etiam
3063 4472 3220 4529 reges
3247 4460 3514 4528 habendo,
3544 4477 3779 4533 regnare

2176 4544 2287 4612 jam
2317 4552 2572 4615 crepent,
2605 4545 2839 4616 impletis
2866 4547 2934 4603 de
2959 4548 3076 4618 ipso
3100 4551 3300 4620 populo
3327 4551 3782 4621 promissionibus

2183 4637 2275 4693 Dei
2297 4637 2409 4707 jam
2429 4652 2618 4710 magna
2669 4656 2736 4695 ex
2761 4649 2942 4711 parte;
2991 4657 3095 4697 non
3123 4645 3298 4700 solum
3323 4659 3442 4716 qua)
3466 4646 3572 4702 illis
3601 4648 3779 4705 tribus

2182 4729 2418 4799 patribus
2441 4770 2458 4798 ,
2486 4729 2754 4786 Abraham
2779 4769 2794 4797 ,
2822 4731 2968 4788 isaac
2991 4775 3006 4800 ,
3034 4745 3088 4788 et
3110 4734 3278 4791 Jacob
3297 4776 3314 4804 ,
3341 4745 3397 4792 et
3419 4750 3782 4811 quaecumque

2180 4820 2300 4876 alia:
2327 4823 2653 4892 temporibus
2677 4839 2862 4879 eorum
2888 4867 2900 4891 ,
2931 4841 3114 4882 verum
3141 4828 3301 4884 etiam
3326 4843 3446 4900 quae
3472 4842 3569 4900 per
3596 4831 3778 4902 ipsum

2179 4910 2417 4984 Moysen,
2435 4925 2531 4983 per
2556 4928 2712 4984 quem
2736 4915 2962 4986 populus
2983 4917 3124 4972 lem
3151 4921 3219 4975 de
3248 4921 3502 4976 servitute
3513 4920 3779 4994 «Egyptia

2179 5000 2431 5058 liberatus
2474 5012 2596 5071 est,
2627 5016 2680 5061 et
2706 5021 2802 5075 per
2841 5022 2999 5077 quem
3023 5017 3215 5066 cuncta
3239 5011 3509 5082 praeterita
3535 5014 3778 5071 revelata

2179 5104 2304 5150 sunt
2346 5097 2674 5166 temporibus
2717 5098 2871 5167 ejus,
2920 5114 3042 5156 cum
3091 5104 3344 5174 populum
3389 5119 3486 5176 per
3525 5121 3776 5165 eremum

2178 5187 2434 5253 duceret,
2466 5189 2615 5246 factae
2657 5192 2884 5249 fuerant.
2919 5196 3099 5267 Neque
3142 5208 3319 5255 autem
3367 5215 3460 5269 per
3504 5202 3779 5273 insignem

2176 5279 2364 5337 ducem
2393 5282 2576 5338 Jesum
2602 5285 2764 5350 Nave,
2784 5301 2880 5358 per
2906 5305 3064 5360 quem
3093 5294 3318 5364 populus
3345 5295 3433 5349 ille
3459 5296 3512 5349 in
3542 5298 3782 5366 promis-

2177 5375 2342 5430 sionis
2370 5375 2617 5433 inductus
2658 5389 2740 5434 est
2767 5389 2962 5437 terram
2989 5426 3004 5454 ,
3033 5387 3454 5457 expugnatisque
3478 5390 3736 5458 gentibus
3760 5435 3778 5458 ,

2175 5481 2291 5522 eam
2317 5467 2596 5524 duodecim
2628 5471 2890 5538 tribubus,
2909 5475 3102 5544 quibus
3130 5477 3269 5532 Deus
3291 5480 3543 5546 jusscrat,
3564 5481 3778 5550 divisit,

2175 5570 2226 5614 et
2255 5572 2494 5616 mortuus
2522 5575 2601 5618 est
2628 5580 2641 5629 ;
2691 5583 2862 5636 neque
2891 5578 3009 5636 post
3055 5571 3199 5624 illum
3245 5582 3358 5626 toto
3403 5583 3642 5644 tempore
3672 5575 3782 5633 Ju-

2173 5651 2347 5719 dicoum
2376 5656 2590 5726 impleta
2617 5658 2791 5714 fuerat
2811 5663 3095 5730 promissio
3113 5664 3206 5719 Dei
3233 5665 3301 5720 de
3328 5676 3465 5720 terra
3483 5667 3775 5738 Chanaan,

2237 5767 2259 5842 ‘7
2290 5767 2540 5842 Am.
2567 5777 2661 5836 En,
2683 5770 2914 5839 indigeat.
2938 5780 3070 5840 Lov.,
3088 5777 3303 5842 dignum.
3321 5785 3379 5833 Αι
3398 5779 3621 5834 melioris
3637 5792 3780 5836 nota

2171 5834 2302 5892 Mss,
2324 5831 2592 5895 utdiguum.
