4054 6540
289 491 330 532 ι
353 473 584 546 quodam
609 473 836 530 Iustine
861 471 1084 544 Egypti
1107 487 1276 543 usus
1311 471 1381 530 ad
1405 469 1600 530 ﬁumen
1628 487 1878 543 magnum

289 567 621 638 Euphraten
653 567 672 602 ⁸
707 566 859 637 (σοι.
883 581 952 622 xv
973 607 990 634 ,
1019 564 1134 634 l8)
1161 583 1178 622 :
1207 579 1314 622 nec
1337 574 1518 624 tamen
1555 565 1726 622 adhuc
1755 581 1878 636 pro-

291 661 614 732 phetabutur
655 663 892 720 fumum
916 699 932 724 ,
959 657 1056 716 sed
1079 659 1490 730 exspectabatur
1529 659 1880 730 implendum.

291 753 574 825 lmpletum
619 763 706 810 est
745 761 926 810 autem
967 767 1063 823 per
1093 751 1300 818 Daﬂd,
1331 761 1388 808 et
1425 751 1542 822 eius
1588 752 1754 808 ﬁlium
1779 752 1882 808 Sc-

288 843 602 914 hmm;
633 847 788 918 cujus
831 861 1058 918 regnum
1101 855 1250 902 tanto
1271 887 1288 914 ,
1319 855 1518 918 quanto
1557 847 1880 915 promissum

285 937 464 994 fuerat
483 979 500 1006 ,
530 940 710 1010 spatio
737 937 1016 994 dilatatam
1058 946 1144 994 est
1171 956 1192 994 :
1221 937 1502 994 universos
1527 937 1720 1007 quippe
1757 937 1882 992 illos

285 1030 644 1092 subdiderunt
667 1072 682 1098 ,
729 1029 1146 1099 "Mariosque
1187 1027 1448 1086 iecerunt.
1491 1026 1583 1084 Ec
1623 1027 1780 1098 igitur
1827 1027 1882 1084 in

286 1131 430 1178 nm
481 1122 854 1192 promittimus
901 1121 1196 1178 secundum
1245 1135 1459 1178 carnem
1485 1159 1502 1186 ,
1551 1120 1656 1175 hoc
1697 1129 1782 1176 est
1825 1120 1882 1176 in

285 1223 432 1269 terra
453 1213 710 1270 Clima
737 1255 753 1282 ,
779 1213 884 1270 sub
903 1212 988 1268 his
1009 1213 1228 1284 regibus
1249 1225 1432 1268 sanan
1458 1209 1688 1268 Abrahts
1707 1211 1890 1266 fuerat-

285 1307 640 1368 ceastitutum
665 1345 684 1374 ,
711 1315 770 1361 ut
794 1305 926 1364 nihil
949 1304 1150 1361 deinde
1165 1312 1474 1373 superesset
1493 1343 1512 1370 ,
1537 1316 1646 1371 quo
1669 1309 1886 1358 terrena

282 1399 372 1454 ita
395 1399 490 1454 Dei
515 1397 1200 1476 pomhpiocomplcretu,
1217 1396 1324 1450 nisi
1351 1403 1408 1450 ut
1425 1395 1482 1450 in
1507 1393 1692 1450 eadem
1713 1401 1874 1458 terra,

281 1499 544 1560 quant-
587 1488 658 1546 ad
699 1489 1108 1561 prosperitates:
1133 1488 1324 1544 attinet
1367 1486 1716 1556 temporalem
1738 1525 1756 1550 ,
1785 1499 1882 1555 per

283 1581 616 1654 μεθήκω
641 1581 1042 1640 successionem
1069 1580 1392 1634 inconcusso
1431 1585 1576 1634 statu
1601 1591 1770 1648 usque
1811 1577 1884 1634 ad

281 1673 528 1730 mutuis
553 1673 738 1734 ιωαιϋ
763 1671 918 1744 ludus
943 1672 1230 1730 terminum
1253 1687 1388 1742 gem
1409 1677 1753 1740 permaneret
1773 1669 1880 1728 He-

282 1765 446 1832 )raa,
467 1767 514 1821 si
531 1763 746 1821 Domini
764 1766 856 1822 Dei
873 1765 956 1822 sui
983 1763 1190 1836 legibus
1213 1764 1474 1820 obedirct.
1491 1762 1602 1820 Sed
1627 1763 1882 1834 quoniam

281 1859 426 1915 Deus
449 1867 676 1915 noverat
697 1899 712 1926 ,
743 1859 846 1914 hoc
869 1873 988 1915 eam
1017 1871 1124 1914 non
1165 1871 1288 1916 esse
1311 1855 1574 1914 iacturam
1595 1895 1614 1922 ,
1641 1871 1770 1912 usus
1797 1864 1882 1910 est

281 1951 399 2022 eius
423 1953 592 2007 etiam
637 1951 1020 2022 temporalibus
1049 1951 1222 2021 prauis
1261 1950 1330 2006 ad
1357 1949 1690 2008 exercendus
1733 1949 1790 2004 in
1811 1965 1878 2006 ea

283 2057 486 2114 paucos
511 2043 700 2100 ﬁdeles
724 2057 852 2099 suos
877 2083 892 2110 ,
919 2053 976 2098 et
997 2042 1364 2100 admonendus
1383 2044 1476 2114 qui
1503 2051 1690 2114 postea
1715 2043 1884 2100 futuri-

283 2148 438 2194 erant
459 2141 514 2193 in
545 2137 794 2192 omnibus
817 2137 1084 2210 gent-itm.
1103 2137 1244 2208 quod
1271 2151 1366 2192 eos
1381 2138 1404 2170 ³
1423 2137 1700 2194 admoneri
1719 2151 1880 2208 opor-

283 2231 432 2289 tebat
453 2273 470 2300 ,
523 2233 580 2287 in
630 2233 822 2303 quibus
869 2233 1094 2286 alteram
1145 2230 1552 2301 promissionem
1579 2271 1594 2298 ,
1643 2231 1882 2286 revelato

283 2343 424 2383 novo
449 2325 800 2383 Testamento
823 2367 838 2394 ,
885 2339 982 2396 per
1011 2325 1430 2380 incarnationem
1461 2324 1660 2382 Christi
1709 2325 1884 2380 fuerat

281 2417 623 2489 impleturus.

281 2509 508 2567 CAPUT
549 2509 636 2564 ΙΙΙ.
683 2539 753 2550 -—
803 2507 880 2563 De
919 2509 1186 2579 tripertitis
1242 2507 1694 2578 signiﬁcationibus
1740 2505 1880 2562 Pro-

351 2604 640 2672 phetarum,
671 2617 792 2674 qua
813 2617 946 2656 nunc
969 2602 1040 2655 ad
1063 2611 1314 2656 ten-mm
1339 2641 1354 2668 ,
1377 2617 1516 2656 nunc
1535 2603 1604 2656 ad
1625 2601 1880 2657 calentem

348 2693 660 2762 Jerusalem,
691 2709 826 2748 nunc
845 2703 1018 2748 autem
1042 2693 1110 2748 ad
1135 2703 1400 2762 utramque
1419 2697 1732 2764 refemnntr.

351 2787 404 2841 1.
443 2785 706 2854 Quocirca
731 2827 746 2850 ,
770 2786 908 2842 sicut
935 2785 1152 2840 oracula
1172 2785 1264 2840 illa
1289 2784 1470 2840 divina
1495 2784 1562 2840 ad
1587 2785 1876 2852 Abraham,

285 2877 430 2932 isaac
449 2919 466 2944 ,
493 2885 552 2934 et
569 2877 737 2933 Jacob
761 2919 777 2945 ,
799 2885 854 2932 et
875 2889 1226 2948 quaecumque
1252 2877 1356 2933 alia
1395 2877 1542 2947 signa
1564 2917 1580 2944 ,
1625 2877 1708 2934 vel
1739 2877 1880 2933 dicta

283 2967 594 3040 prophetica
616 3009 630 3034 ,
689 2969 746 3022 in
791 2967 964 3024 sttch
1003 2965 1224 3024 Litteris
1273 2966 1698 3038 prmeedentibus
1739 2967 1880 3023 facta

287 3069 442 3113 sunt:
461 3059 534 3113 ita
559 3058 721 3113 etiam
747 3067 954 3114 caetera:
967 3059 1038 3114 ab
1057 3057 1162 3116 isto
1183 3058 1388 3127 Regum
1401 3066 1642 3128 tempore
1659 3057 1886 3127 prophe-

288 3152 372 3206 tiae
399 3151 596 3221 partim
613 3151 886 3220 pertinent
899 3149 966 3206 ad
985 3161 1200 3222 gentem
1217 3151 1394 3206 carnis
1405 3149 1654 3215 Abrahaa,
1687 3150 1884 3219 partim

287 3257 412 3298 vero
436 3243 506 3298 ad
528 3242 662 3298 illud
681 3255 866 3298 semen
895 3243 1010 3313 ejus
1029 3285 1044 3311 ,
1074 3243 1127 3298 in
1145 3259 1250 3314 quo
1283 3243 1669 3300 benedicuntur
1693 3257 1884 3299 omnes

279 3344 462 3408 gentes
505 3335 822 3391 cohteredes
849 3335 1050 3390 Christi
1091 3349 1186 3406 per
1209 3335 1608 3390 Testamentum
1649 3350 1878 3404 novum,

281 3427 340 3482 ad
363 3426 747 3498 possidendam
775 3427 940 3480 vitam
969 3435 1222 3481 aeternam
1253 3440 1579 3496 regnumque
1597 3427 1876 3482 cutlorunt.

281 3519 478 3576 Partim
504 3533 635 3590 ergo
658 3518 724 3574 ad
753 3520 1022 3588 ancillam,
1051 3535 1170 3590 qua:
1199 3520 1253 3574 in
1283 3521 1596 3575 servitutem
1623 3528 1878 3590 generat,

281 3613 328 3668 id
352 3621 436 3668 est
465 3621 736 3668 terrenam
756 3611 1075 3680 Jerusalem,
1099 3627 1218 3682 qua:
1245 3613 1406 3668 servit
1435 3627 1556 3666 cum
1585 3611 1708 3666 ﬁliis
1729 3613 1878 3678 suis;

281 3706 467 3776 partim
505 3719 635 3760 vero
659 3704 729 3760 ad
753 3705 974 3760 liberam
1005 3705 1272 3759 civitatem
1301 3705 1428 3771 Dei,
1483 3703 1536 3759 id
1571 3712 1656 3760 est
1697 3719 1878 3760 veram

279 3795 578 3851 Jerusalem
603 3807 862 3852 aeternam
889 3797 938 3850 in
969 3796 1120 3850 caelis
1145 3835 1158 3860 ,
1191 3797 1344 3865 cujus
1371 3795 1464 3852 lilii
1509 3795 1758 3852 homines
1791 3811 1878 3852 sc-

281 3892 510 3946 cundum
544 3891 710 3946 Deum
735 3891 974 3946 viventes
1005 3889 1412 3960 peregrinantur
1453 3889 1508 3943 in
1547 3890 1708 3946 terris
1737 3905 1751 3944 :
1779 3890 1876 3946 sed

279 3995 402 4040 sunt
431 3985 486 4040 in
513 3983 594 4039 eis
622 3983 864 4054 qutedam
884 4025 898 4050 ,
943 3999 1062 4054 quae
1088 3983 1152 4038 ad
1195 3991 1472 4052 utramque
1501 3983 1770 4052 pertinere
1799 3983 1878 4038 in-

279 4075 615 4146 telliguntur,
643 4075 709 4130 ad
739 4075 984 4128 ancillam
1013 4073 1255 4142 prepric,
1281 4072 1348 4126 ad
1377 4073 1598 4128 liberam
1629 4073 1874 4145 ﬁgurate.

343 4168 398 4222 2.
443 4166 734 4236 Tripartita
757 4167 938 4236 itaque
977 4165 1314 4234 reperiuntur
1347 4165 1556 4234 eloquia
1579 4165 1876 4236 Pr0pheta-

278 4273 429 4318 rum:
473 4259 740 4330 siquidem
779 4257 952 4328 aliqua
997 4263 1124 4311 sunt
1147 4255 1216 4328 ad
1259 4263 1528 4310 terrenam
1573 4255 1878 4314 Jerusalem.

279 4354 590 4423 spectantia,
615 4351 788 4421 aliqua
814 4349 880 4405 ad
902 4350 1196 4416 cmlestem,
1217 4348 1468 4404 nonnulla
1483 4348 1552 4404 ad
1573 4357 1873 4420 utramque.

283 4445 552 4516 Exemplis
591 4443 750 4498 video
775 4441 1108 4513 probandum
1151 4451 1272 4496 esse
1313 4439 1458 4511 quod
1503 4438 1644 4496 dico.
1685 4439 1878 4498 Missus

280 4551 356 4594 est
373 4537 586 4594 Nathan
607 4535 886 4608 propinata,
911 4537 1001 4606 qui
1023 4547 1208 4605 regem
1229 4533 1394 4589 David
1407 4542 1656 4605 argueret
1673 4535 1744 4590 de
1761 4549 1878 4606 pec-

281 4640 392 4686 cato
411 4631 584 4702 gravi,
609 4637 664 4685 et
683 4627 752 4696 cl,
784 4641 902 4700 quae
921 4635 1207 4684 consecuta
1229 4634 1354 4680 sunt
1369 4626 1530 4692 mala,
1553 4625 1730 4682 futura
1749 4639 1880 4696 prat-

281 4723 478 4781 diceret
497 4721 576 4796 (ll
594 4723 724 4796 Reg.
743 4721 992 4791 xn).liaec
1017 4727 1176 4790 atque
1191 4716 1492 4792 bujusmodi
1507 4717 1626 4773 sive
1641 4717 1876 4788 publice,

281 4815 329 4872 id
349 4825 433 4872 est
451 4830 552 4886 pro
569 4813 740 4870 salute
753 4814 839 4869 vel
857 4811 1088 4868 utilitate
1113 4807 1314 4882 populi,
1331 4809 1446 4865 sive
1469 4808 1736 4879 privatim,
1755 4821 1878 4866 cum

283 4925 372 4978 pro
392 4905 759 4980 suis-quisque
807 4905 964 4962 rebus
991 4903 1168 4960 divi
1195 4909 1594 4975 premerentur
1615 4899 1832 4972 eloquia
1859 4939 1874 4968 ,

282 5001 470 5072 quibus
499 5013 602 5072 pro
633 5011 733 5054 usu
763 4997 1074 5068 temporalis
1107 4995 1231 5050 vita:
1271 4993 1435 5050 futuri
1463 4993 1664 5066 aliquid
1685 5009 1876 5052 nosce-

283 5103 426 5150 retur
448 5135 464 5160 ,
497 5091 568 5147 ad
614 5089 878 5146 terrenam
925 5089 1194 5144 civitatem
1229 5085 1568 5157 pertinuisse,
1599 5086 1718 5157 quis
1757 5101 1876 5142 am-

287 5183 464 5255 bigat?
495 5181 602 5240 Ubi
649 5192 826 5236 autem
872 5181 1066 5250 legitur
1089 5219 1103 5245 ,
1147 5179 1278 5234 Ecce
1334 5179 1442 5233 dies
1475 5179 1681 5233 uariunt
1705 5219 1722 5244 ,
1761 5178 1882 5234 dicit

287 5275 563 5340 Dominus,
606 5283 652 5329 et
677 5273 1030 5328 mnsamabo
1071 5271 1245 5324 domui
1275 5269 1438 5326 Israel
1464 5279 1510 5324 et
1546 5271 1718 5326 domui
1743 5269 1882 5326 lude

288 5377 634 5422 testamentum
675 5379 857 5420 norum
878 5405 894 5432 ,
937 5379 1038 5418 non
1058 5364 1332 5418 secundum
1374 5371 1718 5417 testamentum
1747 5362 1882 5434 quod

289 5457 508 5528 disposui
537 5455 764 5526 patribus
792 5469 966 5509 eorum
983 5495 997 5518 ,
1019 5453 1074 5508 in
1103 5455 1186 5506 die
1211 5469 1313 5523 qua
1340 5453 1654 5522 apprehendi
1677 5469 1885 5508 manum

289 5569 476 5617 eorum,
507 5559 562 5604 ut
593 5551 852 5602 educerem
883 5565 964 5600 eos
993 5546 1055 5598 dc
1083 5557 1216 5598 terra
1235 5543 1452 5614 Ai'gypIi
1472 5561 1490 5598 :
1519 5545 1758 5614 quoniam
1783 5545 1884 5613 ipsi

294 5659 386 5696 non
405 5652 790 5713 permanserunt
819 5642 874 5694 in
895 5649 1185 5696 testamento
1207 5655 1333 5694 mro.
1362 5649 1405 5690 ct
1437 5653 1525 5706 ego
1559 5635 1752 5706 neglexi
1777 5653 1882 5702 eos,

353 5737 370 5767 ι
403 5738 474 5785 sic
497 5743 604 5783 ttss.
634 5733 751 5782 Editi
788 5745 926 5790 vero,
950 5733 1076 5794 quod
1103 5746 1134 5781 η
1168 5729 1364 5794 (ituriith
1405 5729 1594 5794 smpti
1637 5741 1786 5790 nepte
1817 5725 1884 5778 ad

291 5793 712 5868 βιιιπςιεηιαφηιηι
730 5791 1026 5868 trama-‘99.
1041 5791 1243 5858 ρσνιαυε
1264 5793 1359 5868 we,
1379 5791 1726 5868 αρεδιίέταιξβέιξζτ

353 5863 374 5892 ³
405 5861 540 5916 illiti,
564 5853 620 5908 in
641 5853 858 5908 omnibus
880 5853 1115 5921 gentibus,
1139 5869 1258 5922 quas
1277 5867 1362 5919 per
1385 5867 1478 5906 eos.
1499 5853 1800 5916 castigantur
1815 5865 1880 5912 es

295 5921 646 5988 musa-iptio

1471 355 1674 414 LIBER
1713 355 2014 416 metues
2047 359 2402 440 sunmus.

1997 471 2392 540 dicitDomiuur,
2403 477 2536 544 Quia
2549 480 2644 532 hoc
2659 489 2734 536 est
2747 491 3120 552 testamentmn,
3133 489 3266 555 quod
3277 493 3584 550 constituent

1993 563 2164 618 donmi
2203 565 2400 623 lucet:
2449 581 2560 638 post
2601 573 2706 628 dies
2735 573 2852 632 illos
2873 613 2890 641 ,
2939 577 3062 632 dicit
3087 577 3337 636 Dominus
3359 623 3374 648 ,
3401 583 3564 644 ων

1991 654 2124 726 leges
2147 673 2286 716 tum
2303 659 2356 712 in
2385 672 2596 718 mentem
2619 680 2812 734 eorum,
2837 676 2886 722 et
2907 685 3056 738 super
3075 672 3232 726 corda
3259 689 3430 729 eorum
3449 679 3594 736 serio.

1991 749 2232 816 barum,
2269 761 2318 805 et
2349 753 2530 808 uidebo
2545 771 2632 810 eos
2655 755 2732 828 (ο)
2755 799 2774 823 ,
2804 767 2850 814 et
2881 777 2968 816 ero
2993 761 3098 818 illis
3129 765 3182 820 in
3209 763 3394 832 Deum,
3415 770 3582 840 clipei

2165 843 2288 898 mihi
2321 845 2378 900 in
2414 846 2604 914 plebem
2631 849 2846 918 (larem.
2869 869 3020 922 xxxi,
3047 857 3240 926 51-35;
3271 859 3430 918 Πάν.
3463 877 3578 934 vus,

1989 929 2148 1004 8-5.0)
2179 950 2194 1000 ;
2221 935 2516 994 Jerusalem
2557 939 2676 996 sine
2697 941 2860 1000 dubio
2907 961 3136 1016 stipat-na
3175 955 3526 1024 prophetatur

2163 1028 2304 1085 Deus
2327 1029 2444 1100 ipse
2471 1033 2746 1128 premium
2767 1029 2856 1092 cst
2875 1077 2892 1103 ,
2917 1055 3146 1112 eumque
3191 1045 3390 1102 habere
3417 1025 3582 1118 atque

1986 1119 2154 1186 ipsius
2199 1133 2324 1176 esse
2361 1135 2630 1178 summum
2669 1125 2740 1180 ibi
2783 1137 2868 1182 est
2889 1130 2910 1160 '
2939 1138 3096 1200 atque
3145 1143 3312 1192 totum
3353 1141 3572 1198 bonum

1987 1208 2068 1264 Ad
2119 1219 2398 1282 utramque
2439 1227 2568 1270 veno
2605 1217 2834 1287 pertinet
2869 1219 2973 1277 hoc
3009 1221 3216 1293 ipsum,
3249 1231 3388 1297 quod
3415 1232 3586 1290 Jeru—

1985 1299 2152 1354 salem
2177 1299 2370 1358 dicitur
2397 1305 2488 1360 Dei
2517 1306 2706 1362 civitas
2725 1349 2739 1374 ,
2771 1317 2826 1364 et
2857 1309 2908 1364 in
2937 1325 3002 1366 ea
3031 1315 3372 1384 prtrpbetatur
3397 1321 3588 1382 futura.

1985 1387 2178 1478 domus
2207 1392 2297 1448 Dei
2326 1435 2340 1456 ,
2379 1409 2548 1466 eaque
2593 1398 2870 1466 prophetia
2919 1401 3126 1460 videtur
3171 1407 3416 1478 impleri,
3451 1429 3586 1474 cum-

1987 1477 2240 1574 _S_alomon
2283 1499 2378 1540 rex
2405 1486 2638 1546 mdiﬂcat
2679 1489 2806 1546 illud
2845 1477 3258 1556 nobiliSSiInum
3295 1506 3572 1574 templum.

1985 1569 2114 1628 Haec
2153 1575 2296 1630 enim
2333 1579 2464 1632 etin
2505 1587 2722 1636 terrena
2749 1581 3046 1644 Jerusalem
3085 1593 3378 1652 secundum
3405 1569 3588 1656 histo-z

1985 1662 2120 1758 riam
2181 1667 2520 1738 contigerunt
2551 1711 2568 1736 ,
2633 1681 2690 1728 et
2748 1675 2985 1744 caelestis
3047 1679 3348 1742 Jerusalem
3399 1667 3578 1758 ﬁgura

1985 1751 2216 1810 ﬁtcrtmt.
2273 1759 2426 1825 Quod
2479 1775 2648 1830 genus
2697 1766 2988 1836 prophetiae
3027 1786 3094 1826 es
3151 1783 3378 1846 utroque
3413 1751 3578 1838 veluti

1983 1855 2318 1914 compactum
2363 1859 2524 1920 atque
2575 1855 2922 1914 eontmixtum
2959 1859 3014 1914 in
3063 1861 3240 1922 Libris
3297 1871 3572 1930 veteribus

1985 1938 2286 2007 canonicis,
2315 1942 2508 2014 quibus
2537 1959 2714 2000 rerum
2743 1957 3014 2017 gestarum
3053 1956 3386 2016 narrationes
3433 1975 3592 2018 con-.

1987 2031 2251 2100 tinentur,
2295 2036 2434 2092 valet
2487 2035 2818 2108 plurimum,
2873 2043 3206 2118 multumque
3249 2054 3486 2108 exercuit
3523 2065 3590 2114 α

1985 2133 2204 2216 esercet
2229 2127 2440 2199 ingenia
2465 2135 2812 2190 scrutantium
2837 2132 3070 2195 Litteras
3093 2153 3306 2212 sacras,
3354 2155 3412 2198 ut
3437 2148 3584 2216 quod

1983 2211 2242 2273 historice
2269 2219 2584 2288 praedictum
2621 2226 3050 2300 cotnpletumque
3075 2233 3272 2302 legitur
3291 2211 3350 2292 in
3375 2211 3580 2298 semine

1985 2308 2216 2366 Abrahae
2239 2313 2534 2370 secunde
2561 2330 2802 2385 carnem,
2835 2319 2996 2376 etiam
3021 2323 3076 2378 in
3114 2327 3320 2384 semine
3347 2331 3582 2388 Abraham

1985 2401 2280 2500 secundum
2309 2403 2468 2500 ﬁdem
2487 2406 2616 2476 quid
2647 2409 2974 2479 implendum
2999 2413 3286 2486 allegorice
3311 2421 3578 2491 significet

1985 2490 2288 2560 inquit-ater
2313 2513 2326 2548 :
2359 2497 2414 2550 in
2444 2505 2648 2554 tantum
2679 2509 2734 2553 ut
2769 2502 3083 2570 quibusdam
3111 2509 3284 2564 visum
3315 2490 3404 2578 sit,
3437 2514 3570 2570 nihil

1984 2595 2106 2638 esse
2131 2583 2184 2638 in
2211 2583 2414 2642 eisdem
2454 2587 2602 2644 libris
2643 2591 2728 2646 vel
2757 2595 3172 2662 praenuntiatum
3214 2610 3268 2658 et
3295 2603 3540 2662 ell'ectum
3561 2647 3574 2672 .

1987 2677 2070 2732 vel
2097 2677 2344 2734 eiectum
2367 2719 2381 2746 ,
2407 2683 2650 2750 quamvis
2690 2699 2796 2740 non
2825 2691 3269 2762 praenuntiatum,
3293 2699 3434 2766 quod
3471 2717 3584 2756 non

1985 2766 2222 2824 iminuet
2257 2771 2456 2841 aliquid
2507 2773 2574 2830 ad
2601 2789 2892 2845 supernam
2919 2780 3188 2838 civitatem
3237 2786 3330 2842 Dei
3357 2788 3582 2859 erSquO

1987 2860 2125 2918 filios
2169 2863 2224 2918 in
2247 2863 2376 2932 hac
2413 2865 2520 2920 vita
2567 2870 2880 2940 peregrinos
2927 2871 3150 2942 ﬁgurata
3193 2877 3582 2948 signiﬁcatione

1985 2952 2346 3012 referendum.
2377 2957 2482 3012 Sed
2509 2959 2558 3012 si
2593 2959 2696 3016 hoc
2739 2961 2810 3016 ita
2835 2973 2947 3030 est,
2987 2965 3096 3034 jam
3126 2967 3408 3040 bipertita,
3445 2989 3562 3032 non

1985 3045 2252 3114 tripertita
2271 3055 2430 3102 erunt
2467 3049 2678 3119 eloquia
2705 3053 3118 3126 Prophetarum,
3147 3060 3230 3114 vel
3259 3065 3436 3131 potius
3459 3066 3580 3122 illa-

1985 3153 2102 3192 rum
2123 3139 2518 3209 Scripturarum
2557 3145 2814 3212 omnium,
2845 3163 2965 3216 qum
3007 3153 3204 3206 veteris
3227 3153 3582 3216 instrumenti-

1983 3232 2338 3302 appellatione
2363 3245 2670 3290 censentur.
2696 3237 2838 3292 Nihil
2872 3241 3014 3296 cnim
3039 3243 3144 3298 erit
3167 3245 3275 3302 illic
3295 3289 3308 3314 ,
3339 3245 3481 3319 quod
3509 3253 3584 3308 ad

1982 3322 2276 3380 Jerusalem
2303 3335 2570 3384 terrenam
2601 3339 2806 3386 tantum
2837 3334 3118 3402 pertineat,
3151 3339 3194 3391 si
3220 3340 3476 3410 quidquid
3503 3345 3580 3400 ibi

1983 3416 2052 3472 de
2079 3419 2166 3472 illa
2189 3459 2206 3484 ,
2233 3419 2318 3474 vel
2359 3429 2574 3490 prepter
2603 3422 2744 3476 illam
2769 3465 2786 3492 ,
2826 3425 3022 3481 dicitur
3049 3439 3209 3498 atque
3233 3434 3532 3502 completur
3557 3477 3574 3502 ,

1985 3509 2250 3579 signiﬁcat
2274 3511 2494 3580 aliquid,
2527 3514 2670 3584 quod
2694 3515 2856 3572 etiam
2881 3515 3174 3576 Jerusalem
3201 3521 3472 3580 caelestem
3499 3527 3582 3582 ai-

1986 3597 2217 3668 legorica
2249 3603 2680 3673 przetiguratione
2703 3607 2997 3662 referatur:
3029 3611 3122 3664 scd
3151 3625 3304 3668 erunt
3333 3615 3445 3670 sola
3471 3617 3580 3676 duo

1986 3705 2178 3760 genera
2201 3733 2216 3759 ,
2251 3708 2414 3748 unum
2441 3695 2584 3764 quod
2621 3696 2688 3749 ad
2713 3696 3010 3754 JeruSalcm
3037 3701 3258 3756 liberam
3285 3745 3300 3769 ,
3349 3706 3582 3766 alterum

1983 3783 2128 3852 quod
2155 3783 2224 3836 ad
2252 3793 2528 3854 utramque
2563 3791 2847 3856 pertineat.
2881 3791 3006 3846 Mihi
3037 3803 3214 3848 autem
3259 3797 3396 3854 sicut
3435 3803 3577 3857 mul-

1985 3884 2096 3928 tum
2143 3873 2395 3930 videntur
2433 3892 2649 3942 errare,
2699 3881 2790 3950 qui
2839 3882 3012 3940 nullas
3057 3899 3148 3940 res
3191 3901 3368 3958 gestas
3407 3892 3460 3948 in
3507 3909 3582 3951 eo

1981 3981 2180 4038 genere
2215 3967 2512 4024 litterarum
2550 3971 2752 4042 aliquid
2803 3975 2946 4030 aliud
2989 3989 3184 4046 praeter
3227 3983 3277 4036 id
3326 3986 3466 4053 quod
3507 4003 3580 4044 eu

1983 4061 2144 4117 modo
2171 4071 2336 4134 gestae
2363 4073 2488 4120 sunt
2515 4065 2818 4136 significare
2855 4071 3213 4140 arbitrantur;
3245 4074 3316 4128 ita
3346 4077 3576 4136 multum

1979 4155 2196 4221 audere,
2219 4157 2309 4226 qui
2335 4171 2554 4226 prorsus
2575 4157 2644 4213 ibi
2669 4160 2846 4214 omnia
2879 4161 3354 4232 significationibus
3386 4168 3580 4242 allego.

1978 4247 2104 4303 ricis
2131 4245 2366 4303 involuta
2390 4263 2510 4304 esse
2535 4251 2863 4307 contendunt
2883 4254 2980 4324 (ο).
3000 4253 3126 4310 Ideo
3153 4256 3438 4328 tripartito,
3465 4277 3580 4320 non

1979 4337 2226 4410 bipartita
2245 4353 2366 4396 esse
2387 4339 2516 4396 dixi.
2535 4339 2646 4398 Hoc
2665 4343 2806 4398 enim
2837 4343 3108 4412 existimo,
3135 4363 3244 4404 non
3267 4358 3446 4408 tamen
3465 4354 3580 4410 cul-

1979 4445 2112 4504 pane
2139 4445 2266 4497 eos,
2297 4433 2388 4504 qui
2417 4435 2685 4503 pomerint
2707 4435 2816 4490 illic
2854 4437 2924 4492 de
2949 4453 3286 4512 quacumque
3323 4459 3388 4500 re
3422 4455 3576 4516 gesta

1979 4539 2198 4580 sensum
2243 4524 2604 4596 intelligentiae
2645 4528 2938 4596 spiritualis
2985 4533 3319 4604 exsculpere,
3365 4545 3576 4595 servata

1981 4617 2226 4686 primitus
2253 4617 2506 4672 duntaxat
2533 4617 2770 4675 historia:
2785 4622 3028 4679 veritate.
3046 4623 3312 4682 Caeterum
3356 4641 3476 4699 quat
3499 4629 3576 4686 ita

1979 4707 2265 4773 dicuntur,
2307 4717 2366 4764 ut
2403 4707 2566 4764 rebus
2605 4709 2914 4770 humanitus
2965 4727 3064 4773 seu
3111 4715 3370 4776 divinitus
3407 4722 3576 4792 gestis

1983 4802 2101 4856 sive
2129 4800 2378 4871 gerendis
2401 4803 2694 4860 convenire
2739 4819 2846 4860 non
2869 4807 3095 4876 possint,
3124 4809 3246 4880 quis
3269 4810 3446 4868 ﬁdelis
3467 4811 3574 4868 du-

1983 4896 2113 4952 bitet
2137 4909 2247 4952 non
2285 4896 2668 4955 esse‘inaniter
2685 4897 2864 4956 dicta?
2889 4903 3010 4972 quis
3039 4917 3100 4959 ea
3128 4917 3236 4959 non
3279 4903 3345 4959 ad
3375 4903 3574 4962 intelli-

1981 4989 2214 5060 gentiam
2239 4988 2570 5059 spiritualem
2599 4999 2835 5061 revocet,
2865 4993 2912 5049 si
2941 4995 3140 5064 possit,
3168 5003 3260 5048 aut
3287 4994 3352 5050 ab
3377 5007 3444 5050 eo
3481 4999 3576 5068 qui

1986 5089 2158 5154 potest
2193 5081 2490 5138 revocanda
2519 5095 2642 5138 esse
2671 5083 2938 5140 fateatur?

1984 5183 2208 5240 CAPUT
2261 5183 2348 5238 IV.
2391 5213 2466 5225 —
2507 5184 2584 5237 De
2637 5185 2968 5254 pmﬁguratu
3034 5186 3426 5243 commutatione
3483 5188 3578 5248 Is-

2057 5275 2270 5330 raelitici
2293 5275 2435 5346 regni
2459 5284 2506 5328 et
2522 5275 2788 5328 sacerdotii
2805 5316 2820 5342 ,
2841 5285 2888 5328 et
2903 5273 2966 5330 de
2993 5275 3074 5330 Itis
3100 5291 3213 5346 quae
3235 5277 3384 5332 Anna
3408 5287 3578 5336 mater

2059 5368 2333 5436 Samuelis,
2365 5384 2628 5438 personam
2663 5383 2840 5438 gerent
2879 5367 3140 5434 Ecclesiat,
3175 5371 3510 5442 prepltetavit.
3609 5361 3612 5366 ’

2060 5463 2110 5517 l.
2151 5459 2446 5516 Procursus
2473 5457 2631 5529 igitur
2669 5459 2896 5515 civitatis
2927 5461 3055 5528 Dei,
3091 5463 3178 5516 ubi
3223 5465 3466 5534 pervenit
3508 5467 3578 5524 ad

2053 5601 2068 5631 ι
2105 5607 2152 5647 1n
2173 5594 2426 5652 manuscri]
2447 5593 2508 5641 tis
2529 5591 2754 5651 iubetur,
2781 5589 2960 5642 dando.
2986 5593 3120 5656 Apud
3143 5599 3252 5644 Lxx
3287 5603 3365 5646 est
3401 5553 3603 5648 didout"

1990 5659 2120 5720 dese,
2138 5661 2260 5709 dans
2283 5657 2422 5704 dabo.

2052 5727 2072 5755 ²
2105 5715 2174 5770 Sic
2199 5722 2342 5768 [ινδιιὶ
2379 5731 2550 5766 ῡῖηηρε
2571 5715 2780 5768 codices.
2807 5723 2859 5768 in
2881 5719 2951 5776 13.,
2977 5731 3216 5768 sunmz'rm
3255 5717 3329 5770 illi
3351 5723 3436 5768 est.
3485 5719 3543 5769 Il.

2051 5785 2122 5850 (ll)
2151 5785 2320 5844 Yet-ita,
2357 5787 2402 5830 et
2457 5779 2623 5831 ridebo
2667 5793 2760 5842 cos,
2805 5781 2855 5830 in
2891 5781 3050 5830 BiblLis
3091 5783 3268 5831 desunt
3323 5779 3484 5830 latitia
3521 5781 3578 5835 α

2053 5863 2280 5973 (absoni.
2308 5909 2482 5972 passim
2502 5909 2654 5964 libros
2673 5915 2800 5960 cont.
2827 5911 2982 5960 Faust.
3004 5907 3202 5960 Manich.
