4062 6488
488 311 598 370 εαιι

484 427 693 498 Regum
721 433 964 498 tempora
985 466 1001 496 ,
1028 423 1240 496 quando
1284 423 1452 480 David
1488 422 1651 480 Same
1699 422 1982 492 reprobate
2008 421 2078 476 ita

483 537 708 592 regnum
749 521 954 592 primus
983 519 1248 585 obtinuit,
1291 525 1349 573 ut
1397 516 1513 588 ejus
1536 515 1733 573 deinde
1779 515 1980 588 posteri
2027 515 2081 570 in

393 650 396 652 ν
484 621 698 670 terrena
736 611 1033 668 Jerusalem
1079 611 1330 666 diuturna
1375 608 1719 664 successione
1760 614 2080 678 regnarent,

485 703 634 760 dedit
660 705 917 775 ﬁguram,
964 717 1024 758 re
1061 709 1210 773 gesta
1239 701 1256 733 ⁸
1284 700 1591 771 signiﬁcans
1628 707 1788 769 atque
1828 713 2081 768 prtenun-

481 796 622 851 tians
643 836 659 864 ,
701 794 844 866 quod
887 809 996 849 non
1023 802 1107 848 est
1151 789 1584 863 praetereundum
1623 790 1874 856 silentio,
1902 788 1970 844 de
1995 804 2081 844 re-

481 903 602 943 rum
644 885 944 942 mutatione
979 886 1274 942 futurarum
1293 926 1309 955 ,
1339 883 1483 956 quod
1511 884 1700 939 attinet
1743 882 1811 940 ad
1840 881 1947 938 duo
1973 881 2079 937 Te-

479 987 768 1044 stamenta,
800 987 953 1034 vetus
979 986 1035 1035 et
1059 993 1256 1034 novum
1278 981 1302 1032 ε’
1326 977 1414 1033 ubi
1441 976 1800 1033 sacerdotium
1828 988 2080 1045 regnum-

478 1087 584 1144 que
610 1080 872 1129 mutatum
919 1078 1004 1127 est
1033 1086 1129 1142 per
1151 1070 1487 1134 sacerdotem
1513 1068 1870 1139 eumdemque
1895 1080 2077 1136 regem

479 1179 679 1220 novum
703 1177 768 1219 ac
800 1162 1212 1236 sempiternum,
1253 1161 1343 1232 qui
1369 1169 1452 1216 est
1477 1159 1718 1215 Christus
1738 1157 1912 1214 Jesus.
1940 1155 2075 1211 Nam

451 1238 535 1311 ἐι
562 1255 679 1311 Heli
717 1254 994 1311 sacerdote
1039 1252 1326 1324 reprobato
1357 1250 1682 1307 substitutus
1705 1250 1727 1282 ³
1756 1248 1810 1304 in
1843 1247 1938 1303 Dei
1975 1245 2074 1301 mi-

476 1349 758 1406 nisterium
803 1349 1053 1415 Samuel,
1113 1347 1271 1402 simul
1307 1345 1486 1401 ofﬁcio
1530 1343 1738 1400 functus
1780 1341 2075 1398 sacerdotis

475 1452 532 1497 et
552 1441 790 1511 judicis,
837 1449 894 1497 et
938 1439 1100 1497 Saule
1148 1439 1357 1509 abiecto
1401 1451 1494 1493 rex
1525 1434 1691 1492 David
1721 1433 1972 1490 fundatus
2018 1433 2082 1488 in‘

473 1547 677 1603 regno,
708 1532 812 1588 hoc
860 1532 1000 1603 quod
1042 1530 1164 1586 dico
1216 1529 1596 1599 ﬁguravcrunt.
1648 1526 1818 1582 Mater
1859 1539 2072 1596 quoque

474 1639 587 1696 ipsa
634 1622 898 1679 Samuelis
929 1624 1078 1678 Anna
1101 1663 1115 1688 ,
1146 1636 1265 1691 qua:
1305 1620 1452 1690 prius
1488 1619 1586 1674 fuit
1613 1617 1844 1683 sterilis,
1876 1627 1929 1672 et
1969 1630 2069 1687 po-

471 1716 699 1772 steriore
725 1714 1044 1771 fecunditate
1089 1715 1265 1768 imtata
1293 1722 1378 1768 est
1398 1754 1414 1781 ,
1445 1712 1764 1784 prophetare
1791 1710 1932 1766 aliud
1960 1725 2067 1766 non

474 1807 723 1874 videtur,
775 1823 896 1862 cum
955 1806 1367 1877 gratulationem
1421 1820 1571 1860 suam
1621 1804 1850 1860 Domino
1898 1803 2068 1859 fundit

468 1899 746 1953 exsultans
781 1915 794 1950 :
839 1897 1050 1967 quand!)
1095 1896 1344 1952 eumdem
1371 1911 1595 1966 puerum
1624 1905 1809 1950 uatum
1834 1903 1890 1951 et
1915 1894 2062 1949 abla-

467 1999 668 2047 ctatum
721 1991 830 2046 Deo
894 1989 1070 2045 reddit
1131 1990 1318 2045 eadem
1390 1989 1618 2060 pietate,
1669 2003 1770 2060 qua
1823 1995 2060 2042 voverat.

466 2081 604 2136 Dicit
645 2081 818 2135 enim:
853 2079 1221 2150 Con/innatum
1246 2090 1319 2135 est
1345 2097 1434 2134 cor
1460 2096 1625 2135 meum
1649 2079 1703 2133 in
1729 2079 1980 2144 Domino,
2014 2087 2064 2134 et

461 2174 738 2228 exaltatum
758 2184 830 2228 est
851 2190 1007 2228 cornu
1047 2191 1212 2228 meum
1257 2175 1310 2228 in
1354 2173 1463 2228 Deo
1512 2190 1646 2228 meo.
1673 2173 1956 2228 Dilatatum
1995 2189 2047 2227 es

461 2284 617 2337 super
659 2267 889 2320 inimicos
931 2281 1064 2320 meos
1101 2283 1157 2320 os
1188 2281 1390 2330 meum;
1419 2265 1590 2319 ltetata
1619 2281 1733 2318 sum
1765 2265 1818 2318 in
1844 2262 2062 2319 salutari

461 2371 570 2414 tuo.
601 2358 852 2426 Quoniam
879 2374 979 2412 non
1024 2365 1097 2412 est
1135 2367 1360 2422 sanctus,
1386 2357 1517 2412 sicut
1557 2356 1840 2423 Dominus;
1880 2365 1927 2410 et
1955 2373 2059 2410 non

459 2459 531 2505 est
551 2451 759 2520 justus,
800 2449 928 2504 sicut
965 2447 1106 2504 Deus
1149 2457 1356 2512 noster;
1387 2465 1488 2502 non
1515 2457 1587 2502 est
1631 2458 1838 2501 sanctus
1878 2456 2060 2517 prater

461 2551 528 2598 te.
577 2540 753 2596 Nolite
802 2541 1014 2612 gloriari
1053 2539 1264 2609 superbe
1290 2540 1332 2603 ⁸,
1363 2550 1412 2594 et
1436 2541 1590 2594 nolite
1632 2539 1774 2608 loqui
1820 2539 2053 2606 excelsa,

459 2651 618 2706 neque
660 2633 899 2704 procedat
933 2631 1332 2702 magniloquium
1375 2631 1438 2685 de
1465 2648 1552 2686 ore
1587 2639 1766 2685 vestro.
1800 2631 2053 2697 Quoniam

457 2725 598 2781 Deus
625 2726 948 2781 scientiarum
965 2721 1236 2790 Dominus,
1263 2733 1310 2777 et
1326 2721 1460 2778 Deus
1484 2737 1780 2794 prceparans
1807 2722 2048 2778 adiuuen-

463 2821 624 2875 tiones
651 2835 791 2873 suas.
824 2817 1012 2872 Arcum
1031 2817 1308 2888 potentium
1335 2818 1454 2888 fecit
1479 2817 1762 2885 inﬁrmum,
1785 2826 1833 2871 et
1859 2817 2050 2887 inﬁrmi

461 2912 721 2981 precincti
745 2920 862 2965 sunt
886 2911 1085 2964 virtute.
1117 2908 1268 2964 Pleni
1291 2909 1505 2976 panibus
1549 2910 1782 2965 minorati
1809 2919 1962 2976 sunt,
2005 2920 2055 2966 et

453 3003 729 3058 esurientes
795 3001 1109 3055 transierunt
1170 3009 1375 3054 terram.
1435 3000 1567 3066 Quia
1609 2999 1798 3054 sterilis
1865 3002 2055 3072 peperit

453 3103 673 3162 septem,
719 3101 766 3147 et
809 3093 967 3146 multa
993 3093 1047 3146 in
1077 3092 1200 3162 ﬁliis
1227 3093 1486 3160 inﬁrmata
1511 3102 1602 3146 est.
1638 3091 1888 3146 Dominus
1917 3108 2054 3146 mor-

455 3187 614 3254 tiﬁcat
642 3195 687 3240 et
717 3186 961 3256 viviﬁcat;
989 3185 1190 3239 deducit
1219 3185 1289 3238 ad
1317 3183 1528 3254 inferos,
1561 3194 1605 3238 et
1629 3184 1844 3239 reducit.
1869 3184 2051 3238 Domi-

453 3296 550 3333 nus
598 3295 842 3350 pauperes
890 3279 1012 3348 facit
1037 3276 1078 3344 ⁸,
1111 3287 1158 3330 et
1209 3276 1378 3341 ditat;
1425 3275 1658 3330 humiliat
1681 3317 1696 3342 ,
1745 3285 1792 3330 et
1837 3274 2046 3330 exultat.

455 3374 682 3430 Suscitut
705 3391 736 3426 a
765 3382 898 3426 terra
934 3388 1228 3442 pauperem,
1251 3381 1296 3423 et
1324 3375 1386 3422 de
1414 3380 1632 3422 stercore
1657 3369 1801 3439 erigit
1826 3370 2050 3438 inapem:

453 3475 508 3519 ut
533 3464 741 3520 collocat
762 3479 874 3518 eum
899 3479 1012 3515 cum
1044 3461 1324 3532 potentibus
1349 3460 1521 3530 populi
1548 3458 1591 3524 ⁸,
1613 3468 1657 3512 et
1684 3458 1849 3513 sedem
1874 3459 2049 3529 gloria:

453 3558 794 3614 hxretlitatem
822 3554 953 3607 dans
991 3555 1096 3607 eis:
1123 3553 1250 3605 dans
1276 3562 1442 3606 uotum
1472 3550 1662 3605 voventi
1678 3593 1692 3616 ,
1726 3560 1770 3603 et
1799 3550 2049 3605 benedixit

451 3665 611 3702 annos
646 3647 810 3717 justi:
869 3645 1108 3715 quoniam
1151 3659 1251 3696 non
1297 3642 1350 3696 in
1400 3643 1581 3695 virtute
1617 3653 1791 3712 potens
1833 3651 1904 3694 est
1947 3641 2042 3694 vir.

452 3740 702 3794 Dominus
749 3737 1007 3805 inﬁrmum
1036 3735 1186 3806 faciet
1211 3733 1558 3787 aduersarium
1595 3747 1763 3795 suum,
1793 3731 2045 3785 Dominus

449 3840 668 3887 sanctus.
700 3827 818 3882 Non
844 3827 1086 3898 glorietur
1113 3823 1335 3895 prudats
1361 3824 1411 3877 in
1439 3823 1706 3893 prudentia
1729 3838 1842 3884 sua,
1870 3831 1917 3875 et
1943 3837 2044 3875 non

447 3924 689 3995 glorietur
719 3932 894 3990 potens
929 3920 982 3972 in
1014 3917 1235 3988 potentia
1271 3932 1364 3970 sua
1384 3955 1399 3980 ,
1430 3925 1476 3968 et
1502 3931 1602 3968 non
1627 3913 1870 3984 glorietur
1907 3912 2044 3966 dives

447 4016 498 4067 in
525 4013 710 4065 divitiis
735 4011 839 4066 suis
863 4027 882 4064 :
910 4007 1000 4063 sed
1016 4006 1071 4060 in
1092 4008 1186 4061 hoc
1208 4006 1452 4076 glorietur
1475 4005 1560 4071 qui
1579 4003 1854 4073 gloriatur,
1887 4001 2040 4054 intel-

449 4105 600 4174 ligere
616 4113 661 4156 et
691 4103 819 4156 scire
843 4100 1120 4155 Dominum
1142 4138 1156 4161 ,
1185 4106 1232 4150 et
1253 4095 1420 4164 facere
1437 4093 1692 4164 judicium
1718 4101 1764 4146 et
1785 4091 2043 4161 justitiam

447 4197 498 4250 in
527 4193 690 4247 medio
713 4202 877 4245 terrae.
908 4189 1154 4243 Dominus
1191 4185 1412 4240 ascendit
1441 4185 1493 4236 in
1522 4185 1672 4237 ctelos
1691 4224 1706 4249 ,
1759 4192 1804 4236 et
1844 4182 2042 4237 tonuit:

447 4287 553 4358 ipse
572 4282 822 4356 judicabit
847 4291 1071 4334 extrema
1099 4289 1246 4332 terra:
1272 4277 1390 4345 quia
1431 4276 1608 4346 justus
1631 4286 1705 4329 est
1731 4273 1810 4345 (a)
1832 4290 1848 4339 ;
1881 4283 1926 4328 et
1953 4274 2042 4328 dat

447 4378 675 4433 uirtutem
701 4372 899 4445 regibus
942 4370 1125 4424 nostris
1143 4409 1158 4434 ,
1185 4378 1233 4422 et
1262 4365 1501 4422 mltabit
1529 4380 1686 4418 cornu
1707 4364 1894 4435 Christi
1937 4366 2035 4421 sui.

455 4472 498 4543 (Ι
533 4471 658 4540 Reg.
682 4484 740 4530 ιι,
774 4465 922 4529 1-10,
952 4479 1051 4524 sec.
1087 4462 1243 4532 Lux).

513 4563 570 4617 2.
613 4561 758 4614 Itane
808 4573 934 4612 vero
980 4554 1143 4610 verba
1190 4554 1306 4608 haec
1352 4551 1508 4606 unius
1554 4551 1877 4620 putabuntur
1919 4566 2038 4606 esse

443 4652 801 4717 mulierculae,
832 4649 901 4704 de
937 4657 1062 4704 nato
1097 4647 1196 4702 sibi
1225 4645 1337 4700 ﬁlio
1381 4643 1738 4716 gratulantis?
1763 4651 2038 4699 tantumne

443 4761 595 4804 mens
624 4743 897 4799 hominum
942 4756 975 4794 a
1013 4740 1130 4794 luce
1172 4736 1411 4792 veritatis
1440 4749 1624 4790 aversa
1658 4744 1776 4799 est,
1825 4744 1880 4789 ut
1926 4753 2033 4793 non

442 4839 637 4893 sentiat
673 4829 985 4904 supergredi
1024 4826 1243 4884 modum
1270 4826 1491 4882 femina:
1536 4825 1692 4895 hujus
1730 4824 1870 4882 dicta
1913 4842 2034 4898 qua:

441 4929 606 4987 ludit?
629 4929 796 4983 Porro
821 4929 910 4995 qui
938 4923 1096 4978 rebus
1117 4917 1268 4990 ipsis,
1296 4933 1414 4989 quae
1433 4917 1542 4987 jam
1571 4927 1852 4988 coeperunt
1870 4921 2030 4975 etiam

441 5024 493 5077 in
526 5022 628 5076 hac
653 5029 861 5073 terrena
891 5011 1319 5086 peregrinatione
1337 5009 1617 5080 compleri,
1649 5010 2031 5074 convenienter

504 5136 520 5167 ι
554 5136 628 5184 sic
645 5140 754 5183 Mss.
790 5139 846 5181 At
869 5129 1006 5188 editi,
1029 5124 1104 5177 rei
1123 5129 1367 5188 qestw._Et
1387 5123 1508 5173 infra
1532 5135 1596 5172 ex
1619 5123 1695 5172 his
1722 5121 1838 5183 duo,
1860 5129 1937 5188 _rsr.
1975 5133 2029 5176 et

438 5204 570 5255 tov.,
595 5208 699 5257 pro,
724 5193 783 5244 de
799 5203 964 5257 rerum
1291 5186 1504 5257 habent,
1521 5184 2024 5257 reruntnultationem.

502 5261 520 5288 ²
556 5246 629 5304 iii.
656 5246 707 5306 et
727 5263 857 5313 ιον..
880 5249 1155 5303 substitutus
1177 5256 1264 5300 est.
1291 5248 1507 5311 Expungi
1530 5246 1717 5306 debuit,
1757 5251 1844 5306 est,
1886 5248 2027 5309 juxta

443 5320 694 5434 "'iditiiiil
717 5323 1094 5440 ubliizsgloriari,
1116 5376 1309 5440 omisso,
1327 5367 2022 5440 superbegt‘juodmanti‘scripti

439 5455 614 5492 attines
632 5429 973 5502 adjungun't.§-_-
983 5429 1128 5486 Abest
1139 5449 1227 5502 vox
1248 5429 1328 5485 illa
1346 5448 1374 5483 a
1387 5429 1492 5482 Mss.
1510 5429 1653 5502 2931..
1772 5437 1823 5480 et
1841 5429 2020 5502 Ξδὸίιι.

504 5507 526 5534 ἰ
557 5505 629 5570 2sic
649 5493 755 5570 tit—ss.
779 5493 834 5547 λι
855 5497 988 5557 editi,
1014 5496 1240 5549 Dominus
1258 5506 1516 5560 pauperem
1538 5493 1671 5556 facit.
1686 5501 1905 5556 lugraaco
1925 5500 2019 5553 est,

440 5563 779 5676 pwidtfawvtind.
918 5625 986 5689 _et
1003 5621 1310 5689 manusgipti
1344 5621 1482 5689 juxta
1513 5617 1841 5689 Septuaginta.
1865 5621 1922 5666 At
1943 5622 2017 5666 Er.

431 5680 1586 5760 μωγηροριιιὶιιάἔοιριυιοροβιλάωκά.

506 5764 1328 5880 meammeam“
1351 5765 1514 5834 ἀνιείης
1535 5769 1622 5834 οξτο
1648 5762 1831 5814 "rw
1857 5775 2019 5828 εντα

1305 5837 1432 5880 etus.
1456 5827 1639 5880 dicam
1657 5825 1735 5876 On.

685 5825 984 5891 exemplaria
1009 5825 1432 5897 ettTheodoretus,
1456 5825 1639 5880 dicatos
1657 5825 1735 5876 On.

1545 307 1634 364 DE
1676 304 1997 363 CIVITATE
2041 304 2176 374 DEI,
2217 305 2275 362 8.
2316 305 2682 366 AUGUSTINI

2191 451 2437 499 movetur
2455 484 2471 510 ,
2505 459 2682 501 nonne
2706 444 2967 514 intendit,
2994 453 3052 503 et
3075 444 3266 519 aspicit
3283 487 3300 513 ,
3338 457 3394 503 et
3411 448 3650 520 agnoscit
3676 465 3778 520 per

2187 531 2325 588 hanc
2366 535 2644 592 mulierem
2669 579 2685 605 ,
2735 538 2888 609 cujus
2914 537 3074 596 etiam
3099 553 3336 600 nomen.
3381 538 3433 594 id
3473 549 3558 596 est
3579 541 3732 596 Anna
3758 583 3776 610 ,

2186 623 2366 680 Gratia
2405 626 2523 696 ejus
2548 627 2928 700 interpretatur
2945 671 2963 699 ,
2991 630 3162 702 ipsam
3187 628 3500 702 religionem
3524 632 3778 689 christia-

2184 729 2330 783 nam,
2359 715 2529 787 ipsam
2553 719 2824 776 civitatem
2856 721 2951 778 Dei
2975 764 2990 789 ,
3034 722 3188 792 cujus
3215 738 3312 779 rex
3341 731 3504 780 estet
3527 724 3782 782 conditor

2185 805 2429 864 Christus
2454 851 2470 877 ,
2511 810 2680 882 ipsam
2725 823 3000 886 postremo
3046 815 3140 870 Dei
3188 817 3416 886 gratiam
3455 817 3787 890 prophetico

2183 900 2373 970 spiritu
2401 901 2480 957 sic
2498 902 2751 973 locutam,
2783 921 2814 961 a
2843 922 2947 977 qua
2977 907 3193 978 superbi
3221 907 3545 977 alienantur,
3592 919 3649 964 ut
3674 926 3781 966 ca-

2181 989 2330 1058 dant,
2357 1007 2461 1061 qua
2500 993 2731 1050 humiles
2757 995 3044 1067 implentur
3063 1039 3078 1065 ,
3117 1007 3178 1053 ut
3201 1007 3455 1070 surgant,
3484 999 3628 1071 quod
3653 1015 3780 1056 nta-

2181 1081 2324 1138 xime
2366 1083 2595 1156 hymnus
2641 1086 2741 1143 iste
2787 1089 3101 1158 personuit?
3143 1089 3258 1146 Nisi
3301 1089 3580 1162 quisquam
3631 1089 3780 1150 forte

2179 1173 2418 1237 dicturus
2442 1185 2526 1232 est
2547 1219 2563 1245 ,
2602 1178 2733 1234 nihil
2760 1179 2913 1236 istam
2944 1181 3297 1252 prophetasse
3326 1182 3606 1241 mulierem
3627 1224 3646 1252 ,
3673 1184 3778 1241 sed

2179 1265 2346 1322 Deum
2386 1271 2754 1327 tantummodo
2778 1280 3000 1344 propter
3022 1272 3213 1342 ﬁlium,
3243 1290 3404 1346 quem
3428 1285 3644 1347 precata
3668 1275 3778 1332 im-

2177 1359 2436 1428 petravit,
2472 1361 2756 1435 exsultanti
2781 1361 3159 1433 praedicatione
3186 1365 3450 1422 laudasse.
3479 1365 3618 1435 Quid
3641 1381 3777 1438 ergo

2175 1449 2274 1505 sibi
2301 1452 2412 1506 vult
2439 1454 2580 1523 quod
2608 1454 2714 1510 ait:
2738 1453 2926 1510 Arcum
2959 1457 3237 1526 potentium
3267 1459 3388 1530 fecit
3415 1459 3695 1529 inﬁrmum,
3723 1472 3777 1516 et

2177 1540 2374 1611 inﬁrmi
2413 1545 2675 1614 priet-iacti
2712 1555 2830 1602 sunt
2871 1547 3085 1603 virtute:
3115 1549 3253 1620 pleni
3277 1547 3493 1620 panibus
3531 1551 3778 1606 ntinorati

2173 1644 2324 1700 sunt,
2356 1646 2403 1710 et
2444 1639 2716 1693 esurientes
2743 1641 3048 1697 transierunt
3073 1651 3261 1696 terram
3277 1657 3298 1696 :
3325 1642 3445 1714 quia
3471 1641 3657 1698 sterilis
3679 1659 3772 1714 pec

2173 1725 2302 1793 perit
2324 1736 2535 1797 septem,
2558 1738 2607 1783 et
2645 1731 2806 1784 multa
2849 1731 2902 1786 in
2927 1730 3050 1801 ﬁliis
3078 1731 3337 1801 inﬁrmata
3365 1733 3480 1787 est?
3497 1732 3772 1804 Numquid

2170 1827 2372 1888 septem
2395 1819 2508 1889 ipsa
2525 1830 2823 1892 pepererat,
2849 1823 3092 1894 quamvis
3115 1823 3314 1880 sterilis
3335 1824 3526 1880 fuerit?
3543 1824 3772 1882 Unicum

2170 1909 2438 1977 habebat,
2480 1913 2692 1983 quando
2735 1914 2835 1971 ista
2889 1915 3132 1971 dicebat:
3155 1916 3252 1972 sed
3294 1931 3395 1973 nec
3441 1925 3628 1989 postea
3677 1933 3772 1974 se-

2167 2009 2312 2072 ptem
2337 2003 2690 2076 peperit,sive
2715 2020 2831 2073 sex,
2850 2005 3041 2076 quibus
3070 2007 3328 2078 septimus
3353 2017 3497 2063 esset
3521 2008 3637 2079 ipse
3664 2007 3774 2064 Sa-

2166 2095 2340 2161 muel;
2371 2095 2465 2151 sed
2488 2104 2595 2152 tres
2621 2111 2796 2153 mares
2815 2137 2830 2162 ,
2853 2105 2911 2152 et
2933 2097 3066 2153 duas
3089 2098 3314 2154 feminas
3335 2098 3388 2168 (l
3411 2099 3537 2170 Reg.
3565 2114 3622 2165 ιι,
3643 2099 3770 2167 20).

2169 2184 2375 2242 Deinde
2426 2187 2478 2243 in
2520 2187 2614 2242 illo
2656 2189 2853 2259 populo
2890 2205 3010 2246 cum
3052 2189 3227 2245 adhuc
3272 2206 3432 2246 nemo
3471 2200 3764 2262 regnaret,

2164 2277 2305 2348 quod
2333 2279 2385 2333 in
2408 2289 2647 2336 extremo
2683 2281 2858 2351 posuit
2879 2322 2896 2349 ,
2927 2281 3030 2336 Dat
3055 2285 3284 2337 virtutem
3313 2284 3514 2354 regibus
3553 2286 3766 2352 nostris,

2166 2381 2214 2426 et
2260 2373 2499 2427 exaltabit
2541 2391 2698 2428 cornu
2724 2373 2913 2430 Christi
2947 2376 3063 2441 sui;
3113 2375 3256 2433 unde
3296 2376 3527 2444 dicebat,
3580 2378 3768 2436 sinon

2161 2466 2523 2537 prophetahat
2539 2467 2564 2521 ?

2231 2560 2284 2615 5.
2329 2559 2481 2614 Dicat
2503 2575 2632 2632 ergo
2658 2560 2900 2617 Ecclesia
2921 2560 3140 2626 Christi,
3167 2561 3357 2618 civitas
3378 2561 3537 2631 Regis
3557 2563 3766 2632 magni.

2159 2652 2327 2722 gratia
2358 2651 2516 2722 plena
2540 2695 2553 2717 ,
2585 2652 2738 2722 prole
2781 2651 3044 2717 fecunda;
3071 2651 3214 2707 dicat
3254 2650 3396 2722 quod
3447 2659 3594 2706 tanto
3637 2659 3768 2706 ante

2158 2742 2227 2799 de
2253 2757 2312 2797 se
2340 2743 2711 2813 prophetatum
2748 2759 2843 2814 per
2880 2757 2944 2800 os
2979 2743 3135 2815 hujus
3173 2743 3272 2815 pla:
3315 2744 3500 2798 matris
3523 2745 3768 2814 agnoscit

2159 2834 2525 2904 Conﬁrmatum
2552 2846 2627 2890 est
2673 2853 2760 2890 eor
2799 2852 2967 2890 meum
3011 2836 3065 2890 in
3091 2834 3312 2890 Domino
3337 2876 3355 2903 ,
3385 2845 3432 2888 et
3477 2839 3761 2889 exaltatum

2157 2939 2230 2983 est
2267 2945 2425 2982 cornu
2457 2944 2622 2989 meum
2645 2928 2701 2981 in
2730 2927 2836 2982 Deo
2863 2944 2995 2983 meo.
3025 2926 3166 2983 Vere
3204 2928 3578 2982 conﬁrmatum
3623 2943 3720 2981 cor
3745 2969 3763 2994 ,

2156 3030 2212 3076 et
2233 3035 2400 3075 cornu
2428 3035 2559 3075 vere
2581 3020 2915 3083 exaltatum;
2959 3019 3082 3090 quia
3109 3034 3216 3074 non
3247 3020 3299 3073 in
3347 3035 3426 3086 se,
3458 3019 3552 3073 sed
3581 3018 3633 3074 in
3655 3019 3763 3074 Do-

2155 3112 2301 3167 mino
2342 3112 2453 3168 Deo
2478 3127 2596 3167 suo.
2648 3111 2937 3166 Dilatatum
2965 3121 3037 3166 est
3082 3129 3236 3181 super
3265 3112 3492 3166 inimicos
3529 3129 3666 3166 meos
3705 3129 3760 3168 os

2155 3218 2359 3257 meum:
2401 3204 2524 3273 quia
2552 3213 2606 3259 et
2649 3203 2700 3258 iu
2752 3204 3014 3274 angustiis
3043 3218 3412 3273 prcssurarum
3449 3217 3630 3259 sermo
3661 3203 3759 3257 Dei

2156 3311 2262 3349 non
2310 3305 2392 3350 cst
2416 3296 2699 3366 alligatus,
2755 3311 2854 3352 nec
2897 3295 2949 3350 in
2982 3296 3316 3366 praeconibus
3353 3296 3597 3365 alligatis.
3641 3295 3756 3350 ιω-

2155 3398 2260 3442 tuta
2305 3406 2451 3452 sum,
2480 3389 2681 3459 inquit,
2731 3389 2786 3442 in
2835 3389 3053 3442 salutari
3095 3398 3197 3440 tuo.
3241 3387 3485 3441 Christus
3544 3397 3626 3440 est
3657 3387 3756 3443 iste

2153 3481 2340 3548 Jcsus,
2368 3495 2527 3551 quem
2557 3479 2774 3535 Simeon
2793 3521 2808 3545 ,
2838 3480 2977 3534 sicut
3017 3479 3068 3536 in
3097 3478 3384 3545 Evangelia
3407 3478 3598 3548 legitur
3617 3519 3632 3544 ,
3665 3494 3759 3534 se-

2153 3587 2255 3627 nex
2288 3571 2618 3640 amplectens
2651 3586 2870 3640 parvum
2903 3569 2943 3634 ¹,
2971 3583 3267 3639 agnoscens
3298 3584 3564 3638 magnum,
3597 3568 3758 3623 Nunc

2151 3664 2382 3730 dimittis,
2415 3664 2606 3734 inquit,
2639 3662 2874 3727 Domine,
2910 3677 3108 3715 servum
3152 3672 3292 3714 tuum
3338 3660 3390 3714 in
3421 3677 3578 3731 pace,
3620 3678 3754 3733 quo-

2150 3758 2288 3811 niam
2307 3757 2536 3812 viderunt
2556 3757 2690 3811 oculi
2710 3757 2808 3810 mei
2830 3757 3055 3814 salutare
3079 3767 3218 3808 tuum
3237 3753 3384 3827 (Luc.
3410 3772 3468 3821 ll,
3486 3755 3557 3810 29
3572 3767 3617 3811 et
3629 3757 3750 3826 30).

2153 3851 2305 3905 Dicat
2352 3851 2529 3921 itaque
2569 3850 2841 3916 Ecclesia,
2888 3849 3083 3902 luctata
3130 3866 3242 3901 sum
3287 3850 3341 3901 in
3384 3847 3598 3902 salutari
3637 3859 3752 3905 tuo.

2153 3944 2404 4018 Quoniam
2434 3961 2533 3997 non
2576 3954 2648 3999 est
2683 3952 2921 4010 sanctus,
2967 3944 3098 3996 sicut
3123 3941 3407 4006 Dominus;
3453 3951 3500 3996 et
3538 3959 3639 3996 non
3675 3955 3754 3998 est

2138 4045 2329 4120 justus,
2359 4037 2486 4090 sicut
2512 4033 2652 4089 Deus
2674 4044 2878 4099 noster;
2919 4043 3170 4104 tanquam
3197 4041 3416 4087 sanctus
3453 4042 3508 4088 et
3543 4035 3754 4088 sancti-

2147 4129 2329 4193 ﬁcans,
2373 4128 2551 4196 justus
2595 4135 2650 4181 et
2689 4126 3011 4197 justiﬁcans.
3057 4122 3179 4179 Non
3207 4133 3279 4178 est
3326 4134 3528 4179 sanctus
3562 4135 3752 4194 praeter

2146 4229 2227 4273 te:
2269 4221 2390 4290 quia
2439 4236 2596 4275 nemo
2635 4220 2692 4274 ﬁt
2735 4219 2837 4273 nisi
2882 4217 2978 4273 abs
3027 4225 3098 4272 te.
3152 4217 3387 4286 Denique
3451 4218 3743 4287 sequitur,

2148 4310 2326 4365 Nolite
2351 4312 2561 4383 gloriari
2582 4311 2796 4381 superbe
2823 4313 2869 4377 ²,
2896 4320 2943 4363 et
2967 4309 3120 4362 nolite
3158 4307 3294 4378 loqui
3319 4309 3544 4375 excelsa,
3583 4324 3751 4377 neque

2144 4413 2286 4458 exeat
2346 4403 2739 4474 magniloquium
2800 4402 2864 4456 de
2915 4418 3001 4456 ore
3052 4411 3235 4455 uestro.
3291 4399 3544 4465 Quoniam
3597 4398 3748 4454 Deus

2143 4495 2464 4547 scientiarum
2485 4492 2752 4547 Dominus.
2783 4489 2901 4560 Ipse
2925 4506 3022 4545 vos
3045 4491 3162 4555 scit,
3193 4499 3243 4545 et
3271 4489 3361 4544 ubi
3387 4503 3544 4544 nemo
3567 4489 3669 4544 scit
3696 4491 3742 4544 ἐ

2143 4583 2392 4655 quoniam
2429 4583 2516 4654 qui
2553 4591 2695 4652 putat
2723 4598 2777 4635 se
2819 4579 3018 4650 aliquid
3053 4596 3192 4646 esse,
3224 4595 3340 4633 cum
3379 4578 3508 4634 nihil
3549 4579 3637 4645 sit,
3687 4597 3748 4636 se

2141 4677 2306 4748 ipsum
2335 4675 2526 4730 seducit
2547 4671 2743 4745 (Gatat.
2769 4688 2843 4738 γι,
2869 4671 2952 4741 5).
2987 4671 3113 4726 Haec
3139 4671 3388 4726 dicuntur
3414 4669 3745 4728 adversariis

2141 4768 2369 4823 civitatis
2412 4767 2504 4821 Dei
2557 4765 2624 4818 ad
2653 4763 2998 4836 Babyloniam
3049 4760 3474 4833 pertinentibus,
3517 4760 3586 4816 de
3633 4776 3741 4818 sua

2140 4861 2332 4915 virtute
2357 4856 2822 4929 praesumentibus,
2851 4855 2906 4910 iu
2933 4869 3013 4923 se,
3041 4867 3144 4913 non
3174 4853 3224 4907 in
3249 4852 3476 4908 Domino
3493 4851 3738 4923 glorian-

2141 4953 2308 5018 tibus;
2336 4968 2406 5007 ex
2434 4953 2626 5023 quibus
2657 4958 2780 5005 sunt
2807 4949 2970 5005 etiam
3015 4946 3259 5002 carnales
3287 4944 3544 5010 Israelita:
3566 4985 3583 5013 ,
3614 4951 3740 5000 ter-

2137 5060 2281 5100 rente
2308 5044 2602 5101 Jerusalem
2625 5043 2769 5098 cives
2797 5040 3079 5111 terrigenae
3103 5079 3119 5106 ,
3148 5038 3236 5109 qui
3261 5079 3278 5105 ,
3323 5044 3384 5092 ut
3415 5035 3546 5093 dicit
3577 5037 3736 5106 Apo-

2135 5139 2324 5204 stolus,
2368 5139 2654 5207 ignorantes
2710 5135 2809 5190 Dei
2844 5133 3134 5206 justitiam,
3185 5131 3241 5188 id
3289 5139 3374 5187 est
3423 5135 3582 5202 quam
3633 5130 3742 5186 dat

2135 5228 2336 5284 homini
2378 5230 2540 5297 Deus,
2579 5228 2666 5298 qui
2706 5227 2852 5282 solus
2901 5235 2984 5283 est
3027 5225 3203 5296 justus
3223 5233 3277 5278 et
3293 5221 3634 5294 justiﬁcans;
3683 5234 3738 5277 et

2132 5337 2276 5375 suam
2319 5320 2538 5374 volentes
2565 5320 2887 5386 constituere,
2928 5315 2982 5374 id
3009 5328 3114 5382 est,
3143 5315 3288 5371 velut
3315 5330 3346 5368 a
3373 5330 3430 5370 se
3458 5313 3558 5369 sibi
3593 5328 3734 5383 par-

2132 5421 2269 5479 tam,
2316 5428 2423 5467 non
2456 5412 2524 5466 ab
2564 5413 2653 5467 illo
2695 5411 3058 5483 impcrtitam;
3097 5407 3312 5479 iustitiae
3353 5405 3451 5460 Dei
3480 5421 3578 5460 non
3605 5415 3734 5459 sunt

2192 5576 2208 5607 ι
2245 5574 2318 5622 sic
2336 5580 2444 5622 Mss.
2481 5572 2615 5630 aliti,
2640 5569 2911 5634 parvulum.

2189 5638 2209 5668 ²
2243 5635 2396 5684 Nostri
2419 5646 2590 5684 omnes
2603 5625 2798 5683 codices
2817 5636 3044 5684 omittunt
3066 5631 3290 5690 verbum,
3313 5625 3532 5690 superbe.
3599 5632 3660 5674 κ.

2187 5698 2210 5730 ³
2243 5697 2315 5746 sic
2336 5702 2535 5758 veteres
2563 5694 2689 5753 libri,
2710 5691 3236 5758 ‘except‘isinonmllis.
3263 5692 3344 5754 qui
3373 5690 3580 5758 habent,
3609 5696 3728 5758 Ipse

2122 5751 3012 5827 posscit,etubinemosit.stediti,
3055 5751 3544 5819 Ipse,et'uemoscit
3581 5751 3722 5815 quod
3821 5792 3828 5800 .

2122 5821 2224 5886 ipse
2239 5821 2347 5873 scit.
