  <div class='ocr_page' id='page_1' title='image "/cluster/home/n/w/nwhite01/storage/ocr_20150623/41/hvd.32044015706344/270.png"; bbox 0 0 4062 6504; ppageno 0'>
   <div class='ocr_carea' id='block_1_1' title="bbox 251 426 344 486">
    <p class='ocr_par' dir='ltr' id='par_1_1' title="bbox 251 426 344 486">
     <span class='ocr_line' id='line_1_1' title="bbox 251 426 344 486; baseline -0.022 0"><span class='ocrx_word' id='word_1_1' title='bbox 251 426 344 486; x_wconf 66' lang='grc' dir='ltr'><strong>διο</strong></span> 
     </span>
    </p>
   </div>
   <div class='ocr_carea' id='block_1_2' title="bbox 247 536 1827 612">
    <p class='ocr_par' dir='ltr' id='par_1_2' title="bbox 247 536 1827 612">
     <span class='ocr_line' id='line_1_2' title="bbox 247 536 1827 612; baseline -0.008 -11"><span class='ocrx_word' id='word_1_2' title='bbox 247 537 639 612; x_wconf 68' lang='lat' dir='ltr'><strong>subiectimoin.</strong></span> <span class='ocrx_word' id='word_1_3' title='bbox 661 555 715 604; x_wconf 84' lang='lat' dir='ltr'><strong>s,</strong></span> <span class='ocrx_word' id='word_1_4' title='bbox 742 537 825 609; x_wconf 76' lang='lat'><strong>3),</strong></span> <span class='ocrx_word' id='word_1_5' title='bbox 848 538 1030 606; x_wconf 91' lang='lat' dir='ltr'><strong>utique</strong></span> <span class='ocrx_word' id='word_1_6' title='bbox 1053 537 1178 607; x_wconf 83' lang='lat' dir='ltr'><strong>quia</strong></span> <span class='ocrx_word' id='word_1_7' title='bbox 1203 536 1454 606; x_wconf 89' lang='lat' dir='ltr'><strong>superbi,</strong></span> <span class='ocrx_word' id='word_1_8' title='bbox 1498 536 1567 591; x_wconf 79' lang='lat' dir='ltr'><strong>tle</strong></span> <span class='ocrx_word' id='word_1_9' title='bbox 1609 549 1706 589; x_wconf 86' lang='lat' dir='ltr'><strong>suo</strong></span> <span class='ocrx_word' id='word_1_10' title='bbox 1733 551 1827 604; x_wconf 89' lang='lat' dir='ltr'><strong>pu-</strong></span> 
     </span>
    </p>
   </div>
   <div class='ocr_carea' id='block_1_3' title="bbox 250 627 1835 701">
    <p class='ocr_par' dir='ltr' id='par_1_3' title="bbox 250 627 1835 701">
     <span class='ocr_line' id='line_1_3' title="bbox 250 627 1835 701; baseline -0.007 -9"><span class='ocrx_word' id='word_1_11' title='bbox 250 644 432 701; x_wconf 80' lang='lat' dir='ltr'><strong>tantes,</strong></span> <span class='ocrx_word' id='word_1_12' title='bbox 456 647 566 688; x_wconf 89' lang='lat' dir='ltr'><strong>non</strong></span> <span class='ocrx_word' id='word_1_13' title='bbox 590 632 662 690; x_wconf 88' lang='lat' dir='ltr'><strong>de</strong></span> <span class='ocrx_word' id='word_1_14' title='bbox 686 631 802 696; x_wconf 88' lang='lat' dir='ltr'><strong>Dei,</strong></span> <span class='ocrx_word' id='word_1_15' title='bbox 829 644 986 701; x_wconf 85' lang='lat' dir='ltr'><strong>posse</strong></span> <span class='ocrx_word' id='word_1_16' title='bbox 1001 630 1212 700; x_wconf 88' lang='lat' dir='ltr'><strong>placere</strong></span> <span class='ocrx_word' id='word_1_17' title='bbox 1235 643 1296 684; x_wconf 90' lang='lat' dir='ltr'><strong>se</strong></span> <span class='ocrx_word' id='word_1_18' title='bbox 1311 628 1442 694; x_wconf 87' lang='lat' dir='ltr'><strong>Deo,</strong></span> <span class='ocrx_word' id='word_1_19' title='bbox 1475 627 1566 698; x_wconf 87' lang='lat' dir='ltr'><strong>qui</strong></span> <span class='ocrx_word' id='word_1_20' title='bbox 1590 635 1673 682; x_wconf 80' lang='lat' dir='ltr'><strong>est</strong></span> <span class='ocrx_word' id='word_1_21' title='bbox 1695 627 1835 682; x_wconf 90' lang='lat' dir='ltr'><strong>Deus</strong></span> 
     </span>
    </p>
   </div>
   <div class='ocr_carea' id='block_1_4' title="bbox 260 718 1834 792">
    <p class='ocr_par' dir='ltr' id='par_1_4' title="bbox 260 718 1834 792">
     <span class='ocr_line' id='line_1_4' title="bbox 260 718 1834 792; baseline -0.008 -8"><span class='ocrx_word' id='word_1_22' title='bbox 260 726 620 791; x_wconf 88' lang='lat' dir='ltr'><strong>scientiarum,</strong></span> <span class='ocrx_word' id='word_1_23' title='bbox 649 731 808 792; x_wconf 89' lang='lat' dir='ltr'><strong>atque</strong></span> <span class='ocrx_word' id='word_1_24' title='bbox 833 721 956 776; x_wconf 87' lang='lat' dir='ltr'><strong>ideo</strong></span> <span class='ocrx_word' id='word_1_25' title='bbox 980 719 1244 776; x_wconf 89' lang='lat' dir='ltr'><strong>etarbitcr</strong></span> <span class='ocrx_word' id='word_1_26' title='bbox 1259 718 1732 784; x_wconf 77' lang='lat' dir='ltr'><strong>conscientiarum,</strong></span> <span class='ocrx_word' id='word_1_27' title='bbox 1763 718 1834 772; x_wconf 86' lang='lat' dir='ltr'><strong>ibi</strong></span> 
     </span>
    </p>
   </div>
   <div class='ocr_carea' id='block_1_5' title="bbox 251 810 1837 886">
    <p class='ocr_par' dir='ltr' id='par_1_5' title="bbox 251 810 1837 886">
     <span class='ocr_line' id='line_1_5' title="bbox 251 810 1837 886; baseline -0.006 -14"><span class='ocrx_word' id='word_1_28' title='bbox 251 816 426 883; x_wconf 78' lang='lat' dir='ltr'><strong>ridens</strong></span> <span class='ocrx_word' id='word_1_29' title='bbox 460 813 816 886; x_wconf 74' lang='lat' dir='ltr'><strong>cogitationes</strong></span> <span class='ocrx_word' id='word_1_30' title='bbox 863 811 1174 878; x_wconf 88' lang='lat' dir='ltr'><strong>hominum,</strong></span> <span class='ocrx_word' id='word_1_31' title='bbox 1221 810 1470 882; x_wconf 89' lang='lat' dir='ltr'><strong>quoniam</strong></span> <span class='ocrx_word' id='word_1_32' title='bbox 1510 824 1661 862; x_wconf 72' lang='lat' dir='ltr'><strong>vana:</strong></span> <span class='ocrx_word' id='word_1_33' title='bbox 1713 817 1837 864; x_wconf 90' lang='lat' dir='ltr'><strong>sunt</strong></span> 
     </span>
    </p>
   </div>
   <div class='ocr_carea' id='block_1_6' title="bbox 250 900 1835 982">
    <p class='ocr_par' dir='ltr' id='par_1_6' title="bbox 250 900 1835 982">
     <span class='ocr_line' id='line_1_6' title="bbox 250 900 1835 982; baseline -0.006 -17"><span class='ocrx_word' id='word_1_34' title='bbox 250 908 429 982; x_wconf 82' lang='lat' dir='ltr'><strong>(Psal.</strong></span> <span class='ocrx_word' id='word_1_35' title='bbox 478 921 636 974; x_wconf 77' lang='lat' dir='ltr'><strong>xcut,</strong></span> <span class='ocrx_word' id='word_1_36' title='bbox 669 907 729 962; x_wconf 78' lang='lat' dir='ltr'><strong>Ii</strong></span> <span class='ocrx_word' id='word_1_37' title='bbox 761 907 820 976; x_wconf 95' lang='lat'><strong>),</strong></span> <span class='ocrx_word' id='word_1_38' title='bbox 853 905 897 960; x_wconf 87' lang='lat' dir='ltr'><strong>si</strong></span> <span class='ocrx_word' id='word_1_39' title='bbox 926 903 1200 959; x_wconf 92' lang='lat' dir='ltr'><strong>hominum</strong></span> <span class='ocrx_word' id='word_1_40' title='bbox 1247 910 1392 969; x_wconf 89' lang='lat' dir='ltr'><strong>sunt,</strong></span> <span class='ocrx_word' id='word_1_41' title='bbox 1421 909 1474 957; x_wconf 90' lang='lat' dir='ltr'><strong>et</strong></span> <span class='ocrx_word' id='word_1_42' title='bbox 1503 901 1569 956; x_wconf 87' lang='lat' dir='ltr'><strong>ab</strong></span> <span class='ocrx_word' id='word_1_43' title='bbox 1599 900 1688 955; x_wconf 90' lang='lat' dir='ltr'><strong>illo</strong></span> <span class='ocrx_word' id='word_1_44' title='bbox 1729 914 1835 956; x_wconf 87' lang='lat' dir='ltr'><strong>non</strong></span> 
     </span>
    </p>
   </div>
   <div class='ocr_carea' id='block_1_7' title="bbox 249 989 1836 1075">
    <p class='ocr_par' dir='ltr' id='par_1_7' title="bbox 249 989 1836 1075">
     <span class='ocr_line' id='line_1_7' title="bbox 249 989 1836 1075; baseline -0.006 -21"><span class='ocrx_word' id='word_1_45' title='bbox 249 1008 378 1055; x_wconf 86' lang='lat' dir='ltr'><strong>sunt.</strong></span> <span class='ocrx_word' id='word_1_46' title='bbox 402 996 474 1052; x_wconf 86' lang='lat' dir='ltr'><strong>Et</strong></span> <span class='ocrx_word' id='word_1_47' title='bbox 505 1013 803 1070; x_wconf 65' lang='lat' dir='ltr'><strong>praeparans</strong></span> <span class='ocrx_word' id='word_1_48' title='bbox 825 1037 841 1061; x_wconf 93' lang='lat'><strong>,</strong></span> <span class='ocrx_word' id='word_1_49' title='bbox 873 995 1074 1075; x_wconf 54' lang='lat' dir='ltr'><strong>imit,</strong></span> <span class='ocrx_word' id='word_1_50' title='bbox 1105 993 1482 1048; x_wconf 84' lang='lat' dir='ltr'><strong>adinventioncs</strong></span> <span class='ocrx_word' id='word_1_51' title='bbox 1522 1007 1660 1045; x_wconf 86' lang='lat' dir='ltr'><strong>suas.</strong></span> <span class='ocrx_word' id='word_1_52' title='bbox 1692 989 1836 1058; x_wconf 87' lang='lat' dir='ltr'><strong>Quas</strong></span> 
     </span>
    </p>
   </div>
   <div class='ocr_carea' id='block_1_8' title="bbox 249 1083 1838 1159">
    <p class='ocr_par' dir='ltr' id='par_1_8' title="bbox 249 1083 1838 1159">
     <span class='ocr_line' id='line_1_8' title="bbox 249 1083 1838 1159; baseline -0.007 -13"><span class='ocrx_word' id='word_1_53' title='bbox 249 1091 646 1147; x_wconf 82' lang='lat' dir='ltr'><strong>sdinventiones</strong></span> <span class='ocrx_word' id='word_1_54' title='bbox 670 1097 954 1159; x_wconf 80' lang='lat' dir='ltr'><strong>putamus,</strong></span> <span class='ocrx_word' id='word_1_55' title='bbox 994 1087 1096 1142; x_wconf 84' lang='lat' dir='ltr'><strong>nisi</strong></span> <span class='ocrx_word' id='word_1_56' title='bbox 1152 1094 1214 1142; x_wconf 91' lang='lat' dir='ltr'><strong>ut</strong></span> <span class='ocrx_word' id='word_1_57' title='bbox 1256 1084 1470 1155; x_wconf 83' lang='lat' dir='ltr'><strong>superbi</strong></span> <span class='ocrx_word' id='word_1_58' title='bbox 1499 1083 1731 1147; x_wconf 82' lang='lat' dir='ltr'><strong>cadant,</strong></span> <span class='ocrx_word' id='word_1_59' title='bbox 1782 1089 1838 1137; x_wconf 90' lang='lat' dir='ltr'><strong>et</strong></span> 
     </span>
    </p>
   </div>
   <div class='ocr_carea' id='block_1_9' title="bbox 251 1172 1838 1254">
    <p class='ocr_par' dir='ltr' id='par_1_9' title="bbox 251 1172 1838 1254">
     <span class='ocr_line' id='line_1_9' title="bbox 251 1172 1838 1254; baseline -0.009 -14"><span class='ocrx_word' id='word_1_60' title='bbox 251 1183 468 1240; x_wconf 82' lang='lat' dir='ltr'><strong>humiles</strong></span> <span class='ocrx_word' id='word_1_61' title='bbox 488 1181 750 1254; x_wconf 84' lang='lat' dir='ltr'><strong>surgant?</strong></span> <span class='ocrx_word' id='word_1_62' title='bbox 793 1180 900 1236; x_wconf 80' lang='lat' dir='ltr'><strong>llas</strong></span> <span class='ocrx_word' id='word_1_63' title='bbox 927 1180 1122 1250; x_wconf 85' lang='lat' dir='ltr'><strong>quippe</strong></span> <span class='ocrx_word' id='word_1_64' title='bbox 1164 1176 1566 1233; x_wconf 88' lang='lat' dir='ltr'><strong>adinventiones</strong></span> <span class='ocrx_word' id='word_1_65' title='bbox 1593 1172 1838 1243; x_wconf 46' lang='lat' dir='ltr'><strong>exsequi;</strong></span> 
     </span>
    </p>
   </div>
   <div class='ocr_carea' id='block_1_10' title="bbox 249 1265 1837 1346">
    <p class='ocr_par' dir='ltr' id='par_1_10' title="bbox 249 1265 1837 1346">
     <span class='ocr_line' id='line_1_10' title="bbox 249 1265 1837 1346; baseline -0.009 -13"><span class='ocrx_word' id='word_1_66' title='bbox 249 1285 324 1333; x_wconf 90' lang='lat' dir='ltr'><strong>tur</strong></span> <span class='ocrx_word' id='word_1_67' title='bbox 345 1318 364 1343; x_wconf 97' lang='lat'><strong>,</strong></span> <span class='ocrx_word' id='word_1_68' title='bbox 392 1277 582 1332; x_wconf 86' lang='lat' dir='ltr'><strong>direns</strong></span> <span class='ocrx_word' id='word_1_69' title='bbox 601 1316 618 1342; x_wconf 94' lang='lat'><strong>,</strong></span> <span class='ocrx_word' id='word_1_70' title='bbox 639 1275 801 1330; x_wconf 81' lang='lat' dir='ltr'><strong>Arcus</strong></span> <span class='ocrx_word' id='word_1_71' title='bbox 820 1274 1095 1346; x_wconf 86' lang='lat' dir='ltr'><strong>potentium</strong></span> <span class='ocrx_word' id='word_1_72' title='bbox 1133 1272 1420 1342; x_wconf 86' lang='lat' dir='ltr'><strong>inﬁrmatus</strong></span> <span class='ocrx_word' id='word_1_73' title='bbox 1441 1278 1516 1324; x_wconf 88' lang='lat' dir='ltr'><strong>est</strong></span> <span class='ocrx_word' id='word_1_74' title='bbox 1533 1311 1549 1336; x_wconf 94' lang='lat'><strong>,</strong></span> <span class='ocrx_word' id='word_1_75' title='bbox 1580 1276 1628 1322; x_wconf 88' lang='lat' dir='ltr'><strong>et</strong></span> <span class='ocrx_word' id='word_1_76' title='bbox 1646 1265 1837 1336; x_wconf 86' lang='lat' dir='ltr'><strong>inﬁrmi</strong></span> 
     </span>
    </p>
   </div>
   <div class='ocr_carea' id='block_1_11' title="bbox 251 1357 1832 1439">
    <p class='ocr_par' dir='ltr' id='par_1_11' title="bbox 251 1357 1832 1439">
     <span class='ocr_line' id='line_1_11' title="bbox 251 1357 1832 1439; baseline -0.007 -16"><span class='ocrx_word' id='word_1_77' title='bbox 251 1367 504 1439; x_wconf 74' lang='lat' dir='ltr'><strong>prccincti</strong></span> <span class='ocrx_word' id='word_1_78' title='bbox 540 1374 658 1421; x_wconf 85' lang='lat' dir='ltr'><strong>sunt</strong></span> <span class='ocrx_word' id='word_1_79' title='bbox 695 1367 892 1422; x_wconf 85' lang='lat' dir='ltr'><strong>virtute.</strong></span> <span class='ocrx_word' id='word_1_80' title='bbox 938 1363 1241 1428; x_wconf 87' lang='lat' dir='ltr'><strong>lnﬁrmatus</strong></span> <span class='ocrx_word' id='word_1_81' title='bbox 1286 1371 1370 1418; x_wconf 86' lang='lat' dir='ltr'><strong>est</strong></span> <span class='ocrx_word' id='word_1_82' title='bbox 1394 1375 1582 1426; x_wconf 88' lang='lat' dir='ltr'><strong>arcus,</strong></span> <span class='ocrx_word' id='word_1_83' title='bbox 1634 1357 1687 1413; x_wconf 91' lang='lat' dir='ltr'><strong>id</strong></span> <span class='ocrx_word' id='word_1_84' title='bbox 1730 1366 1832 1424; x_wconf 88' lang='lat' dir='ltr'><strong>est,</strong></span> 
     </span>
    </p>
   </div>
   <div class='ocr_carea' id='block_1_12' title="bbox 249 1453 1836 1529">
    <p class='ocr_par' dir='ltr' id='par_1_12' title="bbox 249 1453 1836 1529">
     <span class='ocr_line' id='line_1_12' title="bbox 249 1453 1836 1529; baseline -0.006 -13"><span class='ocrx_word' id='word_1_85' title='bbox 249 1459 472 1516; x_wconf 87' lang='lat' dir='ltr'><strong>intentio</strong></span> <span class='ocrx_word' id='word_1_86' title='bbox 495 1473 683 1516; x_wconf 91' lang='lat' dir='ltr'><strong>eorum</strong></span> <span class='ocrx_word' id='word_1_87' title='bbox 711 1459 799 1529; x_wconf 90' lang='lat' dir='ltr'><strong>qui</strong></span> <span class='ocrx_word' id='word_1_88' title='bbox 827 1469 932 1513; x_wconf 91' lang='lat' dir='ltr'><strong>tam</strong></span> <span class='ocrx_word' id='word_1_89' title='bbox 952 1465 1196 1528; x_wconf 88' lang='lat' dir='ltr'><strong>potentes</strong></span> <span class='ocrx_word' id='word_1_90' title='bbox 1210 1456 1316 1512; x_wconf 89' lang='lat' dir='ltr'><strong>sibi</strong></span> <span class='ocrx_word' id='word_1_91' title='bbox 1337 1455 1604 1522; x_wconf 91' lang='lat' dir='ltr'><strong>videntur,</strong></span> <span class='ocrx_word' id='word_1_92' title='bbox 1637 1461 1693 1508; x_wconf 90' lang='lat' dir='ltr'><strong>ut</strong></span> <span class='ocrx_word' id='word_1_93' title='bbox 1721 1453 1836 1507; x_wconf 86' lang='lat' dir='ltr'><strong>sine</strong></span> 
     </span>
    </p>
   </div>
   <div class='ocr_carea' id='block_1_13' title="bbox 251 1544 1832 1622">
    <p class='ocr_par' dir='ltr' id='par_1_13' title="bbox 251 1544 1832 1622">
     <span class='ocr_line' id='line_1_13' title="bbox 251 1544 1832 1622; baseline -0.006 -13"><span class='ocrx_word' id='word_1_94' title='bbox 251 1553 332 1609; x_wconf 86' lang='lat' dir='ltr'><strong>Dei</strong></span> <span class='ocrx_word' id='word_1_95' title='bbox 357 1551 506 1608; x_wconf 89' lang='lat' dir='ltr'><strong>dono</strong></span> <span class='ocrx_word' id='word_1_96' title='bbox 532 1561 695 1622; x_wconf 85' lang='lat' dir='ltr'><strong>atque</strong></span> <span class='ocrx_word' id='word_1_97' title='bbox 719 1550 985 1622; x_wconf 88' lang='lat' dir='ltr'><strong>adjutorio</strong></span> <span class='ocrx_word' id='word_1_98' title='bbox 1031 1550 1262 1604; x_wconf 85' lang='lat' dir='ltr'><strong>humana</strong></span> <span class='ocrx_word' id='word_1_99' title='bbox 1307 1546 1626 1603; x_wconf 89' lang='lat' dir='ltr'><strong>sufﬁcientia</strong></span> <span class='ocrx_word' id='word_1_100' title='bbox 1655 1544 1832 1600; x_wconf 87' lang='lat' dir='ltr'><strong>divina</strong></span> 
     </span>
    </p>
   </div>
   <div class='ocr_carea' id='block_1_14' title="bbox 226 1642 1834 1718">
    <p class='ocr_par' dir='ltr' id='par_1_14' title="bbox 226 1642 1834 1718">
     <span class='ocr_line' id='line_1_14' title="bbox 226 1642 1834 1718; baseline -0.006 -15"><span class='ocrx_word' id='word_1_101' title='bbox 226 1647 448 1718; x_wconf 78' lang='lat' dir='ltr'><strong>possint</strong></span> <span class='ocrx_word' id='word_1_102' title='bbox 494 1646 721 1718; x_wconf 89' lang='lat' dir='ltr'><strong>implere</strong></span> <span class='ocrx_word' id='word_1_103' title='bbox 767 1645 1048 1710; x_wconf 87' lang='lat' dir='ltr'><strong>mandata;</strong></span> <span class='ocrx_word' id='word_1_104' title='bbox 1091 1653 1146 1702; x_wconf 88' lang='lat' dir='ltr'><strong>et</strong></span> <span class='ocrx_word' id='word_1_105' title='bbox 1183 1643 1578 1716; x_wconf 63' lang='lat' dir='ltr'><strong>pracinguntur</strong></span> <span class='ocrx_word' id='word_1_106' title='bbox 1606 1642 1834 1705; x_wconf 91' lang='lat' dir='ltr'><strong>virtute,</strong></span> 
     </span>
    </p>
   </div>
   <div class='ocr_carea' id='block_1_15' title="bbox 248 1733 1836 1810">
    <p class='ocr_par' dir='ltr' id='par_1_15' title="bbox 248 1733 1836 1810">
     <span class='ocr_line' id='line_1_15' title="bbox 248 1733 1836 1810; baseline -0.007 -15"><span class='ocrx_word' id='word_1_107' title='bbox 248 1754 467 1810; x_wconf 86' lang='lat' dir='ltr'><strong>quorum</strong></span> <span class='ocrx_word' id='word_1_108' title='bbox 498 1739 710 1794; x_wconf 87' lang='lat' dir='ltr'><strong>interna</strong></span> <span class='ocrx_word' id='word_1_109' title='bbox 739 1753 842 1794; x_wconf 79' lang='lat' dir='ltr'><strong>vox</strong></span> <span class='ocrx_word' id='word_1_110' title='bbox 879 1747 984 1805; x_wconf 86' lang='lat' dir='ltr'><strong>est,</strong></span> <span class='ocrx_word' id='word_1_111' title='bbox 1014 1736 1255 1793; x_wconf 74' lang='lat' dir='ltr'><strong>Miserere</strong></span> <span class='ocrx_word' id='word_1_112' title='bbox 1281 1735 1411 1802; x_wconf 89' lang='lat' dir='ltr'><strong>mei,</strong></span> <span class='ocrx_word' id='word_1_113' title='bbox 1442 1733 1676 1800; x_wconf 79' lang='lat' dir='ltr'><strong>Domine,</strong></span> <span class='ocrx_word' id='word_1_114' title='bbox 1709 1747 1836 1803; x_wconf 80' lang='lat' dir='ltr'><strong>quo-</strong></span> 
     </span>
    </p>
   </div>
   <div class='ocr_carea' id='block_1_16' title="bbox 233 1829 1189 1904">
    <p class='ocr_par' dir='ltr' id='par_1_16' title="bbox 233 1829 1189 1904">
     <span class='ocr_line' id='line_1_16' title="bbox 233 1829 1189 1904; baseline -0.002 -16"><span class='ocrx_word' id='word_1_115' title='bbox 233 1833 376 1888; x_wconf 74' lang='lat' dir='ltr'><strong>uiam</strong></span> <span class='ocrx_word' id='word_1_116' title='bbox 401 1832 641 1902; x_wconf 79' lang='lat' dir='ltr'><strong>inﬁrmus</strong></span> <span class='ocrx_word' id='word_1_117' title='bbox 665 1849 780 1887; x_wconf 79' lang='lat' dir='ltr'><strong>sunt</strong></span> <span class='ocrx_word' id='word_1_118' title='bbox 804 1829 975 1904; x_wconf 83' lang='lat' dir='ltr'><strong>(Psal.</strong></span> <span class='ocrx_word' id='word_1_119' title='bbox 1004 1847 1077 1899; x_wconf 71' lang='grc' dir='ltr'>γι,</span> <span class='ocrx_word' id='word_1_120' title='bbox 1110 1829 1189 1901; x_wconf 75' lang='lat'><strong>3).</strong></span> 
     </span>
    </p>
   </div>
   <div class='ocr_carea' id='block_1_17' title="bbox 308 1919 1834 1997">
    <p class='ocr_par' dir='ltr' id='par_1_17' title="bbox 308 1919 1834 1997">
     <span class='ocr_line' id='line_1_17' title="bbox 308 1919 1834 1997; baseline -0.008 -14"><span class='ocrx_word' id='word_1_121' title='bbox 308 1927 362 1983; x_wconf 77' lang='grc' dir='ltr'>ι.</span> <span class='ocrx_word' id='word_1_122' title='bbox 407 1926 563 1982; x_wconf 83' lang='lat' dir='ltr'><strong>Pleni</strong></span> <span class='ocrx_word' id='word_1_123' title='bbox 586 1927 821 1997; x_wconf 86' lang='lat' dir='ltr'><strong>panibus,</strong></span> <span class='ocrx_word' id='word_1_124' title='bbox 852 1925 1040 1996; x_wconf 87' lang='lat' dir='ltr'><strong>inquit,</strong></span> <span class='ocrx_word' id='word_1_125' title='bbox 1091 1921 1330 1978; x_wconf 84' lang='lat' dir='ltr'><strong>minorati</strong></span> <span class='ocrx_word' id='word_1_126' title='bbox 1367 1931 1505 1988; x_wconf 90' lang='lat' dir='ltr'><strong>sunt,</strong></span> <span class='ocrx_word' id='word_1_127' title='bbox 1534 1931 1582 1976; x_wconf 90' lang='lat' dir='ltr'><strong>et</strong></span> <span class='ocrx_word' id='word_1_128' title='bbox 1609 1919 1834 1976; x_wconf 85' lang='lat' dir='ltr'><strong>esurien-</strong></span> 
     </span>
    </p>
   </div>
   <div class='ocr_carea' id='block_1_18' title="bbox 251 2011 1835 2085">
    <p class='ocr_par' dir='ltr' id='par_1_18' title="bbox 251 2011 1835 2085">
     <span class='ocr_line' id='line_1_18' title="bbox 251 2011 1835 2085; baseline -0.004 -12"><span class='ocrx_word' id='word_1_129' title='bbox 251 2028 312 2073; x_wconf 85' lang='lat' dir='ltr'><strong>tes</strong></span> <span class='ocrx_word' id='word_1_130' title='bbox 348 2019 663 2073; x_wconf 82' lang='lat' dir='ltr'><strong>transierunt</strong></span> <span class='ocrx_word' id='word_1_131' title='bbox 729 2027 934 2072; x_wconf 85' lang='lat' dir='ltr'><strong>terram.</strong></span> <span class='ocrx_word' id='word_1_132' title='bbox 987 2016 1089 2085; x_wconf 85' lang='lat' dir='ltr'><strong>Qui</strong></span> <span class='ocrx_word' id='word_1_133' title='bbox 1131 2023 1259 2070; x_wconf 83' lang='lat' dir='ltr'><strong>sunt</strong></span> <span class='ocrx_word' id='word_1_134' title='bbox 1318 2012 1646 2084; x_wconf 77' lang='lat' dir='ltr'><strong>intelligendi</strong></span> <span class='ocrx_word' id='word_1_135' title='bbox 1693 2011 1835 2082; x_wconf 85' lang='lat' dir='ltr'><strong>pleni</strong></span> 
     </span>
    </p>
   </div>
   <div class='ocr_carea' id='block_1_19' title="bbox 255 2101 1834 2180">
    <p class='ocr_par' dir='ltr' id='par_1_19' title="bbox 255 2101 1834 2180">
     <span class='ocr_line' id='line_1_19' title="bbox 255 2101 1834 2180; baseline -0.006 -14"><span class='ocrx_word' id='word_1_136' title='bbox 255 2109 494 2180; x_wconf 84' lang='lat' dir='ltr'><strong>panibus.</strong></span> <span class='ocrx_word' id='word_1_137' title='bbox 528 2109 632 2164; x_wconf 87' lang='lat' dir='ltr'><strong>nisi</strong></span> <span class='ocrx_word' id='word_1_138' title='bbox 661 2109 820 2164; x_wconf 89' lang='lat' dir='ltr'><strong>iidem</strong></span> <span class='ocrx_word' id='word_1_139' title='bbox 853 2107 954 2180; x_wconf 85' lang='lat' dir='ltr'><strong>ipsi</strong></span> <span class='ocrx_word' id='word_1_140' title='bbox 982 2107 1134 2179; x_wconf 91' lang='lat' dir='ltr'><strong>quasi</strong></span> <span class='ocrx_word' id='word_1_141' title='bbox 1166 2115 1430 2178; x_wconf 87' lang='lat' dir='ltr'><strong>potentes.</strong></span> <span class='ocrx_word' id='word_1_142' title='bbox 1480 2103 1532 2158; x_wconf 90' lang='lat' dir='ltr'><strong>id</strong></span> <span class='ocrx_word' id='word_1_143' title='bbox 1559 2111 1642 2159; x_wconf 92' lang='lat' dir='ltr'><strong>est</strong></span> <span class='ocrx_word' id='word_1_144' title='bbox 1664 2101 1834 2157; x_wconf 82' lang='lat' dir='ltr'><strong>Israe-</strong></span> 
     </span>
    </p>
   </div>
   <div class='ocr_carea' id='block_1_20' title="bbox 250 2191 1838 2274">
    <p class='ocr_par' dir='ltr' id='par_1_20' title="bbox 250 2191 1838 2274">
     <span class='ocr_line' id='line_1_20' title="bbox 250 2191 1838 2274; baseline -0.008 -15"><span class='ocrx_word' id='word_1_145' title='bbox 250 2203 347 2258; x_wconf 69' lang='lat' dir='ltr'><strong>litae</strong></span> <span class='ocrx_word' id='word_1_146' title='bbox 369 2243 388 2271; x_wconf 95' lang='lat'><strong>,</strong></span> <span class='ocrx_word' id='word_1_147' title='bbox 421 2202 616 2274; x_wconf 88' lang='lat' dir='ltr'><strong>quibus</strong></span> <span class='ocrx_word' id='word_1_148' title='bbox 659 2201 858 2258; x_wconf 84' lang='lat' dir='ltr'><strong>credita</strong></span> <span class='ocrx_word' id='word_1_149' title='bbox 884 2210 1010 2256; x_wconf 88' lang='lat' dir='ltr'><strong>sunt</strong></span> <span class='ocrx_word' id='word_1_150' title='bbox 1035 2200 1243 2270; x_wconf 87' lang='lat' dir='ltr'><strong>eloquia</strong></span> <span class='ocrx_word' id='word_1_151' title='bbox 1271 2197 1366 2253; x_wconf 90' lang='lat' dir='ltr'><strong>Dei</strong></span> <span class='ocrx_word' id='word_1_152' title='bbox 1397 2196 1570 2268; x_wconf 85' lang='lat' dir='ltr'><strong>(Rom.</strong></span> <span class='ocrx_word' id='word_1_153' title='bbox 1599 2210 1674 2260; x_wconf 89' lang='lat' dir='ltr'><strong>ut,</strong></span> <span class='ocrx_word' id='word_1_154' title='bbox 1700 2194 1737 2248; x_wconf 74' lang='lat'><strong>2</strong></span> <span class='ocrx_word' id='word_1_155' title='bbox 1765 2191 1786 2266; x_wconf 91' lang='lat'><strong>)</strong></span> <span class='ocrx_word' id='word_1_156' title='bbox 1812 2192 1838 2247; x_wconf 69' lang='grc' dir='ltr'><em>ἳ</em></span> 
     </span>
    </p>
   </div>
   <div class='ocr_carea' id='block_1_21' title="bbox 255 2282 1838 2358">
    <p class='ocr_par' dir='ltr' id='par_1_21' title="bbox 255 2282 1838 2358">
     <span class='ocr_line' id='line_1_21' title="bbox 255 2282 1838 2358; baseline -0.008 -15"><span class='ocrx_word' id='word_1_157' title='bbox 255 2288 351 2344; x_wconf 84' lang='lat' dir='ltr'><strong>Sed</strong></span> <span class='ocrx_word' id='word_1_158' title='bbox 404 2287 462 2342; x_wconf 90' lang='lat' dir='ltr'><strong>in</strong></span> <span class='ocrx_word' id='word_1_159' title='bbox 506 2301 573 2342; x_wconf 87' lang='lat' dir='ltr'><strong>eo</strong></span> <span class='ocrx_word' id='word_1_160' title='bbox 617 2287 814 2358; x_wconf 91' lang='lat' dir='ltr'><strong>populo</strong></span> <span class='ocrx_word' id='word_1_161' title='bbox 856 2285 1065 2342; x_wconf 83' lang='lat' dir='ltr'><strong>ancillae</strong></span> <span class='ocrx_word' id='word_1_162' title='bbox 1111 2284 1206 2338; x_wconf 83' lang='lat' dir='ltr'><strong>lilii</strong></span> <span class='ocrx_word' id='word_1_163' title='bbox 1251 2282 1501 2339; x_wconf 89' lang='lat' dir='ltr'><strong>minorati</strong></span> <span class='ocrx_word' id='word_1_164' title='bbox 1543 2287 1698 2334; x_wconf 89' lang='lat' dir='ltr'><strong>sunt:</strong></span> <span class='ocrx_word' id='word_1_165' title='bbox 1730 2291 1838 2348; x_wconf 91' lang='lat' dir='ltr'><strong>quo</strong></span> 
     </span>
    </p>
   </div>
   <div class='ocr_carea' id='block_1_22' title="bbox 252 2376 1837 2450">
    <p class='ocr_par' dir='ltr' id='par_1_22' title="bbox 252 2376 1837 2450">
     <span class='ocr_line' id='line_1_22' title="bbox 252 2376 1837 2450; baseline -0.006 -18"><span class='ocrx_word' id='word_1_166' title='bbox 252 2378 413 2435; x_wconf 88' lang='lat' dir='ltr'><strong>verbo</strong></span> <span class='ocrx_word' id='word_1_167' title='bbox 442 2378 622 2434; x_wconf 89' lang='lat' dir='ltr'><strong>minus</strong></span> <span class='ocrx_word' id='word_1_168' title='bbox 663 2377 877 2450; x_wconf 92' lang='lat' dir='ltr'><strong>quidem</strong></span> <span class='ocrx_word' id='word_1_169' title='bbox 903 2377 1067 2433; x_wconf 90' lang='lat' dir='ltr'><strong>latino</strong></span> <span class='ocrx_word' id='word_1_170' title='bbox 1091 2419 1106 2443; x_wconf 93' lang='lat'><strong>,</strong></span> <span class='ocrx_word' id='word_1_171' title='bbox 1138 2376 1275 2431; x_wconf 88' lang='lat' dir='ltr'><strong>bene</strong></span> <span class='ocrx_word' id='word_1_172' title='bbox 1300 2383 1478 2430; x_wconf 89' lang='lat' dir='ltr'><strong>tamen</strong></span> <span class='ocrx_word' id='word_1_173' title='bbox 1523 2383 1837 2442; x_wconf 82' lang='lat' dir='ltr'><strong>expressum</strong></span> 
     </span>
    </p>
   </div>
   <div class='ocr_carea' id='block_1_23' title="bbox 254 2462 1838 2541">
    <p class='ocr_par' dir='ltr' id='par_1_23' title="bbox 254 2462 1838 2541">
     <span class='ocr_line' id='line_1_23' title="bbox 254 2462 1838 2541; baseline -0.006 -16"><span class='ocrx_word' id='word_1_174' title='bbox 254 2479 327 2526; x_wconf 87' lang='lat' dir='ltr'><strong>est</strong></span> <span class='ocrx_word' id='word_1_175' title='bbox 347 2513 364 2537; x_wconf 88' lang='lat'><strong>,</strong></span> <span class='ocrx_word' id='word_1_176' title='bbox 387 2469 536 2541; x_wconf 88' lang='lat' dir='ltr'><strong>quod</strong></span> <span class='ocrx_word' id='word_1_177' title='bbox 585 2485 650 2525; x_wconf 84' lang='lat' dir='ltr'><strong>es</strong></span> <span class='ocrx_word' id='word_1_178' title='bbox 696 2469 989 2539; x_wconf 87' lang='lat' dir='ltr'><strong>majoribus</strong></span> <span class='ocrx_word' id='word_1_179' title='bbox 1019 2468 1253 2524; x_wconf 83' lang='lat' dir='ltr'><strong>minores</strong></span> <span class='ocrx_word' id='word_1_180' title='bbox 1279 2466 1404 2522; x_wconf 89' lang='lat' dir='ltr'><strong>facti</strong></span> <span class='ocrx_word' id='word_1_181' title='bbox 1432 2473 1556 2520; x_wconf 90' lang='lat' dir='ltr'><strong>sunt</strong></span> <span class='ocrx_word' id='word_1_182' title='bbox 1590 2481 1604 2518; x_wconf 94' lang='lat'><strong>:</strong></span> <span class='ocrx_word' id='word_1_183' title='bbox 1634 2462 1755 2534; x_wconf 86' lang='lat' dir='ltr'><strong>quia</strong></span> <span class='ocrx_word' id='word_1_184' title='bbox 1783 2469 1838 2517; x_wconf 89' lang='lat' dir='ltr'><strong>et</strong></span> 
     </span>
    </p>
   </div>
   <div class='ocr_carea' id='block_1_24' title="bbox 254 2558 1839 2635">
    <p class='ocr_par' dir='ltr' id='par_1_24' title="bbox 254 2558 1839 2635">
     <span class='ocr_line' id='line_1_24' title="bbox 254 2558 1839 2635; baseline -0.003 -16"><span class='ocrx_word' id='word_1_185' title='bbox 254 2563 298 2619; x_wconf 92' lang='lat' dir='ltr'><strong>in</strong></span> <span class='ocrx_word' id='word_1_186' title='bbox 321 2563 454 2635; x_wconf 81' lang='lat' dir='ltr'><strong>ipsis</strong></span> <span class='ocrx_word' id='word_1_187' title='bbox 482 2563 727 2635; x_wconf 86' lang='lat' dir='ltr'><strong>panibus,</strong></span> <span class='ocrx_word' id='word_1_188' title='bbox 773 2565 824 2619; x_wconf 92' lang='lat' dir='ltr'><strong>id</strong></span> <span class='ocrx_word' id='word_1_189' title='bbox 850 2572 933 2619; x_wconf 89' lang='lat' dir='ltr'><strong>est</strong></span> <span class='ocrx_word' id='word_1_190' title='bbox 957 2562 1150 2619; x_wconf 84' lang='lat' dir='ltr'><strong>divinis</strong></span> <span class='ocrx_word' id='word_1_191' title='bbox 1172 2562 1418 2634; x_wconf 84' lang='lat' dir='ltr'><strong>eloquiis,</strong></span> <span class='ocrx_word' id='word_1_192' title='bbox 1445 2577 1564 2632; x_wconf 68' lang='lat' dir='ltr'><strong>qua:</strong></span> <span class='ocrx_word' id='word_1_193' title='bbox 1586 2558 1839 2615; x_wconf 70' lang='lat' dir='ltr'><strong>Israelitte</strong></span> 
     </span>
    </p>
   </div>
   <div class='ocr_carea' id='block_1_25' title="bbox 253 2653 1838 2724">
    <p class='ocr_par' dir='ltr' id='par_1_25' title="bbox 253 2653 1838 2724">
     <span class='ocr_line' id='line_1_25' title="bbox 253 2653 1838 2724; baseline -0.001 -16"><span class='ocrx_word' id='word_1_194' title='bbox 253 2653 345 2708; x_wconf 91' lang='lat' dir='ltr'><strong>soli</strong></span> <span class='ocrx_word' id='word_1_195' title='bbox 376 2663 510 2710; x_wconf 91' lang='lat' dir='ltr'><strong>tunc</strong></span> <span class='ocrx_word' id='word_1_196' title='bbox 539 2669 608 2710; x_wconf 78' lang='lat' dir='ltr'><strong>ex</strong></span> <span class='ocrx_word' id='word_1_197' title='bbox 647 2655 898 2709; x_wconf 88' lang='lat' dir='ltr'><strong>omnibus</strong></span> <span class='ocrx_word' id='word_1_198' title='bbox 933 2653 1182 2724; x_wconf 85' lang='lat' dir='ltr'><strong>gentibus</strong></span> <span class='ocrx_word' id='word_1_199' title='bbox 1225 2660 1579 2723; x_wconf 85' lang='lat' dir='ltr'><strong>acceperunt,</strong></span> <span class='ocrx_word' id='word_1_200' title='bbox 1625 2660 1838 2706; x_wconf 90' lang='lat' dir='ltr'><strong>terrena</strong></span> 
     </span>
    </p>
   </div>
   <div class='ocr_carea' id='block_1_26' title="bbox 253 2745 1836 2820">
    <p class='ocr_par' dir='ltr' id='par_1_26' title="bbox 253 2745 1836 2820">
     <span class='ocr_line' id='line_1_26' title="bbox 253 2745 1836 2820; baseline -0.003 -17"><span class='ocrx_word' id='word_1_201' title='bbox 253 2751 481 2820; x_wconf 88' lang='lat' dir='ltr'><strong>sapiunt.</strong></span> <span class='ocrx_word' id='word_1_202' title='bbox 513 2751 712 2806; x_wconf 87' lang='lat' dir='ltr'><strong>Gentes</strong></span> <span class='ocrx_word' id='word_1_203' title='bbox 737 2761 913 2806; x_wconf 89' lang='lat' dir='ltr'><strong>autem</strong></span> <span class='ocrx_word' id='word_1_204' title='bbox 953 2749 1144 2820; x_wconf 87' lang='lat' dir='ltr'><strong>quibus</strong></span> <span class='ocrx_word' id='word_1_205' title='bbox 1175 2749 1259 2805; x_wconf 77' lang='lat' dir='ltr'><strong>lex</strong></span> <span class='ocrx_word' id='word_1_206' title='bbox 1299 2749 1388 2803; x_wconf 90' lang='lat' dir='ltr'><strong>illa</strong></span> <span class='ocrx_word' id='word_1_207' title='bbox 1419 2763 1523 2804; x_wconf 91' lang='lat' dir='ltr'><strong>non</strong></span> <span class='ocrx_word' id='word_1_208' title='bbox 1551 2754 1670 2804; x_wconf 86' lang='lat' dir='ltr'><strong>erat</strong></span> <span class='ocrx_word' id='word_1_209' title='bbox 1692 2745 1836 2810; x_wconf 87' lang='lat' dir='ltr'><strong>data,</strong></span> 
     </span>
    </p>
   </div>
   <div class='ocr_carea' id='block_1_27' title="bbox 254 2837 1838 2915">
    <p class='ocr_par' dir='ltr' id='par_1_27' title="bbox 254 2837 1838 2915">
     <span class='ocr_line' id='line_1_27' title="bbox 254 2837 1838 2915; baseline -0.004 -15"><span class='ocrx_word' id='word_1_210' title='bbox 254 2853 596 2915; x_wconf 83' lang='lat' dir='ltr'><strong>posteaquam</strong></span> <span class='ocrx_word' id='word_1_211' title='bbox 659 2859 754 2915; x_wconf 91' lang='lat' dir='ltr'><strong>per</strong></span> <span class='ocrx_word' id='word_1_212' title='bbox 797 2859 992 2898; x_wconf 84' lang='lat' dir='ltr'><strong>novum</strong></span> <span class='ocrx_word' id='word_1_213' title='bbox 1052 2841 1455 2898; x_wconf 84' lang='lat' dir='ltr'><strong>Testamentum</strong></span> <span class='ocrx_word' id='word_1_214' title='bbox 1498 2840 1567 2896; x_wconf 90' lang='lat' dir='ltr'><strong>ad</strong></span> <span class='ocrx_word' id='word_1_215' title='bbox 1627 2837 1838 2909; x_wconf 89' lang='lat' dir='ltr'><strong>eloquia</strong></span> 
     </span>
    </p>
   </div>
   <div class='ocr_carea' id='block_1_28' title="bbox 253 2933 1838 3004">
    <p class='ocr_par' dir='ltr' id='par_1_28' title="bbox 253 2933 1838 3004">
     <span class='ocr_line' id='line_1_28' title="bbox 253 2933 1838 3004; baseline -0.006 -11"><span class='ocrx_word' id='word_1_216' title='bbox 253 2937 334 2994; x_wconf 90' lang='lat' dir='ltr'><strong>illa</strong></span> <span class='ocrx_word' id='word_1_217' title='bbox 362 2945 648 3004; x_wconf 83' lang='lat' dir='ltr'><strong>venerunt,</strong></span> <span class='ocrx_word' id='word_1_218' title='bbox 693 2937 915 2992; x_wconf 88' lang='lat' dir='ltr'><strong>multum</strong></span> <span class='ocrx_word' id='word_1_219' title='bbox 954 2935 1240 2992; x_wconf 86' lang='lat' dir='ltr'><strong>esuriendo</strong></span> <span class='ocrx_word' id='word_1_220' title='bbox 1267 2944 1462 2991; x_wconf 86' lang='lat' dir='ltr'><strong>terram</strong></span> <span class='ocrx_word' id='word_1_221' title='bbox 1489 2933 1838 2997; x_wconf 84' lang='lat' dir='ltr'><strong>transierunt;</strong></span> 
     </span>
    </p>
   </div>
   <div class='ocr_carea' id='block_1_29' title="bbox 254 3022 1841 3099">
    <p class='ocr_par' dir='ltr' id='par_1_29' title="bbox 254 3022 1841 3099">
     <span class='ocr_line' id='line_1_29' title="bbox 254 3022 1841 3099; baseline -0.004 -14"><span class='ocrx_word' id='word_1_222' title='bbox 254 3030 366 3099; x_wconf 89' lang='lat' dir='ltr'><strong>quia</strong></span> <span class='ocrx_word' id='word_1_223' title='bbox 398 3031 456 3087; x_wconf 86' lang='lat' dir='ltr'><strong>in</strong></span> <span class='ocrx_word' id='word_1_224' title='bbox 480 3031 562 3086; x_wconf 90' lang='lat' dir='ltr'><strong>eis</strong></span> <span class='ocrx_word' id='word_1_225' title='bbox 605 3045 710 3086; x_wconf 91' lang='lat' dir='ltr'><strong>non</strong></span> <span class='ocrx_word' id='word_1_226' title='bbox 741 3039 950 3086; x_wconf 89' lang='lat' dir='ltr'><strong>terrena</strong></span> <span class='ocrx_word' id='word_1_227' title='bbox 971 3071 987 3096; x_wconf 92' lang='lat'><strong>,</strong></span> <span class='ocrx_word' id='word_1_228' title='bbox 1025 3027 1119 3084; x_wconf 87' lang='lat' dir='ltr'><strong>sed</strong></span> <span class='ocrx_word' id='word_1_229' title='bbox 1144 3028 1381 3085; x_wconf 73' lang='lat' dir='ltr'><strong>cmlestia</strong></span> <span class='ocrx_word' id='word_1_230' title='bbox 1429 3033 1738 3096; x_wconf 87' lang='lat' dir='ltr'><strong>sapnerunt.</strong></span> <span class='ocrx_word' id='word_1_231' title='bbox 1772 3022 1841 3079; x_wconf 85' lang='lat' dir='ltr'><strong>Et</strong></span> 
     </span>
    </p>
   </div>
   <div class='ocr_carea' id='block_1_30' title="bbox 255 3117 1841 3194">
    <p class='ocr_par' dir='ltr' id='par_1_30' title="bbox 255 3117 1841 3194">
     <span class='ocr_line' id='line_1_30' title="bbox 255 3117 1841 3194; baseline -0.004 -16"><span class='ocrx_word' id='word_1_232' title='bbox 255 3120 377 3190; x_wconf 87' lang='lat' dir='ltr'><strong>hoc,</strong></span> <span class='ocrx_word' id='word_1_233' title='bbox 425 3123 577 3180; x_wconf 91' lang='lat' dir='ltr'><strong>velut</strong></span> <span class='ocrx_word' id='word_1_234' title='bbox 620 3133 954 3194; x_wconf 64' lang='lat' dir='ltr'><strong>quaereretur</strong></span> <span class='ocrx_word' id='word_1_235' title='bbox 984 3139 1143 3179; x_wconf 89' lang='lat' dir='ltr'><strong>causa</strong></span> <span class='ocrx_word' id='word_1_236' title='bbox 1189 3138 1286 3178; x_wconf 94' lang='lat' dir='ltr'><strong>cur</strong></span> <span class='ocrx_word' id='word_1_237' title='bbox 1325 3121 1522 3176; x_wconf 86' lang='lat' dir='ltr'><strong>factum</strong></span> <span class='ocrx_word' id='word_1_238' title='bbox 1559 3119 1661 3184; x_wconf 87' lang='lat' dir='ltr'><strong>sit,</strong></span> <span class='ocrx_word' id='word_1_239' title='bbox 1707 3117 1841 3184; x_wconf 87' lang='lat' dir='ltr'><strong>Quia</strong></span> 
     </span>
    </p>
   </div>
   <div class='ocr_carea' id='block_1_31' title="bbox 254 3205 1838 3288">
    <p class='ocr_par' dir='ltr' id='par_1_31' title="bbox 254 3205 1838 3288">
     <span class='ocr_line' id='line_1_31' title="bbox 254 3205 1838 3288; baseline -0.004 -19"><span class='ocrx_word' id='word_1_240' title='bbox 254 3213 454 3281; x_wconf 76' lang='lat' dir='ltr'><strong>sterilis,</strong></span> <span class='ocrx_word' id='word_1_241' title='bbox 501 3215 695 3285; x_wconf 86' lang='lat' dir='ltr'><strong>inquit,</strong></span> <span class='ocrx_word' id='word_1_242' title='bbox 725 3216 917 3288; x_wconf 78' lang='lat' dir='ltr'><strong>peperit</strong></span> <span class='ocrx_word' id='word_1_243' title='bbox 939 3205 1146 3286; x_wconf 83' lang='lat' dir='ltr'><strong>septem,</strong></span> <span class='ocrx_word' id='word_1_244' title='bbox 1183 3224 1234 3271; x_wconf 82' lang='lat' dir='ltr'><strong>et</strong></span> <span class='ocrx_word' id='word_1_245' title='bbox 1269 3212 1432 3268; x_wconf 83' lang='lat' dir='ltr'><strong>multa</strong></span> <span class='ocrx_word' id='word_1_246' title='bbox 1456 3213 1511 3267; x_wconf 88' lang='lat' dir='ltr'><strong>in</strong></span> <span class='ocrx_word' id='word_1_247' title='bbox 1537 3211 1659 3282; x_wconf 87' lang='lat' dir='ltr'><strong>ﬁliis</strong></span> <span class='ocrx_word' id='word_1_248' title='bbox 1687 3209 1838 3277; x_wconf 87' lang='lat' dir='ltr'><strong>inﬁr-</strong></span> 
     </span>
    </p>
   </div>
   <div class='ocr_carea' id='block_1_32' title="bbox 253 3303 1839 3378">
    <p class='ocr_par' dir='ltr' id='par_1_32' title="bbox 253 3303 1839 3378">
     <span class='ocr_line' id='line_1_32' title="bbox 253 3303 1839 3378; baseline 0.003 -28"><span class='ocrx_word' id='word_1_249' title='bbox 253 3316 382 3360; x_wconf 71' lang='grc' dir='ltr'><strong>...ια</strong></span> <span class='ocrx_word' id='word_1_250' title='bbox 407 3314 502 3360; x_wconf 68' lang='grc' dir='ltr'>εει,</span> <span class='ocrx_word' id='word_1_251' title='bbox 549 3305 650 3362; x_wconf 77' lang='lat' dir='ltr'><strong>Hic</strong></span> <span class='ocrx_word' id='word_1_252' title='bbox 675 3314 846 3362; x_wconf 76' lang='lat' dir='ltr'><strong>totum</strong></span> <span class='ocrx_word' id='word_1_253' title='bbox 875 3307 1017 3378; x_wconf 85' lang='lat' dir='ltr'><strong>quod</strong></span> <span class='ocrx_word' id='word_1_254' title='bbox 1041 3303 1457 3377; x_wconf 78' lang='lat' dir='ltr'><strong>praphetabatur</strong></span> <span class='ocrx_word' id='word_1_255' title='bbox 1484 3303 1651 3359; x_wconf 76' lang='lat' dir='ltr'><strong>eluxit</strong></span> <span class='ocrx_word' id='word_1_256' title='bbox 1671 3315 1839 3372; x_wconf 87' lang='lat' dir='ltr'><strong>agno-</strong></span> 
     </span>
    </p>
   </div>
   <div class='ocr_carea' id='block_1_33' title="bbox 254 3395 1841 3469">
    <p class='ocr_par' dir='ltr' id='par_1_33' title="bbox 254 3395 1841 3469">
     <span class='ocr_line' id='line_1_33' title="bbox 254 3395 1841 3469; baseline -0.003 -16"><span class='ocrx_word' id='word_1_257' title='bbox 254 3396 524 3453; x_wconf 80' lang='lat' dir='ltr'><strong>scentibus</strong></span> <span class='ocrx_word' id='word_1_258' title='bbox 563 3410 845 3454; x_wconf 86' lang='lat' dir='ltr'><strong>numerum</strong></span> <span class='ocrx_word' id='word_1_259' title='bbox 875 3398 1234 3469; x_wconf 87' lang='lat' dir='ltr'><strong>septenarium</strong></span> <span class='ocrx_word' id='word_1_260' title='bbox 1257 3437 1274 3464; x_wconf 98' lang='lat'><strong>,</strong></span> <span class='ocrx_word' id='word_1_261' title='bbox 1316 3411 1424 3468; x_wconf 91' lang='lat' dir='ltr'><strong>quo</strong></span> <span class='ocrx_word' id='word_1_262' title='bbox 1452 3403 1536 3452; x_wconf 88' lang='lat' dir='ltr'><strong>est</strong></span> <span class='ocrx_word' id='word_1_263' title='bbox 1578 3395 1841 3450; x_wconf 70' lang='lat' dir='ltr'><strong>universa:</strong></span> 
     </span>
    </p>
   </div>
   <div class='ocr_carea' id='block_1_34' title="bbox 256 3484 1838 3560">
    <p class='ocr_par' dir='ltr' id='par_1_34' title="bbox 256 3484 1838 3560">
     <span class='ocr_line' id='line_1_34' title="bbox 256 3484 1838 3560; baseline -0.003 -16"><span class='ocrx_word' id='word_1_264' title='bbox 256 3486 510 3544; x_wconf 77' lang='lat' dir='ltr'><strong>Ecclesia:</strong></span> <span class='ocrx_word' id='word_1_265' title='bbox 550 3490 848 3559; x_wconf 87' lang='lat' dir='ltr'><strong>signiﬁcata</strong></span> <span class='ocrx_word' id='word_1_266' title='bbox 877 3489 1152 3560; x_wconf 88' lang='lat' dir='ltr'><strong>perfectio.</strong></span> <span class='ocrx_word' id='word_1_267' title='bbox 1182 3489 1404 3559; x_wconf 86' lang='lat' dir='ltr'><strong>Propter</strong></span> <span class='ocrx_word' id='word_1_268' title='bbox 1425 3487 1566 3558; x_wconf 89' lang='lat' dir='ltr'><strong>quod</strong></span> <span class='ocrx_word' id='word_1_269' title='bbox 1597 3495 1650 3542; x_wconf 92' lang='lat' dir='ltr'><strong>et</strong></span> <span class='ocrx_word' id='word_1_270' title='bbox 1672 3484 1838 3540; x_wconf 85' lang='lat' dir='ltr'><strong>Joan-</strong></span> 
     </span>
    </p>
   </div>
   <div class='ocr_carea' id='block_1_35' title="bbox 253 3576 1838 3652">
    <p class='ocr_par' dir='ltr' id='par_1_35' title="bbox 253 3576 1838 3652">
     <span class='ocr_line' id='line_1_35' title="bbox 253 3576 1838 3652; baseline -0.003 -18"><span class='ocrx_word' id='word_1_271' title='bbox 253 3592 342 3634; x_wconf 81' lang='lat' dir='ltr'><strong>nes</strong></span> <span class='ocrx_word' id='word_1_272' title='bbox 376 3581 658 3652; x_wconf 85' lang='lat' dir='ltr'><strong>apostolus</strong></span> <span class='ocrx_word' id='word_1_273' title='bbox 707 3580 775 3636; x_wconf 88' lang='lat' dir='ltr'><strong>ad</strong></span> <span class='ocrx_word' id='word_1_274' title='bbox 803 3590 1008 3652; x_wconf 85' lang='lat' dir='ltr'><strong>septem</strong></span> <span class='ocrx_word' id='word_1_275' title='bbox 1047 3581 1233 3638; x_wconf 89' lang='lat' dir='ltr'><strong>scribit</strong></span> <span class='ocrx_word' id='word_1_276' title='bbox 1271 3578 1540 3635; x_wconf 87' lang='lat' dir='ltr'><strong>Ecclesias</strong></span> <span class='ocrx_word' id='word_1_277' title='bbox 1583 3576 1764 3646; x_wconf 78' lang='lat' dir='ltr'><strong>(Apoc.</strong></span> <span class='ocrx_word' id='word_1_278' title='bbox 1798 3591 1838 3644; x_wconf 85' lang='grc' dir='ltr'><strong>ι,</strong></span> 
     </span>
    </p>
   </div>
   <div class='ocr_carea' id='block_1_36' title="bbox 252 3669 1838 3742">
    <p class='ocr_par' dir='ltr' id='par_1_36' title="bbox 252 3669 1838 3742">
     <span class='ocr_line' id='line_1_36' title="bbox 252 3669 1838 3742; baseline -0.006 -11"><span class='ocrx_word' id='word_1_279' title='bbox 252 3670 327 3742; x_wconf 75' lang='grc'><strong>4).</strong></span> <span class='ocrx_word' id='word_1_280' title='bbox 373 3688 444 3729; x_wconf 87' lang='lat' dir='ltr'><strong>eo</strong></span> <span class='ocrx_word' id='word_1_281' title='bbox 486 3673 650 3730; x_wconf 88' lang='lat' dir='ltr'><strong>modo</strong></span> <span class='ocrx_word' id='word_1_282' title='bbox 690 3689 752 3730; x_wconf 81' lang='lat' dir='ltr'><strong>se</strong></span> <span class='ocrx_word' id='word_1_283' title='bbox 795 3675 1084 3730; x_wconf 88' lang='lat' dir='ltr'><strong>ostendens</strong></span> <span class='ocrx_word' id='word_1_284' title='bbox 1123 3673 1192 3728; x_wconf 88' lang='lat' dir='ltr'><strong>ad</strong></span> <span class='ocrx_word' id='word_1_285' title='bbox 1246 3672 1403 3726; x_wconf 91' lang='lat' dir='ltr'><strong>unius</strong></span> <span class='ocrx_word' id='word_1_286' title='bbox 1455 3669 1838 3740; x_wconf 86' lang='lat' dir='ltr'><strong>plenitudinem</strong></span> 
     </span>
    </p>
   </div>
   <div class='ocr_carea' id='block_1_37' title="bbox 249 3764 1838 3832">
    <p class='ocr_par' dir='ltr' id='par_1_37' title="bbox 249 3764 1838 3832">
     <span class='ocr_line' id='line_1_37' title="bbox 249 3764 1838 3832; baseline -0.002 -12"><span class='ocrx_word' id='word_1_287' title='bbox 249 3764 511 3822; x_wconf 81' lang='lat' dir='ltr'><strong>scribere:</strong></span> <span class='ocrx_word' id='word_1_288' title='bbox 551 3774 608 3822; x_wconf 89' lang='lat' dir='ltr'><strong>et</strong></span> <span class='ocrx_word' id='word_1_289' title='bbox 637 3767 690 3820; x_wconf 91' lang='lat' dir='ltr'><strong>in</strong></span> <span class='ocrx_word' id='word_1_290' title='bbox 716 3765 1019 3825; x_wconf 83' lang='lat' dir='ltr'><strong>Proverbiis</strong></span> <span class='ocrx_word' id='word_1_291' title='bbox 1047 3765 1348 3822; x_wconf 88' lang='lat' dir='ltr'><strong>Salomonis</strong></span> <span class='ocrx_word' id='word_1_292' title='bbox 1377 3764 1478 3818; x_wconf 88' lang='lat' dir='ltr'><strong>hoc</strong></span> <span class='ocrx_word' id='word_1_293' title='bbox 1508 3771 1664 3818; x_wconf 83' lang='lat' dir='ltr'><strong>antea</strong></span> <span class='ocrx_word' id='word_1_294' title='bbox 1697 3777 1838 3832; x_wconf 79' lang='lat' dir='ltr'><strong>pra:-</strong></span> 
     </span>
    </p>
   </div>
   <div class='ocr_carea' id='block_1_38' title="bbox 251 3852 1838 3928">
    <p class='ocr_par' dir='ltr' id='par_1_38' title="bbox 251 3852 1838 3928">
     <span class='ocr_line' id='line_1_38' title="bbox 251 3852 1838 3928; baseline -0.003 -16"><span class='ocrx_word' id='word_1_295' title='bbox 251 3852 480 3925; x_wconf 78' lang='lat' dir='ltr'><strong>ﬁgurans</strong></span> <span class='ocrx_word' id='word_1_296' title='bbox 515 3855 787 3927; x_wconf 77' lang='lat' dir='ltr'><strong>Sapientia</strong></span> <span class='ocrx_word' id='word_1_297' title='bbox 808 3899 825 3925; x_wconf 95' lang='lat'><strong>,</strong></span> <span class='ocrx_word' id='word_1_298' title='bbox 854 3858 1123 3928; x_wconf 78' lang='lat' dir='ltr'><strong>adiﬁcavit</strong></span> <span class='ocrx_word' id='word_1_299' title='bbox 1149 3857 1244 3911; x_wconf 84' lang='lat' dir='ltr'><strong>sibi</strong></span> <span class='ocrx_word' id='word_1_300' title='bbox 1269 3857 1496 3923; x_wconf 87' lang='lat' dir='ltr'><strong>domum,</strong></span> <span class='ocrx_word' id='word_1_301' title='bbox 1528 3866 1574 3911; x_wconf 87' lang='lat' dir='ltr'><strong>et</strong></span> <span class='ocrx_word' id='word_1_302' title='bbox 1611 3853 1838 3922; x_wconf 74' lang='lat' dir='ltr'><strong>stt/fulsit</strong></span> 
     </span>
    </p>
   </div>
   <div class='ocr_carea' id='block_1_39' title="bbox 249 3946 1838 4020">
    <p class='ocr_par' dir='ltr' id='par_1_39' title="bbox 249 3946 1838 4020">
     <span class='ocr_line' id='line_1_39' title="bbox 249 3946 1838 4020; baseline 0 -20"><span class='ocrx_word' id='word_1_303' title='bbox 249 3946 511 4002; x_wconf 74' lang='lat' dir='ltr'><strong>columnas</strong></span> <span class='ocrx_word' id='word_1_304' title='bbox 543 3957 734 4019; x_wconf 80' lang='lat' dir='ltr'><strong>septem</strong></span> <span class='ocrx_word' id='word_1_305' title='bbox 760 3948 942 4019; x_wconf 88' lang='lat' dir='ltr'><strong>(Prov.</strong></span> <span class='ocrx_word' id='word_1_306' title='bbox 985 3962 1059 4016; x_wconf 75' lang='lat' dir='ltr'><strong>ts,</strong></span> <span class='ocrx_word' id='word_1_307' title='bbox 1091 3951 1170 4020; x_wconf 78' lang='lat' dir='ltr'><strong>t).</strong></span> <span class='ocrx_word' id='word_1_308' title='bbox 1219 3948 1429 4004; x_wconf 90' lang='lat' dir='ltr'><strong>Sterilis</strong></span> <span class='ocrx_word' id='word_1_309' title='bbox 1457 3948 1599 4002; x_wconf 90' lang='lat' dir='ltr'><strong>enim</strong></span> <span class='ocrx_word' id='word_1_310' title='bbox 1627 3955 1742 4002; x_wconf 88' lang='lat' dir='ltr'><strong>erat</strong></span> <span class='ocrx_word' id='word_1_311' title='bbox 1786 3947 1838 4000; x_wconf 92' lang='lat' dir='ltr'><strong>in</strong></span> 
     </span>
    </p>
   </div>
   <div class='ocr_carea' id='block_1_40' title="bbox 250 4038 1836 4110">
    <p class='ocr_par' dir='ltr' id='par_1_40' title="bbox 250 4038 1836 4110">
     <span class='ocr_line' id='line_1_40' title="bbox 250 4038 1836 4110; baseline 0 -19"><span class='ocrx_word' id='word_1_312' title='bbox 250 4038 499 4095; x_wconf 86' lang='lat' dir='ltr'><strong>omnibus</strong></span> <span class='ocrx_word' id='word_1_313' title='bbox 531 4039 780 4109; x_wconf 89' lang='lat' dir='ltr'><strong>gentibus</strong></span> <span class='ocrx_word' id='word_1_314' title='bbox 825 4040 917 4096; x_wconf 86' lang='lat' dir='ltr'><strong>Dei</strong></span> <span class='ocrx_word' id='word_1_315' title='bbox 948 4041 1136 4096; x_wconf 86' lang='lat' dir='ltr'><strong>civitas</strong></span> <span class='ocrx_word' id='word_1_316' title='bbox 1158 4081 1174 4107; x_wconf 90' lang='lat'><strong>,</strong></span> <span class='ocrx_word' id='word_1_317' title='bbox 1219 4049 1504 4110; x_wconf 88' lang='lat' dir='ltr'><strong>antequam</strong></span> <span class='ocrx_word' id='word_1_318' title='bbox 1535 4039 1636 4093; x_wconf 89' lang='lat' dir='ltr'><strong>iste</strong></span> <span class='ocrx_word' id='word_1_319' title='bbox 1663 4039 1799 4094; x_wconf 87' lang='lat' dir='ltr'><strong>fetus</strong></span> <span class='ocrx_word' id='word_1_320' title='bbox 1819 4078 1836 4105; x_wconf 94' lang='lat'><strong>,</strong></span> 
     </span>
    </p>
   </div>
   <div class='ocr_carea' id='block_1_41' title="bbox 248 4130 1841 4201">
    <p class='ocr_par' dir='ltr' id='par_1_41' title="bbox 248 4130 1841 4201">
     <span class='ocr_line' id='line_1_41' title="bbox 248 4130 1841 4201; baseline 0.003 -19"><span class='ocrx_word' id='word_1_321' title='bbox 248 4143 406 4197; x_wconf 87' lang='lat' dir='ltr'><strong>quem</strong></span> <span class='ocrx_word' id='word_1_322' title='bbox 458 4130 798 4200; x_wconf 73' lang='lat' dir='ltr'><strong>cernimus‘,</strong></span> <span class='ocrx_word' id='word_1_323' title='bbox 840 4133 1089 4188; x_wconf 88' lang='lat' dir='ltr'><strong>oriretur.</strong></span> <span class='ocrx_word' id='word_1_324' title='bbox 1136 4133 1418 4188; x_wconf 90' lang='lat' dir='ltr'><strong>Cernimus</strong></span> <span class='ocrx_word' id='word_1_325' title='bbox 1465 4133 1665 4199; x_wconf 89' lang='lat' dir='ltr'><strong>etiam,</strong></span> <span class='ocrx_word' id='word_1_326' title='bbox 1722 4146 1841 4201; x_wconf 73' lang='lat' dir='ltr'><strong>qua:</strong></span> 
     </span>
    </p>
   </div>
   <div class='ocr_carea' id='block_1_42' title="bbox 249 4222 1842 4291">
    <p class='ocr_par' dir='ltr' id='par_1_42' title="bbox 249 4222 1842 4291">
     <span class='ocr_line' id='line_1_42' title="bbox 249 4222 1842 4291; baseline 0.002 -17"><span class='ocrx_word' id='word_1_327' title='bbox 249 4222 412 4276; x_wconf 77' lang='lat' dir='ltr'><strong>multa</strong></span> <span class='ocrx_word' id='word_1_328' title='bbox 439 4224 496 4277; x_wconf 91' lang='lat' dir='ltr'><strong>in</strong></span> <span class='ocrx_word' id='word_1_329' title='bbox 544 4223 666 4278; x_wconf 82' lang='lat' dir='ltr'><strong>filiis</strong></span> <span class='ocrx_word' id='word_1_330' title='bbox 707 4233 846 4291; x_wconf 89' lang='lat' dir='ltr'><strong>erat,</strong></span> <span class='ocrx_word' id='word_1_331' title='bbox 894 4241 1034 4280; x_wconf 88' lang='lat' dir='ltr'><strong>nunc</strong></span> <span class='ocrx_word' id='word_1_332' title='bbox 1061 4226 1378 4284; x_wconf 82' lang='lat' dir='ltr'><strong>infirmatam</strong></span> <span class='ocrx_word' id='word_1_333' title='bbox 1409 4225 1707 4280; x_wconf 81' lang='lat' dir='ltr'><strong>Jerusalem</strong></span> <span class='ocrx_word' id='word_1_334' title='bbox 1738 4233 1842 4278; x_wconf 89' lang='lat' dir='ltr'><strong>ter-</strong></span> 
     </span>
    </p>
   </div>
   <div class='ocr_carea' id='block_1_43' title="bbox 249 4315 1838 4388">
    <p class='ocr_par' dir='ltr' id='par_1_43' title="bbox 249 4315 1838 4388">
     <span class='ocr_line' id='line_1_43' title="bbox 249 4315 1838 4388; baseline 0.001 -20"><span class='ocrx_word' id='word_1_335' title='bbox 249 4327 456 4369; x_wconf 87' lang='lat' dir='ltr'><strong>renam.</strong></span> <span class='ocrx_word' id='word_1_336' title='bbox 488 4315 753 4384; x_wconf 81' lang='lat' dir='ltr'><strong>Quoniam</strong></span> <span class='ocrx_word' id='word_1_337' title='bbox 781 4319 1106 4388; x_wconf 88' lang='lat' dir='ltr'><strong>quicumque</strong></span> <span class='ocrx_word' id='word_1_338' title='bbox 1150 4318 1237 4372; x_wconf 88' lang='lat' dir='ltr'><strong>lilii</strong></span> <span class='ocrx_word' id='word_1_339' title='bbox 1265 4318 1447 4373; x_wconf 79' lang='lat' dir='ltr'><strong>liberae</strong></span> <span class='ocrx_word' id='word_1_340' title='bbox 1469 4319 1522 4372; x_wconf 90' lang='lat' dir='ltr'><strong>in</strong></span> <span class='ocrx_word' id='word_1_341' title='bbox 1553 4333 1615 4374; x_wconf 89' lang='lat' dir='ltr'><strong>ea</strong></span> <span class='ocrx_word' id='word_1_342' title='bbox 1663 4325 1838 4383; x_wconf 90' lang='lat' dir='ltr'><strong>erant,</strong></span> 
     </span>
    </p>
   </div>
   <div class='ocr_carea' id='block_1_44' title="bbox 245 4405 1840 4482">
    <p class='ocr_par' dir='ltr' id='par_1_44' title="bbox 245 4405 1840 4482">
     <span class='ocr_line' id='line_1_44' title="bbox 245 4405 1840 4482; baseline 0.006 -26"><span class='ocrx_word' id='word_1_343' title='bbox 245 4405 413 4461; x_wconf 75' lang='lat' dir='ltr'><strong>virtus</strong></span> <span class='ocrx_word' id='word_1_344' title='bbox 437 4406 560 4476; x_wconf 89' lang='lat' dir='ltr'><strong>ejus</strong></span> <span class='ocrx_word' id='word_1_345' title='bbox 610 4416 798 4464; x_wconf 88' lang='lat' dir='ltr'><strong>erant:</strong></span> <span class='ocrx_word' id='word_1_346' title='bbox 843 4424 982 4464; x_wconf 91' lang='lat' dir='ltr'><strong>nunc</strong></span> <span class='ocrx_word' id='word_1_347' title='bbox 1004 4425 1129 4465; x_wconf 88' lang='lat' dir='ltr'><strong>vero</strong></span> <span class='ocrx_word' id='word_1_348' title='bbox 1151 4410 1221 4464; x_wconf 91' lang='lat' dir='ltr'><strong>ibi</strong></span> <span class='ocrx_word' id='word_1_349' title='bbox 1242 4411 1493 4482; x_wconf 84' lang='lat' dir='ltr'><strong>quoniam</strong></span> <span class='ocrx_word' id='word_1_350' title='bbox 1518 4411 1690 4466; x_wconf 89' lang='lat' dir='ltr'><strong>littera</strong></span> <span class='ocrx_word' id='word_1_351' title='bbox 1718 4419 1800 4466; x_wconf 89' lang='lat' dir='ltr'><strong>est</strong></span> <span class='ocrx_word' id='word_1_352' title='bbox 1822 4449 1840 4478; x_wconf 89' lang='lat'><strong>,</strong></span> 
     </span>
    </p>
   </div>
   <div class='ocr_carea' id='block_1_45' title="bbox 242 4499 1675 4570">
    <p class='ocr_par' dir='ltr' id='par_1_45' title="bbox 242 4499 1675 4570">
     <span class='ocr_line' id='line_1_45' title="bbox 242 4499 1675 4570; baseline -0.001 -17"><span class='ocrx_word' id='word_1_353' title='bbox 242 4505 298 4553; x_wconf 79' lang='lat' dir='ltr'><strong>et</strong></span> <span class='ocrx_word' id='word_1_354' title='bbox 323 4499 549 4570; x_wconf 88' lang='lat' dir='ltr'><strong>spiritus</strong></span> <span class='ocrx_word' id='word_1_355' title='bbox 567 4515 674 4556; x_wconf 83' lang='lat' dir='ltr'><strong>non</strong></span> <span class='ocrx_word' id='word_1_356' title='bbox 705 4509 807 4569; x_wconf 61' lang='lat' dir='ltr'><strong>est,</strong></span> <span class='ocrx_word' id='word_1_357' title='bbox 833 4503 1029 4557; x_wconf 84' lang='lat' dir='ltr'><strong>amissa</strong></span> <span class='ocrx_word' id='word_1_358' title='bbox 1058 4503 1253 4558; x_wconf 91' lang='lat' dir='ltr'><strong>virtute</strong></span> <span class='ocrx_word' id='word_1_359' title='bbox 1282 4503 1546 4558; x_wconf 90' lang='lat' dir='ltr'><strong>inﬁrmata</strong></span> <span class='ocrx_word' id='word_1_360' title='bbox 1573 4514 1675 4558; x_wconf 90' lang='lat' dir='ltr'><strong>est.</strong></span> 
     </span>
    </p>
   </div>
   <div class='ocr_carea' id='block_1_46' title="bbox 308 4591 1843 4664">
    <p class='ocr_par' dir='ltr' id='par_1_46' title="bbox 308 4591 1843 4664">
     <span class='ocr_line' id='line_1_46' title="bbox 308 4591 1843 4664; baseline 0.003 -18"><span class='ocrx_word' id='word_1_361' title='bbox 308 4591 367 4646; x_wconf 86' lang='lat'><strong>5.</strong></span> <span class='ocrx_word' id='word_1_362' title='bbox 409 4591 666 4648; x_wconf 82' lang='lat' dir='ltr'><strong>Dominus</strong></span> <span class='ocrx_word' id='word_1_363' title='bbox 720 4595 1022 4663; x_wconf 84' lang='lat' dir='ltr'><strong>mortiﬁcat,</strong></span> <span class='ocrx_word' id='word_1_364' title='bbox 1085 4603 1131 4648; x_wconf 88' lang='lat' dir='ltr'><strong>et</strong></span> <span class='ocrx_word' id='word_1_365' title='bbox 1179 4595 1398 4664; x_wconf 87' lang='lat' dir='ltr'><strong>viviﬁcat</strong></span> <span class='ocrx_word' id='word_1_366' title='bbox 1443 4613 1463 4650; x_wconf 90' lang='lat'><strong><em>:</em></strong></span> <span class='ocrx_word' id='word_1_367' title='bbox 1502 4593 1843 4651; x_wconf 88' lang='lat' dir='ltr'><strong>mortiﬁcavit</strong></span> 
     </span>
    </p>
   </div>
   <div class='ocr_carea' id='block_1_47' title="bbox 239 4679 1842 4757">
    <p class='ocr_par' dir='ltr' id='par_1_47' title="bbox 239 4679 1842 4757">
     <span class='ocr_line' id='line_1_47' title="bbox 239 4679 1842 4757; baseline 0.005 -21"><span class='ocrx_word' id='word_1_368' title='bbox 239 4679 410 4752; x_wconf 74' lang='lat' dir='ltr'><strong>illam,</strong></span> <span class='ocrx_word' id='word_1_369' title='bbox 441 4699 566 4757; x_wconf 67' lang='lat' dir='ltr'><strong>qua</strong></span> <span class='ocrx_word' id='word_1_370' title='bbox 594 4685 761 4741; x_wconf 84' lang='lat' dir='ltr'><strong>multa</strong></span> <span class='ocrx_word' id='word_1_371' title='bbox 788 4696 904 4742; x_wconf 88' lang='lat' dir='ltr'><strong>erat</strong></span> <span class='ocrx_word' id='word_1_372' title='bbox 929 4687 984 4742; x_wconf 91' lang='lat' dir='ltr'><strong>in</strong></span> <span class='ocrx_word' id='word_1_373' title='bbox 1005 4687 1156 4754; x_wconf 92' lang='lat' dir='ltr'><strong>ﬁliis;</strong></span> <span class='ocrx_word' id='word_1_374' title='bbox 1181 4698 1235 4744; x_wconf 89' lang='lat' dir='ltr'><strong>et</strong></span> <span class='ocrx_word' id='word_1_375' title='bbox 1256 4687 1544 4745; x_wconf 23' lang='lat' dir='ltr'><strong>v‘iviﬁcavit</strong></span> <span class='ocrx_word' id='word_1_376' title='bbox 1571 4689 1706 4744; x_wconf 92' lang='lat' dir='ltr'><strong>hanc</strong></span> <span class='ocrx_word' id='word_1_377' title='bbox 1733 4697 1842 4744; x_wconf 88' lang='lat' dir='ltr'><strong>ste-</strong></span> 
     </span>
    </p>
   </div>
   <div class='ocr_carea' id='block_1_48' title="bbox 239 4775 1842 4851">
    <p class='ocr_par' dir='ltr' id='par_1_48' title="bbox 239 4775 1842 4851">
     <span class='ocr_line' id='line_1_48' title="bbox 239 4775 1842 4851; baseline 0.003 -20"><span class='ocrx_word' id='word_1_378' title='bbox 239 4775 414 4842; x_wconf 70' lang='lat' dir='ltr'><strong>vilem,</strong></span> <span class='ocrx_word' id='word_1_379' title='bbox 437 4793 560 4848; x_wconf 63' lang='lat' dir='ltr'><strong>quae</strong></span> <span class='ocrx_word' id='word_1_380' title='bbox 577 4779 789 4848; x_wconf 90' lang='lat' dir='ltr'><strong>peperit</strong></span> <span class='ocrx_word' id='word_1_381' title='bbox 807 4787 1031 4849; x_wconf 87' lang='lat' dir='ltr'><strong>septem.</strong></span> <span class='ocrx_word' id='word_1_382' title='bbox 1044 4777 1298 4848; x_wconf 92' lang='lat' dir='ltr'><strong>Quamvis</strong></span> <span class='ocrx_word' id='word_1_383' title='bbox 1317 4779 1650 4836; x_wconf 88' lang='lat' dir='ltr'><strong>commodius</strong></span> <span class='ocrx_word' id='word_1_384' title='bbox 1671 4778 1842 4851; x_wconf 63' lang='lat' dir='ltr'><strong>possit</strong></span> 
     </span>
    </p>
   </div>
   <div class='ocr_carea' id='block_1_49' title="bbox 239 4863 1841 4943">
    <p class='ocr_par' dir='ltr' id='par_1_49' title="bbox 239 4863 1841 4943">
     <span class='ocr_line' id='line_1_49' title="bbox 239 4863 1841 4943; baseline 0.007 -25"><span class='ocrx_word' id='word_1_385' title='bbox 239 4863 468 4940; x_wconf 89' lang='lat' dir='ltr'><strong>intelligi</strong></span> <span class='ocrx_word' id='word_1_386' title='bbox 515 4870 736 4926; x_wconf 90' lang='lat' dir='ltr'><strong>eosdem</strong></span> <span class='ocrx_word' id='word_1_387' title='bbox 779 4871 1089 4939; x_wconf 88' lang='lat' dir='ltr'><strong>viviticare,</strong></span> <span class='ocrx_word' id='word_1_388' title='bbox 1130 4886 1266 4943; x_wconf 90' lang='lat' dir='ltr'><strong>quos</strong></span> <span class='ocrx_word' id='word_1_389' title='bbox 1315 4874 1734 4930; x_wconf 86' lang='lat' dir='ltr'><strong>mortiﬁcaverit.</strong></span> <span class='ocrx_word' id='word_1_390' title='bbox 1785 4872 1841 4930; x_wconf 72' lang='grc' dir='ltr'><strong>ιιι</strong></span> 
     </span>
    </p>
   </div>
   <div class='ocr_carea' id='block_1_50' title="bbox 239 4957 1841 5038">
    <p class='ocr_par' dir='ltr' id='par_1_50' title="bbox 239 4957 1841 5038">
     <span class='ocr_line' id='line_1_50' title="bbox 239 4957 1841 5038; baseline 0.006 -27"><span class='ocrx_word' id='word_1_391' title='bbox 239 4957 386 5014; x_wconf 79' lang='lat' dir='ltr'><strong>enim</strong></span> <span class='ocrx_word' id='word_1_392' title='bbox 430 4959 580 5016; x_wconf 84' lang='lat' dir='ltr'><strong>velut</strong></span> <span class='ocrx_word' id='word_1_393' title='bbox 606 4961 856 5032; x_wconf 73' lang='lat' dir='ltr'><strong>repetivit</strong></span> <span class='ocrx_word' id='word_1_394' title='bbox 906 4961 1176 5028; x_wconf 88' lang='lat' dir='ltr'><strong>addendo,</strong></span> <span class='ocrx_word' id='word_1_395' title='bbox 1207 4963 1426 5019; x_wconf 79' lang='lat' dir='ltr'><strong>Deducit</strong></span> <span class='ocrx_word' id='word_1_396' title='bbox 1455 4966 1523 5019; x_wconf 90' lang='lat' dir='ltr'><strong>ad</strong></span> <span class='ocrx_word' id='word_1_397' title='bbox 1547 4967 1758 5038; x_wconf 77' lang='lat' dir='ltr'><strong>inferos,</strong></span> <span class='ocrx_word' id='word_1_398' title='bbox 1785 4975 1841 5021; x_wconf 83' lang='lat' dir='ltr'><strong>et</strong></span> 
     </span>
    </p>
   </div>
   <div class='ocr_carea' id='block_1_51' title="bbox 236 5047 1840 5125">
    <p class='ocr_par' dir='ltr' id='par_1_51' title="bbox 236 5047 1840 5125">
     <span class='ocr_line' id='line_1_51' title="bbox 236 5047 1840 5125; baseline 0.006 -24"><span class='ocrx_word' id='word_1_399' title='bbox 236 5047 452 5104; x_wconf 81' lang='lat' dir='ltr'><strong>reducit.</strong></span> <span class='ocrx_word' id='word_1_400' title='bbox 505 5050 712 5119; x_wconf 85' lang='lat' dir='ltr'><strong>Quibus</strong></span> <span class='ocrx_word' id='word_1_401' title='bbox 757 5053 899 5108; x_wconf 84' lang='lat' dir='ltr'><strong>enim</strong></span> <span class='ocrx_word' id='word_1_402' title='bbox 951 5053 1082 5110; x_wconf 89' lang='lat' dir='ltr'><strong>dicit</strong></span> <span class='ocrx_word' id='word_1_403' title='bbox 1123 5054 1454 5125; x_wconf 81' lang='lat' dir='ltr'><strong>Apostolus,</strong></span> <span class='ocrx_word' id='word_1_404' title='bbox 1529 5055 1590 5112; x_wconf 88' lang='lat' dir='ltr'><strong>Si</strong></span> <span class='ocrx_word' id='word_1_405' title='bbox 1655 5057 1840 5112; x_wconf 85' lang='lat' dir='ltr'><strong>mortui</strong></span> 
     </span>
    </p>
   </div>
   <div class='ocr_carea' id='block_1_52' title="bbox 233 5138 1838 5218">
    <p class='ocr_par' dir='ltr' id='par_1_52' title="bbox 233 5138 1838 5218">
     <span class='ocr_line' id='line_1_52' title="bbox 233 5138 1838 5218; baseline 0.008 -27"><span class='ocrx_word' id='word_1_406' title='bbox 233 5138 354 5194; x_wconf 82' lang='lat' dir='ltr'><strong>estis</strong></span> <span class='ocrx_word' id='word_1_407' title='bbox 382 5140 468 5212; x_wconf 89' lang='lat' dir='ltr'><strong>(a)</strong></span> <span class='ocrx_word' id='word_1_408' title='bbox 512 5158 628 5195; x_wconf 87' lang='lat' dir='ltr'><strong>cum</strong></span> <span class='ocrx_word' id='word_1_409' title='bbox 657 5141 859 5198; x_wconf 81' lang='lat' dir='ltr'><strong>Christo</strong></span> <span class='ocrx_word' id='word_1_410' title='bbox 877 5187 892 5206; x_wconf 90' lang='lat'><em>.</em></span> <span class='ocrx_word' id='word_1_411' title='bbox 939 5161 1052 5216; x_wconf 69' lang='lat' dir='ltr'><strong>qua</strong></span> <span class='ocrx_word' id='word_1_412' title='bbox 1074 5163 1277 5202; x_wconf 89' lang='lat' dir='ltr'><strong>sursum</strong></span> <span class='ocrx_word' id='word_1_413' title='bbox 1303 5157 1418 5204; x_wconf 82' lang='lat' dir='ltr'><strong>sunt</strong></span> <span class='ocrx_word' id='word_1_414' title='bbox 1456 5151 1666 5218; x_wconf 77' lang='lat' dir='ltr'><strong>quwrite</strong></span> <span class='ocrx_word' id='word_1_415' title='bbox 1686 5191 1703 5216; x_wconf 93' lang='lat'><strong>,</strong></span> <span class='ocrx_word' id='word_1_416' title='bbox 1749 5151 1838 5204; x_wconf 86' lang='lat' dir='ltr'><strong>ubi</strong></span> 
     </span>
    </p>
   </div>
   <div class='ocr_carea' id='block_1_53' title="bbox 235 5227 1838 5311">
    <p class='ocr_par' dir='ltr' id='par_1_53' title="bbox 235 5227 1838 5311">
     <span class='ocr_line' id='line_1_53' title="bbox 235 5227 1838 5311; baseline 0.011 -31"><span class='ocrx_word' id='word_1_417' title='bbox 235 5227 472 5286; x_wconf 78' lang='lat' dir='ltr'><strong>Christus</strong></span> <span class='ocrx_word' id='word_1_418' title='bbox 513 5241 585 5287; x_wconf 86' lang='lat' dir='ltr'><strong>est</strong></span> <span class='ocrx_word' id='word_1_419' title='bbox 633 5234 687 5287; x_wconf 85' lang='lat' dir='ltr'><strong>in</strong></span> <span class='ocrx_word' id='word_1_420' title='bbox 729 5234 938 5290; x_wconf 73' lang='lat' dir='ltr'><strong>dextera</strong></span> <span class='ocrx_word' id='word_1_421' title='bbox 963 5235 1062 5292; x_wconf 88' lang='lat' dir='ltr'><strong>Dei</strong></span> <span class='ocrx_word' id='word_1_422' title='bbox 1104 5237 1318 5294; x_wconf 83' lang='lat' dir='ltr'><strong>sedens:</strong></span> <span class='ocrx_word' id='word_1_423' title='bbox 1347 5239 1632 5295; x_wconf 88' lang='lat' dir='ltr'><strong>salubriter</strong></span> <span class='ocrx_word' id='word_1_424' title='bbox 1657 5239 1838 5311; x_wconf 80' lang='lat' dir='ltr'><strong>utique</strong></span> 
     </span>
    </p>
   </div>
   <div class='ocr_carea' id='block_1_54' title="bbox 231 5324 1840 5404">
    <p class='ocr_par' dir='ltr' id='par_1_54' title="bbox 231 5324 1840 5404">
     <span class='ocr_line' id='line_1_54' title="bbox 231 5324 1840 5404; baseline 0.007 -27"><span class='ocrx_word' id='word_1_425' title='bbox 231 5324 637 5381; x_wconf 84' lang='lat' dir='ltr'><strong>mortificamur</strong></span> <span class='ocrx_word' id='word_1_426' title='bbox 660 5341 690 5381; x_wconf 89' lang='lat' dir='ltr'><strong>a</strong></span> <span class='ocrx_word' id='word_1_427' title='bbox 731 5326 993 5386; x_wconf 88' lang='lat' dir='ltr'><strong>Domino:</strong></span> <span class='ocrx_word' id='word_1_428' title='bbox 1040 5331 1232 5402; x_wconf 88' lang='lat' dir='ltr'><strong>quibus</strong></span> <span class='ocrx_word' id='word_1_429' title='bbox 1258 5331 1520 5404; x_wconf 89' lang='lat' dir='ltr'><strong>adjungit,</strong></span> <span class='ocrx_word' id='word_1_430' title='bbox 1574 5333 1703 5402; x_wconf 74' lang='grc' dir='ltr'><strong>ρωω</strong></span> <span class='ocrx_word' id='word_1_431' title='bbox 1724 5349 1840 5389; x_wconf 86' lang='lat' dir='ltr'><strong>sur-</strong></span> 
     </span>
    </p>
   </div>
   <div class='ocr_carea' id='block_1_55' title="bbox 235 5420 1840 5498">
    <p class='ocr_par' dir='ltr' id='par_1_55' title="bbox 235 5420 1840 5498">
     <span class='ocr_line' id='line_1_55' title="bbox 235 5420 1840 5498; baseline 0.009 -28"><span class='ocrx_word' id='word_1_432' title='bbox 235 5429 350 5470; x_wconf 79' lang='lat' dir='ltr'><strong>sum</strong></span> <span class='ocrx_word' id='word_1_433' title='bbox 401 5427 522 5473; x_wconf 88' lang='lat' dir='ltr'><strong>sunt</strong></span> <span class='ocrx_word' id='word_1_434' title='bbox 563 5420 748 5492; x_wconf 88' lang='lat' dir='ltr'><strong>sapite,</strong></span> <span class='ocrx_word' id='word_1_435' title='bbox 788 5439 890 5476; x_wconf 91' lang='lat' dir='ltr'><strong>non</strong></span> <span class='ocrx_word' id='word_1_436' title='bbox 916 5439 1029 5491; x_wconf 81' lang='lat' dir='ltr'><strong>qute</strong></span> <span class='ocrx_word' id='word_1_437' title='bbox 1055 5442 1210 5496; x_wconf 81' lang='lat' dir='ltr'><strong>super</strong></span> <span class='ocrx_word' id='word_1_438' title='bbox 1238 5435 1458 5490; x_wconf 85' lang='lat' dir='ltr'><strong>terram;</strong></span> <span class='ocrx_word' id='word_1_439' title='bbox 1500 5435 1562 5482; x_wconf 88' lang='lat' dir='ltr'><strong>ut</strong></span> <span class='ocrx_word' id='word_1_440' title='bbox 1589 5427 1690 5498; x_wconf 87' lang='lat' dir='ltr'><strong>ipsi</strong></span> <span class='ocrx_word' id='word_1_441' title='bbox 1731 5428 1840 5484; x_wconf 86' lang='lat' dir='ltr'><strong>sint</strong></span> 
     </span>
    </p>
   </div>
   <div class='ocr_carea' id='block_1_56' title="bbox 229 5508 1838 5594">
    <p class='ocr_par' dir='ltr' id='par_1_56' title="bbox 229 5508 1838 5594">
     <span class='ocr_line' id='line_1_56' title="bbox 229 5508 1838 5594; baseline 0.011 -34"><span class='ocrx_word' id='word_1_442' title='bbox 229 5508 305 5562; x_wconf 91' lang='lat' dir='ltr'><strong>illi</strong></span> <span class='ocrx_word' id='word_1_443' title='bbox 340 5551 360 5576; x_wconf 93' lang='lat'><strong>,</strong></span> <span class='ocrx_word' id='word_1_444' title='bbox 390 5512 484 5580; x_wconf 90' lang='lat' dir='ltr'><strong>qui</strong></span> <span class='ocrx_word' id='word_1_445' title='bbox 525 5515 824 5571; x_wconf 85' lang='lat' dir='ltr'><strong>esurientes</strong></span> <span class='ocrx_word' id='word_1_446' title='bbox 860 5518 1182 5594; x_wconf 74' lang='lat' dir='ltr'><strong>transierunt</strong></span> <span class='ocrx_word' id='word_1_447' title='bbox 1226 5529 1445 5576; x_wconf 86' lang='lat' dir='ltr'><strong>terram.</strong></span> <span class='ocrx_word' id='word_1_448' title='bbox 1474 5519 1666 5577; x_wconf 71' lang='lat' dir='ltr'><strong>Hortali</strong></span> <span class='ocrx_word' id='word_1_449' title='bbox 1703 5522 1838 5578; x_wconf 85' lang='lat' dir='ltr'><strong>enim</strong></span> 
     </span>
    </p>
   </div>
   <div class='ocr_carea' id='block_1_57' title="bbox 229 5603 1835 5679">
    <p class='ocr_par' dir='ltr' id='par_1_57' title="bbox 229 5603 1835 5679">
     <span class='ocr_line' id='line_1_57' title="bbox 229 5603 1835 5679; baseline 0.011 -27"><span class='ocrx_word' id='word_1_450' title='bbox 229 5603 374 5670; x_wconf 86' lang='lat' dir='ltr'><strong>estis,</strong></span> <span class='ocrx_word' id='word_1_451' title='bbox 441 5603 646 5674; x_wconf 88' lang='lat' dir='ltr'><strong>inquit:</strong></span> <span class='ocrx_word' id='word_1_452' title='bbox 695 5620 824 5664; x_wconf 87' lang='lat' dir='ltr'><strong>ecce</strong></span> <span class='ocrx_word' id='word_1_453' title='bbox 879 5608 1148 5679; x_wconf 91' lang='lat' dir='ltr'><strong>quomodo</strong></span> <span class='ocrx_word' id='word_1_454' title='bbox 1210 5609 1495 5667; x_wconf 86' lang='lat' dir='ltr'><strong>salubriter</strong></span> <span class='ocrx_word' id='word_1_455' title='bbox 1551 5613 1835 5670; x_wconf 89' lang='lat' dir='ltr'><strong>mortiﬁcat</strong></span> 
     </span>
    </p>
   </div>
   <div class='ocr_carea' id='block_1_58' title="bbox 228 5693 1836 5771">
    <p class='ocr_par' dir='ltr' id='par_1_58' title="bbox 228 5693 1836 5771">
     <span class='ocr_line' id='line_1_58' title="bbox 228 5693 1836 5771; baseline 0.009 -24"><span class='ocrx_word' id='word_1_456' title='bbox 228 5693 404 5750; x_wconf 82' lang='lat' dir='ltr'><strong>Deus.</strong></span> <span class='ocrx_word' id='word_1_457' title='bbox 440 5696 642 5754; x_wconf 89' lang='lat' dir='ltr'><strong>Deinde</strong></span> <span class='ocrx_word' id='word_1_458' title='bbox 678 5700 954 5771; x_wconf 85' lang='lat' dir='ltr'><strong>sequitur,</strong></span> <span class='ocrx_word' id='word_1_459' title='bbox 989 5701 1056 5758; x_wconf 81' lang='lat' dir='ltr'><strong>Et</strong></span> <span class='ocrx_word' id='word_1_460' title='bbox 1084 5703 1186 5758; x_wconf 85' lang='lat' dir='ltr'><strong>vita</strong></span> <span class='ocrx_word' id='word_1_461' title='bbox 1231 5713 1392 5759; x_wconf 87' lang='lat' dir='ltr'><strong>vestra</strong></span> <span class='ocrx_word' id='word_1_462' title='bbox 1427 5705 1720 5760; x_wconf 86' lang='lat' dir='ltr'><strong>abscondita</strong></span> <span class='ocrx_word' id='word_1_463' title='bbox 1763 5716 1836 5762; x_wconf 89' lang='lat' dir='ltr'><strong>est</strong></span> 
     </span>
    </p>
   </div>
   <div class='ocr_carea' id='block_1_59' title="bbox 289 5807 1834 5883">
    <p class='ocr_par' dir='ltr' id='par_1_59' title="bbox 289 5807 1834 5883">
     <span class='ocr_line' id='line_1_59' title="bbox 289 5807 1834 5883; baseline 0.008 -26"><span class='ocrx_word' id='word_1_464' title='bbox 289 5807 502 5883; x_wconf 12' lang='lat' dir='ltr'><strong>&quot;Aztliiti,</strong></span> <span class='ocrx_word' id='word_1_465' title='bbox 510 5811 907 5864; x_wconf 79' lang='lat' dir='ltr'><strong>dissentientibus</strong></span> <span class='ocrx_word' id='word_1_466' title='bbox 928 5814 1078 5876; x_wconf 83' lang='lat' dir='ltr'><strong>libris,</strong></span> <span class='ocrx_word' id='word_1_467' title='bbox 1091 5829 1176 5882; x_wconf 87' lang='lat' dir='ltr'><strong>per</strong></span> <span class='ocrx_word' id='word_1_468' title='bbox 1195 5829 1336 5881; x_wconf 77' lang='lat' dir='ltr'><strong>quem</strong></span> <span class='ocrx_word' id='word_1_469' title='bbox 1353 5830 1460 5868; x_wconf 88' lang='lat' dir='ltr'><strong>eam</strong></span> <span class='ocrx_word' id='word_1_470' title='bbox 1479 5819 1655 5882; x_wconf 80' lang='lat' dir='ltr'><strong>{actam</strong></span> <span class='ocrx_word' id='word_1_471' title='bbox 1671 5820 1834 5883; x_wconf 74' lang='lat' dir='ltr'><strong>fecim-</strong></span> 
     </span>
    </p>
   </div>
   <div class='ocr_carea' id='block_1_60' title="bbox 282 5931 1299 6005">
    <p class='ocr_par' dir='ltr' id='par_1_60' title="bbox 282 5931 1299 6005">
     <span class='ocr_line' id='line_1_60' title="bbox 282 5931 1299 6005; baseline -0.003 -8"><span class='ocrx_word' id='word_1_472' title='bbox 282 5931 368 5998; x_wconf 76' lang='grc' dir='ltr'><strong>(α)</strong></span> <span class='ocrx_word' id='word_1_473' title='bbox 394 5937 450 5982; x_wconf 71' lang='lat' dir='ltr'><strong>In</strong></span> <span class='ocrx_word' id='word_1_474' title='bbox 470 5939 622 5988; x_wconf 69' lang='lat' dir='ltr'><strong>sau‘is</strong></span> <span class='ocrx_word' id='word_1_475' title='bbox 640 5940 820 6005; x_wconf 84' lang='lat' dir='ltr'><strong>Bibliis,</strong></span> <span class='ocrx_word' id='word_1_476' title='bbox 844 5943 891 5993; x_wconf 82' lang='lat' dir='ltr'><strong>si</strong></span> <span class='ocrx_word' id='word_1_477' title='bbox 913 5939 1299 5994; x_wconf 72' lang='lat' dir='ltr'><strong>consurrexistis.</strong></span> 
     </span>
    </p>
   </div>
   <div class='ocr_carea' id='block_1_61' title="bbox 621 6027 657 6060">
    <p class='ocr_par' dir='ltr' id='par_1_61' title="bbox 621 6027 657 6060">
     <span class='ocr_line' id='line_1_61' title="bbox 621 6027 657 6060; baseline 0 0"><span class='ocrx_word' id='word_1_478' title='bbox 621 6027 657 6060; x_wconf 77' lang='lat'><strong>.&quot;</strong></span> 
     </span>
    </p>
   </div>
   <div class='ocr_carea' id='block_1_62' title="bbox 1413 411 2350 475">
    <p class='ocr_par' dir='ltr' id='par_1_62' title="bbox 1413 411 2350 475">
     <span class='ocr_line' id='line_1_62' title="bbox 1413 411 2350 475; baseline -0.002 -1"><span class='ocrx_word' id='word_1_479' title='bbox 1413 415 1616 475; x_wconf 72' lang='lat' dir='ltr'><strong>LIBER</strong></span> <span class='ocrx_word' id='word_1_480' title='bbox 1655 411 1954 472; x_wconf 59' lang='lat' dir='ltr'><strong>DECIMUS</strong></span> <span class='ocrx_word' id='word_1_481' title='bbox 1981 412 2350 474; x_wconf 71' lang='lat' dir='ltr'><strong>SEPTIMUS.</strong></span> 
     </span>
    </p>
   </div>
   <div class='ocr_carea' id='block_1_63' title="bbox 3427 423 3538 482">
    <p class='ocr_par' dir='ltr' id='par_1_63' title="bbox 3427 423 3538 482">
     <span class='ocr_line' id='line_1_63' title="bbox 3427 423 3538 482; baseline -0.018 0"><span class='ocrx_word' id='word_1_482' title='bbox 3427 423 3538 482; x_wconf 73' lang='lat'><strong>530</strong></span> 
     </span>
    </p>
   </div>
   <div class='ocr_carea' id='block_1_64' title="bbox 1942 535 3538 610">
    <p class='ocr_par' dir='ltr' id='par_1_64' title="bbox 1942 535 3538 610">
     <span class='ocr_line' id='line_1_64' title="bbox 1942 535 3538 610; baseline 0.005 -23"><span class='ocrx_word' id='word_1_483' title='bbox 1942 551 2056 588; x_wconf 85' lang='lat' dir='ltr'><strong>cum</strong></span> <span class='ocrx_word' id='word_1_484' title='bbox 2091 535 2290 588; x_wconf 87' lang='lat' dir='ltr'><strong>Christo</strong></span> <span class='ocrx_word' id='word_1_485' title='bbox 2332 535 2386 590; x_wconf 88' lang='lat' dir='ltr'><strong>in</strong></span> <span class='ocrx_word' id='word_1_486' title='bbox 2412 535 2747 607; x_wconf 88' lang='lat' dir='ltr'><strong>Deo(Coloss.</strong></span> <span class='ocrx_word' id='word_1_487' title='bbox 2783 553 2859 605; x_wconf 86' lang='grc' dir='ltr'>ιιι,</span> <span class='ocrx_word' id='word_1_488' title='bbox 2894 537 3016 609; x_wconf 73' lang='grc'><strong>1-5)</strong></span> <span class='ocrx_word' id='word_1_489' title='bbox 3052 555 3063 592; x_wconf 90' lang='lat'><strong>:</strong></span> <span class='ocrx_word' id='word_1_490' title='bbox 3117 551 3241 595; x_wconf 72' lang='lat' dir='ltr'><strong>ecce</strong></span> <span class='ocrx_word' id='word_1_491' title='bbox 3268 543 3538 610; x_wconf 81' lang='lat' dir='ltr'><strong>quomodo</strong></span> 
     </span>
    </p>
   </div>
   <div class='ocr_carea' id='block_1_65' title="bbox 1943 626 3532 702">
    <p class='ocr_par' dir='ltr' id='par_1_65' title="bbox 1943 626 3532 702">
     <span class='ocr_line' id='line_1_65' title="bbox 1943 626 3532 702; baseline 0.004 -21"><span class='ocrx_word' id='word_1_492' title='bbox 1943 626 2161 681; x_wconf 88' lang='lat' dir='ltr'><strong>eosdem</strong></span> <span class='ocrx_word' id='word_1_493' title='bbox 2201 627 2345 697; x_wconf 86' lang='lat' dir='ltr'><strong>ipsos</strong></span> <span class='ocrx_word' id='word_1_494' title='bbox 2375 629 2602 684; x_wconf 81' lang='lat' dir='ltr'><strong>viviﬁcat</strong></span> <span class='ocrx_word' id='word_1_495' title='bbox 2652 629 2806 685; x_wconf 87' lang='lat' dir='ltr'><strong>Deus.</strong></span> <span class='ocrx_word' id='word_1_496' title='bbox 2856 631 2958 685; x_wconf 69' lang='lat' dir='ltr'><strong>Sed</strong></span> <span class='ocrx_word' id='word_1_497' title='bbox 3011 632 3266 702; x_wconf 86' lang='lat' dir='ltr'><strong>numquid</strong></span> <span class='ocrx_word' id='word_1_498' title='bbox 3315 633 3532 688; x_wconf 84' lang='lat' dir='ltr'><strong>eosdem</strong></span> 
     </span>
    </p>
   </div>
   <div class='ocr_carea' id='block_1_66' title="bbox 1943 718 3538 794">
    <p class='ocr_par' dir='ltr' id='par_1_66' title="bbox 1943 718 3538 794">
     <span class='ocr_line' id='line_1_66' title="bbox 1943 718 3538 794; baseline 0.004 -22"><span class='ocrx_word' id='word_1_499' title='bbox 1943 718 2164 774; x_wconf 74' lang='lat' dir='ltr'><strong>deduxit</strong></span> <span class='ocrx_word' id='word_1_500' title='bbox 2205 719 2271 773; x_wconf 90' lang='lat' dir='ltr'><strong>ad</strong></span> <span class='ocrx_word' id='word_1_501' title='bbox 2309 718 2505 775; x_wconf 84' lang='lat' dir='ltr'><strong>inferos</strong></span> <span class='ocrx_word' id='word_1_502' title='bbox 2555 733 2604 776; x_wconf 73' lang='lat' dir='ltr'><strong>et</strong></span> <span class='ocrx_word' id='word_1_503' title='bbox 2634 723 2877 782; x_wconf 73' lang='lat' dir='ltr'><strong>reduxit?</strong></span> <span class='ocrx_word' id='word_1_504' title='bbox 2927 722 3038 777; x_wconf 68' lang='lat' dir='ltr'><strong>lloc</strong></span> <span class='ocrx_word' id='word_1_505' title='bbox 3086 733 3375 794; x_wconf 60' lang='lat' dir='ltr'><strong>utrumque</strong></span> <span class='ocrx_word' id='word_1_506' title='bbox 3420 727 3538 779; x_wconf 81' lang='lat' dir='ltr'><strong>sine</strong></span> 
     </span>
    </p>
   </div>
   <div class='ocr_carea' id='block_1_67' title="bbox 1941 812 3534 887">
    <p class='ocr_par' dir='ltr' id='par_1_67' title="bbox 1941 812 3534 887">
     <span class='ocr_line' id='line_1_67' title="bbox 1941 812 3534 887; baseline 0.004 -21"><span class='ocrx_word' id='word_1_507' title='bbox 1941 813 2304 867; x_wconf 74' lang='lat' dir='ltr'><strong>controversia</strong></span> <span class='ocrx_word' id='word_1_508' title='bbox 2329 812 2562 868; x_wconf 88' lang='lat' dir='ltr'><strong>ﬁdelium</strong></span> <span class='ocrx_word' id='word_1_509' title='bbox 2593 816 2644 870; x_wconf 90' lang='lat' dir='ltr'><strong>in</strong></span> <span class='ocrx_word' id='word_1_510' title='bbox 2667 816 2756 869; x_wconf 89' lang='lat' dir='ltr'><strong>illo</strong></span> <span class='ocrx_word' id='word_1_511' title='bbox 2775 818 2947 887; x_wconf 78' lang='lat' dir='ltr'><strong>potius</strong></span> <span class='ocrx_word' id='word_1_512' title='bbox 2968 817 3207 872; x_wconf 86' lang='lat' dir='ltr'><strong>videmus</strong></span> <span class='ocrx_word' id='word_1_513' title='bbox 3237 818 3534 887; x_wconf 81' lang='lat' dir='ltr'><strong>impletum,</strong></span> 
     </span>
    </p>
   </div>
   <div class='ocr_carea' id='block_1_68' title="bbox 1942 905 3534 980">
    <p class='ocr_par' dir='ltr' id='par_1_68' title="bbox 1942 905 3534 980">
     <span class='ocr_line' id='line_1_68' title="bbox 1942 905 3534 980; baseline 0.003 -19"><span class='ocrx_word' id='word_1_514' title='bbox 1942 905 2130 976; x_wconf 80' lang='lat' dir='ltr'><strong>Capite</strong></span> <span class='ocrx_word' id='word_1_515' title='bbox 2172 905 2378 962; x_wconf 88' lang='lat' dir='ltr'><strong>scilicet</strong></span> <span class='ocrx_word' id='word_1_516' title='bbox 2422 917 2640 973; x_wconf 85' lang='lat' dir='ltr'><strong>nostro,</strong></span> <span class='ocrx_word' id='word_1_517' title='bbox 2683 925 2940 980; x_wconf 79' lang='lat' dir='ltr'><strong>cumquo</strong></span> <span class='ocrx_word' id='word_1_518' title='bbox 2986 910 3146 966; x_wconf 86' lang='lat' dir='ltr'><strong>vitam</strong></span> <span class='ocrx_word' id='word_1_519' title='bbox 3200 921 3433 964; x_wconf 81' lang='lat' dir='ltr'><strong>nostram</strong></span> <span class='ocrx_word' id='word_1_520' title='bbox 3479 910 3534 965; x_wconf 86' lang='lat' dir='ltr'><strong>in</strong></span> 
     </span>
    </p>
   </div>
   <div class='ocr_carea' id='block_1_69' title="bbox 1943 998 3536 1072">
    <p class='ocr_par' dir='ltr' id='par_1_69' title="bbox 1943 998 3536 1072">
     <span class='ocr_line' id='line_1_69' title="bbox 1943 998 3536 1072; baseline 0.002 -19"><span class='ocrx_word' id='word_1_521' title='bbox 1943 998 2054 1053; x_wconf 90' lang='lat' dir='ltr'><strong>Deo</strong></span> <span class='ocrx_word' id='word_1_522' title='bbox 2099 999 2387 1069; x_wconf 75' lang='lat' dir='ltr'><strong>Apostolus</strong></span> <span class='ocrx_word' id='word_1_523' title='bbox 2423 999 2554 1054; x_wconf 81' lang='lat' dir='ltr'><strong>dixit</strong></span> <span class='ocrx_word' id='word_1_524' title='bbox 2602 1000 2986 1056; x_wconf 79' lang='lat' dir='ltr'><strong>absconditam.</strong></span> <span class='ocrx_word' id='word_1_525' title='bbox 3017 1002 3145 1056; x_wconf 78' lang='lat' dir='ltr'><strong>Nam</strong></span> <span class='ocrx_word' id='word_1_526' title='bbox 3176 1016 3292 1064; x_wconf 85' lang='lat' dir='ltr'><strong>cum</strong></span> <span class='ocrx_word' id='word_1_527' title='bbox 3328 1002 3536 1072; x_wconf 80' lang='lat' dir='ltr'><strong>proprio</strong></span> 
     </span>
    </p>
   </div>
   <div class='ocr_carea' id='block_1_70' title="bbox 1944 1089 3533 1164">
    <p class='ocr_par' dir='ltr' id='par_1_70' title="bbox 1944 1089 3533 1164">
     <span class='ocr_line' id='line_1_70' title="bbox 1944 1089 3533 1164; baseline 0.001 -18"><span class='ocrx_word' id='word_1_528' title='bbox 1944 1089 2084 1146; x_wconf 79' lang='lat' dir='ltr'><strong>Filio</strong></span> <span class='ocrx_word' id='word_1_529' title='bbox 2132 1109 2235 1146; x_wconf 88' lang='lat' dir='ltr'><strong>non</strong></span> <span class='ocrx_word' id='word_1_530' title='bbox 2283 1093 2504 1164; x_wconf 76' lang='lat' dir='ltr'><strong>pepercit</strong></span> <span class='ocrx_word' id='word_1_531' title='bbox 2531 1133 2544 1153; x_wconf 90' lang='lat'><em>.</em></span> <span class='ocrx_word' id='word_1_532' title='bbox 2590 1092 2679 1146; x_wconf 82' lang='lat' dir='ltr'><strong>sed</strong></span> <span class='ocrx_word' id='word_1_533' title='bbox 2727 1110 2818 1162; x_wconf 91' lang='lat' dir='ltr'><strong>pro</strong></span> <span class='ocrx_word' id='word_1_534' title='bbox 2871 1093 3010 1148; x_wconf 86' lang='lat' dir='ltr'><strong>nobis</strong></span> <span class='ocrx_word' id='word_1_535' title='bbox 3040 1095 3268 1149; x_wconf 86' lang='lat' dir='ltr'><strong>omnibus</strong></span> <span class='ocrx_word' id='word_1_536' title='bbox 3313 1094 3533 1148; x_wconf 88' lang='lat' dir='ltr'><strong>tradidit</strong></span> 
     </span>
    </p>
   </div>
   <div class='ocr_carea' id='block_1_71' title="bbox 1942 1182 3535 1255">
    <p class='ocr_par' dir='ltr' id='par_1_71' title="bbox 1942 1182 3535 1255">
     <span class='ocr_line' id='line_1_71' title="bbox 1942 1182 3535 1255; baseline 0.001 -17"><span class='ocrx_word' id='word_1_537' title='bbox 1942 1199 2055 1238; x_wconf 86' lang='lat' dir='ltr'><strong>eum</strong></span> <span class='ocrx_word' id='word_1_538' title='bbox 2091 1182 2279 1253; x_wconf 83' lang='lat' dir='ltr'><strong>(Rom.</strong></span> <span class='ocrx_word' id='word_1_539' title='bbox 2316 1199 2424 1246; x_wconf 82' lang='lat' dir='ltr'><strong>vm,</strong></span> <span class='ocrx_word' id='word_1_540' title='bbox 2449 1183 2554 1254; x_wconf 60' lang='grc' dir='ltr'><strong>δὲ)</strong></span> <span class='ocrx_word' id='word_1_541' title='bbox 2579 1227 2594 1249; x_wconf 89' lang='grc'><strong>,</strong></span> <span class='ocrx_word' id='word_1_542' title='bbox 2631 1185 2732 1238; x_wconf 86' lang='lat' dir='ltr'><strong>isto</strong></span> <span class='ocrx_word' id='word_1_543' title='bbox 2774 1183 2932 1252; x_wconf 80' lang='lat' dir='ltr'><strong>modo</strong></span> <span class='ocrx_word' id='word_1_544' title='bbox 2969 1185 3146 1255; x_wconf 85' lang='lat' dir='ltr'><strong>utique</strong></span> <span class='ocrx_word' id='word_1_545' title='bbox 3193 1186 3535 1240; x_wconf 88' lang='lat' dir='ltr'><strong>mortilicavit</strong></span> 
     </span>
    </p>
   </div>
   <div class='ocr_carea' id='block_1_72' title="bbox 1943 1277 3537 1348">
    <p class='ocr_par' dir='ltr' id='par_1_72' title="bbox 1943 1277 3537 1348">
     <span class='ocr_line' id='line_1_72' title="bbox 1943 1277 3537 1348; baseline 0.001 -16"><span class='ocrx_word' id='word_1_546' title='bbox 1943 1291 2084 1332; x_wconf 90' lang='lat' dir='ltr'><strong>cum.</strong></span> <span class='ocrx_word' id='word_1_547' title='bbox 2122 1277 2185 1332; x_wconf 82' lang='lat' dir='ltr'><strong>Et</strong></span> <span class='ocrx_word' id='word_1_548' title='bbox 2209 1277 2331 1348; x_wconf 85' lang='lat' dir='ltr'><strong>quia</strong></span> <span class='ocrx_word' id='word_1_549' title='bbox 2363 1277 2708 1332; x_wconf 86' lang='lat' dir='ltr'><strong>resuscitavit</strong></span> <span class='ocrx_word' id='word_1_550' title='bbox 2737 1293 2764 1330; x_wconf 90' lang='lat' dir='ltr'><strong>a</strong></span> <span class='ocrx_word' id='word_1_551' title='bbox 2796 1277 3038 1340; x_wconf 83' lang='lat' dir='ltr'><strong>mortuis,</strong></span> <span class='ocrx_word' id='word_1_552' title='bbox 3079 1278 3322 1333; x_wconf 88' lang='lat' dir='ltr'><strong>eumdem</strong></span> <span class='ocrx_word' id='word_1_553' title='bbox 3351 1294 3537 1334; x_wconf 84' lang='lat' dir='ltr'><strong>rursus</strong></span> 
     </span>
    </p>
   </div>
   <div class='ocr_carea' id='block_1_73' title="bbox 1942 1368 3533 1440">
    <p class='ocr_par' dir='ltr' id='par_1_73' title="bbox 1942 1368 3533 1440">
     <span class='ocr_line' id='line_1_73' title="bbox 1942 1368 3533 1440; baseline 0.001 -17"><span class='ocrx_word' id='word_1_554' title='bbox 1942 1369 2244 1424; x_wconf 88' lang='lat' dir='ltr'><strong>viviﬁcavit.</strong></span> <span class='ocrx_word' id='word_1_555' title='bbox 2263 1370 2326 1424; x_wconf 86' lang='lat' dir='ltr'><strong>Et</strong></span> <span class='ocrx_word' id='word_1_556' title='bbox 2351 1370 2470 1440; x_wconf 90' lang='lat' dir='ltr'><strong>quia</strong></span> <span class='ocrx_word' id='word_1_557' title='bbox 2503 1370 2553 1424; x_wconf 91' lang='lat' dir='ltr'><strong>in</strong></span> <span class='ocrx_word' id='word_1_558' title='bbox 2577 1368 2851 1440; x_wconf 87' lang='lat' dir='ltr'><strong>prophetia</strong></span> <span class='ocrx_word' id='word_1_559' title='bbox 2875 1371 2889 1400; x_wconf 83' lang='grc'>¹</span> <span class='ocrx_word' id='word_1_560' title='bbox 2924 1385 3022 1423; x_wconf 81' lang='lat' dir='ltr'><strong>vox</strong></span> <span class='ocrx_word' id='word_1_561' title='bbox 3049 1369 3164 1438; x_wconf 83' lang='lat' dir='ltr'><strong>ejus</strong></span> <span class='ocrx_word' id='word_1_562' title='bbox 3207 1371 3533 1440; x_wconf 77' lang='lat' dir='ltr'><strong>agnoscitur,</strong></span> 
     </span>
    </p>
   </div>
   <div class='ocr_carea' id='block_1_74' title="bbox 1947 1453 3533 1532">
    <p class='ocr_par' dir='ltr' id='par_1_74' title="bbox 1947 1453 3533 1532">
     <span class='ocr_line' id='line_1_74' title="bbox 1947 1453 3533 1532; baseline 0 -17"><span class='ocrx_word' id='word_1_563' title='bbox 1947 1460 2068 1516; x_wconf 84' lang='lat' dir='ltr'><strong>Non</strong></span> <span class='ocrx_word' id='word_1_564' title='bbox 2117 1461 2432 1532; x_wconf 85' lang='lat' dir='ltr'><strong>dcrelinqnes</strong></span> <span class='ocrx_word' id='word_1_565' title='bbox 2479 1453 2710 1516; x_wconf 79' lang='lat' dir='ltr'><strong>animant</strong></span> <span class='ocrx_word' id='word_1_566' title='bbox 2759 1479 2918 1515; x_wconf 85' lang='lat' dir='ltr'><strong>meam</strong></span> <span class='ocrx_word' id='word_1_567' title='bbox 2965 1463 3016 1515; x_wconf 89' lang='lat' dir='ltr'><strong>in</strong></span> <span class='ocrx_word' id='word_1_568' title='bbox 3062 1463 3260 1531; x_wconf 80' lang='lat' dir='ltr'><strong>inferno</strong></span> <span class='ocrx_word' id='word_1_569' title='bbox 3314 1463 3533 1529; x_wconf 83' lang='lat' dir='ltr'><strong>(Psalm.</strong></span> 
     </span>
    </p>
   </div>
   <div class='ocr_carea' id='block_1_75' title="bbox 1941 1552 3534 1624">
    <p class='ocr_par' dir='ltr' id='par_1_75' title="bbox 1941 1552 3534 1624">
     <span class='ocr_line' id='line_1_75' title="bbox 1941 1552 3534 1624; baseline 0 -16"><span class='ocrx_word' id='word_1_570' title='bbox 1941 1569 2037 1620; x_wconf 80' lang='lat' dir='ltr'><strong>xv,</strong></span> <span class='ocrx_word' id='word_1_571' title='bbox 2067 1553 2156 1624; x_wconf 73' lang='lat'><strong>10)</strong></span> <span class='ocrx_word' id='word_1_572' title='bbox 2181 1595 2195 1618; x_wconf 88' lang='lat'><strong>,</strong></span> <span class='ocrx_word' id='word_1_573' title='bbox 2221 1555 2465 1608; x_wconf 85' lang='lat' dir='ltr'><strong>eumdem</strong></span> <span class='ocrx_word' id='word_1_574' title='bbox 2503 1554 2721 1615; x_wconf 82' lang='lat' dir='ltr'><strong>deduxit</strong></span> <span class='ocrx_word' id='word_1_575' title='bbox 2743 1553 2807 1608; x_wconf 91' lang='lat' dir='ltr'><strong>ad</strong></span> <span class='ocrx_word' id='word_1_576' title='bbox 2840 1554 3040 1609; x_wconf 84' lang='lat' dir='ltr'><strong>inferos</strong></span> <span class='ocrx_word' id='word_1_577' title='bbox 3087 1563 3140 1608; x_wconf 92' lang='lat' dir='ltr'><strong>et</strong></span> <span class='ocrx_word' id='word_1_578' title='bbox 3167 1552 3394 1608; x_wconf 82' lang='lat' dir='ltr'><strong>reduxit.</strong></span> <span class='ocrx_word' id='word_1_579' title='bbox 3427 1553 3534 1608; x_wconf 85' lang='lat' dir='ltr'><strong>Hac</strong></span> 
     </span>
    </p>
   </div>
   <div class='ocr_carea' id='block_1_76' title="bbox 1943 1646 3538 1718">
    <p class='ocr_par' dir='ltr' id='par_1_76' title="bbox 1943 1646 3538 1718">
     <span class='ocr_line' id='line_1_76' title="bbox 1943 1646 3538 1718; baseline 0.001 -19"><span class='ocrx_word' id='word_1_580' title='bbox 1943 1646 2059 1717; x_wconf 85' lang='lat' dir='ltr'><strong>ejus</strong></span> <span class='ocrx_word' id='word_1_581' title='bbox 2090 1655 2402 1718; x_wconf 88' lang='lat' dir='ltr'><strong>paupertate</strong></span> <span class='ocrx_word' id='word_1_582' title='bbox 2443 1648 2592 1702; x_wconf 85' lang='lat' dir='ltr'><strong>dilati</strong></span> <span class='ocrx_word' id='word_1_583' title='bbox 2637 1663 2842 1703; x_wconf 84' lang='lat' dir='ltr'><strong>smnus.</strong></span> <span class='ocrx_word' id='word_1_584' title='bbox 2884 1647 3131 1702; x_wconf 88' lang='lat' dir='ltr'><strong>Dominus</strong></span> <span class='ocrx_word' id='word_1_585' title='bbox 3161 1648 3300 1702; x_wconf 89' lang='lat' dir='ltr'><strong>enim</strong></span> <span class='ocrx_word' id='word_1_586' title='bbox 3343 1664 3538 1718; x_wconf 85' lang='lat' dir='ltr'><strong>paupe-</strong></span> 
     </span>
    </p>
   </div>
   <div class='ocr_carea' id='block_1_77' title="bbox 1941 1739 3539 1812">
    <p class='ocr_par' dir='ltr' id='par_1_77' title="bbox 1941 1739 3539 1812">
     <span class='ocr_line' id='line_1_77' title="bbox 1941 1739 3539 1812; baseline 0.003 -19"><span class='ocrx_word' id='word_1_587' title='bbox 1941 1756 2021 1794; x_wconf 85' lang='lat' dir='ltr'><strong>res</strong></span> <span class='ocrx_word' id='word_1_588' title='bbox 2042 1739 2183 1810; x_wconf 75' lang='lat' dir='ltr'><strong>facit,</strong></span> <span class='ocrx_word' id='word_1_589' title='bbox 2212 1750 2261 1795; x_wconf 88' lang='lat' dir='ltr'><strong>et</strong></span> <span class='ocrx_word' id='word_1_590' title='bbox 2289 1741 2436 1795; x_wconf 81' lang='lat' dir='ltr'><strong>ditat.</strong></span> <span class='ocrx_word' id='word_1_591' title='bbox 2468 1740 2598 1797; x_wconf 85' lang='lat' dir='ltr'><strong>Nam</strong></span> <span class='ocrx_word' id='word_1_592' title='bbox 2629 1742 2752 1812; x_wconf 89' lang='lat' dir='ltr'><strong>quid</strong></span> <span class='ocrx_word' id='word_1_593' title='bbox 2781 1741 2881 1796; x_wconf 88' lang='lat' dir='ltr'><strong>hoc</strong></span> <span class='ocrx_word' id='word_1_594' title='bbox 2911 1741 2979 1796; x_wconf 90' lang='lat' dir='ltr'><strong>sit</strong></span> <span class='ocrx_word' id='word_1_595' title='bbox 3019 1751 3074 1796; x_wconf 92' lang='lat' dir='ltr'><strong>nt</strong></span> <span class='ocrx_word' id='word_1_596' title='bbox 3116 1741 3366 1808; x_wconf 87' lang='lat' dir='ltr'><strong>sciamus,</strong></span> <span class='ocrx_word' id='word_1_597' title='bbox 3395 1741 3539 1812; x_wconf 78' lang='lat' dir='ltr'><strong>quod</strong></span> 
     </span>
    </p>
   </div>
   <div class='ocr_carea' id='block_1_78' title="bbox 1943 1834 3538 1905">
    <p class='ocr_par' dir='ltr' id='par_1_78' title="bbox 1943 1834 3538 1905">
     <span class='ocr_line' id='line_1_78' title="bbox 1943 1834 3538 1905; baseline 0.001 -17"><span class='ocrx_word' id='word_1_598' title='bbox 1943 1834 2185 1904; x_wconf 90' lang='lat' dir='ltr'><strong>sequitur</strong></span> <span class='ocrx_word' id='word_1_599' title='bbox 2225 1834 2542 1890; x_wconf 88' lang='lat' dir='ltr'><strong>audiamus:</strong></span> <span class='ocrx_word' id='word_1_600' title='bbox 2589 1834 2865 1900; x_wconf 84' lang='lat' dir='ltr'><strong>llumitiat,</strong></span> <span class='ocrx_word' id='word_1_601' title='bbox 2899 1846 2942 1890; x_wconf 86' lang='lat' dir='ltr'><strong>et</strong></span> <span class='ocrx_word' id='word_1_602' title='bbox 2973 1835 3192 1900; x_wconf 72' lang='lat' dir='ltr'><strong>exultat;</strong></span> <span class='ocrx_word' id='word_1_603' title='bbox 3240 1836 3420 1905; x_wconf 88' lang='lat' dir='ltr'><strong>utique</strong></span> <span class='ocrx_word' id='word_1_604' title='bbox 3443 1849 3538 1890; x_wconf 88' lang='lat' dir='ltr'><strong>su-</strong></span> 
     </span>
    </p>
   </div>
   <div class='ocr_carea' id='block_1_79' title="bbox 1944 1925 3538 1997">
    <p class='ocr_par' dir='ltr' id='par_1_79' title="bbox 1944 1925 3538 1997">
     <span class='ocr_line' id='line_1_79' title="bbox 1944 1925 3538 1997; baseline -0.001 -16"><span class='ocrx_word' id='word_1_605' title='bbox 1944 1927 2138 1997; x_wconf 88' lang='lat' dir='ltr'><strong>perbos</strong></span> <span class='ocrx_word' id='word_1_606' title='bbox 2163 1926 2405 1982; x_wconf 90' lang='lat' dir='ltr'><strong>humiliat</strong></span> <span class='ocrx_word' id='word_1_607' title='bbox 2423 1969 2439 1995; x_wconf 91' lang='lat'><strong>,</strong></span> <span class='ocrx_word' id='word_1_608' title='bbox 2469 1935 2523 1982; x_wconf 88' lang='lat' dir='ltr'><strong>et</strong></span> <span class='ocrx_word' id='word_1_609' title='bbox 2551 1927 2781 1982; x_wconf 86' lang='lat' dir='ltr'><strong>humiles</strong></span> <span class='ocrx_word' id='word_1_610' title='bbox 2807 1927 3023 1982; x_wconf 76' lang='lat' dir='ltr'><strong>exultat.</strong></span> <span class='ocrx_word' id='word_1_611' title='bbox 3055 1927 3219 1995; x_wconf 74' lang='lat' dir='ltr'><strong>Quod</strong></span> <span class='ocrx_word' id='word_1_612' title='bbox 3241 1928 3381 1981; x_wconf 91' lang='lat' dir='ltr'><strong>enim</strong></span> <span class='ocrx_word' id='word_1_613' title='bbox 3411 1925 3538 1982; x_wconf 88' lang='lat' dir='ltr'><strong>alibi</strong></span> 
     </span>
    </p>
   </div>
   <div class='ocr_carea' id='block_1_80' title="bbox 1942 2017 3540 2090">
    <p class='ocr_par' dir='ltr' id='par_1_80' title="bbox 1942 2017 3540 2090">
     <span class='ocr_line' id='line_1_80' title="bbox 1942 2017 3540 2090; baseline -0.002 -16"><span class='ocrx_word' id='word_1_614' title='bbox 1942 2018 2157 2090; x_wconf 81' lang='lat' dir='ltr'><strong>legitur,</strong></span> <span class='ocrx_word' id='word_1_615' title='bbox 2205 2019 2340 2074; x_wconf 85' lang='lat' dir='ltr'><strong>Deus</strong></span> <span class='ocrx_word' id='word_1_616' title='bbox 2378 2021 2606 2090; x_wconf 85' lang='lat' dir='ltr'><strong>superbis</strong></span> <span class='ocrx_word' id='word_1_617' title='bbox 2658 2020 2874 2086; x_wconf 80' lang='lat' dir='ltr'><strong>resistit,</strong></span> <span class='ocrx_word' id='word_1_618' title='bbox 2923 2020 3195 2074; x_wconf 83' lang='lat' dir='ltr'><strong>humilibus</strong></span> <span class='ocrx_word' id='word_1_619' title='bbox 3234 2029 3402 2073; x_wconf 88' lang='lat' dir='ltr'><strong>autem</strong></span> <span class='ocrx_word' id='word_1_620' title='bbox 3448 2017 3540 2073; x_wconf 85' lang='lat' dir='ltr'><strong>dat</strong></span> 
     </span>
    </p>
   </div>
   <div class='ocr_carea' id='block_1_81' title="bbox 1942 2108 3537 2182">
    <p class='ocr_par' dir='ltr' id='par_1_81' title="bbox 1942 2108 3537 2182">
     <span class='ocr_line' id='line_1_81' title="bbox 1942 2108 3537 2182; baseline -0.002 -17"><span class='ocrx_word' id='word_1_621' title='bbox 1942 2112 2155 2181; x_wconf 86' lang='lat' dir='ltr'><strong>gratiam</strong></span> <span class='ocrx_word' id='word_1_622' title='bbox 2185 2109 2402 2180; x_wconf 84' lang='lat' dir='ltr'><strong>(Jacobi</strong></span> <span class='ocrx_word' id='word_1_623' title='bbox 2459 2128 2532 2176; x_wconf 84' lang='lat' dir='ltr'><strong>tv,</strong></span> <span class='ocrx_word' id='word_1_624' title='bbox 2559 2110 2647 2182; x_wconf 86' lang='lat'><strong>6);</strong></span> <span class='ocrx_word' id='word_1_625' title='bbox 2677 2111 2777 2167; x_wconf 86' lang='lat' dir='ltr'><strong>hoc</strong></span> <span class='ocrx_word' id='word_1_626' title='bbox 2810 2120 2952 2165; x_wconf 83' lang='lat' dir='ltr'><strong>totus</strong></span> <span class='ocrx_word' id='word_1_627' title='bbox 2978 2110 3331 2165; x_wconf 88' lang='lat' dir='ltr'><strong>habetsermo</strong></span> <span class='ocrx_word' id='word_1_628' title='bbox 3354 2108 3537 2179; x_wconf 86' lang='lat' dir='ltr'><strong>hujus,</strong></span> 
     </span>
    </p>
   </div>
   <div class='ocr_carea' id='block_1_82' title="bbox 1943 2202 3115 2274">
    <p class='ocr_par' dir='ltr' id='par_1_82' title="bbox 1943 2202 3115 2274">
     <span class='ocr_line' id='line_1_82' title="bbox 1943 2202 3115 2274; baseline -0.002 -16"><span class='ocrx_word' id='word_1_629' title='bbox 1943 2203 2093 2272; x_wconf 87' lang='lat' dir='ltr'><strong>cujus</strong></span> <span class='ocrx_word' id='word_1_630' title='bbox 2123 2218 2318 2259; x_wconf 90' lang='lat' dir='ltr'><strong>nomen</strong></span> <span class='ocrx_word' id='word_1_631' title='bbox 2361 2204 2741 2274; x_wconf 84' lang='lat' dir='ltr'><strong>interpretatur</strong></span> <span class='ocrx_word' id='word_1_632' title='bbox 2768 2203 2948 2259; x_wconf 89' lang='lat' dir='ltr'><strong>Gratia</strong></span> <span class='ocrx_word' id='word_1_633' title='bbox 2976 2202 3115 2272; x_wconf 90' lang='lat' dir='ltr'><strong>ejus.</strong></span> 
     </span>
    </p>
   </div>
   <div class='ocr_carea' id='block_1_83' title="bbox 2014 2292 3542 2366">
    <p class='ocr_par' dir='ltr' id='par_1_83' title="bbox 2014 2292 3542 2366">
     <span class='ocr_line' id='line_1_83' title="bbox 2014 2292 3542 2366; baseline -0.002 -18"><span class='ocrx_word' id='word_1_634' title='bbox 2014 2293 2065 2348; x_wconf 87' lang='lat'><strong>6.</strong></span> <span class='ocrx_word' id='word_1_635' title='bbox 2092 2292 2208 2349; x_wconf 80' lang='lat' dir='ltr'><strong>Jam</strong></span> <span class='ocrx_word' id='word_1_636' title='bbox 2231 2309 2360 2349; x_wconf 91' lang='lat' dir='ltr'><strong>vero</strong></span> <span class='ocrx_word' id='word_1_637' title='bbox 2379 2293 2520 2366; x_wconf 91' lang='lat' dir='ltr'><strong>quod</strong></span> <span class='ocrx_word' id='word_1_638' title='bbox 2540 2294 2866 2365; x_wconf 89' lang='lat' dir='ltr'><strong>adjungitur,</strong></span> <span class='ocrx_word' id='word_1_639' title='bbox 2891 2293 3117 2350; x_wconf 82' lang='lat' dir='ltr'><strong>Suscitat</strong></span> <span class='ocrx_word' id='word_1_640' title='bbox 3141 2310 3173 2346; x_wconf 89' lang='lat' dir='ltr'><strong>a</strong></span> <span class='ocrx_word' id='word_1_641' title='bbox 3193 2302 3327 2347; x_wconf 86' lang='lat' dir='ltr'><strong>terra</strong></span> <span class='ocrx_word' id='word_1_642' title='bbox 3347 2307 3542 2362; x_wconf 86' lang='lat' dir='ltr'><strong>paupe-</strong></span> 
     </span>
    </p>
   </div>
   <div class='ocr_carea' id='block_1_84' title="bbox 1941 2383 3542 2456">
    <p class='ocr_par' dir='ltr' id='par_1_84' title="bbox 1941 2383 3542 2456">
     <span class='ocr_line' id='line_1_84' title="bbox 1941 2383 3542 2456; baseline 0 -19"><span class='ocrx_word' id='word_1_643' title='bbox 1941 2399 2075 2438; x_wconf 84' lang='lat' dir='ltr'><strong>rem:</strong></span> <span class='ocrx_word' id='word_1_644' title='bbox 2097 2384 2164 2438; x_wconf 89' lang='lat' dir='ltr'><strong>de</strong></span> <span class='ocrx_word' id='word_1_645' title='bbox 2192 2384 2338 2439; x_wconf 91' lang='lat' dir='ltr'><strong>nullo</strong></span> <span class='ocrx_word' id='word_1_646' title='bbox 2357 2385 2548 2440; x_wconf 91' lang='lat' dir='ltr'><strong>melius</strong></span> <span class='ocrx_word' id='word_1_647' title='bbox 2569 2400 2727 2456; x_wconf 91' lang='lat' dir='ltr'><strong>quam</strong></span> <span class='ocrx_word' id='word_1_648' title='bbox 2752 2384 2819 2440; x_wconf 92' lang='lat' dir='ltr'><strong>de</strong></span> <span class='ocrx_word' id='word_1_649' title='bbox 2840 2383 2930 2439; x_wconf 93' lang='lat' dir='ltr'><strong>illo</strong></span> <span class='ocrx_word' id='word_1_650' title='bbox 2951 2383 3209 2455; x_wconf 88' lang='lat' dir='ltr'><strong>intelligo,</strong></span> <span class='ocrx_word' id='word_1_651' title='bbox 3229 2383 3319 2454; x_wconf 91' lang='lat' dir='ltr'><strong>qui</strong></span> <span class='ocrx_word' id='word_1_652' title='bbox 3334 2391 3542 2454; x_wconf 83' lang='lat' dir='ltr'><strong>propter</strong></span> 
     </span>
    </p>
   </div>
   <div class='ocr_carea' id='block_1_85' title="bbox 1943 2477 3538 2548">
    <p class='ocr_par' dir='ltr' id='par_1_85' title="bbox 1943 2477 3538 2548">
     <span class='ocr_line' id='line_1_85' title="bbox 1943 2477 3538 2548; baseline -0.001 -18"><span class='ocrx_word' id='word_1_653' title='bbox 1943 2492 2036 2530; x_wconf 87' lang='lat' dir='ltr'><strong>nos</strong></span> <span class='ocrx_word' id='word_1_654' title='bbox 2083 2480 2248 2547; x_wconf 81' lang='lat' dir='ltr'><strong>factus</strong></span> <span class='ocrx_word' id='word_1_655' title='bbox 2292 2486 2367 2530; x_wconf 84' lang='lat' dir='ltr'><strong>est</strong></span> <span class='ocrx_word' id='word_1_656' title='bbox 2417 2493 2627 2548; x_wconf 86' lang='lat' dir='ltr'><strong>pauper,</strong></span> <span class='ocrx_word' id='word_1_657' title='bbox 2661 2493 2774 2530; x_wconf 88' lang='lat' dir='ltr'><strong>cum</strong></span> <span class='ocrx_word' id='word_1_658' title='bbox 2820 2477 2958 2531; x_wconf 81' lang='lat' dir='ltr'><strong>dives</strong></span> <span class='ocrx_word' id='word_1_659' title='bbox 2984 2486 3153 2543; x_wconf 86' lang='lat' dir='ltr'><strong>esset,</strong></span> <span class='ocrx_word' id='word_1_660' title='bbox 3183 2487 3238 2530; x_wconf 89' lang='lat' dir='ltr'><strong>ut</strong></span> <span class='ocrx_word' id='word_1_661' title='bbox 3264 2477 3373 2548; x_wconf 84' lang='lat' dir='ltr'><strong>ejus</strong></span> <span class='ocrx_word' id='word_1_662' title='bbox 3403 2490 3538 2546; x_wconf 84' lang='lat' dir='ltr'><strong>pau-</strong></span> 
     </span>
    </p>
   </div>
   <div class='ocr_carea' id='block_1_86' title="bbox 1944 2563 3542 2640">
    <p class='ocr_par' dir='ltr' id='par_1_86' title="bbox 1944 2563 3542 2640">
     <span class='ocr_line' id='line_1_86' title="bbox 1944 2563 3542 2640; baseline -0.001 -18"><span class='ocrx_word' id='word_1_663' title='bbox 1944 2577 2136 2640; x_wconf 81' lang='lat' dir='ltr'><strong>pertate</strong></span> <span class='ocrx_word' id='word_1_664' title='bbox 2155 2609 2170 2634; x_wconf 93' lang='lat'><strong>,</strong></span> <span class='ocrx_word' id='word_1_665' title='bbox 2200 2567 2338 2622; x_wconf 88' lang='lat' dir='ltr'><strong>sicut</strong></span> <span class='ocrx_word' id='word_1_666' title='bbox 2370 2569 2530 2638; x_wconf 87' lang='lat' dir='ltr'><strong>paulo</strong></span> <span class='ocrx_word' id='word_1_667' title='bbox 2571 2576 2696 2623; x_wconf 87' lang='lat' dir='ltr'><strong>ante</strong></span> <span class='ocrx_word' id='word_1_668' title='bbox 2741 2567 2939 2622; x_wconf 91' lang='lat' dir='ltr'><strong>dictum</strong></span> <span class='ocrx_word' id='word_1_669' title='bbox 2969 2577 3052 2623; x_wconf 88' lang='lat' dir='ltr'><strong>est</strong></span> <span class='ocrx_word' id='word_1_670' title='bbox 3077 2609 3092 2636; x_wconf 97' lang='lat'><strong>,</strong></span> <span class='ocrx_word' id='word_1_671' title='bbox 3124 2567 3418 2621; x_wconf 88' lang='lat' dir='ltr'><strong>ditaremur.</strong></span> <span class='ocrx_word' id='word_1_672' title='bbox 3447 2565 3467 2638; x_wconf 92' lang='lat'><strong>(</strong></span> <span class='ocrx_word' id='word_1_673' title='bbox 3495 2563 3542 2621; x_wconf 91' lang='grc' dir='ltr'><strong>ιι</strong></span> 
     </span>
    </p>
   </div>
   <div class='ocr_carea' id='block_1_87' title="bbox 1945 2658 3542 2732">
    <p class='ocr_par' dir='ltr' id='par_1_87' title="bbox 1945 2658 3542 2732">
     <span class='ocr_line' id='line_1_87' title="bbox 1945 2658 3542 2732; baseline -0.002 -17"><span class='ocrx_word' id='word_1_674' title='bbox 1945 2658 2062 2715; x_wconf 88' lang='lat' dir='ltr'><strong>Cor.</strong></span> <span class='ocrx_word' id='word_1_675' title='bbox 2097 2677 2209 2727; x_wconf 84' lang='lat' dir='ltr'><strong>vin,</strong></span> <span class='ocrx_word' id='word_1_676' title='bbox 2244 2660 2320 2732; x_wconf 85' lang='lat'><strong>9).</strong></span> <span class='ocrx_word' id='word_1_677' title='bbox 2356 2661 2532 2731; x_wconf 88' lang='lat' dir='ltr'><strong>Ipsum</strong></span> <span class='ocrx_word' id='word_1_678' title='bbox 2559 2661 2702 2716; x_wconf 87' lang='lat' dir='ltr'><strong>enim</strong></span> <span class='ocrx_word' id='word_1_679' title='bbox 2728 2660 2796 2715; x_wconf 90' lang='lat' dir='ltr'><strong>de</strong></span> <span class='ocrx_word' id='word_1_680' title='bbox 2818 2668 2960 2716; x_wconf 87' lang='lat' dir='ltr'><strong>terra</strong></span> <span class='ocrx_word' id='word_1_681' title='bbox 2981 2659 3258 2715; x_wconf 89' lang='lat' dir='ltr'><strong>suscitavit</strong></span> <span class='ocrx_word' id='word_1_682' title='bbox 3276 2669 3382 2714; x_wconf 90' lang='lat' dir='ltr'><strong>tam</strong></span> <span class='ocrx_word' id='word_1_683' title='bbox 3409 2659 3542 2726; x_wconf 88' lang='lat' dir='ltr'><strong>cito,</strong></span> 
     </span>
    </p>
   </div>
   <div class='ocr_carea' id='block_1_88' title="bbox 1944 2744 3545 2823">
    <p class='ocr_par' dir='ltr' id='par_1_88' title="bbox 1944 2744 3545 2823">
     <span class='ocr_line' id='line_1_88' title="bbox 1944 2744 3545 2823; baseline -0.004 -15"><span class='ocrx_word' id='word_1_684' title='bbox 1944 2762 2002 2808; x_wconf 93' lang='lat' dir='ltr'><strong>ut</strong></span> <span class='ocrx_word' id='word_1_685' title='bbox 2026 2767 2153 2808; x_wconf 91' lang='lat' dir='ltr'><strong>caro</strong></span> <span class='ocrx_word' id='word_1_686' title='bbox 2173 2752 2288 2823; x_wconf 89' lang='lat' dir='ltr'><strong>ejus</strong></span> <span class='ocrx_word' id='word_1_687' title='bbox 2334 2767 2439 2808; x_wconf 90' lang='lat' dir='ltr'><strong>non</strong></span> <span class='ocrx_word' id='word_1_688' title='bbox 2489 2751 2697 2809; x_wconf 87' lang='lat' dir='ltr'><strong>videret</strong></span> <span class='ocrx_word' id='word_1_689' title='bbox 2723 2751 3144 2822; x_wconf 90' lang='lat' dir='ltr'><strong>corruptionem.</strong></span> <span class='ocrx_word' id='word_1_690' title='bbox 3186 2748 3294 2805; x_wconf 83' lang='lat' dir='ltr'><strong>Nec</strong></span> <span class='ocrx_word' id='word_1_691' title='bbox 3320 2747 3448 2804; x_wconf 92' lang='lat' dir='ltr'><strong>illud</strong></span> <span class='ocrx_word' id='word_1_692' title='bbox 3473 2744 3545 2802; x_wconf 88' lang='lat' dir='ltr'><strong>ab</strong></span> 
     </span>
    </p>
   </div>
   <div class='ocr_carea' id='block_1_89' title="bbox 1945 2839 3545 2916">
    <p class='ocr_par' dir='ltr' id='par_1_89' title="bbox 1945 2839 3545 2916">
     <span class='ocr_line' id='line_1_89' title="bbox 1945 2839 3545 2916; baseline -0.004 -17"><span class='ocrx_word' id='word_1_693' title='bbox 1945 2844 2036 2900; x_wconf 93' lang='lat' dir='ltr'><strong>illo</strong></span> <span class='ocrx_word' id='word_1_694' title='bbox 2062 2844 2327 2912; x_wconf 85' lang='lat' dir='ltr'><strong>alienabo,</strong></span> <span class='ocrx_word' id='word_1_695' title='bbox 2355 2844 2496 2916; x_wconf 89' lang='lat' dir='ltr'><strong>quod</strong></span> <span class='ocrx_word' id='word_1_696' title='bbox 2523 2844 2760 2900; x_wconf 88' lang='lat' dir='ltr'><strong>additum</strong></span> <span class='ocrx_word' id='word_1_697' title='bbox 2806 2851 2890 2898; x_wconf 91' lang='lat' dir='ltr'><strong>est</strong></span> <span class='ocrx_word' id='word_1_698' title='bbox 2913 2883 2928 2908; x_wconf 96' lang='lat'><strong>,</strong></span> <span class='ocrx_word' id='word_1_699' title='bbox 2957 2841 3026 2897; x_wconf 85' lang='lat' dir='ltr'><strong>Et</strong></span> <span class='ocrx_word' id='word_1_700' title='bbox 3062 2843 3126 2897; x_wconf 84' lang='lat' dir='ltr'><strong>de</strong></span> <span class='ocrx_word' id='word_1_701' title='bbox 3151 2851 3372 2896; x_wconf 84' lang='lat' dir='ltr'><strong>stercore</strong></span> <span class='ocrx_word' id='word_1_702' title='bbox 3397 2839 3545 2911; x_wconf 79' lang='lat' dir='ltr'><strong>erigit</strong></span> 
     </span>
    </p>
   </div>
   <div class='ocr_carea' id='block_1_90' title="bbox 1943 2933 3546 3008">
    <p class='ocr_par' dir='ltr' id='par_1_90' title="bbox 1943 2933 3546 3008">
     <span class='ocr_line' id='line_1_90' title="bbox 1943 2933 3546 3008; baseline -0.002 -18"><span class='ocrx_word' id='word_1_703' title='bbox 1943 2937 2166 3008; x_wconf 86' lang='lat' dir='ltr'><strong>inopem.</strong></span> <span class='ocrx_word' id='word_1_704' title='bbox 2214 2937 2374 3007; x_wconf 91' lang='lat' dir='ltr'><strong>Inops</strong></span> <span class='ocrx_word' id='word_1_705' title='bbox 2421 2937 2620 3008; x_wconf 90' lang='lat' dir='ltr'><strong>quippe</strong></span> <span class='ocrx_word' id='word_1_706' title='bbox 2666 2935 2809 2993; x_wconf 88' lang='lat' dir='ltr'><strong>idem</strong></span> <span class='ocrx_word' id='word_1_707' title='bbox 2856 2937 2947 3007; x_wconf 91' lang='lat' dir='ltr'><strong>qui</strong></span> <span class='ocrx_word' id='word_1_708' title='bbox 2995 2949 3202 3007; x_wconf 88' lang='lat' dir='ltr'><strong>pauper</strong></span> <span class='ocrx_word' id='word_1_709' title='bbox 3228 2935 3271 2991; x_wconf 80' lang='lat'><strong>&#39;.</strong></span> <span class='ocrx_word' id='word_1_710' title='bbox 3321 2933 3546 2988; x_wconf 86' lang='lat' dir='ltr'><strong>Stercus</strong></span> 
     </span>
    </p>
   </div>
   <div class='ocr_carea' id='block_1_91' title="bbox 1945 3025 3544 3096">
    <p class='ocr_par' dir='ltr' id='par_1_91' title="bbox 1945 3025 3544 3096">
     <span class='ocr_line' id='line_1_91' title="bbox 1945 3025 3544 3096; baseline -0.003 -14"><span class='ocrx_word' id='word_1_711' title='bbox 1945 3043 2074 3084; x_wconf 89' lang='lat' dir='ltr'><strong>vero</strong></span> <span class='ocrx_word' id='word_1_712' title='bbox 2101 3029 2240 3084; x_wconf 90' lang='lat' dir='ltr'><strong>unde</strong></span> <span class='ocrx_word' id='word_1_713' title='bbox 2269 3038 2480 3083; x_wconf 89' lang='lat' dir='ltr'><strong>erectus</strong></span> <span class='ocrx_word' id='word_1_714' title='bbox 2529 3037 2648 3094; x_wconf 88' lang='lat' dir='ltr'><strong>est,</strong></span> <span class='ocrx_word' id='word_1_715' title='bbox 2683 3027 2982 3082; x_wconf 85' lang='lat' dir='ltr'><strong>rectissime</strong></span> <span class='ocrx_word' id='word_1_716' title='bbox 3025 3025 3393 3096; x_wconf 88' lang='lat' dir='ltr'><strong>intelliguntur</strong></span> <span class='ocrx_word' id='word_1_717' title='bbox 3419 3037 3544 3096; x_wconf 90' lang='lat' dir='ltr'><strong>per-</strong></span> 
     </span>
    </p>
   </div>
   <div class='ocr_carea' id='block_1_92' title="bbox 1943 3117 3547 3192">
    <p class='ocr_par' dir='ltr' id='par_1_92' title="bbox 1943 3117 3547 3192">
     <span class='ocr_line' id='line_1_92' title="bbox 1943 3117 3547 3192; baseline -0.003 -15"><span class='ocrx_word' id='word_1_718' title='bbox 1943 3129 2219 3177; x_wconf 90' lang='lat' dir='ltr'><strong>secutores</strong></span> <span class='ocrx_word' id='word_1_719' title='bbox 2245 3120 2437 3189; x_wconf 79' lang='lat' dir='ltr'><strong>Judaei,</strong></span> <span class='ocrx_word' id='word_1_720' title='bbox 2476 3121 2530 3176; x_wconf 91' lang='lat' dir='ltr'><strong>in</strong></span> <span class='ocrx_word' id='word_1_721' title='bbox 2562 3136 2786 3192; x_wconf 90' lang='lat' dir='ltr'><strong>quorum</strong></span> <span class='ocrx_word' id='word_1_722' title='bbox 2820 3134 3046 3175; x_wconf 89' lang='lat' dir='ltr'><strong>numero</strong></span> <span class='ocrx_word' id='word_1_723' title='bbox 3070 3133 3192 3175; x_wconf 90' lang='lat' dir='ltr'><strong>cum</strong></span> <span class='ocrx_word' id='word_1_724' title='bbox 3220 3133 3280 3173; x_wconf 89' lang='lat' dir='ltr'><strong>se</strong></span> <span class='ocrx_word' id='word_1_725' title='bbox 3320 3117 3547 3172; x_wconf 83' lang='lat' dir='ltr'><strong>dixisset</strong></span> 
     </span>
    </p>
   </div>
   <div class='ocr_carea' id='block_1_93' title="bbox 1944 3208 3541 3284">
    <p class='ocr_par' dir='ltr' id='par_1_93' title="bbox 1944 3208 3541 3284">
     <span class='ocr_line' id='line_1_93' title="bbox 1944 3208 3541 3284; baseline -0.004 -16"><span class='ocrx_word' id='word_1_726' title='bbox 1944 3213 2233 3284; x_wconf 81' lang='lat' dir='ltr'><strong>Apostolus</strong></span> <span class='ocrx_word' id='word_1_727' title='bbox 2262 3212 2561 3268; x_wconf 88' lang='lat' dir='ltr'><strong>Ecclesiam</strong></span> <span class='ocrx_word' id='word_1_728' title='bbox 2592 3220 2952 3284; x_wconf 88' lang='lat' dir='ltr'><strong>persecutum,</strong></span> <span class='ocrx_word' id='word_1_729' title='bbox 2999 3209 3127 3278; x_wconf 69' lang='lat' dir='ltr'><strong>Qui:</strong></span> <span class='ocrx_word' id='word_1_730' title='bbox 3156 3210 3303 3276; x_wconf 86' lang='lat' dir='ltr'><strong>mihi,</strong></span> <span class='ocrx_word' id='word_1_731' title='bbox 3347 3208 3541 3279; x_wconf 91' lang='lat' dir='ltr'><strong>inquit,</strong></span> 
     </span>
    </p>
   </div>
   <div class='ocr_carea' id='block_1_94' title="bbox 1944 3301 3542 3377">
    <p class='ocr_par' dir='ltr' id='par_1_94' title="bbox 1944 3301 3542 3377">
     <span class='ocr_line' id='line_1_94' title="bbox 1944 3301 3542 3377; baseline -0.003 -17"><span class='ocrx_word' id='word_1_732' title='bbox 1944 3306 2148 3376; x_wconf 78' lang='lat' dir='ltr'><strong>[uerunt</strong></span> <span class='ocrx_word' id='word_1_733' title='bbox 2174 3305 2333 3373; x_wconf 87' lang='lat' dir='ltr'><strong>lucra,</strong></span> <span class='ocrx_word' id='word_1_734' title='bbox 2369 3306 2475 3361; x_wconf 70' lang='lat' dir='ltr'><strong>lucc</strong></span> <span class='ocrx_word' id='word_1_735' title='bbox 2504 3315 2709 3377; x_wconf 87' lang='lat' dir='ltr'><strong>propter</strong></span> <span class='ocrx_word' id='word_1_736' title='bbox 2737 3305 2992 3360; x_wconf 85' lang='lat' dir='ltr'><strong>Christum</strong></span> <span class='ocrx_word' id='word_1_737' title='bbox 3017 3303 3206 3358; x_wconf 80' lang='lat' dir='ltr'><strong>damna</strong></span> <span class='ocrx_word' id='word_1_738' title='bbox 3243 3318 3349 3358; x_wconf 86' lang='lat' dir='ltr'><strong>esse</strong></span> <span class='ocrx_word' id='word_1_739' title='bbox 3375 3301 3502 3356; x_wconf 71' lang='lat' dir='ltr'><strong>duxi</strong></span> <span class='ocrx_word' id='word_1_740' title='bbox 3517 3317 3542 3356; x_wconf 89' lang='lat'><strong>-:</strong></span> 
     </span>
    </p>
   </div>
   <div class='ocr_carea' id='block_1_95' title="bbox 1945 3392 3542 3465">
    <p class='ocr_par' dir='ltr' id='par_1_95' title="bbox 1945 3392 3542 3465">
     <span class='ocr_line' id='line_1_95' title="bbox 1945 3392 3542 3465; baseline -0.003 -14"><span class='ocrx_word' id='word_1_741' title='bbox 1945 3415 2035 3454; x_wconf 87' lang='lat' dir='ltr'><strong>nec</strong></span> <span class='ocrx_word' id='word_1_742' title='bbox 2076 3399 2241 3454; x_wconf 88' lang='lat' dir='ltr'><strong>solum</strong></span> <span class='ocrx_word' id='word_1_743' title='bbox 2284 3398 2601 3465; x_wconf 86' lang='lat' dir='ltr'><strong>detrimenta,</strong></span> <span class='ocrx_word' id='word_1_744' title='bbox 2630 3413 2804 3452; x_wconf 80' lang='lat' dir='ltr'><strong>verum</strong></span> <span class='ocrx_word' id='word_1_745' title='bbox 2830 3397 2978 3452; x_wconf 85' lang='lat' dir='ltr'><strong>etiam</strong></span> <span class='ocrx_word' id='word_1_746' title='bbox 3007 3406 3228 3451; x_wconf 84' lang='lat' dir='ltr'><strong>stercora</strong></span> <span class='ocrx_word' id='word_1_747' title='bbox 3257 3392 3542 3449; x_wconf 71' lang='lat' dir='ltr'><strong>existimavi</strong></span> 
     </span>
    </p>
   </div>
   <div class='ocr_carea' id='block_1_96' title="bbox 1945 3485 3532 3563">
    <p class='ocr_par' dir='ltr' id='par_1_96' title="bbox 1945 3485 3532 3563">
     <span class='ocr_line' id='line_1_96' title="bbox 1945 3485 3532 3563; baseline -0.002 -18"><span class='ocrx_word' id='word_1_748' title='bbox 1945 3507 2051 3547; x_wconf 85' lang='lat' dir='ltr'><strong>esse</strong></span> <span class='ocrx_word' id='word_1_749' title='bbox 2073 3534 2088 3558; x_wconf 93' lang='lat'><strong>,</strong></span> <span class='ocrx_word' id='word_1_750' title='bbox 2129 3502 2186 3546; x_wconf 87' lang='lat' dir='ltr'><strong>ut</strong></span> <span class='ocrx_word' id='word_1_751' title='bbox 2226 3490 2481 3546; x_wconf 86' lang='lat' dir='ltr'><strong>Christum</strong></span> <span class='ocrx_word' id='word_1_752' title='bbox 2528 3490 2878 3563; x_wconf 80' lang='lat' dir='ltr'><strong>lucrifacerem</strong></span> <span class='ocrx_word' id='word_1_753' title='bbox 2923 3490 3182 3562; x_wconf 84' lang='lat' dir='ltr'><strong>(Philipp.</strong></span> <span class='ocrx_word' id='word_1_754' title='bbox 3215 3503 3296 3555; x_wconf 89' lang='lat' dir='ltr'><strong>Ill,</strong></span> <span class='ocrx_word' id='word_1_755' title='bbox 3323 3488 3358 3542; x_wconf 86' lang='lat'><strong>7</strong></span> <span class='ocrx_word' id='word_1_756' title='bbox 3383 3485 3532 3556; x_wconf 74' lang='lat' dir='ltr'><strong>a8).</strong></span> 
     </span>
    </p>
   </div>
   <div class='ocr_carea' id='block_1_97' title="bbox 1947 3579 3542 3656">
    <p class='ocr_par' dir='ltr' id='par_1_97' title="bbox 1947 3579 3542 3656">
     <span class='ocr_line' id='line_1_97' title="bbox 1947 3579 3542 3656; baseline -0.004 -16"><span class='ocrx_word' id='word_1_757' title='bbox 1947 3585 2021 3640; x_wconf 90' lang='lat' dir='ltr'><strong>Dc</strong></span> <span class='ocrx_word' id='word_1_758' title='bbox 2070 3595 2208 3640; x_wconf 89' lang='lat' dir='ltr'><strong>terra</strong></span> <span class='ocrx_word' id='word_1_759' title='bbox 2237 3601 2364 3656; x_wconf 85' lang='lat' dir='ltr'><strong>ergo</strong></span> <span class='ocrx_word' id='word_1_760' title='bbox 2389 3585 2676 3640; x_wconf 88' lang='lat' dir='ltr'><strong>suscitatus</strong></span> <span class='ocrx_word' id='word_1_761' title='bbox 2701 3594 2782 3640; x_wconf 91' lang='lat' dir='ltr'><strong>est</strong></span> <span class='ocrx_word' id='word_1_762' title='bbox 2817 3584 2904 3639; x_wconf 90' lang='lat' dir='ltr'><strong>ille</strong></span> <span class='ocrx_word' id='word_1_763' title='bbox 2927 3598 3088 3654; x_wconf 86' lang='lat' dir='ltr'><strong>supra</strong></span> <span class='ocrx_word' id='word_1_764' title='bbox 3134 3596 3322 3637; x_wconf 89' lang='lat' dir='ltr'><strong>omnes</strong></span> <span class='ocrx_word' id='word_1_765' title='bbox 3349 3579 3542 3634; x_wconf 88' lang='lat' dir='ltr'><strong>divites</strong></span> 
     </span>
    </p>
   </div>
   <div class='ocr_carea' id='block_1_98' title="bbox 1946 3669 3540 3741">
    <p class='ocr_par' dir='ltr' id='par_1_98' title="bbox 1946 3669 3540 3741">
     <span class='ocr_line' id='line_1_98' title="bbox 1946 3669 3540 3741; baseline -0.004 -18"><span class='ocrx_word' id='word_1_766' title='bbox 1946 3685 2145 3741; x_wconf 86' lang='lat' dir='ltr'><strong>pauper</strong></span> <span class='ocrx_word' id='word_1_767' title='bbox 2168 3711 2182 3735; x_wconf 91' lang='lat'><strong>,</strong></span> <span class='ocrx_word' id='word_1_768' title='bbox 2229 3680 2283 3725; x_wconf 89' lang='lat' dir='ltr'><strong>et</strong></span> <span class='ocrx_word' id='word_1_769' title='bbox 2319 3671 2386 3725; x_wconf 92' lang='lat' dir='ltr'><strong>de</strong></span> <span class='ocrx_word' id='word_1_770' title='bbox 2427 3669 2518 3724; x_wconf 93' lang='lat' dir='ltr'><strong>illo</strong></span> <span class='ocrx_word' id='word_1_771' title='bbox 2545 3679 2784 3725; x_wconf 89' lang='lat' dir='ltr'><strong>stercore</strong></span> <span class='ocrx_word' id='word_1_772' title='bbox 2808 3679 3020 3724; x_wconf 88' lang='lat' dir='ltr'><strong>erectus</strong></span> <span class='ocrx_word' id='word_1_773' title='bbox 3043 3676 3126 3722; x_wconf 87' lang='lat' dir='ltr'><strong>est</strong></span> <span class='ocrx_word' id='word_1_774' title='bbox 3162 3679 3320 3736; x_wconf 87' lang='lat' dir='ltr'><strong>supra</strong></span> <span class='ocrx_word' id='word_1_775' title='bbox 3350 3675 3540 3719; x_wconf 88' lang='lat' dir='ltr'><strong>omnes</strong></span> 
     </span>
    </p>
   </div>
   <div class='ocr_carea' id='block_1_99' title="bbox 1944 3757 3532 3833">
    <p class='ocr_par' dir='ltr' id='par_1_99' title="bbox 1944 3757 3532 3833">
     <span class='ocr_line' id='line_1_99' title="bbox 1944 3757 3532 3833; baseline -0.005 -15"><span class='ocrx_word' id='word_1_776' title='bbox 1944 3763 2225 3832; x_wconf 86' lang='lat' dir='ltr'><strong>Opulentos</strong></span> <span class='ocrx_word' id='word_1_777' title='bbox 2256 3763 2342 3817; x_wconf 90' lang='lat' dir='ltr'><strong>ille</strong></span> <span class='ocrx_word' id='word_1_778' title='bbox 2368 3763 2554 3832; x_wconf 89' lang='lat' dir='ltr'><strong>inops:</strong></span> <span class='ocrx_word' id='word_1_779' title='bbox 2587 3773 2644 3816; x_wconf 86' lang='lat' dir='ltr'><strong>ut</strong></span> <span class='ocrx_word' id='word_1_780' title='bbox 2683 3762 2850 3816; x_wconf 83' lang='lat' dir='ltr'><strong>sedeat</strong></span> <span class='ocrx_word' id='word_1_781' title='bbox 2888 3777 3000 3815; x_wconf 88' lang='lat' dir='ltr'><strong>cum</strong></span> <span class='ocrx_word' id='word_1_782' title='bbox 3031 3760 3312 3833; x_wconf 84' lang='lat' dir='ltr'><strong>potentibus</strong></span> <span class='ocrx_word' id='word_1_783' title='bbox 3339 3757 3532 3829; x_wconf 81' lang='lat' dir='ltr'><strong>pepuli,</strong></span> 
     </span>
    </p>
   </div>
   <div class='ocr_carea' id='block_1_100' title="bbox 1943 3849 3537 3925">
    <p class='ocr_par' dir='ltr' id='par_1_100' title="bbox 1943 3849 3537 3925">
     <span class='ocr_line' id='line_1_100' title="bbox 1943 3849 3537 3925; baseline -0.004 -17"><span class='ocrx_word' id='word_1_784' title='bbox 1943 3855 2137 3925; x_wconf 83' lang='lat' dir='ltr'><strong>quibus</strong></span> <span class='ocrx_word' id='word_1_785' title='bbox 2163 3855 2276 3920; x_wconf 86' lang='lat' dir='ltr'><strong>ait,</strong></span> <span class='ocrx_word' id='word_1_786' title='bbox 2323 3853 2573 3909; x_wconf 86' lang='lat' dir='ltr'><strong>Sedebitis</strong></span> <span class='ocrx_word' id='word_1_787' title='bbox 2612 3870 2763 3924; x_wconf 85' lang='lat' dir='ltr'><strong>super</strong></span> <span class='ocrx_word' id='word_1_788' title='bbox 2786 3852 3052 3907; x_wconf 87' lang='lat' dir='ltr'><strong>duodecim</strong></span> <span class='ocrx_word' id='word_1_789' title='bbox 3083 3853 3241 3906; x_wconf 82' lang='lat' dir='ltr'><strong>sedes.</strong></span> <span class='ocrx_word' id='word_1_790' title='bbox 3277 3850 3340 3904; x_wconf 86' lang='lat' dir='ltr'><strong>Et</strong></span> <span class='ocrx_word' id='word_1_791' title='bbox 3371 3849 3537 3903; x_wconf 83' lang='lat' dir='ltr'><strong>sedem</strong></span> 
     </span>
    </p>
   </div>
   <div class='ocr_carea' id='block_1_101' title="bbox 1945 3947 3538 4022">
    <p class='ocr_par' dir='ltr' id='par_1_101' title="bbox 1945 3947 3538 4022">
     <span class='ocr_line' id='line_1_101' title="bbox 1945 3947 3538 4022; baseline -0.004 -20"><span class='ocrx_word' id='word_1_792' title='bbox 1945 3949 2120 4022; x_wconf 67' lang='lat' dir='ltr'><strong>gloria</strong></span> <span class='ocrx_word' id='word_1_793' title='bbox 2158 3947 2498 4002; x_wconf 79' lang='lat' dir='ltr'><strong>hcereditatcm</strong></span> <span class='ocrx_word' id='word_1_794' title='bbox 2529 3947 2657 4001; x_wconf 87' lang='lat' dir='ltr'><strong>dans</strong></span> <span class='ocrx_word' id='word_1_795' title='bbox 2699 3948 2788 4000; x_wconf 85' lang='lat' dir='ltr'><strong>eis.</strong></span> <span class='ocrx_word' id='word_1_796' title='bbox 2817 3947 3075 4002; x_wconf 74' lang='lat' dir='ltr'><strong>Dixerunt</strong></span> <span class='ocrx_word' id='word_1_797' title='bbox 3120 3947 3261 4001; x_wconf 90' lang='lat' dir='ltr'><strong>enim</strong></span> <span class='ocrx_word' id='word_1_798' title='bbox 3294 3953 3538 4016; x_wconf 82' lang='lat' dir='ltr'><strong>potentes</strong></span> 
     </span>
    </p>
   </div>
   <div class='ocr_carea' id='block_1_102' title="bbox 1946 4031 3540 4106">
    <p class='ocr_par' dir='ltr' id='par_1_102' title="bbox 1946 4031 3540 4106">
     <span class='ocr_line' id='line_1_102' title="bbox 1946 4031 3540 4106; baseline -0.003 -12"><span class='ocrx_word' id='word_1_799' title='bbox 1946 4039 2059 4106; x_wconf 89' lang='lat' dir='ltr'><strong>illi,</strong></span> <span class='ocrx_word' id='word_1_800' title='bbox 2107 4039 2237 4094; x_wconf 81' lang='lat' dir='ltr'><strong>Ecce</strong></span> <span class='ocrx_word' id='word_1_801' title='bbox 2284 4057 2374 4094; x_wconf 90' lang='lat' dir='ltr'><strong>nos</strong></span> <span class='ocrx_word' id='word_1_802' title='bbox 2401 4039 2683 4094; x_wconf 86' lang='lat' dir='ltr'><strong>dimisimus</strong></span> <span class='ocrx_word' id='word_1_803' title='bbox 2728 4040 2919 4105; x_wconf 86' lang='lat' dir='ltr'><strong>omnia,</strong></span> <span class='ocrx_word' id='word_1_804' title='bbox 2962 4047 3008 4092; x_wconf 83' lang='lat' dir='ltr'><strong>et</strong></span> <span class='ocrx_word' id='word_1_805' title='bbox 3054 4039 3210 4093; x_wconf 87' lang='lat' dir='ltr'><strong>secuti</strong></span> <span class='ocrx_word' id='word_1_806' title='bbox 3259 4054 3432 4091; x_wconf 77' lang='lat' dir='ltr'><strong>sanius</strong></span> <span class='ocrx_word' id='word_1_807' title='bbox 3492 4031 3540 4090; x_wconf 85' lang='lat' dir='ltr'><strong>te</strong></span> 
     </span>
    </p>
   </div>
   <div class='ocr_carea' id='block_1_103' title="bbox 1947 4127 3534 4203">
    <p class='ocr_par' dir='ltr' id='par_1_103' title="bbox 1947 4127 3534 4203">
     <span class='ocr_line' id='line_1_103' title="bbox 1947 4127 3534 4203; baseline -0.002 -19"><span class='ocrx_word' id='word_1_808' title='bbox 1947 4130 2158 4203; x_wconf 80' lang='lat' dir='ltr'><strong>(Matth.</strong></span> <span class='ocrx_word' id='word_1_809' title='bbox 2190 4147 2302 4199; x_wconf 71' lang='lat' dir='ltr'><strong>XIX,</strong></span> <span class='ocrx_word' id='word_1_810' title='bbox 2333 4131 2424 4199; x_wconf 75' lang='lat'><strong>28,</strong></span> <span class='ocrx_word' id='word_1_811' title='bbox 2452 4131 2547 4202; x_wconf 74' lang='lat'><strong>27)</strong></span> <span class='ocrx_word' id='word_1_812' title='bbox 2577 4174 2591 4197; x_wconf 94' lang='lat'><strong>,</strong></span> <span class='ocrx_word' id='word_1_813' title='bbox 2615 4131 2714 4186; x_wconf 90' lang='lat' dir='ltr'><strong>hoc</strong></span> <span class='ocrx_word' id='word_1_814' title='bbox 2741 4139 2923 4186; x_wconf 86' lang='lat' dir='ltr'><strong>votum</strong></span> <span class='ocrx_word' id='word_1_815' title='bbox 2971 4130 3342 4200; x_wconf 83' lang='lat' dir='ltr'><strong>potentissime</strong></span> <span class='ocrx_word' id='word_1_816' title='bbox 3371 4127 3390 4158; x_wconf 83' lang='grc'><strong>³</strong></span> <span class='ocrx_word' id='word_1_817' title='bbox 3439 4144 3534 4181; x_wconf 88' lang='lat' dir='ltr'><strong>vo-</strong></span> 
     </span>
    </p>
   </div>
   <div class='ocr_carea' id='block_1_104' title="bbox 1949 4235 2158 4280">
    <p class='ocr_par' dir='ltr' id='par_1_104' title="bbox 1949 4235 2158 4280">
     <span class='ocr_line' id='line_1_104' title="bbox 1949 4235 2158 4280; baseline 0.014 -3"><span class='ocrx_word' id='word_1_818' title='bbox 1949 4239 2074 4280; x_wconf 71' lang='lat' dir='ltr'><strong>VCI‘D</strong></span> <span class='ocrx_word' id='word_1_819' title='bbox 2084 4235 2158 4280; x_wconf 76' lang='grc' dir='ltr'>ιιι.</span> 
     </span>
    </p>
   </div>
   <div class='ocr_carea' id='block_1_105' title="bbox 2018 4313 3535 4385">
    <p class='ocr_par' dir='ltr' id='par_1_105' title="bbox 2018 4313 3535 4385">
     <span class='ocr_line' id='line_1_105' title="bbox 2018 4313 3535 4385; baseline -0.003 -15"><span class='ocrx_word' id='word_1_820' title='bbox 2018 4316 2070 4370; x_wconf 89' lang='lat'><strong>7.</strong></span> <span class='ocrx_word' id='word_1_821' title='bbox 2113 4316 2218 4372; x_wconf 89' lang='lat' dir='ltr'><strong>Sed</strong></span> <span class='ocrx_word' id='word_1_822' title='bbox 2251 4316 2389 4372; x_wconf 92' lang='lat' dir='ltr'><strong>unde</strong></span> <span class='ocrx_word' id='word_1_823' title='bbox 2417 4317 2516 4371; x_wconf 91' lang='lat' dir='ltr'><strong>hoc</strong></span> <span class='ocrx_word' id='word_1_824' title='bbox 2546 4317 2648 4383; x_wconf 88' lang='lat' dir='ltr'><strong>eis,</strong></span> <span class='ocrx_word' id='word_1_825' title='bbox 2678 4317 2777 4371; x_wconf 88' lang='lat' dir='ltr'><strong>nisi</strong></span> <span class='ocrx_word' id='word_1_826' title='bbox 2805 4317 2873 4370; x_wconf 78' lang='lat' dir='ltr'><strong>al)</strong></span> <span class='ocrx_word' id='word_1_827' title='bbox 2901 4315 3012 4380; x_wconf 88' lang='lat' dir='ltr'><strong>illo,</strong></span> <span class='ocrx_word' id='word_1_828' title='bbox 3043 4316 3110 4369; x_wconf 89' lang='lat' dir='ltr'><strong>dc</strong></span> <span class='ocrx_word' id='word_1_829' title='bbox 3140 4331 3247 4385; x_wconf 89' lang='lat' dir='ltr'><strong>quo</strong></span> <span class='ocrx_word' id='word_1_830' title='bbox 3278 4313 3363 4368; x_wconf 90' lang='lat' dir='ltr'><strong>hic</strong></span> <span class='ocrx_word' id='word_1_831' title='bbox 3399 4326 3535 4367; x_wconf 85' lang='lat' dir='ltr'><strong>con-</strong></span> 
     </span>
    </p>
   </div>
   <div class='ocr_carea' id='block_1_106' title="bbox 1947 4406 3534 4476">
    <p class='ocr_par' dir='ltr' id='par_1_106' title="bbox 1947 4406 3534 4476">
     <span class='ocr_line' id='line_1_106' title="bbox 1947 4406 3534 4476; baseline -0.003 -11"><span class='ocrx_word' id='word_1_832' title='bbox 1947 4411 2096 4465; x_wconf 90' lang='lat' dir='ltr'><strong>tinuo</strong></span> <span class='ocrx_word' id='word_1_833' title='bbox 2139 4409 2338 4466; x_wconf 85' lang='lat' dir='ltr'><strong>dictum</strong></span> <span class='ocrx_word' id='word_1_834' title='bbox 2380 4421 2482 4476; x_wconf 90' lang='lat' dir='ltr'><strong>est,</strong></span> <span class='ocrx_word' id='word_1_835' title='bbox 2528 4409 2671 4464; x_wconf 90' lang='lat' dir='ltr'><strong>Dans</strong></span> <span class='ocrx_word' id='word_1_836' title='bbox 2711 4421 2878 4464; x_wconf 82' lang='lat' dir='ltr'><strong>votum</strong></span> <span class='ocrx_word' id='word_1_837' title='bbox 2922 4409 3162 4463; x_wconf 84' lang='lat' dir='ltr'><strong>voventi?</strong></span> <span class='ocrx_word' id='word_1_838' title='bbox 3195 4406 3442 4476; x_wconf 73' lang='lat' dir='ltr'><strong>Alioquin</strong></span> <span class='ocrx_word' id='word_1_839' title='bbox 3467 4422 3534 4460; x_wconf 79' lang='lat' dir='ltr'><strong>ex</strong></span> 
     </span>
    </p>
   </div>
   <div class='ocr_carea' id='block_1_107' title="bbox 1948 4502 3530 4574">
    <p class='ocr_par' dir='ltr' id='par_1_107' title="bbox 1948 4502 3530 4574">
     <span class='ocr_line' id='line_1_107' title="bbox 1948 4502 3530 4574; baseline -0.002 -18"><span class='ocrx_word' id='word_1_840' title='bbox 1948 4502 2051 4557; x_wconf 89' lang='lat' dir='ltr'><strong>illis</strong></span> <span class='ocrx_word' id='word_1_841' title='bbox 2074 4513 2257 4558; x_wconf 89' lang='lat' dir='ltr'><strong>essent</strong></span> <span class='ocrx_word' id='word_1_842' title='bbox 2291 4504 2620 4574; x_wconf 85' lang='lat' dir='ltr'><strong>potentibus,</strong></span> <span class='ocrx_word' id='word_1_843' title='bbox 2648 4519 2876 4574; x_wconf 89' lang='lat' dir='ltr'><strong>quorum</strong></span> <span class='ocrx_word' id='word_1_844' title='bbox 2913 4502 3211 4557; x_wconf 83' lang='lat' dir='ltr'><strong>inﬁrmatus</strong></span> <span class='ocrx_word' id='word_1_845' title='bbox 3246 4508 3328 4554; x_wconf 89' lang='lat' dir='ltr'><strong>cst</strong></span> <span class='ocrx_word' id='word_1_846' title='bbox 3350 4514 3530 4554; x_wconf 86' lang='lat' dir='ltr'><strong>arcus.</strong></span> 
     </span>
    </p>
   </div>
   <div class='ocr_carea' id='block_1_108' title="bbox 1949 4593 3533 4667">
    <p class='ocr_par' dir='ltr' id='par_1_108' title="bbox 1949 4593 3533 4667">
     <span class='ocr_line' id='line_1_108' title="bbox 1949 4593 3533 4667; baseline -0.001 -19"><span class='ocrx_word' id='word_1_847' title='bbox 1949 4593 2123 4661; x_wconf 91' lang='lat' dir='ltr'><strong>Dans,</strong></span> <span class='ocrx_word' id='word_1_848' title='bbox 2175 4597 2381 4667; x_wconf 89' lang='lat' dir='ltr'><strong>inquit,</strong></span> <span class='ocrx_word' id='word_1_849' title='bbox 2442 4606 2612 4649; x_wconf 85' lang='lat' dir='ltr'><strong>votum</strong></span> <span class='ocrx_word' id='word_1_850' title='bbox 2659 4596 2864 4650; x_wconf 84' lang='lat' dir='ltr'><strong>voventi.</strong></span> <span class='ocrx_word' id='word_1_851' title='bbox 2927 4593 3045 4650; x_wconf 87' lang='lat' dir='ltr'><strong>Non</strong></span> <span class='ocrx_word' id='word_1_852' title='bbox 3109 4594 3250 4652; x_wconf 90' lang='lat' dir='ltr'><strong>enim</strong></span> <span class='ocrx_word' id='word_1_853' title='bbox 3306 4593 3533 4647; x_wconf 88' lang='lat' dir='ltr'><strong>Domino</strong></span> 
     </span>
    </p>
   </div>
   <div class='ocr_carea' id='block_1_109' title="bbox 1946 4683 3534 4756">
    <p class='ocr_par' dir='ltr' id='par_1_109' title="bbox 1946 4683 3534 4756">
     <span class='ocr_line' id='line_1_109' title="bbox 1946 4683 3534 4756; baseline -0.001 -17"><span class='ocrx_word' id='word_1_854' title='bbox 1946 4685 2223 4756; x_wconf 87' lang='lat' dir='ltr'><strong>quisquam</strong></span> <span class='ocrx_word' id='word_1_855' title='bbox 2272 4685 2558 4756; x_wconf 90' lang='lat' dir='ltr'><strong>quidquam</strong></span> <span class='ocrx_word' id='word_1_856' title='bbox 2611 4696 2814 4742; x_wconf 87' lang='lat' dir='ltr'><strong>rectum</strong></span> <span class='ocrx_word' id='word_1_857' title='bbox 2860 4695 3112 4751; x_wconf 87' lang='lat' dir='ltr'><strong>voveret,</strong></span> <span class='ocrx_word' id='word_1_858' title='bbox 3163 4684 3263 4740; x_wconf 88' lang='lat' dir='ltr'><strong>nisi</strong></span> <span class='ocrx_word' id='word_1_859' title='bbox 3319 4683 3410 4754; x_wconf 90' lang='lat' dir='ltr'><strong>qui</strong></span> <span class='ocrx_word' id='word_1_860' title='bbox 3465 4684 3534 4738; x_wconf 90' lang='lat' dir='ltr'><strong>ab</strong></span> 
     </span>
    </p>
   </div>
   <div class='ocr_carea' id='block_1_110' title="bbox 1947 4775 3534 4849">
    <p class='ocr_par' dir='ltr' id='par_1_110' title="bbox 1947 4775 3534 4849">
     <span class='ocr_line' id='line_1_110' title="bbox 1947 4775 3534 4849; baseline -0.005 -16"><span class='ocrx_word' id='word_1_861' title='bbox 1947 4777 2036 4833; x_wconf 89' lang='lat' dir='ltr'><strong>illo</strong></span> <span class='ocrx_word' id='word_1_862' title='bbox 2050 4779 2317 4848; x_wconf 89' lang='lat' dir='ltr'><strong>acciperet</strong></span> <span class='ocrx_word' id='word_1_863' title='bbox 2337 4777 2477 4849; x_wconf 89' lang='lat' dir='ltr'><strong>quod</strong></span> <span class='ocrx_word' id='word_1_864' title='bbox 2496 4786 2734 4834; x_wconf 86' lang='lat' dir='ltr'><strong>voveret.</strong></span> <span class='ocrx_word' id='word_1_865' title='bbox 2753 4777 3096 4849; x_wconf 80' lang='lat' dir='ltr'><strong>Sequitur,Et</strong></span> <span class='ocrx_word' id='word_1_866' title='bbox 3115 4775 3534 4831; x_wconf 67' lang='lat' dir='ltr'><strong>benedixitannos</strong></span> 
     </span>
    </p>
   </div>
   <div class='ocr_carea' id='block_1_111' title="bbox 1939 4868 3530 4943">
    <p class='ocr_par' dir='ltr' id='par_1_111' title="bbox 1939 4868 3530 4943">
     <span class='ocr_line' id='line_1_111' title="bbox 1939 4868 3530 4943; baseline -0.004 -18"><span class='ocrx_word' id='word_1_867' title='bbox 1939 4871 2069 4943; x_wconf 82' lang='lat' dir='ltr'><strong>justi</strong></span> <span class='ocrx_word' id='word_1_868' title='bbox 2105 4888 2123 4927; x_wconf 92' lang='lat'><strong><em>:</em></strong></span> <span class='ocrx_word' id='word_1_869' title='bbox 2150 4879 2208 4928; x_wconf 89' lang='lat' dir='ltr'><strong>ut</strong></span> <span class='ocrx_word' id='word_1_870' title='bbox 2261 4886 2384 4927; x_wconf 91' lang='lat' dir='ltr'><strong>cum</strong></span> <span class='ocrx_word' id='word_1_871' title='bbox 2413 4871 2504 4927; x_wconf 91' lang='lat' dir='ltr'><strong>illo</strong></span> <span class='ocrx_word' id='word_1_872' title='bbox 2533 4872 2736 4926; x_wconf 88' lang='lat' dir='ltr'><strong>scilicet</strong></span> <span class='ocrx_word' id='word_1_873' title='bbox 2757 4873 2871 4926; x_wconf 86' lang='lat' dir='ltr'><strong>sine</strong></span> <span class='ocrx_word' id='word_1_874' title='bbox 2899 4869 3006 4928; x_wconf 89' lang='lat' dir='ltr'><strong>ﬁne</strong></span> <span class='ocrx_word' id='word_1_875' title='bbox 3033 4872 3194 4931; x_wconf 85' lang='lat' dir='ltr'><strong>vivat,</strong></span> <span class='ocrx_word' id='word_1_876' title='bbox 3217 4869 3302 4922; x_wconf 77' lang='lat' dir='ltr'><strong>cui</strong></span> <span class='ocrx_word' id='word_1_877' title='bbox 3329 4868 3530 4921; x_wconf 91' lang='lat' dir='ltr'><strong>dictum</strong></span> 
     </span>
    </p>
   </div>
   <div class='ocr_carea' id='block_1_112' title="bbox 1946 4955 3531 5034">
    <p class='ocr_par' dir='ltr' id='par_1_112' title="bbox 1946 4955 3531 5034">
     <span class='ocr_line' id='line_1_112' title="bbox 1946 4955 3531 5034; baseline -0.005 -16"><span class='ocrx_word' id='word_1_878' title='bbox 1946 4971 2048 5031; x_wconf 90' lang='lat' dir='ltr'><strong>est,</strong></span> <span class='ocrx_word' id='word_1_879' title='bbox 2095 4960 2164 5018; x_wconf 87' lang='lat' dir='ltr'><strong>Et</strong></span> <span class='ocrx_word' id='word_1_880' title='bbox 2189 4964 2308 5018; x_wconf 87' lang='lat' dir='ltr'><strong>anni</strong></span> <span class='ocrx_word' id='word_1_881' title='bbox 2338 4965 2412 5018; x_wconf 87' lang='lat' dir='ltr'><strong>tui</strong></span> <span class='ocrx_word' id='word_1_882' title='bbox 2454 4979 2556 5019; x_wconf 86' lang='lat' dir='ltr'><strong>non</strong></span> <span class='ocrx_word' id='word_1_883' title='bbox 2578 4963 2811 5034; x_wconf 74' lang='lat' dir='ltr'><strong>deficient</strong></span> <span class='ocrx_word' id='word_1_884' title='bbox 2841 4961 3009 5034; x_wconf 87' lang='lat' dir='ltr'><strong>(Psal.</strong></span> <span class='ocrx_word' id='word_1_885' title='bbox 3037 4977 3107 5025; x_wconf 77' lang='lat' dir='ltr'><strong>at,</strong></span> <span class='ocrx_word' id='word_1_886' title='bbox 3133 4960 3247 5026; x_wconf 73' lang='lat'><strong>28).</strong></span> <span class='ocrx_word' id='word_1_887' title='bbox 3279 4955 3353 5012; x_wconf 89' lang='lat' dir='ltr'><strong>Ibi</strong></span> <span class='ocrx_word' id='word_1_888' title='bbox 3387 4960 3531 5012; x_wconf 84' lang='lat' dir='ltr'><strong>enim</strong></span> 
     </span>
    </p>
   </div>
   <div class='ocr_carea' id='block_1_113' title="bbox 1945 5053 3530 5122">
    <p class='ocr_par' dir='ltr' id='par_1_113' title="bbox 1945 5053 3530 5122">
     <span class='ocr_line' id='line_1_113' title="bbox 1945 5053 3530 5122; baseline -0.006 -12"><span class='ocrx_word' id='word_1_889' title='bbox 1945 5063 2088 5111; x_wconf 78' lang='lat' dir='ltr'><strong>stent</strong></span> <span class='ocrx_word' id='word_1_890' title='bbox 2116 5054 2264 5122; x_wconf 90' lang='lat' dir='ltr'><strong>anni,</strong></span> <span class='ocrx_word' id='word_1_891' title='bbox 2288 5053 2375 5110; x_wconf 91' lang='lat' dir='ltr'><strong>hic</strong></span> <span class='ocrx_word' id='word_1_892' title='bbox 2402 5063 2580 5112; x_wconf 90' lang='lat' dir='ltr'><strong>autem</strong></span> <span class='ocrx_word' id='word_1_893' title='bbox 2611 5063 2909 5122; x_wconf 89' lang='lat' dir='ltr'><strong>transeunt,</strong></span> <span class='ocrx_word' id='word_1_894' title='bbox 2943 5055 3053 5108; x_wconf 87' lang='lat' dir='ltr'><strong>imo</strong></span> <span class='ocrx_word' id='word_1_895' title='bbox 3079 5059 3338 5122; x_wconf 89' lang='lat' dir='ltr'><strong>pereunt:</strong></span> <span class='ocrx_word' id='word_1_896' title='bbox 3378 5057 3530 5122; x_wconf 59' lang='lat' dir='ltr'><strong>antc-</strong></span> 
     </span>
    </p>
   </div>
   <div class='ocr_carea' id='block_1_114' title="bbox 1945 5140 3529 5219">
    <p class='ocr_par' dir='ltr' id='par_1_114' title="bbox 1945 5140 3529 5219">
     <span class='ocr_line' id='line_1_114' title="bbox 1945 5140 3529 5219; baseline -0.005 -17"><span class='ocrx_word' id='word_1_897' title='bbox 1945 5163 2106 5219; x_wconf 90' lang='lat' dir='ltr'><strong>quam</strong></span> <span class='ocrx_word' id='word_1_898' title='bbox 2137 5148 2278 5203; x_wconf 91' lang='lat' dir='ltr'><strong>enim</strong></span> <span class='ocrx_word' id='word_1_899' title='bbox 2299 5148 2536 5214; x_wconf 87' lang='lat' dir='ltr'><strong>veniant,</strong></span> <span class='ocrx_word' id='word_1_900' title='bbox 2565 5163 2671 5202; x_wconf 92' lang='lat' dir='ltr'><strong>non</strong></span> <span class='ocrx_word' id='word_1_901' title='bbox 2715 5157 2873 5211; x_wconf 88' lang='lat' dir='ltr'><strong>sunt;</strong></span> <span class='ocrx_word' id='word_1_902' title='bbox 2901 5159 3021 5200; x_wconf 92' lang='lat' dir='ltr'><strong>cum</strong></span> <span class='ocrx_word' id='word_1_903' title='bbox 3053 5151 3232 5198; x_wconf 90' lang='lat' dir='ltr'><strong>autem</strong></span> <span class='ocrx_word' id='word_1_904' title='bbox 3259 5140 3529 5205; x_wconf 82' lang='lat' dir='ltr'><strong>venerint,</strong></span> 
     </span>
    </p>
   </div>
   <div class='ocr_carea' id='block_1_115' title="bbox 1945 5235 3531 5311">
    <p class='ocr_par' dir='ltr' id='par_1_115' title="bbox 1945 5235 3531 5311">
     <span class='ocr_line' id='line_1_115' title="bbox 1945 5235 3531 5311; baseline -0.003 -17"><span class='ocrx_word' id='word_1_905' title='bbox 1945 5254 2052 5296; x_wconf 90' lang='lat' dir='ltr'><strong>non</strong></span> <span class='ocrx_word' id='word_1_906' title='bbox 2091 5251 2266 5307; x_wconf 88' lang='lat' dir='ltr'><strong>erunt,</strong></span> <span class='ocrx_word' id='word_1_907' title='bbox 2291 5240 2414 5311; x_wconf 89' lang='lat' dir='ltr'><strong>quia</strong></span> <span class='ocrx_word' id='word_1_908' title='bbox 2441 5254 2561 5295; x_wconf 91' lang='lat' dir='ltr'><strong>cum</strong></span> <span class='ocrx_word' id='word_1_909' title='bbox 2588 5253 2686 5294; x_wconf 86' lang='lat' dir='ltr'><strong>suo</strong></span> <span class='ocrx_word' id='word_1_910' title='bbox 2712 5238 2818 5295; x_wconf 90' lang='lat' dir='ltr'><strong>ﬁne</strong></span> <span class='ocrx_word' id='word_1_911' title='bbox 2845 5237 3084 5293; x_wconf 88' lang='lat' dir='ltr'><strong>veniunt.</strong></span> <span class='ocrx_word' id='word_1_912' title='bbox 3116 5235 3318 5291; x_wconf 85' lang='lat' dir='ltr'><strong>Horum</strong></span> <span class='ocrx_word' id='word_1_913' title='bbox 3349 5242 3531 5291; x_wconf 88' lang='lat' dir='ltr'><strong>autem</strong></span> 
     </span>
    </p>
   </div>
   <div class='ocr_carea' id='block_1_116' title="bbox 1943 5327 3532 5401">
    <p class='ocr_par' dir='ltr' id='par_1_116' title="bbox 1943 5327 3532 5401">
     <span class='ocr_line' id='line_1_116' title="bbox 1943 5327 3532 5401; baseline -0.007 -11"><span class='ocrx_word' id='word_1_914' title='bbox 1943 5332 2195 5401; x_wconf 87' lang='lat' dir='ltr'><strong>duorum,</strong></span> <span class='ocrx_word' id='word_1_915' title='bbox 2220 5333 2272 5389; x_wconf 89' lang='lat' dir='ltr'><strong>id</strong></span> <span class='ocrx_word' id='word_1_916' title='bbox 2293 5343 2395 5399; x_wconf 84' lang='lat' dir='ltr'><strong>est,</strong></span> <span class='ocrx_word' id='word_1_917' title='bbox 2416 5331 2560 5386; x_wconf 88' lang='lat' dir='ltr'><strong>Dans</strong></span> <span class='ocrx_word' id='word_1_918' title='bbox 2582 5342 2754 5387; x_wconf 89' lang='lat' dir='ltr'><strong>votum</strong></span> <span class='ocrx_word' id='word_1_919' title='bbox 2772 5329 2987 5398; x_wconf 81' lang='lat' dir='ltr'><strong>voventi,</strong></span> <span class='ocrx_word' id='word_1_920' title='bbox 3017 5338 3066 5384; x_wconf 88' lang='lat' dir='ltr'><strong>et</strong></span> <span class='ocrx_word' id='word_1_921' title='bbox 3089 5327 3341 5384; x_wconf 74' lang='lat' dir='ltr'><strong>benedixit</strong></span> <span class='ocrx_word' id='word_1_922' title='bbox 3367 5341 3532 5382; x_wconf 87' lang='lat' dir='ltr'><strong>annos</strong></span> 
     </span>
    </p>
   </div>
   <div class='ocr_carea' id='block_1_117' title="bbox 1935 5419 3528 5499">
    <p class='ocr_par' dir='ltr' id='par_1_117' title="bbox 1935 5419 3528 5499">
     <span class='ocr_line' id='line_1_117' title="bbox 1935 5419 3528 5499; baseline -0.004 -19"><span class='ocrx_word' id='word_1_923' title='bbox 1935 5426 2064 5499; x_wconf 85' lang='lat' dir='ltr'><strong>justi</strong></span> <span class='ocrx_word' id='word_1_924' title='bbox 2081 5442 2102 5492; x_wconf 87' lang='lat'><strong><em>;</em></strong></span> <span class='ocrx_word' id='word_1_925' title='bbox 2118 5441 2279 5483; x_wconf 94' lang='lat' dir='ltr'><strong>unum</strong></span> <span class='ocrx_word' id='word_1_926' title='bbox 2300 5435 2384 5480; x_wconf 90' lang='lat' dir='ltr'><strong>est</strong></span> <span class='ocrx_word' id='word_1_927' title='bbox 2404 5423 2544 5495; x_wconf 88' lang='lat' dir='ltr'><strong>quod</strong></span> <span class='ocrx_word' id='word_1_928' title='bbox 2567 5423 2810 5490; x_wconf 90' lang='lat' dir='ltr'><strong>facimus,</strong></span> <span class='ocrx_word' id='word_1_929' title='bbox 2829 5423 3055 5479; x_wconf 91' lang='lat' dir='ltr'><strong>alterum</strong></span> <span class='ocrx_word' id='word_1_930' title='bbox 3079 5419 3222 5492; x_wconf 92' lang='lat' dir='ltr'><strong>quod</strong></span> <span class='ocrx_word' id='word_1_931' title='bbox 3244 5419 3528 5475; x_wconf 89' lang='lat' dir='ltr'><strong>sumimus.</strong></span> 
     </span>
    </p>
   </div>
   <div class='ocr_carea' id='block_1_118' title="bbox 1943 5511 3530 5585">
    <p class='ocr_par' dir='ltr' id='par_1_118' title="bbox 1943 5511 3530 5585">
     <span class='ocr_line' id='line_1_118' title="bbox 1943 5511 3530 5585; baseline -0.006 -11"><span class='ocrx_word' id='word_1_932' title='bbox 1943 5518 2049 5576; x_wconf 88' lang='lat' dir='ltr'><strong>Sed</strong></span> <span class='ocrx_word' id='word_1_933' title='bbox 2069 5517 2174 5572; x_wconf 89' lang='lat' dir='ltr'><strong>hoc</strong></span> <span class='ocrx_word' id='word_1_934' title='bbox 2199 5517 2422 5573; x_wconf 89' lang='lat' dir='ltr'><strong>alterum</strong></span> <span class='ocrx_word' id='word_1_935' title='bbox 2451 5516 2560 5571; x_wconf 90' lang='lat' dir='ltr'><strong>Deo</strong></span> <span class='ocrx_word' id='word_1_936' title='bbox 2585 5516 2834 5585; x_wconf 82' lang='lat' dir='ltr'><strong>largitore</strong></span> <span class='ocrx_word' id='word_1_937' title='bbox 2855 5529 2962 5569; x_wconf 88' lang='lat' dir='ltr'><strong>non</strong></span> <span class='ocrx_word' id='word_1_938' title='bbox 3005 5513 3256 5580; x_wconf 84' lang='lat' dir='ltr'><strong>sumitur,</strong></span> <span class='ocrx_word' id='word_1_939' title='bbox 3281 5511 3384 5566; x_wconf 86' lang='lat' dir='ltr'><strong>nisi</strong></span> <span class='ocrx_word' id='word_1_940' title='bbox 3403 5524 3530 5566; x_wconf 85' lang='lat' dir='ltr'><strong>cum</strong></span> 
     </span>
    </p>
   </div>
   <div class='ocr_carea' id='block_1_119' title="bbox 1943 5604 3531 5685">
    <p class='ocr_par' dir='ltr' id='par_1_119' title="bbox 1943 5604 3531 5685">
     <span class='ocr_line' id='line_1_119' title="bbox 1943 5604 3531 5685; baseline -0.006 -16"><span class='ocrx_word' id='word_1_941' title='bbox 1943 5614 2060 5685; x_wconf 92' lang='lat' dir='ltr'><strong>ipso</strong></span> <span class='ocrx_word' id='word_1_942' title='bbox 2088 5613 2329 5684; x_wconf 88' lang='lat' dir='ltr'><strong>adjutore</strong></span> <span class='ocrx_word' id='word_1_943' title='bbox 2359 5611 2585 5682; x_wconf 89' lang='lat' dir='ltr'><strong>primum</strong></span> <span class='ocrx_word' id='word_1_944' title='bbox 2613 5609 2741 5666; x_wconf 91' lang='lat' dir='ltr'><strong>illud</strong></span> <span class='ocrx_word' id='word_1_945' title='bbox 2765 5609 3027 5666; x_wconf 89' lang='lat' dir='ltr'><strong>efﬁcitur:</strong></span> <span class='ocrx_word' id='word_1_946' title='bbox 3058 5610 3178 5682; x_wconf 87' lang='lat' dir='ltr'><strong>quia</strong></span> <span class='ocrx_word' id='word_1_947' title='bbox 3211 5625 3312 5664; x_wconf 88' lang='lat' dir='ltr'><strong>non</strong></span> <span class='ocrx_word' id='word_1_948' title='bbox 3348 5609 3401 5662; x_wconf 88' lang='lat' dir='ltr'><strong>in</strong></span> <span class='ocrx_word' id='word_1_949' title='bbox 3425 5604 3531 5662; x_wconf 85' lang='lat' dir='ltr'><strong>vir-</strong></span> 
     </span>
    </p>
   </div>
   <div class='ocr_carea' id='block_1_120' title="bbox 1942 5700 3530 5777">
    <p class='ocr_par' dir='ltr' id='par_1_120' title="bbox 1942 5700 3530 5777">
     <span class='ocr_line' id='line_1_120' title="bbox 1942 5700 3530 5777; baseline -0.006 -15"><span class='ocrx_word' id='word_1_950' title='bbox 1942 5716 2046 5762; x_wconf 87' lang='lat' dir='ltr'><strong>tute</strong></span> <span class='ocrx_word' id='word_1_951' title='bbox 2076 5716 2250 5777; x_wconf 88' lang='lat' dir='ltr'><strong>potens</strong></span> <span class='ocrx_word' id='word_1_952' title='bbox 2285 5712 2356 5760; x_wconf 89' lang='lat' dir='ltr'><strong>est</strong></span> <span class='ocrx_word' id='word_1_953' title='bbox 2395 5706 2488 5758; x_wconf 88' lang='lat' dir='ltr'><strong>vir.</strong></span> <span class='ocrx_word' id='word_1_954' title='bbox 2523 5701 2771 5759; x_wconf 86' lang='lat' dir='ltr'><strong>Dominus</strong></span> <span class='ocrx_word' id='word_1_955' title='bbox 2812 5702 3072 5771; x_wconf 79' lang='lat' dir='ltr'><strong>inﬁrmant</strong></span> <span class='ocrx_word' id='word_1_956' title='bbox 3109 5702 3259 5774; x_wconf 75' lang='lat' dir='ltr'><strong>faciet</strong></span> <span class='ocrx_word' id='word_1_957' title='bbox 3287 5700 3530 5755; x_wconf 78' lang='lat' dir='ltr'><strong>adversa-</strong></span> 
     </span>
    </p>
   </div>
   <div class='ocr_carea' id='block_1_121' title="bbox 2004 5815 2813 5929">
    <p class='ocr_par' dir='ltr' id='par_1_121' title="bbox 2004 5815 2813 5929">
     <span class='ocr_line' id='line_1_121' title="bbox 2004 5815 2813 5929; baseline -0.002 -61"><span class='ocrx_word' id='word_1_958' title='bbox 2004 5822 2022 5852; x_wconf 73' lang='grc' dir='ltr'>ί</span> <span class='ocrx_word' id='word_1_959' title='bbox 2058 5818 2162 5891; x_wconf 79' lang='lat' dir='ltr'><strong>Sola</strong></span> <span class='ocrx_word' id='word_1_960' title='bbox 2183 5818 2330 5868; x_wconf 86' lang='lat' dir='ltr'><strong>editio</strong></span> <span class='ocrx_word' id='word_1_961' title='bbox 2344 5824 2474 5890; x_wconf 48' lang='grc' dir='ltr'><strong>[ομ</strong></span> <span class='ocrx_word' id='word_1_962' title='bbox 2495 5815 2813 5929; x_wconf 40' lang='grc' dir='ltr'><strong>ἐκλορὴρτα.</strong></span> 
     </span>
     <span class='ocr_line' id='line_1_122' title="bbox 2004 5881 2813 5929; baseline -0.002 0"><span class='ocrx_word' id='word_1_963' title='bbox 2004 5884 2024 5912; x_wconf 77' lang='grc'><em>³</em></span> <span class='ocrx_word' id='word_1_964' title='bbox 2055 5890 2128 5929; x_wconf 78' lang='lat' dir='ltr'><strong>sic</strong></span> <span class='ocrx_word' id='word_1_965' title='bbox 2148 5888 2256 5929; x_wconf 71' lang='lat' dir='ltr'><strong>Mss.</strong></span> <span class='ocrx_word' id='word_1_966' title='bbox 2281 5887 2334 5929; x_wconf 78' lang='lat' dir='ltr'><strong>At</strong></span> <span class='ocrx_word' id='word_1_967' title='bbox 2358 5881 2492 5929; x_wconf 78' lang='lat' dir='ltr'><strong>editi.</strong></span> <span class='ocrx_word' id='word_1_968' title='bbox 2657 5885 2727 5929; x_wconf 83' lang='lat' dir='ltr'><strong>est</strong></span> <span class='ocrx_word' id='word_1_969' title='bbox 2743 5891 2813 5929; x_wconf 64' lang='lat' dir='ltr'><strong>aut</strong></span> 
     </span>
    </p>
   </div>
   <div class='ocr_carea' id='block_1_122' title="bbox 2003 5851 3309 5992">
    <p class='ocr_par' dir='ltr' id='par_1_122' title="bbox 2003 5851 3309 5992">
     <span class='ocr_line' id='line_1_123' title="bbox 2003 5851 3309 5992; baseline 0 -63"><span class='ocrx_word' id='word_1_970' title='bbox 2003 5851 2024 5912; x_wconf 72' lang='grc'>;</span> <span class='ocrx_word' id='word_1_971' title='bbox 2055 5851 2870 5954; x_wconf 44' lang='lat' dir='ltr'><strong>eoagirenixae</strong></span> <span class='ocrx_word' id='word_1_972' title='bbox 2890 5892 3092 5992; x_wconf 58' lang='grc' dir='ltr'><strong>εειφεν.</strong></span> <span class='ocrx_word' id='word_1_973' title='bbox 3298 5938 3309 5952; x_wconf 62' lang='grc'><strong>,</strong></span> 
     </span>
     <span class='ocr_line' id='line_1_124' title="bbox 2006 5939 3309 5992; baseline -0.002 0"><span class='ocrx_word' id='word_1_974' title='bbox 2006 5945 2028 5979; x_wconf 77' lang='grc'>⁸</span> <span class='ocrx_word' id='word_1_975' title='bbox 2058 5944 2195 5992; x_wconf 73' lang='lat' dir='ltr'><strong>Edita.</strong></span> <span class='ocrx_word' id='word_1_976' title='bbox 2219 5944 2558 5992; x_wconf 74' lang='lat' dir='ltr'><strong>potentum:</strong></span> <span class='ocrx_word' id='word_1_977' title='bbox 2579 5942 2884 5992; x_wconf 73' lang='lat' dir='ltr'><strong>dissentienti</strong></span> <span class='ocrx_word' id='word_1_978' title='bbox 2957 5955 2983 5992; x_wconf 90' lang='lat' dir='ltr'><strong>s</strong></span> <span class='ocrx_word' id='word_1_979' title='bbox 3002 5939 3309 5992; x_wconf 68' lang='lat' dir='ltr'><strong>manuscript:</strong></span> 
     </span>
    </p>
   </div>
   <div class='ocr_carea' id='block_1_123' title="bbox 2006 5939 3353 6010">
    <p class='ocr_par' dir='ltr' id='par_1_123' title="bbox 2006 5939 3353 6010">
     <span class='ocr_line' id='line_1_125' title="bbox 2006 5939 3353 6010; baseline -0.001 -17"><span class='ocrx_word' id='word_1_980' title='bbox 2006 5945 2028 5979; x_wconf 77' lang='grc'>³</span> <span class='ocrx_word' id='word_1_981' title='bbox 2058 5944 2195 6008; x_wconf 67' lang='lat' dir='ltr'><strong>aditi,</strong></span> <span class='ocrx_word' id='word_1_982' title='bbox 2219 5939 2558 6010; x_wconf 80' lang='lat' dir='ltr'><strong>potentissimi;</strong></span> <span class='ocrx_word' id='word_1_983' title='bbox 2579 5939 3353 6004; x_wconf 73' lang='lat' dir='ltr'><strong>dissentientibus&#39;msnuscriptis.</strong></span> 
     </span>
    </p>
   </div>
  </div>
