4062 6490
537 283 646 343 B35

537 411 646 455 non
683 396 843 455 habet
871 398 1069 466 homo;
1110 409 1164 456 et
1201 401 1398 458 dicitur
1425 402 1552 470 Deo,
1589 404 1699 460 Sub
1723 409 1902 464 umbra
1920 410 2118 466 alarum

538 500 743 548 tuarum
768 503 970 565 protege
997 494 1116 566 me(
1142 494 1289 550 Psal.
1321 512 1429 564 xvt,
1458 496 1533 570 8)
1565 516 1579 553 :
1614 511 1670 556 ut
1699 502 2000 575 intelligant
2025 505 2124 562 bo-

535 582 709 641 mines
729 583 796 640 de
819 584 904 638 illa
928 584 1176 641 inell‘abili
1200 595 1410 655 natura,
1436 604 1542 646 non
1561 592 1810 664 propriis,
1833 594 1931 651 sed
1954 604 2124 652 trans-

536 672 662 730 latis
687 690 864 731 rerum
885 676 1156 732 vocabulis
1183 679 1280 736 ista
1306 679 1434 736 dici.

607 765 663 820 4.
694 765 844 834 Quod
869 780 997 824 vero
1025 765 1350 840 adjungifur,
1381 771 1450 826 Et
1475 774 1588 842 erit,
1619 776 1705 846 qui
1733 783 2042 849 superaverit
2068 783 2126 838 in

537 853 687 912 domo
713 865 822 924 tua,
846 857 1006 914 veniet
1035 859 1249 916 adorare
1277 863 1360 917 ei:
1387 879 1491 920 non
1523 868 1739 937 proprie
1765 869 1832 926 de
1859 870 2018 928 domo
2042 873 2124 930 di-

533 945 674 1004 citur
700 945 856 1018 hujus
886 948 1038 1017 Heli,
1069 951 1165 1007 sed
1195 951 1336 1009 illius
1366 955 1546 1010 Aaron
1568 998 1584 1022 ,
1614 957 1682 1013 de
1711 974 1814 1029 qua
1859 976 2027 1033 usque
2056 964 2124 1021 ad

533 1038 818 1096 adventum
846 1039 973 1097 Iesu
998 1041 1196 1099 Christi
1223 1044 1468 1104 homines
1496 1062 1892 1123 remanserunt,
1921 1055 1989 1112 de
2016 1072 2125 1128 quo

532 1121 732 1201 genere
773 1133 936 1189 etiam
974 1150 1117 1190 nunc
1156 1153 1325 1208 usque
1372 1155 1476 1195 non
1509 1141 1724 1200 desunt.
1759 1121 1891 1200 Nam
1926 1147 1994 1204 de
2033 1121 2125 1206 illa

530 1220 696 1278 domo
719 1223 877 1294 hujus
903 1223 1019 1282 Heli
1039 1225 1147 1296 jam
1181 1243 1340 1299 supra
1367 1230 1567 1288 dictum
1593 1243 1729 1303 erat,
1761 1234 1830 1290 Et
1855 1238 2017 1293 omnis
2040 1240 2127 1310 qui

531 1315 844 1385 superauerit
885 1316 1071 1371 domus
1125 1329 1225 1374 tum
1255 1361 1272 1387 ,
1321 1323 1514 1377 decidet
1560 1324 1613 1379 in
1661 1327 1832 1397 gladio
1879 1329 2122 1384 virorum.

531 1405 811 1474 Quomodo
837 1425 965 1480 ergo
995 1411 1085 1466 hic
1116 1428 1240 1469 vere
1265 1414 1370 1470 dici
1401 1417 1611 1485 potuit,
1643 1417 1712 1472 Et
1745 1421 1877 1486 erit,
1908 1422 1995 1491 qui
2034 1439 2127 1477 su-

529 1500 777 1570 peraverit
819 1500 874 1554 in
918 1503 1068 1558 domo
1106 1512 1193 1558 tua
1215 1546 1230 1571 ,
1260 1507 1419 1561 veniet
1446 1507 1663 1563 adorare
1687 1510 1732 1564 ei
1749 1527 1768 1575 ;
1799 1510 1844 1565 si
1887 1511 2015 1566 illud
2043 1522 2126 1569 est

529 1605 718 1648 verum
737 1633 756 1660 ,
781 1593 925 1663 quod
951 1597 1122 1650 ultore
1145 1596 1324 1666 gladio
1351 1613 1510 1654 nemo
1537 1600 1662 1656 inde
1688 1604 1988 1672 supererit:
2018 1603 2122 1660 nisi

529 1680 654 1753 quia
679 1683 799 1739 illos
841 1683 1063 1755 intelligi
1090 1687 1294 1756 voluit,
1339 1689 1427 1760 qui
1461 1690 1732 1760 pertinent
1759 1691 1826 1747 ad
1857 1692 2078 1763 stirpem
2103 1733 2121 1758 ,

529 1775 629 1829 sed
650 1775 793 1832 illius
815 1777 977 1833 totius
998 1779 1284 1836 sacerdotii
1314 1783 1606 1837 secundum
1630 1784 1874 1841 ordinem
1902 1787 2123 1842 Aaron?

529 1864 670 1936 Ergo
697 1866 744 1921 si
774 1867 840 1923 de
868 1867 973 1922 illis
999 1879 1082 1924 est
1108 1871 1502 1940 przedestinatis
1529 1874 1767 1945 reliquiis
1787 1917 1801 1942 ,
1830 1876 1898 1932 de
1926 1878 2120 1948 quibus

529 1957 664 2014 alius
692 1958 951 2028 propheta
977 1961 1131 2028 dixit,
1157 1962 1404 2032 Reliquias
1424 1965 1579 2022 salva:
1601 1966 1724 2034 ﬁent
1746 1966 1901 2036 (Isai.
1933 1986 1982 2036 χ,
2006 1969 2120 2040 22);

529 2049 670 2105 unde
692 2057 747 2105 et
770 2051 1079 2120 Apostolus,
1115 2053 1209 2110 Sic
1227 2071 1368 2127 ergo,
1400 2059 1591 2128 inquit,
1620 2068 1667 2112 et
1694 2059 1747 2114 in
1777 2061 1871 2116 hoc
1900 2070 2125 2133 tempore

527 2138 755 2208 reliquiae
792 2157 881 2210 per
903 2142 1194 2198 electione»:
1229 2148 1408 2216 gratia:
1432 2147 1587 2202 salute
1610 2153 1766 2220 factm
1791 2161 1906 2206 sunt
1928 2152 1947 2224 (
1970 2153 2120 2207 Rom.

528 2244 602 2296 xI,
636 2230 692 2301 5)
717 2248 730 2296 ;
763 2233 885 2302 quia
914 2234 982 2289 de
1011 2234 1204 2290 talibus
1235 2237 1475 2307 reliquiis
1505 2239 1643 2296 bene
1669 2241 1980 2314 intelligitur
2003 2260 2124 2303 esse

528 2320 597 2378 de
611 2337 718 2391 quo
732 2322 930 2379 dictum
949 2336 1052 2393 est,
1076 2327 1174 2394 Qui
1183 2331 1489 2399 superaverit
1508 2331 1560 2386 in
1580 2332 1730 2388 domo
1752 2344 1838 2390 tua
1854 2351 1872 2390 :
1886 2337 2122 2406 profecto

530 2413 702 2470 credit
721 2415 737 2446 ί
756 2415 810 2470 in
827 2415 1129 2483 Christum;
1153 2419 1290 2475 sicut
1313 2423 1641 2492 temporibus
1661 2425 2034 2495 Apostolorum
2056 2443 2124 2485 ex

533 2506 650 2576 ipsa
676 2516 835 2578 gente
855 2509 1068 2578 plurimi
1093 2512 1469 2581 crediderunt;
1516 2530 1690 2587 neque
1727 2533 1868 2575 nunc
1894 2519 2120 2591 desunt,

538 2598 652 2668 qui,
669 2599 1100 2668 licetrarissime,
1123 2614 1299 2659 tamen
1315 2605 1559 2673 credant,
1577 2617 1633 2664 et
1649 2609 1900 2681 impletur
1921 2613 1975 2668 in
2001 2615 2081 2671 eis
2101 2616 2121 2647 ¹

539 2688 680 2759 quod
700 2689 786 2744 hic
801 2691 901 2746 iste
919 2691 1077 2747 homo
1098 2695 1189 2750 Dei
1209 2697 1465 2752 continuo
1485 2708 1699 2757 secutus
1715 2702 1982 2773 adjunxit,
2023 2705 2122 2761 Ve-

530 2778 633 2832 niet
650 2779 867 2836 adorare
880 2781 927 2836 ei
941 2783 1086 2838 obolo
1103 2787 1332 2858 argenti:
1351 2787 1437 2844 cui
1455 2789 1808 2854 adorare.nisi
1823 2795 1897 2848 illi
1915 2811 2123 2853 summo

529 2868 816 2937 sacerdoti,
839 2871 930 2942 qui
959 2882 1013 2928 et
1043 2873 1184 2930 Deus
1209 2879 1332 2932 est?
1356 2877 1539 2948 Neque
1562 2881 1703 2936 enim
1743 2882 1794 2937 in
1823 2884 1914 2939 illo
1942 2900 2122 2942 sacer-

529 2959 680 3015 dotio
713 2963 1006 3019 secundum
1045 2966 1286 3023 ordinem
1334 2972 1535 3040 Aaron,
1579 2972 1646 3027 ad
1690 2973 1792 3030 hoc
1831 2976 2124 3034 veniebant

530 3048 778 3108 homines
813 3053 881 3108 ad
909 3056 1167 3127 templum
1203 3059 1288 3115 vel
1328 3059 1494 3117 altare
1534 3063 1657 3129 Dei,
1693 3073 1749 3120 ut
1786 3067 2122 3126 sacerdotem

530 3143 837 3201 adorarent.
870 3147 1006 3216 Quid
1041 3159 1124 3205 est
1169 3161 1349 3208 autem
1390 3155 1535 3223 quod
1581 3158 1676 3227 ait,
1713 3158 1858 3214 obolo
1887 3164 2120 3234 argenti,

529 3235 630 3291 nisi
669 3237 932 3295 brevitate
968 3243 1117 3296 verbi
1159 3243 1306 3312 ﬁdei,
1336 3246 1404 3302 de
1432 3261 1540 3318 quo
1563 3263 1953 3308 commemorat
1979 3254 2124 3324 Apo-

529 3329 700 3386 stolus
729 3331 954 3400 dictum,
993 3332 1212 3390 Verbum
1239 3355 1594 3396 consummans
1625 3352 1674 3398 et
1712 3342 1943 3400 breviatis
1971 3347 2124 3416 faciet

528 3418 782 3477 Dominus
803 3440 955 3495 super
978 3434 1162 3481 terram
1190 3427 1368 3494 (Rom.
1393 3447 1468 3498 tx,
1495 3432 1600 3498 28;
1635 3432 1763 3489 Isai.
1795 3452 1849 3503 x,
1871 3437 1964 3508 25)
1985 3454 2001 3504 ;
2025 3440 2122 3493 Ar-

528 3520 750 3581 gentum
774 3521 950 3570 autem
983 3531 1079 3585 pro
1108 3517 1325 3590 eloquio
1355 3523 1481 3590 poni
1509 3564 1524 3590 ,
1556 3522 1800 3581 Psalmus
1826 3527 1978 3582 testis
2005 3537 2121 3599 est,

526 3605 616 3660 ubi
642 3607 853 3663 canitur
882 3625 896 3662 :
927 3607 1147 3680 Eloquia
1174 3610 1384 3668 Domini
1411 3614 1612 3688 eloquia
1640 3626 1781 3673 casta
1805 3662 1820 3688 ,
1848 3631 2118 3692 argentum

526 3697 642 3768 igne
663 3701 1006 3756 examinatum
1031 3702 1204 3773 (Psal.
1232 3721 1308 3773 XI,
1337 3707 1418 3778 7).

597 3789 654 3844 ὅ.
680 3788 819 3856 Quid
847 3805 978 3863 ergo
1004 3793 1135 3850 dicit
1161 3796 1285 3864 iste,
1310 3799 1401 3869 qui
1433 3801 1577 3856 venit
1597 3802 1825 3858 adorare
1852 3804 2122 3861 sacerdoti

531 3880 628 3936 Dei
652 3888 708 3936 et
734 3883 1002 3940 sacerdoti
1038 3887 1196 3943 Deo?
1224 3888 1377 3944 Jacta
1417 3909 1498 3947 me
1538 3894 1594 3949 in
1635 3912 1790 3950 unam
1821 3906 2016 3966 partem
2040 3915 2124 3953 sa-

527 3973 736 4029 cerdotii
764 3976 877 4042 tui,
917 3982 1225 4036 manducare
1252 4000 1452 4053 panem.
1485 3985 1621 4042 Nolo
1649 3989 1701 4043 in
1731 3998 1941 4059 patrum
1969 4007 2120 4047 meo-

527 4079 649 4119 rum
684 4066 938 4123 collocari
981 4068 1340 4144 honore,-qui
1366 4075 1388 4106 ³
1423 4078 1600 4134 nullus
1626 4089 1710 4135 est
1739 4098 1753 4133 :
1779 4080 1922 4150 jacta
1950 4097 2038 4138 me
2066 4083 2121 4138 in

526 4163 736 4224 partem
763 4158 1047 4214 sacerdotii
1073 4163 1168 4216 tui.
1194 4163 1342 4235 Elegi
1357 4167 1501 4222 enim
1525 4169 1748 4240 abjectus
1768 4187 1878 4226 esse
1895 4172 1949 4226 in
1967 4171 2120 4230 domo

527 4244 628 4300 Dei
651 4243 824 4316 (Psal.
853 4262 1073 4314 Lxxxttt,
1106 4252 1193 4322 11)
1227 4271 1240 4307 :
1269 4255 1664 4328 qualecumque
1692 4268 1748 4315 et
1773 4263 2123 4332 quantulum-

525 4353 759 4412 cumque
795 4343 1097 4399 membrum
1137 4359 1259 4402 esse
1300 4349 1458 4419 cupio
1485 4352 1768 4409 sacerdotii
1801 4355 1896 4410 tui.
1927 4356 2122 4414 Sacer-

527 4432 736 4492 dotium
777 4435 978 4508 quippe
1019 4436 1108 4494 hic
1151 4439 1319 4509 ipsam
1352 4442 1560 4512 plebem
1590 4444 1740 4514 dicit,
1769 4447 1922 4519 cujus
1947 4451 2120 4521 plebis

517 4522 619 4581 ille
664 4525 919 4584 sacerdos
941 4535 1027 4585 est
1074 4528 1336 4588 Mediator
1383 4533 1477 4590 Dei
1532 4543 1587 4592 et
1632 4535 1908 4595 hominum
1956 4539 2120 4599 homo

525 4614 772 4674 Christus
791 4617 968 4674 Iesus.
993 4619 1089 4676 Cui
1113 4621 1254 4692 plebi
1281 4624 1410 4680 dicit
1433 4627 1708 4697 apostolus
1728 4630 1940 4699 Petrus,
1971 4632 2120 4691 Plebs

525 4715 725 4776 sancta,
761 4707 933 4780 regale
973 4713 1309 4770 sacerdotium
1329 4715 1352 4746 ’⁵
1376 4716 1435 4788 (l
1461 4717 1606 4775 Petr.
1635 4735 1693 4788 tt,
1721 4722 1818 4794 9).
1864 4723 2120 4792 Quamvis

525 4797 770 4854 nonnulll
791 4841 809 4868 ,
837 4801 1078 4872 sacriﬁcii
1119 4805 1191 4858 tui
1230 4805 1338 4862 sint
1379 4808 1755 4881 interpretati;
1788 4829 1919 4884 non,
1945 4832 2117 4871 sacer-

526 4889 655 4980 dotii
683 4891 759 4946 tui
784 4906 805 4946 :
830 4892 973 4962 quod
1011 4893 1354 4953 nihilominus
1379 4902 1626 4959 eumdem
1656 4904 1920 4976 signiﬁcat
1945 4923 2118 4980 popu-

523 4979 633 5036 lum
651 4980 1020 5038 christianum.
1044 4985 1194 5043 Unde
1209 4987 1337 5044 dicit
1351 4993 1626 5061 apostolus
1639 4995 1854 5064 Paulus,
1864 4997 2011 5054 Unus
2023 4979 2120 5070 pa-

523 5071 627 5163 nis,
645 5090 803 5128 unum
822 5090 1008 5145 corpus
1031 5078 1174 5132 multi
1191 5096 1366 5136 sumus
1392 5082 1433 5155 (Ι
1451 5081 1572 5140 Cor.
1592 5101 1644 5151 χ,
1662 5085 1778 5159 17).
1809 5087 1962 5157 Quod
1990 5105 2118 5163 ergo

522 5161 750 5232 addidit,
783 5166 1094 5222 manducare
1122 5187 1322 5238 panem,
1354 5177 1519 5232 etiam
1551 5177 1724 5247 ipsum
1751 5180 1998 5238 sacriﬁcii
2026 5161 2119 5254 ge

527 5268 630 5346 nus
653 5255 932 5346 eleganter
955 5263 1255 5330 expressit,
1297 5265 1364 5322 de
1389 5283 1497 5339 quo
1523 5269 1659 5326 dicit
1684 5272 1935 5330 sacerdos
1963 5274 2079 5346 ipse
2096 5315 2114 5345 ,

587 5345 610 5422 ξ
639 5345 759 5422 sola
767 5349 918 5422 editio
930 5359 1068 5422 tam,
1092 5353 1270 5422 credet.

587 5469 610 5538 ξ
641 5445 778 5538 Ᾰὶὶῖξ

585 5527 626 5626 ἒ,
639 5527 1505 5626 λὲὶδίυίφοὲεζξὲιὲἱιίιιιξῑξςζινξξξρςει
1519 5548 1710 5626 fieri.
1727 5552 2018 5626 εφιίίινεαξέδν
2038 5555 2113 5626 iu-

521 5604 642 5666 quu,
668 5607 874 5670 corpora
894 5605 1050 5674 vestra
1087 5604 1288 5656 hostiam
1316 5605 1486 5684 tivam.
1527 5604 1707 5664 Ca‘teri'
1731 5614 1838 5664 libri
1867 5604 2110 5678 omittunt,

520 5655 1037 5728 QiChrulpLanmllll
1055 5672 1213 5717 tamen
1229 5676 1537 5728 manuscripti
1559 5688 1668 5725 cum
1691 5676 1939 5726 vind.Am.
1961 5687 2013 5728 et
2035 5685 2110 5728 Er.

522 5689 574 5704 ,η
595 5689 677 5706 νισι
691 5689 798 5710 κω.
817 5689 1037 5713 nun-mut
1055 5689 1213 5717 tamen
1229 5689 1537 5735 tltauuscnpu
1559 5689 1668 5725 cum
1692 5689 1939 5726 undam.
1961 5689 2013 5728 et
2035 5689 2112 5729 ΕΓ.

968 5722 1212 5802 locumex
1238 5733 1379 5794 Epist.
1405 5735 1466 5784 ad
1490 5743 1678 5788 Roman.
1730 5753 1814 5802 χιι,
1839 5740 1862 5790 1
1895 5753 1906 5788 :
1931 5745 1986 5791 Et
2025 5739 2111 5792 itc-

523 5790 651 5845 rum,
675 5782 962 5852 Exltibeatis,
986 5786 1158 5852 nequit,
1178 5782 1396 5858 corpora,
1424 5782 1520 5847 etc.

1985 5935 2052 5944 .-σε

1534 291 1624 348 DE
1661 292 1981 370 ClVl'l'ATE
2017 295 2152 369 DEI,
2191 298 2251 358 S.
2289 299 2659 360 AUGUSTINI

3705 309 3816 371 538

2233 413 2395 470 Panis
2431 433 2581 488 quem
2618 433 2712 490 ego
2752 419 3090 491 ἀώρ,ωο
3133 438 3244 481 mea
3279 434 3354 482 est
3383 441 3475 498 pro
3500 429 3676 484 seculi
3711 430 3820 486 vita

2232 506 2430 579 (Joan.
2457 523 2531 576 vi,
2560 507 2674 583 52).
2703 509 2882 582 ipsum
2907 522 2992 570 est
3018 515 3360 587 sacriﬁcium,
3387 534 3495 576 non
3517 521 3819 580 secundum

2231 599 2470 656 ordinem
2517 602 2695 658 Aaron
2719 643 2736 670 ,
2783 604 2880 662 sed
2926 608 3220 664 secundum
3255 610 3499 668 ordinem
3536 613 3822 670 Melchise-

2231 691 2366 747 dech
2395 709 2410 748 :
2441 695 2531 764 qui
2571 695 2720 767 legit,
2751 697 3030 770 intelligat.
3061 699 3246 757 Brevis
3271 703 3450 774 itaque
3479 704 3580 761 ista
3603 705 3822 764 confes-

2231 785 2312 840 sio
2349 795 2404 841 et
2445 786 2730 844 salubriter
2777 789 2994 846 humilis
3018 833 3033 858 ,
3077 808 3182 864 qua
3212 793 3428 862 dicitur,
3455 796 3608 852 laeta
3646 815 3727 854 me
3765 799 3823 854 in

2233 886 2427 948 partem
2454 879 2721 935 sacerdotii
2759 882 2832 936 tui
2859 922 2875 950 ,
2934 884 3243 941 manducare
3287 903 3470 956 panem
3491 926 3508 954 ,
3549 888 3664 958 ipse
3722 899 3816 946 est

2208 967 2421 1042 vobolus
2449 971 2652 1040 argenti
2678 987 2694 1036 ;
2721 972 2844 1044 quia
2874 982 2930 1029 et
2955 973 3117 1030 breve
3140 984 3226 1031 est
3251 976 3269 1008 ⁸
3295 1018 3310 1044 ,
3339 985 3395 1032 ει
3417 977 3687 1049 eloquium
3713 980 3820 1035 Do.

2233 1062 2363 1118 mini
2402 1070 2488 1119 est
2530 1063 2818 1122 habitantis
2861 1067 2915 1122 in
2958 1068 3122 1124 corde
3165 1068 3453 1125 credentis.
3497 1071 3632 1138 Quia
3671 1073 3821 1128 enim

2232 1155 2439 1213 dixerat
2479 1158 2728 1228 superius
2767 1158 2979 1217 dedisse
3023 1175 3083 1217 se
3117 1161 3300 1218 domui
3339 1163 3519 1220 Aaron
3562 1165 3712 1221 cibos
3751 1166 3824 1223 de

2174 1293 2178 1296 .
2232 1248 2468 1307 victimis
2492 1251 2690 1308 veteris
2714 1252 3072 1320 Testamenti,
3105 1255 3194 1311 ubi
3221 1257 3332 1322 ait,
3367 1257 3501 1314 Dedi
3521 1259 3694 1313 domui
3720 1277 3822 1330 pa-

2231 1343 2321 1396 tris
2345 1343 2420 1398 tui
2447 1344 2617 1398 omnia
2642 1360 2758 1415 qua:
2781 1355 2899 1400 sunt
2928 1347 3060 1418 ignis
3088 1347 3312 1417 ﬁliorum
3343 1348 3509 1405 Israel
3533 1351 3590 1405 in
3615 1367 3824 1418 mm;

2232 1433 2349 1490 hinc
2390 1435 2588 1506 quippe
2633 1435 2844 1493 fuerant
2879 1436 3138 1493 sacriﬁcia
3181 1437 3486 1495 Judaornm
3521 1459 3535 1495 :
3568 1441 3690 1496 ideo
3732 1441 3824 1497 hic

2226 1524 2384 1593 dixit,
2404 1529 2712 1585 manducare
2739 1547 2920 1600 panem
2938 1548 2958 1598 ,°
2975 1531 3117 1602 quod
3136 1540 3222 1588 est
3243 1533 3296 1589 in
3321 1548 3460 1590 novo
3472 1534 3825 1591 Testamento

2231 1619 2551 1676 sacriﬁcium
2582 1621 3024 1680 Christianorum.

2229 1733 2456 1792 CAPUT
2479 1736 2567 1792 Vl.
2584 1737 2747 1792 -—De
2763 1737 2983 1793 Iudaico
3002 1739 3282 1794 sacerdotio
3306 1749 3354 1795 et
3372 1756 3547 1812 regno,
3571 1758 3684 1812 qua
3704 1757 3824 1796 cum

2305 1830 2360 1884 in
2381 1839 2624 1886 internum
2648 1831 2885 1887 dicantur
2902 1841 3092 1887 statuta
3110 1834 3154 1902 ⁸,
3177 1849 3280 1888 non
3301 1843 3625 1905 permanent;
3645 1844 3703 1889 ut
3717 1835 3824 1890 alia

2301 1921 2672 1992 intelligantur,
2697 1941 2911 1995 quorum
2936 1924 3213 1995 spondetur
3242 1926 3493 1981 aeternitas
3516 1926 3561 1982 ³.

2301 2036 2353 2090 1.
2383 2035 2516 2090 Cum
2561 2036 2720 2107 igitur
2761 2035 2880 2092 haec
2908 2045 3054 2092 tanta
3095 2046 3220 2093 tunc
3253 2037 3532 2094 altitudine
3573 2055 3822 2110 praenun-

2230 2128 2355 2183 tiata
2379 2133 2506 2196 sint,
2533 2138 2677 2185 tanta
2700 2146 2840 2186 nunc
2861 2131 3290 2207 manifestatione
3312 2132 3682 2199 clarescant‘;
3711 2149 3822 2190 non

2229 2220 2426 2276 frustra
2472 2231 2648 2278 tamen
2687 2222 2891 2278 moveri
2935 2223 3195 2293 quispiam
3240 2233 3455 2294 potest,
3497 2239 3561 2280 ac
3595 2224 3820 2282 dicere:

2229 2312 2508 2380 Quomodo
2536 2313 2852 2370 conﬁdimus
2895 2315 3081 2370 venire
3119 2315 3296 2369 omnia
3323 2315 3346 2347 '
3368 2356 3386 2381 ,
3411 2332 3529 2388 qua:
3573 2316 3623 2371 in
3671 2317 3822 2373 libris

2230 2398 2335 2467 illis
2363 2420 2586 2467 ventura
2613 2410 2865 2483 praedicta
2898 2420 3042 2477 sunt,
3072 2411 3117 2466 si
3149 2410 3250 2465 hoc
3275 2410 3448 2482 ipsum
3475 2411 3616 2482 quod
3643 2411 3715 2466 ibi
3740 2411 3822 2466 di-

2229 2506 2426 2561 vinitus
2465 2504 2665 2560 dictum
2708 2515 2828 2567 est,
2875 2502 3073 2559 Domus
3113 2514 3204 2558 tua
3243 2513 3292 2558 et
3335 2505 3517 2558 domus
3563 2506 3720 2574 patris
3745 2502 3822 2558 tui

2231 2597 2514 2652 transibunt
2534 2613 2706 2651 coram
2731 2613 2809 2650 me
2836 2595 2888 2649 in
2917 2605 3180 2662 internum,
3211 2593 3459 2651 effectum
3490 2595 3686 2650 habere
3713 2609 3822 2650 non

2232 2691 2446 2763 potuit?
2485 2691 2745 2758 Quoniam
2791 2689 3034 2746 videmus
3079 2689 3210 2744 illud
3257 2689 3610 2744 sacerdotium
3658 2689 3822 2748 fuisse

2228 2793 2526 2850 mutatum;
2559 2794 2612 2840 et
2658 2783 2803 2854 quod
2846 2781 2921 2837 illi
2960 2782 3142 2837 domui
3187 2782 3506 2853 promissum
3553 2790 3674 2849 est,
3721 2797 3824 2838 nec

2229 2876 2434 2947 Sperari
2477 2875 2761 2946 aliquando
2799 2873 3175 2946 complendum
3206 2890 3221 2925 :
3248 2873 3371 2943 quia
3418 2872 3548 2928 illud
3589 2873 3729 2943 quod
3771 2873 3821 2928 ei

2230 2967 2516 3039 reprobato
2543 2975 2855 3038 mutatoque
2880 2964 3140 3032 succedit,
3172 2963 3275 3020 hoc
3301 2963 3476 3035 potius
3506 2963 3822 3035 praedicatur

2230 3070 2510 3116 aeternum.
2544 3057 2657 3114 Hoc
2681 3058 2772 3128 qui
2805 3057 2953 3125 dicit,
2985 3056 3222 3112 nondum
3262 3055 3541 3127 intelligit,
3579 3067 3670 3110 aut
3714 3073 3821 3111 non

2231 3153 2436 3218 recolit,
2463 3153 2623 3207 etiam
2655 3153 2828 3222 ipsum
2859 3151 3150 3206 secundum
3179 3149 3420 3206 ordinem
3443 3152 3622 3205 Aaron
3645 3166 3822 3207 sacer-

2230 3245 2464 3312 dotium,
2509 3253 2758 3315 tanquam
2809 3243 3051 3298 umbram
3101 3241 3263 3298 futuri
3309 3244 3496 3300 aeterni
3539 3242 3822 3298 sacerdotii

2229 3331 2616 3386 constitutum:
2649 3343 2713 3383 ac
2757 3344 2852 3398 per
2895 3327 2999 3384 hoc
3037 3327 3250 3398 quando
3289 3327 3339 3383 ei
3384 3327 3650 3383 aiternitas
3694 3341 3822 3397 pro-

2231 3422 2391 3476 missa
2420 3429 2503 3477 est
2524 3463 2539 3488 ,
2557 3435 2664 3476 non
2693 3420 2795 3491 ipsi
2820 3421 3022 3476 umbrae
3042 3435 3107 3475 ac
3125 3419 3329 3490 ﬁgurze,
3357 3419 3452 3475 sed
3477 3419 3527 3476 ei
3551 3419 3693 3491 quod
3727 3435 3824 3489 per

2228 3511 2399 3582 ipsam
2435 3512 2852 3568 adumbrabatur
2880 3512 3310 3584 ﬁgurabaturque
3327 3552 3344 3578 ,
3369 3512 3688 3581 promissum
3717 3519 3821 3566 est.

2229 3603 2334 3661 Sed
2365 3622 2432 3660 ne
2453 3613 2730 3675 putaretur
2747 3605 2862 3675 ipsa
2882 3603 3068 3658 umbra
3085 3618 3207 3659 esse
3229 3617 3500 3672 mansura,
3519 3603 3639 3658 ideo
3659 3603 3822 3658 etiam

2229 3697 2452 3752 mutatio
2477 3695 2593 3766 ejus
2615 3695 2799 3752 debuit
2825 3693 3150 3766 prophetari.

2298 3789 2355 3844 2.
2387 3789 2628 3859 Regnum
2663 3802 2873 3858 quoque
2903 3788 3004 3841 isto
3034 3784 3194 3842 modo
3221 3785 3381 3842 etiam
3408 3785 3584 3841 Saitlis
3613 3787 3782 3857 ipsius
3804 3829 3822 3856 ,

2229 3882 2315 3954 qui
2346 3891 2493 3938 certe
2530 3880 2843 3951 reprobatus
2866 3888 3028 3948 atque
3062 3877 3292 3947 rejectus
3317 3885 3434 3943 est,
3467 3876 3629 3932 futuri
3668 3878 3822 3947 regni

2228 3983 2344 4030 erat
2373 3974 2557 4029 umbra
2595 3972 2646 4026 in
2684 3972 2982 4027 :ntcrnitate
3011 3969 3270 4025 mansuri.
3300 3968 3489 4024 Oleum
3519 3969 3719 4038 quippe
3750 3969 3818 4024 il-

2229 4068 2318 4123 iud
2351 4083 2456 4141 quo
2499 4075 2685 4122 unctus
2728 4075 2844 4132 est,
2885 4073 2938 4120 et
2969 4065 3036 4120 ab
3063 4078 3129 4119 eo
3167 4061 3454 4120 chrismate
3481 4061 3719 4118 christus
3745 4070 3824 4118 est

2228 4160 2405 4216 dictus
2425 4200 2441 4227 ,
2471 4158 2696 4230 mystice
2724 4155 3091 4227 accipiendum
3111 4196 3126 4221 ,
3155 4163 3208 4211 et
3235 4169 3485 4225 magnum
3513 4168 3826 4209 sacramen-

2228 4261 2340 4307 tum
2366 4249 2766 4320 intelligendum
2797 4256 2879 4305 est
2906 4267 2920 4303 :
2951 4248 3093 4320 quod
3119 4248 3171 4302 in
3201 4263 3268 4303 eo
3300 4256 3506 4302 tantum
3535 4255 3826 4303 veneratus

2226 4352 2308 4400 est
2332 4343 2446 4414 ipse
2471 4343 2658 4410 David,
2691 4350 2749 4396 ut
2773 4355 3032 4412 percusso
3054 4339 3217 4396 corde
3245 4340 3581 4410 pavitaverit,
3609 4339 3828 4409 quando

2226 4438 2282 4492 in
2307 4436 2593 4492 tenebroso
2617 4433 2916 4490 occultatus
2934 4441 3110 4498 antro,
3134 4445 3241 4504 quo
3261 4432 3423 4488 etiam
3444 4430 3572 4487 Saftl
3596 4438 3828 4500 urgente

2225 4529 2518 4585 intraverat
2561 4527 2880 4583 necessitate
2924 4533 3166 4592 naturae,
3209 4524 3455 4594 exiguam
3504 4520 3827 4593 particulam

2225 4622 2389 4680 vestis
2431 4621 2548 4692 ejus
2589 4629 2882 4677 retrorsum
2923 4618 3155 4674 latenter
3193 4615 3454 4682 abscidit,
3497 4623 3553 4670 ut
3595 4614 3827 4671 haberet

2225 4713 2367 4770 unde
2391 4719 2736 4779 monstraret,
2766 4709 3032 4782 quomodo
3060 4709 3110 4766 ei
3134 4707 3455 4781 pepercerit,
3481 4721 3603 4763 cum
3635 4713 3826 4777 posset

2224 4804 2506 4871 occidere;
2537 4813 2698 4875 atque
2729 4803 2802 4860 ita
2839 4802 3200 4873 suspicionem
3226 4799 3297 4856 de
3323 4797 3505 4855 animo
3534 4799 3649 4868 ejus
3671 4839 3685 4863 ,
3719 4809 3827 4869 qua

2225 4906 2466 4954 sanctum
2507 4896 2673 4951 David
2723 4902 2912 4967 putans
2954 4893 3230 4950 inimicum
3275 4906 3432 4948 suum
3474 4890 3829 4947 vehementer

2225 4991 2677 5062 persequebatur,
2708 4987 2960 5044 auferret.
3003 4985 3081 5042 Ne
3123 4985 3302 5058 itaque
3342 4998 3468 5041 reus
3509 4992 3652 5038 esset
3686 4981 3826 5037 tanti

2225 5082 2547 5140 sacramenti
2569 5082 2624 5136 in
2645 5078 2805 5138 Saﬁle
2821 5079 3028 5146 violati,
3054 5078 3178 5150 quia
3198 5077 3281 5133 vel
3308 5075 3678 5132 indumentum
3705 5073 3826 5143 ejus

2224 5176 2303 5231 sic
2335 5173 2668 5238 attrectavit,
2699 5171 2964 5230 extimuit.
3001 5171 3078 5227 lta
3118 5171 3264 5228 enim
3301 5169 3558 5242 scriptum
3589 5175 3673 5224 est
3706 5184 3722 5221 :
3752 5162 3827 5220 Et

2289 5308 2306 5340 ί
2341 5306 2441 5356 Sola
2460 5306 2616 5369 editio
2638 5311 2768 5368 Lov.,
2793 5303 2908 5369 quia
2928 5310 2974 5356 et
2994 5301 3151 5355 brevis
3171 5307 3259 5355 est.

2286 5371 2308 5402 '
2343 5367 2472 5431 Apud
2489 5374 2622 5428 Lov.,
2645 5367 2844 5419 statura.

2287 5431 2309 5463 ³
2339 5422 2412 5481 sic
2433 5437 2540 5481 Mss.
2565 5422 2622 5480 Αἱ
2644 5431 2779 5492 editi,
2799 5436 2849 5482 ut
2869 5427 2966 5481 alia
2999 5425 3348 5494 intelligantur,
3375 5436 3485 5489 qua:
3521 5422 3827 5487 spondentur

2222 5497 2422 5605 “frgi:
2453 5562 2558 5604 Mss.
2593 5561 2648 5605 At
2679 5555 2826 5616 editi,
2851 5560 3030 5618 quarua
3076 5567 3204 5604 nunc
3243 5547 3620 5616 manifestatione
3664 5546 3828 5598 clare-

2221 5622 2472 5729 mgni'ind.
2507 5689 2560 5733 et
2583 5689 2679 5730 Am.
2703 5695 2715 5729 :
2743 5679 2983 5747 Quomon
3009 5677 3315 5747 conﬁdimus
3341 5670 3824 5747 convenireﬂW-

2223 5747 2297 5813 Er.
2346 5749 2397 5793 et
2441 5749 2572 5806 Lov.,
2597 5743 2836 5807 (monde
2857 5740 3143 5807 cenﬁdimu's
3182 5740 3369 5791 et'cnire
3385 5740 3561 5787 omnia.
3606 5741 3714 5783 Mss.
3743 5745 3829 5786 ne.

2226 5815 2348 5856 mre.

3700 5966 3728 5993 Δ
