4062 6498
539 343 646 400 543

539 472 766 530 corpore
783 472 847 515 ac
874 457 1128 514 membris
1143 497 1162 526 ,
1185 457 1328 530 quod
1351 459 1578 530 populus
1600 461 1717 532 ejus
1755 470 1857 516 est.
1914 460 2038 516 ideo
2065 463 2118 516 in

1623 345 1713 403 DE
1748 344 2072 402 CIVITATE
2111 343 2244 414 DEI,
2283 344 2342 403 S.
2384 343 2751 402 AUGUSTINI

3352 267 3394 304 ο

3713 345 3815 405 5M

2233 470 2543 516 transeuntes
2559 461 2711 528 viam,
2730 464 2896 533 factus
2909 467 2982 515 est
2996 458 3322 531 opprobrium
3334 458 3508 514 vicinis
3523 460 3648 515 suis.
3669 460 3820 516 Eul-

543 550 680 606 libro
703 551 1006 624 Regnorum
1027 591 1044 618 ,
1097 551 1338 622 iniquitas
1380 553 1490 623 ejus
1542 552 1767 620 dicitur;
1806 555 1858 608 in
1911 553 2124 610 Psalmo
2228 553 2345 607 tasti
2358 553 2615 608 dexteram
2628 554 3085 622 inimicorumejus,
3092 553 3392 622 jucundasti
3408 569 3579 608 omnes
3593 554 3822 612 inimicos

541 654 722 700 autem
746 687 762 713 ,
794 646 1016 714 ﬁliorum
1061 646 1202 716 ejus:
1227 653 1286 700 ut
1330 646 1687 718 intelligamus
1739 648 1808 703 de
1859 649 1974 719 ipso
2021 648 2124 704 dici
2227 647 2360 717 ejus.
2390 646 2620 701 Avertiin
2643 646 2954 718 adjutorium
2977 646 3136 718 gladii
3161 647 3293 717 ejus,
3316 655 3491 702 etnon
3514 664 3569 703 es
3597 649 3821 718 opitula-

546 736 939 808 quodammodo
963 779 978 805 ,
1006 737 1148 809 quod
1176 737 1247 794 de
1270 739 1389 809 ejus
1409 753 1636 810 corpore
1662 741 1874 795 dicitur.
1905 741 2128 812 Propter

546 828 688 900 quod
713 829 873 884 etiam
910 828 1024 899 ipse
1061 829 1130 886 de
1175 830 1350 898 cmlo,
1388 846 1511 886 cum
1545 847 1740 902 corpus
1785 832 1940 902 ejus,
1987 831 2129 904 quod

546 928 672 975 sunt
700 920 888 977 fideles
910 920 1254 991 ejus,Sauius
1273 932 1706 994 persequeretur,
1726 923 1905 991 Saule,
1937 923 2128 994 inquit,

550 1011 743 1080 Saule,
791 1013 915 1084 quid
962 1031 1044 1069 me
1092 1017 1402 1087 persequeris
1444 1015 1580 1090 (Act.
1607 1033 1682 1082 ix,
1711 1016 1804 1089 4)?
1832 1016 2034 1072 Deinde
2076 1016 2131 1072 in

549 1107 996 1177 consequentibus
1046 1107 1284 1177 Psalmi,
1327 1108 1505 1183 Neque
1553 1110 1774 1177 nocebo,
1829 1109 2034 1181 inquit,
2076 1110 2132 1164 in

549 1198 758 1253 veritate
777 1213 907 1265 mea,
939 1215 1099 1271 neque
1125 1201 1406 1270 profanabo
1452 1211 1804 1258 testamentum
1853 1217 2018 1256 meum
2039 1242 2054 1267 ,
2087 1209 2134 1255 et

551 1305 665 1358 qua:
715 1289 990 1358 procedunt
1034 1291 1100 1346 de
1145 1291 1291 1348 labiis
1335 1294 1460 1348 meis
1512 1311 1614 1350 non
1639 1293 1933 1365 reprobabo.
1967 1292 2135 1348 Semel

552 1381 721 1452 juravi
737 1382 789 1435 in
819 1391 992 1438 sancto
1020 1399 1151 1449 meo,
1176 1384 1219 1438 si
1249 1383 1414 1438 David
1429 1386 1642 1439 mentiar
1668 1401 1688 1439 :
1713 1384 1765 1440 id
1793 1393 1872 1442 est
1892 1427 1908 1452 ,
1939 1397 2139 1455 nequa-

555 1489 717 1544 quam
744 1473 910 1530 David
936 1477 1183 1538 mentiar.
1209 1476 1360 1532 Soict
1389 1478 1534 1533 enim
1559 1478 1640 1532 sic
1666 1477 1811 1547 loqui
1841 1477 2134 1546 Scriptura.

555 1564 693 1632 Quid
720 1574 901 1622 autem
922 1581 1026 1622 non
1048 1567 1356 1634 mentiatur,
1377 1569 1619 1640 adjungit
1635 1612 1650 1636 ,
1680 1579 1734 1625 et
1758 1569 1924 1633 dicit,
1955 1567 2139 1623 Semen

524 1661 526 1664 ’
557 1659 668 1729 ejus
688 1658 742 1713 in
766 1667 1010 1714 wternum
1038 1659 1279 1726 manebit;
1304 1669 1350 1714 et
1369 1661 1509 1716 sedes
1529 1663 1636 1732 ejus
1663 1662 1792 1714 sicut
1832 1660 1909 1714 sol
1931 1660 1984 1712 in
2013 1674 2140 1712 con-

561 1757 736 1820 spectu
756 1765 886 1818 meo,
909 1759 956 1804 et
979 1749 1109 1805 sicut
1133 1750 1256 1805 luna
1285 1754 1509 1824 perfecta
1555 1753 1610 1806 in
1635 1762 1897 1818 internum,
1921 1760 1968 1806 et
2005 1749 2142 1804 testis

447 1916 457 1925 0
557 1842 610 1897 in
630 1842 754 1897 ctelo
782 1843 947 1912 ﬁdelis
967 1841 1142 1915 (Psal.
1175 1859 1439 1911 Lxxxvnl,
1471 1843 1688 1915 34-38).

557 1951 781 2009 CAPUT
804 1953 872 2008 X.
902 1983 972 1994 -—-
993 1953 1160 2021 Quam
1187 1955 1383 2010 diversa
1408 1964 1522 2010 acta
1548 1956 1651 2010 sint
1677 1955 1731 2009 in
1757 1971 1912 2027 regno
1935 1963 2146 2010 terrena:

629 2045 934 2113 Jerusalem,
949 2046 1011 2101 ab
1035 2048 1115 2102 his
1139 2064 1252 2119 qua:
1271 2050 1568 2120 promiserat
1587 2049 1748 2116 Deus,
1767 2059 1821 2103 ut
1844 2049 2148 2120 intelligere-

630 2146 713 2191 tur
741 2138 1087 2209 promissionis
1133 2140 1315 2194 veritas
1359 2141 1426 2194 ad
1469 2141 1679 2196 alterius
1721 2139 1876 2212 Regis
1912 2149 1960 2195 et
2007 2139 2148 2210 regni

632 2228 848 2300 gloriam
874 2229 1139 2300 pertinere.

632 2341 762 2400 Post
809 2343 926 2400 hate
973 2354 1135 2401 tanta:
1187 2346 1556 2417 promissionis
1603 2346 1928 2402 validissima
1972 2346 2153 2402 firma-

562 2444 764 2504 menta,
788 2451 864 2492 ne
879 2443 1192 2508 putarentur
1207 2437 1259 2493 in
1276 2439 1558 2494 Salomone
1577 2439 1863 2510 completa,
1898 2448 2150 2510 tanquam

564 2530 619 2586 id
643 2537 971 2601 speraretur,
991 2545 1092 2586 nec
1108 2530 1474 2586 inveniretur:
1503 2529 1584 2585 Tu
1611 2547 1745 2598 vero,
1774 2531 1965 2602 inquit,
1996 2547 2152 2602 repuo

565 2623 685 2690 listi,
742 2630 791 2676 et
835 2621 903 2676 ad
939 2621 1157 2676 nihilum
1199 2622 1474 2687 deduxisti,
1520 2621 1755 2677 Domine.
1803 2622 1914 2678 Hoc
1955 2622 2153 2694 quippe

567 2713 762 2769 factum
791 2722 874 2769 est
900 2714 968 2770 de
992 2729 1158 2785 regno
1177 2714 1480 2770 Salomonis
1504 2715 1554 2769 in
1573 2715 1802 2786 posteris
1827 2714 1965 2785 ejus,
1985 2730 2154 2786 usque

566 2805 635 2860 ad
663 2806 992 2861 eversionem
1023 2806 1188 2876 ipsius
1227 2815 1456 2862 terrena:
1486 2806 1805 2872 Jerusalem,
1854 2823 1973 2877 quae
2003 2807 2153 2878 regni

568 2896 806 2968 ejusdem
841 2898 997 2956 sedes
1038 2897 1166 2965 fuit;
1199 2907 1254 2955 et
1289 2900 1520 2955 maxime
1545 2901 1710 2971 ipsius
1744 2901 1927 2972 templi
1954 2901 2152 2970 labem,

569 2988 710 3058 quod
726 2987 933 3044 fuerata
950 2987 1239 3045 Salomone
1257 2999 1621 3046 constructum
1639 2990 1735 3064 (α).
1750 2989 1857 3048 Sed
1878 3007 1946 3047 ne
1965 2991 2034 3046 ob
2054 2990 2157 3048 hoc

571 3087 845 3148 putaretur
866 3079 1006 3136 Deus
1031 3089 1214 3136 contra
1243 3095 1339 3137 sua
1369 3081 1626 3152 promissa
1658 3081 1869 3148 fecisse,
1903 3083 2158 3138 continuo

570 3170 816 3241 subjecit,
846 3171 1096 3228 Distulisti
1121 3171 1376 3229 Christum
1393 3182 1534 3228 tuum
1563 3172 1734 3248 (Psal.
1766 3190 2017 3241 txxxvut,
2042 3173 2156 3247 '59).

570 3261 685 3319 Non
701 3272 926 3336 estergo
951 3265 1042 3320 ille
1062 3265 1339 3331 Salomon,
1369 3265 1464 3322 sed
1491 3281 1592 3322 nec
1619 3266 1732 3338 ipse
1760 3266 1946 3333 David,
1966 3268 2011 3322 si
2028 3266 2160 3322 dila-

573 3364 659 3411 tus
671 3365 754 3412 est
767 3355 1008 3414 Christus
1029 3358 1260 3414 Domini.
1277 3357 1413 3414 Cum
1430 3359 1572 3414 enim
1590 3358 1777 3415 christi
1790 3360 1908 3430 ejus
1925 3359 2162 3416 diceren-

573 3456 664 3504 tur
677 3463 864 3505 omnes
889 3463 1045 3518 reges
1060 3450 1288 3522 mystico
1305 3451 1393 3505 illo
1407 3450 1696 3506 chrismate
1707 3452 2003 3506 consecrati
2021 3495 2035 3518 ,
2052 3467 2160 3508 non

573 3538 745 3593 solum
791 3554 823 3593 a
869 3554 994 3610 rege
1027 3539 1191 3596 David
1230 3550 1283 3597 et
1323 3541 1594 3612 deinceps,
1636 3543 1728 3598 sed
1774 3543 1842 3597 ab
1881 3543 1973 3598 illo
1999 3544 2160 3600 etiam

573 3627 754 3697 Same,
779 3631 868 3702 qui
895 3633 1094 3702 populo
1115 3632 1287 3688 eidem
1311 3649 1406 3690 rex
1424 3635 1622 3705 primus
1643 3644 1727 3691 est
1749 3643 1938 3690 unctus
1965 3636 2007 3707 (i
2028 3634 2159 3707 Reg.

573 3739 742 3791 xxiv,
771 3724 878 3796 7);
928 3726 1041 3797 ipse
1069 3727 1267 3799 quippe
1311 3726 1476 3782 David
1498 3743 1618 3783 eum
1646 3727 1905 3784 christum
1955 3729 2161 3784 Domini

573 3815 845 3885 appellat:
877 3825 994 3872 erat
1030 3825 1207 3873 tamen
1238 3833 1374 3873 unus
1405 3832 1562 3874 verus
1601 3817 1864 3885 Christus,
1910 3819 2060 3889 cujus
2088 3819 2163 3874 illi

563 3905 800 3977 figuram
821 3908 1129 3979 prophetica
1150 3909 1405 3965 unctione
1423 3910 1733 3980 gestabant;
1759 3913 1847 3982 qui
1871 3911 2162 3966 secundum

574 4000 881 4071 opinionem
909 4000 1210 4068 hominum,
1239 4001 1328 4072 qui
1354 4015 1478 4056 eum
1511 4002 1767 4070 putabant
1799 4004 1850 4057 in
1887 4003 2050 4057 David
2080 4003 2163 4059 vel

576 4091 630 4147 in
656 4091 943 4149 Salomone
988 4091 1410 4164 intelligendum,
1445 4093 1791 4150 differebatur
1820 4096 1872 4150 in
1907 4095 2162 4167 longum;

575 4182 868 4238 secundum
891 4193 1067 4239 autem
1087 4183 1488 4253 dispositionem
1519 4185 1612 4240 Dei
1639 4196 1890 4242 venturus
1910 4200 2006 4242 suo
2029 4196 2165 4242 tem-

580 4291 709 4344 pore
729 4277 1032 4346 parabatur.
1056 4277 1261 4332 interea
1281 4277 1408 4332 dum
1433 4277 1519 4333 ille
1542 4279 1801 4345 differtur,
1827 4280 1952 4350 quid
1971 4280 2164 4337 factum

577 4365 651 4421 sit
678 4365 747 4422 de
772 4381 936 4436 regno
951 4375 1176 4422 terrente
1192 4361 1510 4436 Jerusalem,
1534 4369 1622 4424 ubi
1652 4370 1965 4440 sperabatur
1986 4373 2168 4442 utique

582 4469 920 4532 regnaturus,
950 4469 1164 4516 secutus
1191 4461 1290 4517 iste
1317 4462 1554 4532 psalmus
1578 4462 1839 4533 adjunxit,
1869 4475 2028 4536 atque
2054 4466 2163 4520 ait:

580 4551 817 4607 Evertisti
832 4537 1209 4609 ‘testamentum
1221 4557 1349 4610 servi
1364 4555 1457 4621 tui,
1475 4557 1754 4625 profanasti
1767 4558 1820 4610 in
1837 4567 1969 4612 terra
1984 4560 2171 4613 sancti-

580 4656 732 4700 tatem
753 4648 881 4718 ejus.
897 4647 1202 4703 Destruxisti
1221 4665 1392 4704 omnes
1408 4649 1650 4704 macerias
1666 4652 1792 4721 ejus,
1814 4652 2029 4721 posuisti
2048 4669 2164 4706 mu-

581 4737 796 4793 nitiones
852 4739 961 4809 ejus
1019 4739 1072 4792 in
1102 4739 1441 4812 formidinem.
1492 4739 1822 4810 Diripuerunt
1847 4758 1959 4796 eum
1998 4759 2168 4798 onmes

643 4879 661 4910 ι
690 4875 878 4941 Aliquot
915 4877 1224 4940 manuscripti
1243 4911 1259 4938 ,
1295 4874 1529 4928 At-ertisti.
1571 4882 1735 4927 Graece
1772 4884 1882 4939 est,
1929 4883 2168 4928 Katestre-

578 4952 719 5065 W23)
741 5007 810 5052 De
848 5001 1114 5065 eversione
1135 5000 1277 5065 regni
1301 4999 1408 5050 inec
1427 4999 1696 5065 Josepbus,_
1723 5001 2068 5065 Antiquitatum
2089 5008 2171 5050 Ju-

581 5061 823 5134 daicarum
848 5061 974 5112 libro
999 5062 1072 5134 ip,
1093 5061 1281 5134 capiti
1308 5075 1321 5112 :
1357 5079 1380 5108 α
1402 5061 1556 5134 atque
1577 5063 1660 5134 hic
1674 5061 1763 5111 fuit
1784 5061 1990 5110 Davidici
2002 5074 2170 5134 gene-

584 5144 606 5172 ι
631 5129 699 5176 ris
720 5138 896 5199 regum
935 5124 1120 5183 exitus,
1160 5124 1242 5196 qui
1258 5136 1386 5173 unus
1409 5130 1462 5173 et
1491 5124 1660 5196 viginti
1686 5131 2019 5195 regnaverunt
2034 5124 2172 5197 dein-

585 5206 608 5234 ι
625 5202 770 5236 cens.
797 5188 944 5236 idque
969 5194 1204 5236 temporis
1238 5188 1447 5236 snatium
1489 5192 1784 5236 quingentos
1807 5193 1860 5234 et
1893 5185 2171 5236 quindecim

585 5206 608 5234 ι
625 5188 944 5252 ceps,idque
969 5188 1204 5249 temporis
1238 5188 1447 5249 Spatium
1489 5188 1784 5249 quingentos
1807 5193 1860 5234 et
1893 5188 2171 5257 quindecim

587 5267 610 5296 ι
635 5263 788 5299 annos
808 5249 1043 5306 continet,
1071 5254 1124 5296 et
1158 5260 1359 5297 menses
1392 5249 1593 5310 insuper
1615 5260 1706 5296 sex
1743 5259 1855 5296 cum
1875 5247 2052 5296 diebus
2094 5262 2176 5297 se-

586 5328 608 5354 ι
627 5321 781 5354 ntem-
806 5310 1137 5354 nnnumeratis
1176 5309 1346 5354 vininti
1386 5310 1525 5354 annis
1554 5308 1693 5354 nrimi
1718 5309 1854 5354 regis
1894 5306 2062 5354 saiilis.
2088 5311 2171 5354 aui

586 5328 608 5357 ς
627 5321 781 5382 ptem,
806 5311 1137 5361 auunmeratis
1176 5311 1346 5382 viginti
1386 5311 1525 5358 anuis
1554 5311 1693 5371 primi
1718 5311 1854 5370 regis
1872 5311 2062 5381 csaﬁiis,
2088 5311 2172 5372 qui

585 5390 609 5420 ς
635 5373 725 5422 fuit
739 5374 898 5422 tribus
912 5369 1145 5444 alterius;
1168 5383 1319 5444 μαι-ει
1341 5371 1703 5444 subtrahantur,
1724 5383 1753 5419 a
1773 5369 1952 5444 pavide
2058 5371 2172 5422 ulti-

589 5408 611 5480 ἰ
634 5408 775 5484 ἰὶἱέῐηῖ
783 5408 1234 5483 Ᾱῖιὶὶῖιῖξὲόῖοὶιῖὲἕ
1241 5408 1508 5482 “unum:
1509 5408 1661 5481 "5331“
1665 5408 2174 5542 ὶῑυὶὧῖιὶξεζυῐηόἑιέξ

590 5514 613 5542 ι
637 5498 771 5559 ginta
801 5502 1008 5559 quatuor
1032 5501 1084 5545 et
1115 5506 1316 5544 menses
1353 5507 1462 5559 sex.
1492 5509 1516 5538 ι
1563 5493 1694 5541 Idem
1732 5501 1878 5556 .tosep
1912 5505 1970 5542 us
2002 5495 2174 5559 scribit

584 5555 958 5618 templum'esse
998 5558 1252 5606 incensum
1275 5558 1414 5606 annis
1445 5563 1508 5604 ex
1541 5567 1639 5618 quo
1663 5555 1962 5605 exstruCtum
1995 5555 2173 5616 fuerat,

585 5620 957 5691 quadringentis
978 5620 1304 5691 septuaginta,
1329 5617 1582 5691 mensibus
1610 5630 1708 5691 sex
1733 5624 1788 5691 et
1803 5617 1979 5691 diebus
1999 5617 2175 5668 decem

585 5679 760 5734 arklitis
785 5679 809 5732 ί
824 5695 972 5746 quem
991 5679 1217 5744 sequitur
1239 5685 1456 5728 Zonaras.
1484 5679 1721 5728 Euselnus
1743 5686 1797 5728 et
1816 5679 2065 5729 cedreuus
2083 5694 2172 5729 nu-

585 5752 779 5795 merant
821 5757 974 5795 annos
1010 5740 1396 5804 quadringentos
1434 5740 1751 5804 quadraginta
1782 5739 1940 5804 duos;
1966 5745 2172 5804 ttebrei,

583 5752 779 5795 merant
821 5757 974 5795 annos
1010 5752 1396 5806 quadringentos
1434 5752 1751 5804 quadraginta
1792 5752 1940 5802 unos;
1966 5752 2172 5804 neum,

583 5819 738 5858 annos
757 5807 1142 5872 quadringentos
1169 5803 1416 5867 octoginta
1445 5810 1578 5866 tres;
1626 5811 1678 5854 et
1710 5803 1792 5854 alii
1815 5816 1986 5854 rursus
2010 5803 2171 5856 aliter.

583 5876 834 5930 (locum

2232 747 2311 793 tus
2335 739 2383 793 ei
2406 739 2459 793 in
2494 739 2644 794 bello.
2676 738 2961 795 Dissolvtsti
3004 755 3119 794 eum
3145 739 3208 792 ab
3237 740 3620 808 emundatione,
3659 743 3824 798 sedem

2232 831 2342 897 eius
2365 831 2420 885 in
2446 840 2632 887 terram
2659 832 2910 887 collisisti.
2943 830 3174 886 Minuisti
3200 833 3307 886 dies
3335 833 3469 888 sedis
3497 835 3629 904 ejus,
3659 835 3827 904 perfu-

2233 920 2352 977 disti
2401 939 2514 977 eum
2554 923 2856 993 confusione
2906 922 3078 992 (Psal.
3125 939 3398 989 Lxxxvttt,
3441 923 3655 995 40-46).
3709 923 3830 982 iis:

2234 1012 2413 1066 omnia
2440 1022 2706 1070 venerunt
2752 1028 2915 1083 super
2962 1014 3212 1068 ancillam
3252 1013 3572 1078 Jerusalem,
3625 1014 3681 1069 in
3729 1030 3829 1084 qua

2235 1114 2597 1175 regnaverunt
2622 1106 2864 1161 nonnulli
2893 1105 3052 1162 etiam
3085 1106 3181 1161 filii
3208 1107 3414 1174 libera,
3445 1122 3670 1178 regnum
3698 1106 3828 1162 illud

2237 1203 2478 1252 tenentes
2504 1197 2556 1252 in
2585 1197 2982 1267 dispensatione
3001 1198 3368 1268 temporaria:
3398 1213 3620 1270 regnum
3648 1207 3830 1254 autem

2237 1288 2476 1344 caelestis
2500 1289 2819 1356 Jerusalem,
2845 1289 3000 1361 cujus
3027 1299 3182 1345 erant
3210 1291 3325 1356 filii,
3358 1290 3410 1345 in
3442 1306 3568 1346 vera
3589 1290 3697 1346 lide
3738 1289 3832 1344 ba-

2241 1380 2450 1447 bentes,
2477 1390 2531 1438 et
2559 1381 2615 1437 in
2638 1397 2767 1438 vero
2784 1382 2995 1438 Christo
3020 1391 3321 1453 sperantes.
3349 1381 3629 1451 Quomodo
3653 1389 3833 1436 autem

2242 1472 2340 1528 ista
2384 1474 2628 1547 venerint
2676 1488 2842 1545 super
2877 1473 3009 1529 illud
3053 1490 3300 1545 regnum,
3347 1473 3505 1530 iudex
3541 1481 3627 1530 est
3655 1486 3836 1530 rerum

2241 1576 2536 1638 gestarum,
2568 1567 2615 1623 si
2635 1567 2861 1638 legatur,
2885 1566 3131 1623 historia.

2243 1678 2469 1736 CAPUT
2505 1679 2598 1736 Xl.
2643 1709 2716 1722 -—
2764 1679 2842 1735 De
2879 1681 3160 1736 substantia
3207 1681 3384 1751 populi
3434 1677 3550 1748 Dei,
3597 1695 3715 1751 quae
3754 1696 3839 1752 per

2315 1773 2711 1843 susceptionem‘
2735 1772 2903 1828 carnis
2920 1773 2973 1826 in
2995 1771 3194 1828 Christo
3214 1782 3289 1827 est
3313 1788 3334 1828 :
3361 1773 3448 1844 qui
3469 1772 3608 1827 solus
3637 1771 3841 1827 eruendi

2317 1863 2378 1918 ab
2400 1864 2577 1936 inferis
2603 1865 2826 1920 animant
2849 1856 2994 1920 suam
3020 1864 3196 1920 habuit
3223 1873 3538 1935 potestatem.

2321 1954 2447 2010 Post
2500 1955 2614 2012 hmo
2661 1967 2838 2013 autem
2883 1956 3199 2028 prOpbotata
3226 1956 3293 2011 ad
3320 1957 3647 2030 precandum
3676 1955 3842 2012 Deum

2253 2043 2520 2113 Propheta
2537 2048 2867 2103 convertitur
2890 2065 2904 2103 :
2922 2046 3019 2103 sed
3042 2057 3096 2104 et
3121 2048 3233 2118 ipsa
3253 2048 3490 2118 precatio
3513 2046 3845 2119 prophetatio

2251 2144 2351 2190 est.
2376 2135 2662 2207 Usquequo,
2685 2136 2921 2207 Domine,
2945 2139 3126 2194 avertis
3144 2139 3199 2194 in
3223 2140 3376 2209 ﬁnem
3395 2138 3566 2210 (Psal.
3586 2152 3844 2196 Lxxxvm.

2250 2231 2341 2301 47)
2356 2231 2379 2284 ?
2395 2231 2726 2298 subauditur,
2745 2233 2928 2303 faciem
2945 2241 3083 2288 tuam
3097 2233 3240 2289 :sicu
3258 2233 3405 2288 talibi
3417 2233 3632 2300 dicitur,
3651 2231 3845 2305 Usque-

2251 2337 2350 2392 quo
2364 2324 2547 2378 avertis
2561 2325 2744 2394 faciem
2761 2334 2899 2380 tuam
2913 2343 2947 2380 a
2961 2341 3042 2380 me
3061 2324 3232 2398 (Psal.
3249 2341 3342 2394 an,
3364 2327 3422 2395 i)
3439 2325 3572 2382 Nam
3589 2326 3710 2381 ideo
3727 2325 3847 2397 quio

2253 2415 2376 2471 dam
2403 2416 2617 2474 codices
2653 2417 2742 2474 hic
2769 2434 2873 2474 non
2897 2417 3116 2486 habent,
3158 2419 3376 2484 avertis;
3407 2417 3524 2486 sed,
3564 2419 3806 2474 averteris
3831 2434 3848 2475 :

2254 2521 2556 2578 quanquam
2623 2509 2791 2579 possit
2849 2509 3106 2580 intelligi,
3170 2509 3385 2566 Avertis
3429 2508 3849 2565 misericordiam

2256 2605 2422 2664 tuam,
2455 2615 2613 2670 quam
2640 2601 2930 2673 promisisti
2953 2600 3139 2660 David.
3189 2600 3340 2668 Quod
3385 2609 3564 2657 autem
3598 2601 3754 2666 dixit,
3799 2599 3853 2655 ia

2257 2692 2440 2761 ﬁnem;
2466 2692 2592 2764 quid
2612 2702 2713 2759 est,
2742 2694 2868 2760 nisi,
2895 2691 3080 2764 Usque
3104 2693 3156 2748 in
3187 2695 3348 2748 tinem
3371 2693 3398 2747 Ἰ
3425 2693 3526 2760 Qui
3547 2692 3671 2747 finis
3697 2691 3854 2748 intel-

2260 2784 2502 2856 ligendus
2537 2795 2621 2842 est
2659 2786 2904 2842 ultimum
2953 2795 3182 2856 tempus,
3219 2785 3436 2857 quando
3474 2786 3529 2840 in
3578 2784 3851 2840 Christum

2257 2877 2442 2934 Jesum
2469 2879 2629 2934 etiam
2659 2879 2748 2935 illa
2767 2894 2898 2952 gens
2917 2888 3001 2936 est
3027 2879 3317 2943 creditura,
3348 2885 3473 2933 ante
3501 2891 3659 2948 quem
3691 2875 3852 2931 linem

2261 2970 2347 3025 illa
2385 2971 2499 3026 ﬁeri
2526 2971 2826 3044 oportebat,
2865 2985 2986 3043 quae
3011 2971 3256 3041 superius
3283 2984 3586 3026 aerumnosa
3615 2967 3853 3024 deﬂevit.

2266 3063 2491 3136 Propter
2511 3056 2631 3136 qua:
2655 3073 2712 3122 et
2739 3063 2825 3120 hic
2855 3064 3120 3136 sequitur,
3153 3063 3462 3118 Eaardescet
3479 3063 3607 3117 sicut
3627 3061 3758 3132 ignis
3778 3061 3858 3115 ira

2261 3164 2366 3210 tua.
2393 3156 2645 3212 Memento
2663 3173 2777 3228 quae
2795 3165 2868 3212 est
2888 3173 3000 3211 mea
3022 3156 3322 3212 substantia.
3350 3155 3490 3210 Nihil
3519 3153 3608 3208 hic
3633 3152 3850 3219 melius,

2262 3263 2420 3319 quam
2453 3248 2568 3319 ipse
2588 3249 2745 3305 Jesus
2771 3247 3116 3321 intelligitur,
3150 3247 3444 3304 substantia
3487 3246 3668 3318 p0puli
3698 3246 3850 3316 ejus,

2264 3353 2329 3394 ex
2357 3355 2464 3410 quo
2488 3349 2678 3396 natura
2703 3349 2788 3397 est
2813 3342 2990 3396 carnis
3016 3339 3150 3411 ejus.
3183 3339 3306 3395 Non
3335 3339 3468 3395 enim
3489 3353 3632 3403 sane,
3661 3337 3854 3408 inquit,

2264 3431 2566 3487 constituisti
2593 3449 2762 3488 omnes
2782 3432 2918 3502 ﬁlios
2946 3431 3228 3508 hominum.
3258 3429 3428 3501 (Psal.
3457 3442 3710 3494 unum,
3736 3427 3858 3498 48).

2263 3522 2376 3579 Nisi
2395 3525 2539 3580 enim
2569 3534 2713 3581 esset
2732 3541 2868 3580 unus
2897 3509 3320 3601 Filiusqhoniinis
3345 3522 3636 3578 substantia
3666 3520 3857 3589 lsrael,

2266 3631 2363 3688 per
2389 3632 2547 3688 quem
2578 3615 2770 3673 Filium
2803 3616 3033 3672 hominis
3061 3616 3420 3672 liberarentur
3447 3613 3598 3668 multi
3629 3612 3721 3668 filii
3752 3611 3857 3668 ho-

2266 3710 2493 3774 minum,
2513 3724 2650 3766 vane
2669 3710 2850 3779 utique
2873 3707 3144 3764 constituti
3164 3713 3347 3762 essent
3363 3719 3550 3760 omnes
3569 3703 3662 3758 filii
3686 3703 3861 3759 homi-

2266 3816 2414 3857 num.
2430 3801 2580 3857 Nunc
2598 3815 2727 3856 vero
2743 3800 2917 3856 omnis
2931 3799 3144 3871 quidem
3169 3797 3396 3854 humana
3413 3805 3596 3853 natura
3618 3811 3713 3866 per
3730 3809 3864 3866 pec-

2267 3902 2442 3950 catum
2467 3893 2620 3963 primi
2650 3893 2881 3948 hominis
2910 3892 2962 3947 in
2985 3892 3274 3949 vanitatem
3293 3891 3362 3946 de
3380 3890 3606 3946 veritate
3628 3889 3864 3959 collapsa

2273 3991 2375 4049 est,
2395 3991 2613 4053 propter
2632 3982 2774 4054 quod
2791 3981 2918 4037 dicit
2934 3982 3069 4037 alius
3083 3981 3346 4054 psalmus,
3377 3978 3544 4034 Homo
3563 3979 3774 4032 vanitati
3795 3978 3864 4032 si-

2268 4075 2404 4128 milis
2431 4077 2596 4144 factus
2625 4085 2717 4142 est,
2745 4074 2852 4129 dies
2875 4075 2982 4145 ejus
3002 4075 3133 4128 velut
3157 4073 3336 4126 umbra
3357 4079 3658 4142 prtetereunt
3679 4068 3862 4138 (Pal.
3947 4135 3954 4140 ,

2271 4181 2427 4222 cum
2450 4209 2464 4232 ,
2494 4169 2563 4232 4)
2589 4185 2604 4221 :
2627 4167 2720 4222 sed
2753 4182 2857 4222 non
2887 4181 3015 4222 vane
3045 4167 3183 4221 Deus
3209 4163 3486 4220 constituit
3511 4177 3702 4218 omnes
3729 4161 3867 4217 illius

2274 4257 2547 4313 hominum
2572 4275 2588 4323 ;
2621 4259 2740 4328 quia
2771 4268 2824 4313 et
2850 4257 3045 4312 multos
3077 4270 3106 4310 a
3136 4255 3370 4310 vanitate
3399 4253 3588 4309 liberat
3621 4267 3720 4322 per
3749 4267 3866 4308 me-

2274 4348 2534 4403 diatorem
2562 4348 2766 4412 Jesum,
2800 4357 2855 4402 et
2881 4362 3014 4417 quos
3039 4346 3346 4402 liberandos
3366 4359 3472 4400 non
3499 4359 3620 4400 esse
3645 4343 3869 4413 praesci-

2274 4440 2383 4506 vit,
2428 4438 2495 4495 ad
2535 4440 2815 4494 utilitatem
2867 4437 3260 4504 liberandorum
3306 4445 3362 4492 et
3405 4434 3864 4506 comparationem

2274 4529 2501 4585 duarum
2519 4531 2657 4586 inter
2675 4545 2734 4585 se
2753 4544 2783 4583 ιι
2804 4529 3073 4585 contrario
3087 4528 3384 4595 civitatum,
3406 4543 3512 4583 non
3528 4528 3712 4598 utique
3731 4539 3870 4582 vane

2276 4623 2328 4678 in
2355 4622 2520 4678 totius
2549 4623 2820 4679 rationalis
2844 4629 3104 4677 creatum
3125 4620 3481 4690 pulcherrima
3502 4627 3660 4689 atque
3677 4618 3874 4688 justis-

2275 4714 2409 4769 sima
2435 4713 2768 4769 ordinatione
2791 4713 3085 4768 constituit.
3119 4709 3322 4767 Deinde
3348 4710 3608 4781 sequitur,
3638 4709 3769 4774 Quis
3794 4716 3871 4764 est

2276 4806 2427 4860 homo
2468 4805 2555 4878 qui
2601 4806 2745 4871 vivet,
2778 4813 2825 4859 et
2867 4821 2972 4859 non
2994 4803 3177 4857 videbit
3203 4810 3451 4866 mortem;
3479 4809 3614 4854 eruet
3642 4800 3872 4854 animant

2274 4914 2420 4953 suam
2462 4899 2526 4952 de
2561 4915 2715 4953 manu
2752 4897 2904 4969 inferi
2945 4895 2966 4970 (
2991 4895 3137 4950 Psal.
3169 4909 3427 4960 Lxxxvtu,
3458 4891 3592 4963 49)?
3621 4892 3756 4961 Quis
3784 4901 3870 4948 est

2276 4991 2400 5059 iste,
2432 4989 2533 5046 nisi
2563 4989 2859 5044 substantia
2884 4987 2974 5043 illa
3005 4986 3166 5042 lsrael
3187 5001 3254 5042 es
3272 4985 3478 5041 semine
3501 4983 3688 5050 David,
3716 4983 3876 5039 Chri-

2275 5091 2393 5138 stus
2435 5079 2633 5138 Jesus?
2671 5080 2747 5134 De
2775 5093 2879 5149 quo
2905 5078 3035 5134 dicit
3065 5077 3352 5147 Apostolus
3373 5116 3391 5143 ,
3421 5074 3564 5146 quod
3597 5074 3816 5144 surgens
3841 5090 3878 5127 a

2277 5174 2488 5228 mortuis
2512 5215 2528 5240 ,
2549 5173 2665 5242 jam
2689 5187 2791 5226 non
2820 5171 3051 5238 moritur,
3077 5177 3126 5223 et
3153 5183 3288 5223 mors
3315 5167 3361 5223 ei
3389 5165 3526 5221 ultra
3562 5180 3664 5219 non
3704 5164 3881 5218 donei-

2277 5265 2479 5320 nalntur
2505 5263 2696 5337 (Rom.
2729 5278 2824 5330 vt,
2852 5261 2886 5318 9
2915 5262 2956 5332 ).
2985 5262 3074 5318 Sic
3098 5260 3241 5316 enim
3284 5258 3426 5314 vivet
3450 5266 3505 5313 et
3532 5271 3640 5312 non
3666 5254 3880 5312 videbit

2278 5366 2540 5422 mortem,
2566 5365 2626 5410 ut
2649 5365 2828 5411 tamen
2855 5363 3096 5410 mortuus
3119 5351 3317 5418 fuerit;
3348 5349 3442 5406 sed
3468 5349 3700 5404 animam
3718 5361 3880 5405 suam

2279 5449 2479 5506 eruerit
2501 5447 2569 5503 de
2599 5461 2760 5502 manu
2800 5444 2955 5501 inferi
2973 5459 3108 5516 ,quo
3135 5450 3351 5514 propter
3377 5438 3734 5513 quorumdam
3759 5439 3883 5495 soi-

2281 5537 2449 5596 venda
2495 5536 2686 5594 inferni
2727 5535 2900 5592 vincla
2965 5533 3402 5592 descenderat”:
3446 5531 3648 5588 eruerit
3689 5540 3880 5587 autem

2282 5640 2543 5705 potestate
2573 5631 2660 5686 illa
2685 5675 2699 5695 ,
2729 5629 2796 5686 de
2825 5644 2927 5700 qua
2955 5629 3009 5686 in
3037 5627 3324 5699 Evangelio
3351 5625 3479 5681 dicit
3499 5667 3515 5689 ,
3558 5622 3880 5679 Potestatem

2349 5745 2366 5776 ί
2394 5742 2532 5802 aditi,
2556 5740 2917 5793 successionem.
2944 5738 3266 5791 Emendantur
3287 5751 3352 5787 ex
3370 5733 3721 5802 manuseriptis.

2345 5807 2366 5838 ⁸
2401 5806 2475 5854 sic
2496 5794 2669 5854 onmes
2687 5812 2793 5854 Itss.
2813 5812 2870 5876 μ
2892 5803 3038 5860 editi,
3060 5802 3175 5874 quia
3209 5814 3266 5864 pr
3315 5806 3404 5848 iter
3426 5794 3748 5861 quorumdam
3781 5794 3882 5847 sol-

2345 5866 2444 5915 nda
2459 5870 2765 5915 meritorum
2779 5863 2970 5915 vmcula
2981 5864 3048 5915 ad
3062 5864 3252 5915 utferna
3268 5813 3598 5915 ascendam.

2288 5866 2444 5926 venda
2459 5870 2765 5932 peccatorum
2779 5863 2970 5920 vincula
2981 5864 3048 5917 ad
3062 5863 3252 5930 inferna
3268 5863 3598 5915 descenderat.
3882 5916 3916 5974 ἃ
