4062 6478
203 344 305 404 διδ

207 456 1473 531 babwponeudianimmnmeam,etpotestatem
1504 462 1662 518 habeo
1689 462 1782 517 ite-

207 564 312 603 rum
337 548 573 602 sumendi
596 565 709 605 eam
731 546 913 624 (Joan.
942 566 999 617 ι,
1021 549 1147 623 18).

204 659 420 718 CAPUT
449 661 569 717 XII.
600 694 673 705 —
696 664 777 718 Ad
799 681 1013 736 quorum
1041 682 1307 737 personam
1330 669 1576 739 pertinere
1599 670 1783 724 intelli-

268 752 430 824 genda
450 754 519 809 sit
536 756 787 827 ﬂagitatio
808 758 1186 827 promissorum,
1210 763 1274 814 de
1296 759 1472 833 quibus
1492 762 1547 816 in
1572 760 1781 818 Psalmo

267 845 474 914 dicitur,
503 846 605 903 Ubi
642 857 769 905 sunt
800 849 1180 906 misericordia:
1210 860 1314 907 tum
1336 892 1353 918 ,
1392 852 1615 909 Domine
1640 894 1657 922 ,
1686 869 1778 910 an-

267 936 427 1007 tiquae
447 976 468 1005 ,
493 948 592 993 etc.

265 1049 369 1106 Sed
401 1059 598 1108 caetera
636 1052 828 1123 psalmi
856 1053 1049 1125 hujus,
1074 1070 1195 1127 qua:
1223 1056 1292 1111 ita
1321 1072 1381 1114 se
1418 1058 1652 1123 habent,
1684 1059 1781 1115 Ubi

202 1151 310 1197 sunt
357 1142 707 1201 miserationes
747 1154 849 1201 tua
884 1146 1135 1219 antique,
1168 1147 1381 1204 Domine
1402 1191 1418 1218 ,
1449 1167 1571 1222 quas
1598 1151 1779 1219 iurasti

201 1229 361 1285 Dauid
396 1232 454 1287 in
493 1233 701 1289 ueritate
730 1245 816 1291 tua
836 1235 864 1290 ἵ
909 1234 1160 1293 Memento
1188 1279 1203 1304 ,
1244 1237 1492 1308 Domine,
1523 1242 1781 1313 opprobrii

200 1337 448 1377 seruorum
471 1332 703 1395 tuorum,
731 1327 866 1397 quod
894 1329 1119 1383 continui
1145 1330 1198 1383 in
1226 1331 1342 1386 sinu
1370 1348 1479 1386 meo
1505 1334 1779 1389 multarum

200 1412 415 1482 gentiam
444 1429 465 1469 :
492 1416 631 1486 quod
669 1418 1094 1487 exprobrauerunt
1132 1420 1324 1474 inimici
1369 1421 1475 1489 tui,
1521 1421 1780 1490 Domine;

198 1506 321 1576 quod
337 1508 785 1578 exprobrauerunt,
808 1512 1243 1567 commutationem
1257 1512 1444 1569 Christi
1466 1514 1541 1569 tui
1560 1531 1579 1571 :
1601 1526 1777 1572 utrum

198 1614 258 1654 ex
283 1615 514 1669 persona
537 1601 676 1661 dicta
717 1604 827 1660 sint
859 1604 1069 1664 illorum
1098 1604 1297 1662 Israeli:
1319 1623 1489 1674 arum,
1516 1608 1605 1679 qui
1630 1609 1776 1664 desi-

198 1690 449 1749 derabant
478 1692 633 1751 reddi
659 1695 760 1752 sibi
788 1699 1195 1769 promissionem
1216 1741 1232 1765 ,
1278 1715 1397 1771 qua:
1426 1699 1563 1756 facta
1587 1711 1670 1757 est
1709 1700 1776 1757 ad

196 1782 387 1849 David;
420 1800 491 1841 an
522 1788 700 1857 potius
724 1786 1152 1846 Christianorum
1177 1832 1193 1858 ,
1223 1791 1315 1863 qui
1344 1807 1450 1847 non
1483 1793 1775 1849 secundum

196 1890 408 1934 carnem
429 1919 445 1945 ,
471 1879 568 1935 sed
596 1882 892 1939 secundum
921 1884 1163 1955 spiritum
1193 1895 1315 1941 sunt
1344 1885 1595 1942 Israelita:
1614 1929 1629 1953 ,
1658 1903 1773 1944 me-

196 1970 321 2037 rito,
352 1970 526 2041 quaeri
555 1981 753 2044 potest.
782 1974 927 2030 Dicta
956 1985 1082 2032 sunt
1107 1978 1304 2049 quippe
1331 1979 1431 2034 ista
1465 1980 1547 2036 vel
1578 1981 1775 2052 scripta

198 2068 429 2132 tempore
467 2078 576 2133 quo
620 2064 720 2121 iuit
756 2064 955 2123 Ethan
976 2108 991 2134 ,
1022 2067 1091 2124 de
1126 2069 1277 2140 cujus
1309 2071 1526 2128 nomine
1566 2073 1773 2130 titulum

197 2150 286 2207 iste
315 2153 565 2222 psalmus
599 2156 844 2229 accepit;
874 2168 930 2214 et
971 2159 1111 2217 idem
1158 2171 1364 2232 tempus
1412 2164 1561 2235 regni
1608 2164 1773 2221 David

197 2240 320 2299 luit:
347 2259 414 2300 ac
443 2260 541 2316 per
567 2245 672 2304 hoc
699 2263 808 2304 non
832 2248 1124 2317 diceretur,
1160 2251 1258 2308 Ubi
1284 2263 1404 2309 sunt
1434 2256 1773 2313 ntiserationes

197 2342 285 2390 tua
309 2336 570 2407 antiquis,
605 2337 823 2395 Domine
844 2381 860 2407 ,
890 2358 1016 2411 quas
1050 2344 1239 2415 jurasti
1266 2343 1437 2401 Dauid
1473 2348 1527 2401 in
1568 2348 1774 2407 ueritate

197 2436 275 2481 tuo
291 2428 318 2482 .’
343 2428 450 2485 nisi
469 2445 657 2488 eorum
686 2447 971 2503 personam
998 2435 1051 2492 in
1078 2452 1139 2493 se
1164 2437 1430 2509 Propheta
1452 2440 1468 2472 ⁸
1493 2442 1773 2513 transﬁgu-

196 2531 343 2589 raret,
372 2523 467 2594 qui
497 2524 656 2596 longe
680 2536 862 2597 postea
891 2526 1053 2585 futuri
1081 2539 1255 2598 erant,
1283 2531 1476 2602 quibus
1509 2534 1611 2591 hoc
1637 2544 1771 2590 temo

196 2628 284 2684 pus
305 2625 453 2672 esset
478 2618 778 2690 antiquum,
808 2622 1024 2692 quando
1048 2624 1159 2694 regi
1188 2625 1353 2681 David
1380 2626 1479 2682 ista
1510 2629 1769 2697 promissa

195 2718 326 2763 sunt.
366 2707 554 2771 Potest
590 2720 767 2768 autem
806 2712 1031 2787 intelligi
1070 2715 1266 2774 multas
1293 2725 1479 2789 gentes
1508 2760 1523 2787 ,
1558 2721 1771 2792 quando

194 2800 640 2871 persequebantur
677 2804 1012 2867 Christianos
1034 2847 1050 2874 ,
1099 2810 1453 2880 exprobrasse
1501 2813 1607 2871 illis
1646 2830 1768 2885 pas-

193 2887 386 2946 sionem
417 2890 639 2959 Cbristi,
668 2910 828 2965 quam
866 2896 1138 2968 Scriptura
1178 2903 1649 2961 commutationem
1678 2921 1772 2962 vo-

194 2989 306 3046 cat;
337 2983 593 3052 quoniam
623 2985 903 3043 moriendo
928 2988 1247 3047 immortalis
1269 3002 1351 3049 est
1377 2992 1570 3051 factus.
1589 2996 1771 3054 Potest

194 3078 240 3123 et
258 3074 603 3129 commutatio
621 3074 819 3133 Christi
839 3079 1135 3137 secundum
1156 3082 1257 3140 hoc
1269 3086 1439 3157 accipi
1450 3089 1769 3159 exprobrata

195 3159 453 3232 lsraelitis,
477 3167 599 3237 quia
623 3183 746 3224 cum
773 3185 958 3227 eorum
987 3185 1296 3244 speraretur
1323 3177 1530 3235 futurus
1549 3222 1565 3248 ,
1599 3182 1769 3239 lactus

193 3264 263 3309 est
279 3257 518 3327 gentium
548 3275 562 3313 :
592 3269 646 3316 et
671 3260 773 3317 hoc
797 3262 874 3318 eis
914 3280 1055 3321 nunc
1079 3269 1403 3337 exprobrant
1428 3274 1607 3331 multa:
1633 3290 1766 3345 gen-

194 3354 293 3415 tes,
335 3366 455 3421 qua:
484 3353 830 3411 crediderunt
857 3358 911 3412 in
937 3374 1060 3414 eum
1099 3376 1193 3431 per
1229 3378 1424 3420 novum
1452 3365 1766 3424 Testamen-

193 3449 311 3508 tum,
341 3444 447 3499 illis
470 3446 527 3501 in
555 3457 818 3505 vetustate
838 3454 1234 3510 remanentibus
1264 3473 1277 3511 :
1309 3467 1363 3512 ut
1392 3457 1513 3514 ideo
1536 3458 1764 3531 dicatur,

191 3530 434 3589 lancula
456 3575 473 3604 ,
504 3535 723 3593 Domine
742 3580 759 3606 ,
801 3544 1059 3612 opprobrii
1086 3562 1338 3602 seruorum
1383 3558 1618 3619 tuorum;
1642 3530 1766 3625 quia

192 3638 282 3679 non
310 3641 406 3682 eos
429 3627 808 3701 obliviscente,
837 3634 931 3689 sed
962 3636 1137 3705 potius
1183 3640 1476 3697 miserante
1506 3643 1761 3713 Domino,

190 3723 239 3767 et
273 3716 372 3787 ipsi
402 3728 527 3789 post
558 3720 659 3777 hoc
686 3725 1031 3794 opprobrium
1070 3729 1323 3786 credituri
1360 3742 1502 3789 sunt.
1532 3735 1636 3791 Sed
1676 3737 1765 3795 ille

191 3823 331 3878 quem
360 3812 510 3881 prius
539 3814 712 3883 posui,
741 3820 1147 3879 convenientior
1166 3837 1352 3878 sensus
1374 3825 1504 3881 mihi
1533 3829 1759 3886 videtur.

191 3896 407 3957 inimicis
430 3904 577 3958 enim
601 3903 799 3962 Christi
822 3948 840 3976 ,
870 3909 1062 3979 quibus
1097 3915 1466 3983 exprobratur,
1499 3920 1639 3989 quod
1668 3936 1762 3978 eos

190 3988 246 4043 ad
282 4003 471 4060 gentes
514 3997 779 4052 transiens
826 3999 1101 4071 reliquerit
1146 4004 1427 4074 Christus,
1475 3988 1762 4083 incongrue

190 4094 280 4136 vox
304 4085 403 4139 ista
437 4095 735 4157 coaptatur,
768 4088 1020 4146 Memento
1042 4134 1058 4160 ,
1087 4092 1305 4150 Domine
1324 4136 1339 4162 ,
1370 4101 1628 4169 opprobrii
1654 4119 1759 4158 ser-

189 4188 351 4230 iarum
376 4187 624 4246 tuorum;
652 4196 757 4236 nou
788 4184 930 4239 enim
974 4187 1114 4241 servi
1146 4188 1238 4243 Dei
1268 4194 1609 4262 nuncupandi
1638 4207 1764 4253 sunt

188 4267 305 4322 tales
335 4268 508 4324 Judzei
535 4287 550 4323 :
581 4271 676 4327 sed
713 4274 792 4329 eis
817 4276 977 4332 verba
1013 4278 1113 4332 ista
1138 4289 1483 4350 competunt,
1511 4286 1601 4355 qui
1640 4302 1762 4344 cum

186 4369 362 4424 graves
404 4360 732 4420 humilitates
779 4369 1204 4437 persecutionum
1253 4387 1351 4442 pro
1402 4373 1598 4432 Christi
1661 4395 1762 4435 no-

185 4451 313 4507 mine
355 4460 689 4522 paterentur,
734 4458 1002 4513 recordari
1050 4470 1338 4531 potuerunt
1362 4467 1632 4522 excelsum
1677 4486 1762 4527 re-

182 4554 329 4609 gnum
360 4544 558 4600 semini
596 4546 762 4602 David
799 4547 962 4606 fuisse
1000 4552 1318 4622 promissum
1346 4570 1361 4621 ;
1393 4568 1448 4613 et
1475 4558 1591 4629 ejus
1615 4560 1761 4617 desi-

185 4633 318 4693 derio
341 4639 529 4695 dicere
547 4681 564 4708 ,
606 4655 715 4696 non
760 4642 1093 4714 desperando
1112 4686 1130 4714 ,
1169 4646 1265 4702 sed
1304 4649 1535 4718 petendo
1558 4693 1574 4719 ,
1610 4669 1758 4725 qua:-

183 4732 355 4801 rendo,
387 4733 678 4804 pulsando,
706 4734 808 4791 Ubi
842 4746 959 4792 sunt
994 4739 1337 4796 miserationes
1375 4753 1477 4797 tum
1504 4745 1759 4817 antiquis,

181 4818 409 4891 Barsine,
441 4842 572 4896 quas
590 4827 781 4898 jurasti
809 4826 975 4884 Dauid
1003 4831 1057 4884 in
1082 4832 1287 4887 raritate
1313 4842 1401 4887 tua
1427 4835 1456 4889 2
1484 4835 1759 4908 Memento,

182 4911 405 4985 Densius,
444 4918 705 4988 opprobrii
748 4936 1005 4975 seruorum
1043 4932 1262 4991 tuorum,
1294 4926 1430 4995 quod
1455 4928 1681 4982 continui
1706 4930 1763 4985 in

181 5005 284 5060 sinu
307 5023 423 5064 meo
449 5010 728 5064 nauitarum
754 5012 1018 5083 gentium,-
1046 5013 1149 5069 hoc
1175 5024 1257 5071 est
1285 5056 1300 5081 ,
1333 5016 1392 5072 In
1420 5017 1761 5075 interioribus

178 5100 300 5155 meis
341 5102 616 5171 patienter
655 5104 871 5173 pertuli.
921 5103 1072 5170 Quod
1111 5108 1535 5177 exprobrauerunt
1571 5110 1762 5167 inimici

180 5192 243 5244 tui
266 5233 283 5260 ,
329 5191 593 5260 Domine;
636 5197 772 5265 quod
816 5199 1241 5269 aprobraoerunt
1260 5242 1277 5268 ,
1321 5204 1761 5259 commutationem

176 5278 352 5338 Christi
391 5286 471 5339 tui
494 5302 515 5340 :
544 5302 651 5341 non
680 5302 801 5343 eam
845 5298 1091 5359 putantes
1118 5293 1591 5350 commutationem
1615 5336 1632 5364 ,
1664 5295 1761 5351 sed

176 5377 637 5447 consumptionem
664 5379 708 5433 '.
735 5379 873 5448 Quid
895 5389 977 5437 est
999 5392 1199 5449 autem,
1224 5382 1497 5452 Memento,
1520 5385 1757 5456 Domine,

174 5464 268 5519 nisi
287 5506 303 5529 ,
331 5475 394 5521 ut
418 5469 727 5524 miserearis
750 5511 767 5537 ,
798 5478 854 5525 et
882 5487 979 5542 pro
1008 5472 1230 5529 tolerata
1252 5475 1515 5544 patienter
1540 5475 1759 5534 humili-

174 5561 278 5611 tate
304 5573 429 5613 mea
450 5600 467 5625 ,
498 5560 693 5615 reddas
716 5561 1084 5620 celsitudinem
1104 5605 1121 5631 ,
1146 5570 1319 5637 'quam
1356 5567 1547 5637 jurasti
1592 5569 1758 5626 David

173 5657 223 5701 to
264 5651 497 5708 veritate
545 5654 682 5707 tua?
728 5653 782 5710 Si
819 5664 999 5710 autem
1038 5656 1238 5713 Judmis
1282 5661 1613 5731 assignemus
1641 5662 1757 5720 haec

228 5780 699 5915 :
720 5850 837 5905 editi
857 5860 1040 5920 autem,
1057 5853 1144 5906 sed
1163 5856 1625 5910 consmnrnationem.

1408 346 1609 407 LIBER
1646 346 1943 408 DECIMUS
1978 349 2334 413 SEPTIIIIJS.

3365 385 3470 444 546

1888 462 2074 534 verba,
2100 465 2173 520 illi
2201 471 2340 525 servi
2369 469 2462 527 Dei
2489 474 2613 530 talia
2639 475 2821 537 dicere
2850 492 3156 558 potuerunt,
3185 494 3280 565 qui
3302 511 3471 568 expu-

1884 563 2044 625 gnata
2087 564 2295 612 terrena
2332 558 2627 621 Jerusalem
2654 609 2667 634 ,
2707 580 2990 643 antequam
3031 558 3472 648 Jesus—Chris-lus

1887 643 2193 703 humanitus
2242 663 2567 725 nasceretur,
2613 659 2665 715 in
2711 666 3076 734 captivitatem
3129 674 3275 733 ducti
3302 691 3425 738 sunt
3452 727 3465 750 ,

1886 737 2245 811 intelligentes
2292 753 2760 809 commutationem
2811 757 3049 833 Christi,
3097 769 3221 838 quia
3264 737 3471 833 scilicel

1883 1029 1947 1071 ac
1972 1018 2261 1089 spiritualis
2282 1032 2427 1080 esset
2454 1026 2679 1085 ﬁdeliter
2703 1018 3057 1105 exspectanda
3091 1062 3106 1098 :
3145 1062 3300 1117 quam
3341 1018 3467 1108 tunc

1882 1106 2133 1179 ignorans
2156 1112 2441 1173 inﬁdelitas
2458 1121 2715 1190 gentium,
2740 1140 2859 1181 eum
2889 1130 2978 1186 Dei
3006 1106 3259 1205 pupulum
3281 1106 3464 1199 exsul;

1882 1200 2031 1257 tabat
2047 1211 2207 1274 atque
2233 1206 2519 1265 insultabat
2534 1225 2656 1268 esse
2678 1216 2964 1287 captivum,
2987 1200 3113 1294 quid
3137 1230 3279 1286 aliud
3305 1251 3464 1303 quam

1881 1292 2077 1351 Christi
2129 1304 2599 1361 commutationem
2627 1348 2641 1373 ,
2689 1309 2783 1364 sed
2833 1292 3120 1373 scientibus
3174 1292 3416 1384 nesciens
3443 1371 3461 1398 ,

1881 1389 2274 1458 exprobrabat?
2295 1394 2363 1449 Et
2389 1396 2509 1454 ideo
2530 1401 2672 1470 quod
2702 1405 2963 1475 sequitur,
2994 1410 3082 1466 ubi
3111 1417 3341 1483 psalmus
3365 1389 3464 1479 iste

1881 1481 2216 1539 concluditur
2237 1528 2252 1552 ,
2278 1486 2569 1546 Benedictio
2602 1492 2809 1551 Domini
2835 1498 2887 1554 in
2921 1481 3163 1559 internum
3190 1523 3210 1562 :
3236 1510 3346 1579 ﬁat,
3372 1516 3463 1582 ﬁat

1880 1570 2053 1665 lPsal.
2083 1590 2317 1633 Lxxxvm
2342 1620 2356 1645 ,
2386 1582 2618 1655 50-53);
2649 1589 2898 1648 universo
2926 1595 3120 1665 populo
3144 1570 3462 1662 Deiad’coe-

1879 1662 2070 1722 lestem
2093 1667 2393 1728 Jerusalem
2424 1678 2728 1748 pertinenti,
2755 1683 2867 1741 sive
2888 1662 2941 1741 in
2970 1662 3077 1746 illis
3105 1693 3195 1763 qui
3225 1694 3464 1755 latebant

1878 1755 1933 1811 in
1964 1758 2305 1819 Testamento
2330 1779 2532 1837 vetere,
2561 1783 2843 1846 antequam
2874 1782 3203 1841 revelaretur
3226 1803 3423 1848 novum
3444 1835 3460 1861 ,

1879 1850 1992 1904 sive
2019 1851 2071 1905 in
2102 1852 2187 1908 his
2212 1857 2301 1927 qui
2334 1858 2444 1929 jam
2479 1862 2823 1925 Testamento
2848 1888 2987 1929 novo
3018 1879 3254 1935 revelato
3282 1885 3460 1940 mani-

1878 1938 2011 1996 feste
2051 1947 2318 2014 pertinuere
2361 1964 2651 2011 cernuntur
2695 1958 2763 2013 ad
2807 1960 3110 2035 Christum,
3151 1974 3283 2028 satis
3326 1938 3462 2031 con-

1877 2032 2038 2132 gruit.
2058 2034 2366 2132 Benedictio
2388 2045 2585 2115 quippe
2614 2047 2822 2107 Domini
2850 2053 2900 2108 in
2922 2032 3124 2117 semine
3146 2062 3330 2132 David,
3351 2083 3457 2123 non

1875 2123 1943 2179 ad
1956 2126 2176 2228 aliquod
2207 2140 2433 2203 tempus,
2460 2140 2633 2207 qualis
2652 2140 2841 2199 diebus
2864 2145 3164 2208 Salomonis
3186 2123 3456 2228 apparuit,

1874 2216 1970 2272 sed
1997 2218 2049 2273 in
2088 2231 2349 2279 aeternum
2388 2231 2651 2297 speranda
2681 2243 2794 2300 est,
2826 2236 2879 2292 in
2906 2254 3008 2310 qua
3037 2216 3334 2303 certissima
3362 2264 3459 2321 spe

1874 2307 2102 2379 dicitur,
2134 2312 2287 2381 Fiat,
2328 2318 2438 2387 ﬁat.
2481 2319 2626 2379 Illius
2668 2326 2811 2383 enim
2853 2307 2967 2401 spei
3008 2343 3090 2390 est
3125 2307 3460 2399 conﬁrmatio

1873 2403 2024 2458 verbi
2052 2403 2209 2476 hujus
2233 2408 2463 2468 iteratio.
2490 2413 2603 2471 Hoc
2628 2432 2757 2490 ergo
2784 2420 3083 2495 intelligens
3113 2428 3279 2486 David
3301 2433 3375 2487 ait
3402 2434 3455 2489 in

1872 2496 2109 2592 secundo
2153 2498 2455 2572 Regnorum
2489 2506 2623 2563 libro
2651 2550 2666 2576 ,
2714 2512 2856 2569 unde
2883 2515 2947 2570 ad
2992 2518 3149 2575 istum
3189 2525 3452 2592 psalmum

1873 2584 2097 2659 digressi
2139 2606 2323 2649 sumus
2362 2611 2377 2649 :
2409 2595 2476 2650 Et
2518 2597 2709 2655 locutus
2747 2619 2801 2657 es
2827 2622 2918 2673 pro
2952 2607 3102 2663 domo
3130 2584 3258 2667 sei-vi
3292 2619 3367 2669 tui
3402 2619 3454 2671 in

1872 2679 2219 2753 longinquum.
2251 2684 2377 2742 Ideo
2401 2701 2577 2746 autem
2609 2704 2730 2763 post
2756 2697 3021 2765 paululum
3048 2702 3122 2756 ait
3147 2718 3160 2755 :
3193 2702 3348 2759 Nunc
3371 2708 3455 2762 in-

1872 2772 1982 2845 cipe
2004 2815 2021 2842 ,
2063 2784 2109 2829 et
2152 2777 2355 2834 benedic
2402 2781 2605 2837 domum
2647 2788 2775 2841 seroi
2814 2789 2887 2843 tui
2927 2806 3081 2865 usque
3124 2794 3177 2848 in
3215 2804 3456 2853 teternum

1873 2864 1953 2937 (ll
1985 2867 2112 2939 Reg.
2150 2885 2245 2938 vn,
2275 2871 2364 2941 19,
2390 2873 2507 2947 29),
2534 2887 2593 2931 et
2619 2886 2846 2947 uetera;
2875 2881 2998 2952 quia
3030 2894 3155 2940 tunc
3182 2889 3458 2959 geniturus

1873 2968 1989 3014 erat
2020 2960 2206 3029 lilium,
2235 2977 2303 3019 ex
2326 2981 2433 3035 quo
2462 2971 2741 3039 progenies
2768 2972 2885 3043 ejus
2910 2975 3198 3035 duceretur
3216 2982 3283 3037 ad
3305 2983 3447 3040 Chri-

1871 3056 2011 3104 stum
2041 3092 2057 3118 ,
2108 3068 2204 3123 per
2240 3071 2399 3125 quem
2442 3060 2614 3115 futura
2662 3073 2778 3119 erat
2818 3065 3009 3124 domus
3051 3070 3166 3141 ejus
3212 3084 3408 3131 mterna
3439 3118 3455 3143 ,

1872 3139 2165 3212 eademque
2197 3143 2388 3202 domus
2422 3147 2539 3204 Dei.
2580 3150 2779 3208 Domus
2812 3156 2954 3211 enim
2998 3139 3194 3229 David,
3239 3139 3457 3236 propter

1870 3246 2038 3303 genus
2068 3234 2271 3304 David;
2302 3237 2493 3295 domus
2520 3251 2698 3297 autem
2727 3245 2819 3301 Dei
2839 3246 3028 3303 eadem
3058 3249 3169 3321 ipsa
3191 3294 3206 3318 ,
3238 3234 3454 3325 propter

1873 3325 2126 3395 templum
2154 3326 2286 3396 Dei,
2318 3330 2385 3385 de
2426 3331 2730 3391 hominibus
2766 3336 2981 3407 facturn,
3015 3358 3119 3397 non
3162 3345 3230 3400 de
3269 3347 3427 3417 lapidi

1870 3417 2003 3486 bus,
2037 3420 2126 3475 ubi
2156 3419 2359 3479 habitet
2386 3424 2438 3480 in
2469 3437 2727 3484 mternum
2775 3434 2998 3503 populus
3026 3451 3147 3492 cum
3181 3438 3290 3494 Deo
3318 3452 3372 3496 et
3399 3442 3446 3499 it

1870 3508 1980 3566 Deo
2007 3526 2107 3567 suo
2126 3555 2142 3580 ,
2171 3523 2226 3569 et
2256 3514 2395 3572 Deus
2420 3534 2542 3573 cum
2574 3522 2769 3592 populo
2810 3534 2967 3595 atque
3006 3527 3058 3583 in
3091 3531 3284 3602 popqu
3314 3548 3411 3587 suo
3437 3552 3450 3589 :

1869 3599 1941 3657 ita
1988 3612 2045 3657 ut
2087 3604 2229 3660 Deus
2271 3607 2339 3661 sit
2374 3609 2600 3680 impleas
2628 3615 2878 3683 populum
2906 3599 3101 3683 suum,
3137 3599 3189 3675 et
3227 3624 3454 3693 populus

1868 3693 2057 3765 plenus
2090 3696 2199 3752 Deo
2228 3713 2328 3753 suo
2352 3739 2367 3764 ,
2413 3716 2531 3756 cum
2577 3702 2718 3759 Deus
2765 3708 2866 3763 erit
2901 3710 3080 3765 omnia
3121 3711 3175 3766 in
3207 3712 3454 3769 omnibus

1868 3784 1924 3856 (l
1947 3784 2065 3841 Cor.
2100 3803 2197 3855 xv,
2228 3787 2341 3861 28),
2373 3789 2485 3860 ipse
2513 3791 2564 3847 iu
2597 3808 2725 3863 pace
2753 3799 3052 3868 praemium,
3082 3802 3173 3872 qui
3200 3805 3367 3859 virtus
3396 3805 3450 3861 in

1866 3875 2028 3932 bello.
2058 3877 2183 3935 Ideo
2211 3894 2332 3935 cum
2363 3880 2416 3937 in
2442 3882 2619 3939 verbis
2645 3883 2855 3943 Nalhan
2880 3888 3080 3947 dictum
3103 3893 3195 3961 sit,
3224 3892 3292 3948 Et
3321 3912 3451 3951 nun-

1867 3970 2009 4024 tiabit
2046 3972 2132 4026 tibi
2170 3971 2419 4030 Dominus
2458 3978 2698 4047 quoniam
2746 3982 2953 4037 domum
2998 3986 3271 4055 wdi/icabis
3308 3989 3451 4059 ipsi:

1868 4073 2051 4135 postea
2078 4065 2275 4121 dictum
2307 4077 2392 4124 est
2421 4068 2473 4124 in
2501 4071 2677 4126 verbis
2709 4073 2893 4142 David,
2924 4076 3173 4144 Quoniam
3198 4091 3253 4135 tu
3273 4081 3455 4139 Domi-

1867 4173 1962 4212 nus
1991 4160 2305 4229 omnipotens
2341 4160 2481 4217 Deus
2506 4162 2691 4229 Israel,
2720 4167 2947 4222 revelasti
2971 4187 3145 4225 aurem
3182 4176 3310 4229 servi
3338 4180 3409 4231 tui
3434 4221 3449 4244 ,

1867 4248 2056 4314 dicens,
2087 4250 2310 4307 Domunt
2364 4255 2626 4326 aediﬁcabo
2677 4258 2767 4311 tibi
2811 4259 2830 4330 (
2850 4258 2890 4313 ΙΙ
2920 4260 3045 4330 Reg.
3079 4279 3172 4330 vn,
3205 4266 3264 4321 H
3291 4306 3308 4331 ,
3332 4268 3449 4341 27).

1866 4339 2016 4397 Hanc
2046 4344 2187 4398 enim
2217 4344 2435 4402 domum
2463 4357 2516 4404 et
2553 4365 2649 4406 nos
2679 4351 3002 4407 aediﬁcamus
3029 4354 3163 4410 bene
3189 4339 3447 4428 vivendo,

1866 4443 1919 4487 et
1936 4435 2072 4490 lleus
2095 4436 2300 4494 utbcnc
2319 4439 2557 4495 vivamus
2576 4442 2882 4513 opitulando
2903 4446 3050 4516 :quia
3078 4447 3177 4503 nisi
3205 4448 3451 4509 Dominus

1865 4526 2190 4594 (adiﬁcaoerit
2224 4528 2466 4598 domum,
2508 4532 2563 4587 in
2591 4548 2775 4589 uanum
2804 4533 3103 4593 laborabunt
3142 4540 3452 4611 cdi/icantes

1866 4634 1976 4673 eam
2006 4618 2175 4691 (Psal.
2194 4636 2375 4688 cxxvr,
2399 4624 2423 4678 I
2445 4624 2486 4694 ).
2502 4621 2665 4696 Cujus
2681 4626 2873 4683 domus
2896 4646 3019 4686 cum
3042 4634 3247 4690 venerit
3270 4634 3459 4693 ultima

1867 4708 2167 4779 dedicatio,
2198 4720 2325 4767 tunc
2350 4713 2443 4770 liet
2457 4715 2608 4782 illud,
2635 4718 2777 4789 quod
2800 4718 2886 4776 hic
2905 4735 3002 4791 per
3017 4721 3219 4780 Natban
3248 4714 3456 4783 locutus

1865 4809 1950 4856 est
1985 4802 2162 4868 Deus,
2192 4802 2375 4861 dicens
2401 4822 2415 4860 :
2447 4805 2517 4861 Et
2546 4826 2729 4879 ponam
2752 4810 2919 4867 locum
2939 4816 3251 4884 populomeo
3267 4816 3451 4884 Israel,

1866 4901 1913 4946 et
1929 4892 2167 4963 plantabo
2183 4894 2350 4963 illum,
2364 4907 2411 4952 et
2431 4898 2730 4955 inhabitabit
2749 4918 2995 4971 seorsum,
3024 4917 3071 4959 et
3092 4923 3190 4962 non
3210 4907 3453 4962 sollicitus

1866 4984 1961 5038 erit
2005 4985 2143 5040 ultra
2168 5002 2188 5041 :
2219 4999 2266 5043 et
2302 5007 2401 5046 non
2439 5004 2657 5064 apponet
2698 4995 2838 5064 ﬁlius
2876 4996 3150 5065 iniquitatis
3191 4998 3456 5054 humiliore

1867 5092 1981 5132 eum
2001 5116 2019 5142 ,
2050 5078 2181 5134 sicut
2210 5081 2273 5136 ab
2306 5083 2447 5139 initio
2481 5102 2515 5138 α
2552 5085 2727 5141 diebus
2766 5088 2945 5156 quibus
2983 5089 3220 5143 constitui
3253 5091 3455 5159 judices

1867 5186 2019 5241 super
2047 5176 2290 5245 populum
2312 5193 2476 5230 nicum
2494 5175 2697 5249 Israel(
2724 5178 2769 5233 ll
2796 5180 2922 5249 (leg.
2955 5195 3048 5247 vn,
3074 5181 3141 5236 £0
3165 5191 3213 5236 et
3241 5183 3357 5254 Η).

1868 5280 2094 5340 CAPUT
2124 5284 2261 5340 XIII.
2283 5315 2355 5326 —
2378 5288 2457 5342 An
2486 5290 2745 5356 promissa:
2768 5292 2908 5361 pacis
2927 5292 3108 5347 ueritas
3132 5292 3236 5350 illis
3256 5304 3453 5366 tempo-

1938 5375 2077 5429 ribus
2115 5377 2272 5445 possit
2295 5377 2530 5447 adscribi,
2573 5397 2686 5451 qrue
2713 5381 2804 5436 sub
2859 5382 3133 5442 Salomone
3170 5388 3455 5458 ﬂuxerunt.

1940 5485 2053 5541 Hoc
2072 5495 2179 5542 tam
2208 5504 2455 5558 magnum
2483 5492 2679 5546 bonum
2703 5494 2945 5566 quisquis
2970 5496 3023 5553 in
3049 5497 3154 5554 hoc
3179 5500 3376 5557 saeculo
3400 5510 3456 5558 et

1868 5577 1922 5632 in
1968 5578 2067 5634 hac
2098 5591 2236 5635 terra
2277 5593 2473 5651 sperat,
2519 5584 2828 5655 insipienter
2867 5588 3024 5658 sapit.
3070 5593 3151 5646 An
3190 5594 3450 5664 quispiam

1866 5672 2070 5739 putabit
2099 5672 2150 5725 in
2183 5688 2309 5741 pace
2349 5675 2495 5743 regni
2538 5675 2835 5732 Salomonis
2863 5678 2914 5733 id
2942 5694 3061 5736 esse
3090 5684 3454 5753 completum?

1866 5761 2058 5817 Pacem
2089 5765 2283 5833 quippe
2307 5765 2450 5820 illam
2479 5767 2749 5836 Scriptura
2777 5769 2830 5826 in
2864 5772 3054 5829 umbra
3079 5773 3241 5829 futuri
3269 5776 3451 5829 excel-v

1869 5852 2003 5909 lenti
2042 5856 2417 5939 pragqicatione
2454 5862 2810 5917 conuuendat.
2852 5863 2959 5935 sed
3006 5864 3129 5928 huic
3164 5862 3455 5939 suspicioni
