4062 6480
179 353 276 414 ἔσω

179 483 258 526 tua
275 511 291 540 ,
318 470 528 526 intende
545 511 564 536 ,
593 483 831 544 prospere
873 467 1089 540 procede
1111 507 1126 534 ,
1154 475 1201 523 et
1236 482 1410 540 regna.
1443 465 1663 534 Propter
1689 479 1770 516 ve-

179 569 370 622 ritatem
421 573 470 620 et
513 563 952 620 mansuetudinem
985 572 1032 617 et
1063 561 1360 633 justitiam;
1389 569 1435 614 et
1481 558 1686 614 deducet
1727 565 1774 612 te

179 661 470 718 mirabiliter
515 659 724 714 dextera
771 666 878 714 tua.
911 655 1127 728 Sagitta:
1175 663 1276 710 tua!
1325 661 1486 708 acuta:
1527 651 1772 724 potentis-

181 757 313 810 sima
343 753 384 806 ί.
413 750 613 822 Populi
670 750 762 806 sub
823 759 872 804 te
909 749 1128 815 cadent,
1159 747 1214 801 in
1259 747 1408 800 corde
1453 743 1774 798 inimicorum

181 848 326 920 regis.
369 843 538 900 Sedes
565 854 686 910 tua,
707 841 885 909 Deus,
933 842 986 896 in
1039 839 1226 896 stecula
1263 836 1563 893 sazculorum
1587 877 1600 904 ,
1633 833 1774 906 uirga

183 939 464 994 directionis
512 937 656 1010 uirga
689 935 832 1008 regni
873 935 966 989 tui.
1009 932 1246 990 Dilexisti
1276 929 1558 1002 justitiam,
1583 938 1628 983 et
1657 927 1772 982 odio

184 1031 394 1088 habuisti
439 1030 758 1102 iniquitate»:
788 1043 808 1084 :
833 1037 1098 1098 propterea
1129 1027 1276 1080 unxit
1313 1033 1359 1080 te
1378 1066 1394 1094 ,
1430 1021 1564 1078 Deus
1587 1065 1601 1090 ,
1631 1017 1774 1078 Deus

185 1133 292 1180 tuus
315 1123 432 1178 oleo
471 1120 828 1178 exsultationis
851 1135 959 1192 prce
983 1117 1312 1190 participibus
1341 1117 1458 1172 tuis.
1485 1113 1702 1186 Myrrha
1729 1121 1776 1168 et

185 1227 318 1290 gutta
339 1225 390 1272 et
411 1217 560 1272 casia
589 1233 622 1272 a
649 1214 948 1272 uestimentis
973 1213 1094 1282 tuis,
1127 1229 1157 1266 a
1180 1211 1410 1266 domibus
1429 1209 1655 1264 eburneis
1681 1223 1778 1262 :ets

186 1311 354 1380 quibus
381 1307 756 1364 delectaverunt
778 1314 824 1360 te
843 1305 968 1376 ﬁlias
991 1320 1165 1376 regum
1181 1304 1232 1358 in
1257 1302 1446 1358 honore
1471 1310 1556 1354 tuo
1581 1297 1754 1370 (Psal.

188 1419 320 1468 sur,
335 1399 526 1472 (ἓν-10).
549 1397 680 1468 Quis
699 1414 805 1454 non
823 1397 909 1452 hic
921 1395 1212 1460 Christum,
1229 1409 1386 1466 quem
1401 1393 1774 1464 praedicamus,

191 1503 242 1550 et
265 1495 320 1548 in
343 1508 508 1564 quem
539 1491 828 1558 credimus,
847 1489 1138 1562 quamlibet
1163 1487 1230 1544 sit
1259 1485 1460 1554 tardus,
1491 1491 1770 1556 agnoscat:

189 1565 300 1640 cum
325 1583 516 1640 audiat
539 1582 706 1638 Deum
727 1622 746 1650 ,
767 1581 920 1652 cujus
945 1579 1100 1636 sedes
1135 1587 1217 1634 est
1241 1579 1294 1634 in
1328 1577 1520 1634 saecula
1553 1576 1776 1632 smculo-

191 1693 334 1742 rum;
363 1684 422 1732 et
449 1685 676 1730 unctum
699 1689 730 1728 a
757 1673 892 1740 Deo,
918 1673 1100 1744 utique
1133 1671 1269 1727 sicut
1288 1671 1439 1742 ungit
1461 1671 1601 1726 Deus
1622 1711 1636 1736 ,
1671 1683 1774 1722 non

193 1765 412 1832 risibili,
441 1765 540 1822 sed
573 1765 832 1838 Spirituali
883 1773 1044 1836 atque
1083 1761 1402 1834 iutelligibili
1449 1757 1780 1816 chrismate?

191 1861 310 1930 Quis
349 1859 498 1916 enim
538 1861 646 1914 tam
688 1857 834 1914 rudis
863 1867 946 1912 est
985 1857 1040 1912 in
1091 1855 1190 1911 hac
1241 1855 1528 1926 religione,
1559 1853 1640 1908 vel
1671 1863 1780 1924 tam

194 1953 660 2014 audtmadversus
699 1953 814 2024 ejus
843 1951 1036 2008 famam
1063 1951 1217 2021 longe
1261 1950 1474 2020 lateque
1505 1945 1772 2013 dilfusam,

195 2057 246 2102 ut
262 2046 536 2102 Christum
561 2059 592 2098 a
623 2044 913 2100 chrismate
931 2083 948 2108 ,
969 2042 1074 2098 hoc
1099 2051 1182 2098 est
1210 2041 1277 2098 ab
1309 2041 1574 2102 unctione.
1595 2039 1778 2110 appel-

197 2139 348 2196 latum
377 2151 504 2192 esse
533 2151 640 2192 non
665 2135 915 2192 noverit?
943 2134 1138 2206 Aguito
1165 2142 1344 2190 autem
1373 2149 1498 2204 rege
1526 2131 1736 2188 Christo
1759 2171 1776 2200 ,

193 2230 288 2302 iam
314 2239 514 2286 cauere
546 2245 666 2300 quae
703 2229 792 2284 hic
831 2228 1032 2300 tropice
1061 2225 1200 2282 dicta
1226 2234 1352 2282 sunt
1374 2266 1388 2292 ,
1421 2223 1686 2294 quomodo
1711 2223 1778 2278 sit

196 2325 456 2398 speciosus
485 2323 659 2382 forma
711 2339 822 2392 pra:
863 2321 986 2376 ﬁliis
1031 2321 1334 2386 hominum,
1363 2318 1590 2388 quadam
1633 2325 1780 2372 tanto

197 2419 350 2490 magis
373 2417 607 2474 meando
643 2425 804 2488 atque
849 2415 1124 2480 miranda,
1156 2421 1354 2486 quanto
1381 2413 1558 2468 minus
1585 2426 1778 2480 corpo-

197 2528 276 2570 rea
323 2510 760 2582 pdchritudine:
793 2511 916 2580 quis
955 2508 1162 2582 gladius
1205 2509 1318 2578 ejus
1345 2550 1362 2576 ,
1393 2522 1510 2577 quae
1541 2507 1782 2576 sagitta),

198 2617 246 2660 et
267 2613 460 2660 cetera
485 2603 591 2660 isto
617 2603 778 2660 modo
803 2617 910 2658 non
937 2601 1152 2672 proprie
1171 2643 1188 2668 ,
1217 2600 1312 2658 sed
1363 2599 1566 2670 tropice
1587 2599 1780 2670 posita,

199 2697 296 2770 jam
319 2697 568 2754 subditus
607 2697 654 2752 ei
681 2696 772 2768 qui
793 2705 982 2768 regnat
1001 2704 1216 2764 propter
1249 2693 1524 2750 veritatem
1553 2700 1608 2750 et
1632 2707 1785 2748 mau-

199 2787 522 2846 suetudinem
547 2795 606 2844 et
623 2788 912 2858 justitiam,
941 2788 1172 2858 inquirat
1197 2801 1262 2842 ex
1291 2787 1421 2842 otio.

258 2881 312 2938 Ξ.
351 2879 558 2936 Deinde
592 2879 818 2952 aspiciat
853 2880 970 2950 ejus
1003 2879 1328 2946 Ecclesium,
1359 2887 1508 2934 tanto
1546 2879 1666 2934 viro
1687 2891 1784 2934 suo

201 2975 454 3046 spirituali
479 2973 750 3030 connubio
795 2982 852 3030 et
885 2971 1066 3040 divino
1091 2987 1276 3030 amore
1312 2972 1687 3044 conjunctam:
1719 2969 1786 3028 de

203 3083 292 3138 qua
337 3068 535 3124 dicitur
581 3068 634 3124 in
681 3067 766 3122 his
811 3082 931 3137 qua).
973 3075 1268 3138 sequuntur
1297 3083 1309 3118 :
1339 3065 1507 3120 Astitit
1540 3065 1714 3136 regina
1753 3080 1785 3116 α

203 3161 376 3216 dextris
405 3161 509 3216 tuis
535 3161 590 3214 in
613 3161 794 3216 uestitu
813 3159 1058 3214 deaurato
1079 3197 1096 3226 ,
1125 3159 1504 3214 circumamicta
1525 3159 1780 3212 uarietate.

205 3253 324 3308 Audi
345 3295 362 3320 ,
395 3253 508 3322 [ilia
531 3293 547 3320 ,
579 3263 628 3308 et
670 3252 816 3317 uide,
845 3262 892 3308 et
935 3253 1126 3306 inclina
1163 3267 1338 3307 aurem
1361 3259 1502 3304 tuam
1525 3291 1542 3318 ,
1569 3259 1616 3304 et
1651 3248 1782 3304 obli-

203 3345 372 3400 viscere
397 3345 652 3417 populum
677 3353 818 3398 tuum
839 3383 858 3410 ,
887 3353 934 3398 et
965 3345 1170 3398 domum
1211 3345 1370 3414 patris
1395 3343 1490 3397 tui.
1535 3341 1788 3410 Quoniam

205 3439 476 3508 concupivit
511 3453 606 3492 rea:
651 3437 866 3506 speciem
911 3445 1080 3502 tuam,
1109 3437 1228 3506 quia
1275 3439 1383 3504 ipse
1429 3444 1501 3490 cst
1535 3433 1788 3489 Dominus

203 3527 332 3584 Deus
357 3539 496 3586 tuus.
519 3527 588 3582 Et
609 3527 898 3584 adorabunt
937 3544 1050 3582 eum
1081 3529 1205 3595 ﬁlia
1229 3527 1350 3599 Tyri
1384 3529 1436 3581 in
1463 3527 1788 3596 muneribus;

205 3625 386 3680 culturis
407 3635 555 3678 tuum
575 3622 980 3693 deprecabuntur
1007 3622 1184 3676 diuites
1213 3622 1386 3692 plebis.
1427 3621 1604 3676 Omnis
1625 3621 1788 3692 gloria

205 3714 304 3784 eius
339 3715 468 3782 ﬁta:
495 3715 630 3784 regis
667 3715 989 3782 intrinsecus,
1021 3714 1076 3768 in
1107 3715 1300 3784 ﬁmbris
1327 3715 1498 3770 aureis
1519 3753 1536 3782 ,
1565 3715 1787 3770 circum-

205 3807 376 3862 tuuicta
429 3806 692 3862 uarietate.
725 3805 1014 3872 Alferentur
1055 3807 1160 3876 regi
1213 3806 1430 3878 uirgines
1474 3817 1584 3876 post
1635 3823 1746 3862 eam
1769 3847 1785 3872 ,

201 3902 442 3970 proxim
481 3899 596 3970 ejus
635 3896 914 3966 cierentur
941 3899 1050 3952 tibi.
1083 3897 1372 3966 Alfereutur
1423 3900 1476 3954 iu
1513 3899 1688 3954 lwtitia
1743 3909 1790 3954 et

207 3992 531 4046 multatione
557 4007 578 4044 :
601 3990 922 4044 adducentur
939 3991 990 4046 in
1023 3993 1266 4062 templum
1302 3992 1454 4062 regis.
1487 3991 1592 4047 Pro
1619 3992 1788 4061 patri-

201 4083 284 4138 bus
327 4085 430 4140 tuis
481 4083 592 4137 uati
617 4093 738 4138 sunt
783 4083 874 4138 tibi
913 4082 1010 4152 ﬁlii
1035 4100 1054 4138 :
1085 4086 1355 4140 constituas
1397 4102 1484 4140 eos
1537 4087 1790 4158 principes

203 4191 340 4246 super
375 4191 581 4230 omnem
619 4184 830 4230 terram.
861 4175 1112 4232 Mentorea
1165 4185 1310 4232 erunt
1353 4179 1569 4234 nominis
1600 4181 1708 4246 tui,
1738 4181 1790 4234 in

201 4269 328 4322 eunti
351 4267 684 4340 generatione
707 4277 755 4322 et
783 4268 1126 4340 generatione.
1155 4268 1436 4340 Propterea
1465 4272 1638 4342 pepuli
1671 4289 1793 4328 con-

203 4361 472 4428 ﬁtebuntur
499 4361 592 4416 tibi
611 4361 666 4416 iu
690 4371 931 4416 tetanum
955 4399 972 4430 ,
999 4373 1047 4418 et
1073 4363 1124 4416 in
1151 4365 1394 4418 stuculum
1417 4366 1592 4420 surculi
1617 4364 1788 4436 (Psal.

201 4454 558 4527 mr,lO-18).
569 4453 692 4510 Non
705 4458 899 4524 opinor
913 4471 1234 4525 quamquam
1257 4455 1330 4510 ita
1347 4455 1614 4526 desipere,
1633 4467 1690 4514 ut
1707 4459 1793 4514 hic

201 4546 424 4619 aliquam
441 4547 816 4604 mulierculam
845 4547 1124 4618 praedicari
1143 4548 1328 4606 credat
1347 4557 1510 4620 atque
1527 4549 1758 4606 describi
1775 4568 1787 4604 :

203 4641 476 4712 oonjugem
501 4639 756 4696 videlicet
781 4639 928 4696 illius
945 4679 962 4708 ,
991 4641 1078 4696 cui
1103 4641 1304 4700 dictum
1331 4651 1448 4710 est,
1479 4643 1636 4700 Sedes
1663 4653 1756 4700 tua
1772 4687 1790 4714 ,

203 4729 368 4799 Deus,
415 4733 475 4786 in
519 4731 718 4787 satcula
757 4733 1064 4786 saeculorum
1086 4748 1106 4788 ε
1135 4733 1278 4806 uirga
1323 4736 1616 4790 directionis
1651 4738 1794 4808 uirga

203 4829 332 4898 regni
353 4825 456 4882 tui.
485 4823 734 4888 Diletoisti
751 4825 1010 4896 justitiam
1029 4861 1044 4890 ,
1073 4837 1120 4882 et
1157 4827 1276 4882 odio
1303 4827 1522 4884 habuisti
1547 4830 1790 4900 iniquita-

201 4927 294 4972 lein
321 4936 343 4974 :
373 4927 648 4990 propterea
675 4919 822 4974 unxit
848 4927 928 4986 te,
955 4919 1128 4987 Deus,
1163 4919 1302 4976 Deus
1337 4933 1456 4980 tuus
1477 4922 1590 4980 oleo
1625 4927 1794 4982 casul-

199 5011 398 5066 tstionis
425 5025 540 5081 prie
587 5009 918 5082 participibus
951 5011 1096 5068 tuis:
1135 5011 1410 5070 Christum
1449 5015 1632 5088 utique
1685 5034 1794 5088 prae

201 5099 535 5158 Christianis.
563 5101 628 5158 Hi
651 5111 778 5158 sunt
801 5103 946 5160 enim
976 5105 1262 5174 participes
1288 5107 1404 5176 ejus
1424 5147 1438 5176 ,
1467 5123 1536 5164 ex
1564 5125 1792 5182 quorum

201 5191 248 5248 iu
271 5195 528 5250 erunibus
557 5194 802 5264 gentibus
843 5196 1043 5251 unitate
1081 5207 1241 5266 atque
1269 5201 1554 5256 concordia
1599 5203 1658 5257 ﬁt
1693 5205 1791 5260 ista

199 5287 376 5357 regina
403 5307 422 5342 :
449 5287 592 5342 sicut
617 5286 672 5340 in
699 5286 806 5341 alio
825 5287 1030 5356 psalmo
1049 5287 1116 5342 de
1135 5288 1222 5342 illa
1249 5289 1463 5356 dicitur,
1489 5293 1675 5348 Civitas
1696 5296 1792 5351 Re-

199 5377 266 5450 gis
283 5381 458 5452 magni
479 5377 882 5450 (Psal.x1.vn,3)
895 5377 1025 5448 .Ipsa
1041 5385 1120 5434 est
1135 5379 1263 5436 Sion
1281 5381 1792 5458 spiritualiterzquod

199 5487 390 5527 nomen
409 5473 572 5526 iutine
599 5473 1002 5539 interpretatum
1022 5473 1324 5541 Speculatio
1345 5485 1445 5530 est.
1473 5477 1792 5545 Speculatur

196 5567 334 5621 enirn
357 5563 528 5620 futuri
553 5563 735 5620 saeculi
757 5575 1005 5634 magnum
1029 5565 1227 5620 bonum
1257 5583 1270 5620 :
1295 5569 1544 5638 quoniam
1569 5571 1690 5626 illuc
1708 5573 1792 5626 di-

255 5755 442 5832 ᾗιιτψεὶι
467 5757 812 5832 potentissime;
840 5757 1080 5832 paulpquc
1117 5767 1254 5824 post,
1281 5761 1329 5832 in
1353 5759 1516 5832 corda.
1547 5767 1600 5812 At
1621 5775 1791 5813 manu-

1347 347 1550 408 ωηιξη
1591 341 1886 406 DECIMUS
1922 343 2278 410 SEPTIMUS.

3353 364 3457 424 550

1877 461 2063 534 rigitur
2077 463 2193 534 ejus
2217 466 2582 543 intentionsa
2602 481 2683 529 est
2697 483 2751 530 et
2769 473 3064 534 Jerusalem
3086 477 3274 534 eodem
3299 479 3458 538 modo

1875 555 2222 624 spirituuliter
2247 600 2260 624 ,
2295 561 2434 616 unde
2465 563 2628 620 multa
2653 566 2765 636 jam
2807 569 3058 625 diximus.
3087 570 3217 640 Ejus
3243 572 3456 628 inimica

1855 653 1958 700 -est
1983 645 2172 702 civitas
2196 649 2393 706 diaboli
2423 651 2680 726 Babylon,
2710 673 2829 728 qua:
2857 657 3109 717 Confusio
3135 663 3456 734 interpreta-

1877 745 1981 792 tur.
2011 735 2090 792 Ex
2132 755 2235 810 qua
2265 749 2442 799 tamen
2471 743 2739 819 Babylone
2776 752 2959 824 regina
2989 754 3088 810 ista
3129 755 3180 810 iu
3211 753 3466 814 omnibus

1873 831 2120 902 gentibus
2154 837 2560 905 regeneratione
2605 839 2888 912 liberatur,
2920 853 2976 902 et
3001 861 3030 901 a
3058 845 3294 918 pessimo
3337 865 3464 920 rege

1873 922 1942 979 ad
1987 925 2246 996 optimum
2297 927 2533 1000 Regem,
2575 933 2626 988 id
2669 943 2786 1002 est,
2818 952 2848 992 a
2895 937 3106 994 diabolo
3153 941 3342 997 transit
3393 943 3466 998 ad

1874 1013 2163 1074 Christum.
2196 1017 2421 1092 PrOpter
2445 1023 2586 1094 quod
2623 1023 2674 1081 ei
2702 1023 2924 1096 dicitur,
2959 1027 3263 1087 Obliviscere
3289 1047 3460 1106 popu-

1875 1107 1978 1164 lum
2012 1121 2152 1164 tuum
2193 1121 2240 1166 et
2267 1113 2474 1168 domum
2506 1116 2668 1186 patris
2693 1117 2787 1172 tui.
2815 1115 2980 1191 Cujus
3025 1121 3253 1180 civitatis
3283 1123 3464 1196 impias

1875 1204 2051 1271 portio
2103 1213 2227 1259 sunt
2269 1213 2324 1261 et
2355 1205 2608 1264 Israelita:
2650 1209 2764 1264 sola
2805 1225 2998 1279 carne,
3031 1227 3138 1268 non
3185 1213 3290 1272 ﬁdo
3319 1213 3460 1272 :inlc

1875 1291 2000 1350 mici
2026 1295 2186 1350 etiam
2229 1297 2330 1368 ipsi
2374 1301 2548 1372 magni
2595 1299 2750 1371 hujus
2775 1299 2936 1374 Regis
2957 1347 2971 1372 ,
2999 1303 3218 1378 ejusque
3242 1307 3462 1382 regium.

1875 1383 1956 1442 Ad
1999 1387 2142 1456 ipsos
2179 1389 2318 1444 enim
2359 1391 2601 1462 veniens,
2625 1399 2678 1449 et
2707 1395 2775 1449 ab
2821 1395 2898 1450 eis
2937 1393 3180 1453 Christus
3214 1399 3423 1456 occisus
3447 1442 3462 1468 ,

1879 1479 2049 1550 magis
2095 1481 2322 1538 aliorum
2367 1483 2535 1540 lactus
2564 1495 2683 1552 est,
2718 1503 2852 1558 quos
2895 1503 3000 1543 non
3033 1489 3164 1544 vidit
3205 1491 3255 1546 in
3285 1505 3463 1549 carne.

1879 1567 2032 1628 Unde
2059 1589 2152 1644 per
2177 1573 2452 1646 cujusdam
2481 1575 2674 1648 psalmi
2701 1579 3035 1650 prOpbetiam
3061 1581 3189 1638 dicit
3216 1581 3329 1642 Rex
3353 1583 3468 1655 ipse

1879 1673 2062 1718 uoster
2085 1707 2099 1732 ,
2137 1661 2296 1722 Erues
2321 1685 2400 1723 me
2431 1669 2492 1722 de
2531 1671 3006 1728 contradictionibus
3037 1677 3213 1746 populi
3239 1719 3252 1742 ,
3282 1679 3468 1732 consti-

1879 1763 1984 1810 tues
2008 1774 2084 1811 me
2105 1755 2154 1811 in
2186 1769 2337 1829 caput
2368 1759 2382 1792 ¹
2414 1761 2655 1832 gentium.
2675 1759 2908 1836 Populus
2935 1782 3078 1836 quem
3111 1784 3210 1820 non
3237 1769 3468 1840 cognovi,

1879 1847 2075 1902 servivit
2105 1849 2260 1916 mihi;
2288 1851 2338 1905 in
2383 1851 2627 1908 obauditu
2675 1857 2813 1910 auris
2855 1857 3109 1912 obautlirit
3151 1855 3467 1932 milti(Psal.

1881 1959 2010 2010 xm,
2049 1941 2116 2000 bi
2144 1957 2188 1998 et
2217 1943 2330 2020 45).
2361 1945 2598 2020 Pupulus
2626 1967 2755 2022 ergo
2783 1949 2880 2007 iste
2908 1953 3165 2024 gentium,
3187 1969 3476 2026 quctnnon.

1881 2033 2128 2108 cognovit
2175 2039 2419 2094 Christus
2459 2041 2742 2112 praesentia
2771 2047 3038 2118 corporali
3064 2049 3154 2112 ,in
3197 2063 3352 2120 quem
3399 2059 3470 2106 ta-

1883 2145 2002 2184 men
2032 2129 2299 2186 Christum
2346 2131 2444 2188 sibi
2478 2135 2848 2193 aununtiatum
2887 2135 3152 2208 credidit,
3183 2149 3240 2195 ut
3275 2143 3470 2199 merito

1880 2219 1948 2276 de
1993 2221 2080 2276 illo
2123 2219 2422 2290 diceretur,
2459 2223 2522 2278 In
2553 2225 2796 2282 obauditu
2840 2229 2982 2283 auris
3011 2230 3264 2284 obantlivit
3305 2231 3468 2300 mihi;

1881 2317 2000 2390 quia
2033 2319 2165 2374 ﬁdes
2192 2337 2262 2374 ex
2289 2322 2472 2378 auditu
2501 2331 2584 2380 est
2625 2323 2798 2398 (Rom.
2827 2345 2884 2396 x,
2915 2325 3002 2400 17)
3026 2347 3038 2392 ;
3065 2329 3184 2392 iste.
3216 2331 3430 2402 inquam
3451 2371 3472 2402 ,

1883 2409 2112 2480 pepnlus
2139 2411 2347 2468 additus
2367 2415 2506 2471 veris
2534 2427 2588 2472 et
2611 2433 2770 2474 carne
2798 2429 2851 2476 et
2878 2417 2981 2476 lide
3007 2415 3258 2478 Israelitis
3283 2423 3470 2482 civitas

1884 2513 1968 2558 est
1993 2501 2108 2570 Dei,
2126 2521 2242 2574 qua:
2271 2505 2441 2576 ipsqu
2469 2523 2680 2586 quoque
2707 2509 2999 2566 secundum
3021 2528 3236 2570 carnem
3270 2513 3473 2586 peperit

1884 2593 2154 2650 Christum
2177 2638 2190 2660 ,
2225 2598 2438 2668 quando
2485 2599 2540 2654 in
2565 2585 2714 2656 'solis
2745 2601 2850 2658 illis
2897 2603 3148 2660 Israelitis
3189 2585 3304 2663 fuit.
3339 2585 3474 2666 Inde

1885 2687 2084 2760 quippe
2116 2699 2230 2744 erat
2257 2689 2404 2762 virgo
2441 2691 2600 2746 Maria
2626 2736 2638 2760 ,
2669 2693 2844 2765 inqua
2875 2709 3088 2752 carnem
3115 2697 3360 2756 Christus
3379 2743 3394 2766 ,
3419 2709 3476 2758 ut

1886 2777 2046 2838 homo
2066 2791 2207 2838 esset
2225 2825 2242 2850 ,
2274 2786 2584 2856 assumpsit.
2611 2787 2683 2841 De
2711 2803 2812 2858 qua
2839 2789 3055 2846 civitate
3085 2793 3322 2862 psalmus
3343 2795 3478 2852 alius

1885 2875 1978 2942 ait,
1999 2874 2164 2932 Mater
2186 2877 2333 2944 Sion,
2356 2879 2484 2932 dicet
2511 2879 2660 2934 homo
2677 2923 2692 2948 ,
2719 2891 2765 2936 et
2793 2883 2941 2936 homo
2963 2887 3130 2954 {nctus
3161 2895 3231 2940 est
3259 2887 3310 2940 in
3333 2903 3414 2954 ca,
3431 2897 3478 2942 et

1885 2968 1995 3038 ipsa
2017 2969 2252 3038 [undavit
2281 2986 2390 3024 eam
2417 2970 2704 3028 Altissimus
2721 2969 2891 3046 (Psal.
2920 2990 3132 3042 Lxxxvt,
3157 2977 3367 3045 5).Quis
3397 2989 3478 3036 est

1887 3061 1986 3116 istc
2033 3061 2378 3128 Altissimus.
2433 3065 2532 3120 nisi
2591 3063 2775 3122 Deus?
2813 3065 2881 3122 Et
2930 3083 3025 3138 per
3077 3069 3178 3124 hoc
3233 3067 3478 3144 Christus

1889 3153 2068 3220 Deus,
2114 3164 2396 3226 antequam
2445 3157 2498 3210 in
2553 3157 2638 3212 illa
2664 3155 2880 3214 civitate
2923 3173 3017 3228 per
3065 3159 3284 3216 Mariam
3327 3163 3480 3220 ﬁeret

1888 3243 2082 3310 homo,
2109 3246 2223 3320 ipse
2249 3246 2303 3302 in
2332 3246 2651 3303 Patriarchis
2679 3258 2732 3306 et
2753 3247 3037 3322 Prophetis
3071 3253 3314 3310 fundavit
3337 3270 3477 3310 eam.

1888 3337 2020 3394 Cum
2049 3339 2206 3410 igitur
2227 3335 2351 3396 huic
2381 3340 2578 3412 reginae
2605 3342 2804 3398 civitati
2833 3339 2928 3398 Dei
2956 3351 3104 3400 tanto
3133 3355 3254 3398 ante
3280 3345 3480 3404 dictum

1889 3432 1958 3486 sit
1983 3447 2080 3504 per
2108 3431 2464 3504 prophetiam,
2485 3434 2624 3504 quod
2649 3436 2758 3504 jam
2782 3435 3022 3490 ridemus
3054 3436 3350 3506 impletum,
3374 3437 3484 3494 Pro

1887 3525 2114 3600 patribus
2141 3529 2238 3584 tuis
2271 3528 2378 3582 nati
2403 3537 2518 3582 sunt
2552 3529 2638 3582 tibi
2671 3527 2796 3598 ﬁlii,
2822 3531 3094 3588 constitues
3121 3548 3202 3586 eos
3229 3531 3483 3604 principes

1889 3638 2040 3692 super
2065 3639 2260 3676 omnem
2287 3631 2472 3678 terram
2501 3640 2518 3676 :
2546 3638 2608 3680 ex
2637 3623 2758 3680 ﬁliis
2777 3627 2976 3696 quippe
3005 3625 3122 3694 ejus
3145 3641 3240 3698 per
3267 3641 3482 3682 omnem

1893 3725 2090 3772 terram
2127 3723 2251 3770 sunt
2279 3717 2547 3788 pruzpositi
2572 3727 2626 3772 et
2655 3725 2837 3786 patres
2863 3719 2982 3788 ejus
3001 3759 3016 3784 ,
3040 3733 3158 3774 cum
3191 3720 3484 3794 conﬁtean-

1892 3817 1977 3862 tur
2003 3807 2023 3838 '
2055 3809 2102 3862 ei
2137 3809 2313 3878 pepuli
2336 3819 2718 3866 concurrentes
2743 3809 2810 3864 ad
2833 3827 2949 3866 eam
2981 3827 3100 3866 cum
3147 3795 3484 3870 confessione

1887 3901 2060 3958 laudis
2107 3911 2324 3958 teternae
2361 3897 2411 3956 in
2455 3901 2709 3958 steculum
2757 3903 3078 3976 smculi(a):
3113 3906 3296 3976 procul
3324 3907 3485 3962 dubio

1892 3993 2146 4066 quidquid
2175 3994 2260 4050 hic
2289 3994 2505 4064 tropicis
2529 3993 2886 4050 locutionihus
2907 3995 3238 4052 snbobscure
3278 3997 3482 4054 dictum

1893 4095 1998 4154 est,
2026 4102 2239 4158 quoque
2265 4087 2425 4142 modo
2455 4087 2806 4158 intelligatur,
2834 4087 2994 4144 debet
3021 4087 3105 4146 bis
3131 4089 3290 4146 rebus
3317 4092 3486 4148 maui-

1891 4177 2200 4236 lestissimis
2227 4181 2534 4235 convenire.
2997 4167 3018 4186 ’

1895 4295 2122 4352 CAPUT
2167 4291 2328 4350 XVII.
2349 4321 2420 4336 —-
2440 4293 2518 4348 De
2555 4295 2634 4349 his
2664 4307 2777 4365 qua
2821 4293 2890 4348 ad
2927 4293 3268 4350 sacerdotium
3293 4294 3483 4352 Christi

1967 4388 2022 4442 in
2049 4387 2258 4442 Psalmo
2287 4387 2558 4442 centesimo
2585 4399 2716 4440 nono
2739 4427 2756 4454 ,
2785 4395 2831 4440 et
2857 4385 2924 4442 de
2949 4387 3028 4440 Itis
3049 4401 3166 4457 qua
3191 4388 3246 4442 iu
3271 4387 3483 4446 Paulum

1967 4483 2206 4554 vigesimo
2237 4482 2402 4552 primo
2427 4481 2498 4536 ad
2525 4480 2814 4553 passionem
2836 4482 2996 4552 ipsius
3021 4489 3272 4553 spectant.

1967 4595 2117 4652 Sicut
2139 4595 2302 4652 etiam
2323 4595 2382 4650 in
2403 4595 2496 4650 illo
2513 4595 2758 4666 psalmo,
2789 4595 2880 4650 ώὶ
2921 4595 3178 4652 sacerdos
3207 4594 3451 4652 Christus
3469 4636 3487 4664 ,

1897 4683 2348 4761 quemadmodum
2413 4687 2500 4744 hic
2559 4703 2654 4744 rex
2674 4725 2688 4754 ,
2741 4689 3080 4760 apertissime
3127 4689 3450 4760 pmdicstttr
3473 4703 3488 4719 ο

1901 4783 2040 4838 Dixit
2093 4779 2344 4836 Dominus
2389 4779 2612 4836 Domino
2658 4797 2766 4836 meo
2792 4821 2807 4848 ,
2835 4781 2972 4838 Sede
3009 4799 3044 4836 a
3085 4782 3278 4838 dextris
3322 4782 3448 4836 meis
3470 4822 3486 4849 ,

1897 4875 2058 4930 donec
2083 4889 2272 4944 ponam
2309 4873 2540 4928 inimicos
2565 4882 2678 4928 tuos
2719 4874 2999 4928 scabellum
3033 4874 3218 4944 pedum
3263 4883 3485 4928 tuorum.

1897 4967 2098 5024 Sedere
2115 4966 2364 5022 Christus
2389 4965 2458 5022 ad
2475 4965 2752 5023 dexteram
2777 4966 2874 5020 Dei
2903 4966 3076 5022 Patris
3101 4965 3352 5029 creditur,
3375 4980 3488 5021 non

1899 5059 2112 5116 videtur
2140 5077 2153 5114 :
2183 5059 2300 5128 ejus
2323 5059 2486 5116 etiam
2525 5060 2767 5116 inimicos
2807 5059 2934 5128 poni
2977 5058 3080 5112 sub
3119 5057 3344 5126 pedibus
3371 5058 3490 5130 ejus

1901 5153 2140 5208 nondum
2166 5161 2422 5222 apparet;
2449 5152 2499 5206 id
2525 5152 2696 5222 agitur
2718 5151 2757 5215 ³,
2778 5150 3057 5220 apparebit
3085 5150 3138 5204 in
3165 5149 3304 5216 ﬁne;
3327 5152 3490 5210 etiam

1899 5244 2004 5300 hoc
2033 5259 2173 5300 nunc
2199 5244 2433 5298 creditur
2457 5283 2470 5310 ,
2504 5251 2624 5313 post
2665 5241 2945 5296 videbitur.
2975 5239 3170 5294 Verum
3217 5243 3358 5314 quod
3401 5259 3488 5300 se-

1897 5339 2082 5408 quitur
2109 5379 2122 5402 ,
2163 5336 2370 5407 Virgam
2391 5336 2585 5388 uirtutis
2611 5343 2709 5388 tute
2731 5331 2924 5388 emittet
2947 5331 3200 5388 Dominus
3223 5351 3292 5390 ea:
3322 5335 3452 5392 Stoa
3473 5377 3488 5405 ,

1967 5455 1984 5484 ι
2011 5459 2137 5516 Mss,
2156 5451 2208 5502 in
2231 5448 2634 5516 capitegentiurn.
2766 5515 2783 5516 ί
2983 5513 2992 5516 Α
3227 5511 3237 5516 ,
3265 5512 3274 5516 _
3378 5459 3412 5516 ᾖ

1965 5517 1986 5546 ³
2009 5515 2082 5564 Sic
2105 5523 2208 5563 uss.
2247 5511 2302 5581 At
2326 5511 2438 5560 editi
2465 5511 2596 5560 \‘ind.
2635 5519 2732 5558 sm.
2757 5515 2849 5581 ηιξ..
2881 5513 2992 5560 sunt
3307 5513 3490 5581 νησίηρι.

1902 5591 2000 5642 pes.
2037 5591 2144 5642 cum
2183 5575 2510 5642 (0t!,’il;‘{.‘t..'.'tl'.
2552 5583 2680 5630 ιον..
2703 5580 2810 5642 sunt
2845 5575 3088 5642 prtepositt'
3123 5583 3166 5623 et
3209 5583 3368 5636 patres
3389 5576 3492 5642 ejus

1901 5635 2161 5706 principes.
2191 5635 2298 5706 rr'ttt
2341 5637 2668 5706 (wintemtnr.
2691 5635 2832 5706 Paulo
2871 5637 3144 5706 just‘hmo,
3165 5635 3276 5686 cum
3313 5635 3494 5706 cestros-

1901 5698 2048 5762 ἧσπερ,
2064 5698 2294 5750 nonnulli
2319 5701 2628 5761 lli:ltlll.5‘t'.l‘I|'-li
2655 5699 2860 5757 habent,
2885 5698 3228 5760 confessionem
3253 5700 3369 5750 :alii
3385 5698 3494 5754 olm

1843 5783 1872 5826 ιλ,
1903 5769 2039 5816 Vind.
2063 5777 2159 5813 Am.
2179 5773 2271 5820 t-‘r.,
2299 5764 2600 5826 confessione,
2623 5763 2818 5820 ciuisse,
2843 5775 2970 5826 cum.

195 5819 357 5900 scripti
394 5819 476 5871 ωδ
497 5821 681 5900 etAaliis
713 5819 914 5900 interius
949 5819 1067 5897 locis
1101 5819 1396 5900 (fomentum
1435 5837 1544 5900 eum
1587 5839 1646 5876 ea
1683 5841 1792 5880 γεπ-
1967 5831 1993 5900 ﬁ
2011 5819 2400 5900 tgdlti,t;digitaa".
2427 5819 2596 5900 Verius
2619 5819 2946 5900 naeuuseriai,
2969 5823 3023 5876 id
3041 5822 3224 5888 τραδιτ.

193 5881 349 5944 sione,
377 5895 524 5946 quam
547 5885 843 5948 Augustinus
863 5889 1082 5954 sequitur
1105 5889 1265 5938 Enarr.
1299 5891 1350 5940 in
1513 5899 1640 5944 xm.

1971 5892 2047 5956 (a)
2071 5891 2204 5942 cont".
2227 5887 2389 5940 mare.
2416 5887 2536 5952 psal.
2565 5899 2696 5950 ων,
2719 5887 2876 5938 11.52.

1689 5971 1906 6010 ,ηερ-ρ
