4062 6486
229 359 322 415 553

232 483 350 526 nens
377 468 496 524 ait:
534 468 754 537 Quando
780 470 868 524 uni
909 485 975 526 ex
999 468 1220 524 minimis
1263 472 1387 527 meis
1429 473 1634 544 fecistis.
1677 471 1798 524 mihi

230 563 400 639 fecistis
426 562 644 636 (Matth.
670 580 793 626 xxv,
824 564 909 629 55,
940 563 1052 634 40).
1078 562 1146 620 Se
1177 564 1352 635 itaque
1379 564 1512 619 dixit
1531 578 1798 636 sperasse,

228 655 353 729 quod
382 665 508 710 tunc
530 665 880 725 speraverant
901 655 968 710 de
988 654 1125 709 Juda
1152 655 1399 727 discipuli
1420 654 1555 726 ejus,
1584 655 1800 729 quando

227 760 299 805 est
320 756 742 802 connumeratus
766 747 1061 817 Apostolis.

283 841 333 895 2.
361 840 535 896 Judaei
567 849 745 896 autem
777 841 1071 908 Christum,
1102 856 1260 912 quem
1291 851 1545 912 sperant,
1579 842 1800 898 morituc

226 929 326 988 rum
356 947 480 988 esse
513 947 620 988 non
661 941 899 1003 sperant.
931 931 1056 989 Ideo
1085 947 1244 1002 quem
1286 932 1394 988 Lex
1435 941 1490 989 et
1515 933 1797 1004 Propheta:

225 1029 686 1094 annuutiaverunt,
714 1037 957 1083 nostrum
979 1041 1099 1082 esse
1121 1042 1228 1081 non
1251 1035 1472 1098 putant;
1500 1024 1594 1082 scd
1616 1026 1798 1081 nescio

224 1136 366 1192 quem
414 1135 596 1188 suum,
639 1137 797 1190 quem
841 1121 943 1176 sibi
989 1122 1223 1176 alienum
1263 1137 1295 1176 a
1322 1122 1508 1175 mortis
1552 1121 1800 1190 passione

222 1211 540 1282 contingunt.
610 1213 734 1268 Ideo
781 1213 1014 1268 mirabili
1066 1215 1300 1268 vanitate
1348 1224 1507 1284 atque
1560 1212 1799 1268 ctecitate

221 1309 364 1362 verba
393 1323 515 1377 qua:
538 1307 834 1377 posuimus;
860 1323 968 1362 non
995 1317 1220 1362 mortem
1246 1316 1304 1362 et
1326 1307 1795 1370 resurrectionem,

222 1399 300 1456 sed
321 1415 577 1454 somnum
598 1407 654 1456 et
671 1401 1068 1471 evigilationem
1090 1399 1422 1472 signiﬁcasse
1445 1399 1796 1455 conlendunt.

221 1491 311 1548 Sed
352 1492 555 1546 clamat
608 1492 686 1547 eis
735 1493 895 1547 etiam
957 1492 1200 1548 Psalmus
1252 1493 1472 1562 quintus
1517 1491 1797 1548 decimus:

225 1580 427 1652 Propter
453 1583 550 1636 hoc
588 1581 933 1652 jucundatum
976 1591 1047 1637 est
1083 1599 1170 1637 cor
1213 1599 1378 1637 meum
1398 1603 1420 1647 ,·
1449 1592 1496 1637 et
1529 1583 1800 1638 exsultavit

221 1675 377 1746 lingua
424 1690 538 1728 mea
557 1716 572 1740 ,
605 1675 814 1745 insuper
857 1684 904 1729 et
951 1691 1070 1729 caro
1114 1692 1225 1730 mea
1265 1677 1536 1746 requiescet
1573 1676 1627 1730 in
1669 1691 1799 1746 spe:

219 1769 446 1838 quoniam
476 1783 578 1820 non
601 1767 914 1838 derelinques
936 1768 1159 1821 animam
1185 1783 1350 1822 meam
1376 1769 1430 1822 in
1458 1769 1681 1840 inferno,
1706 1783 1800 1821 nec

162 1853 164 1856 ’
219 1860 342 1912 dabis
383 1858 642 1914 Sanctum
687 1871 826 1913 tuum
864 1860 1031 1914 videre
1074 1862 1450 1931 corruptionem
1476 1860 1494 1930 (
1518 1859 1666 1914 Psal.
1701 1875 1795 1925 xv,

219 1951 314 2008 9st
355 1952 428 2006 10
449 1951 490 2023 ).
510 1951 640 2019 Quis
660 1952 712 2005 in
756 1967 818 2007 ea
851 1968 946 2022 spe
977 1952 1180 2008 diceret
1222 1954 1549 2025 requievisse
1578 1967 1797 2008 carnem

222 2058 354 2098 suam
381 2086 398 2109 ,
445 2055 503 2098 ut
533 2061 639 2098 non
680 2045 935 2100 derelicta
978 2047 1153 2101 anima
1198 2061 1296 2101 sua
1343 2047 1394 2101 in
1427 2046 1672 2114 inferno,
1702 2045 1798 2102 sed

217 2136 310 2191 cito
335 2135 405 2191 ad
430 2152 551 2190 eam
581 2136 842 2191 redeunte.
863 2138 1226 2206 revivisceret,
1251 2153 1319 2193 ne
1340 2147 1795 2208 corrumperetur,

217 2229 337 2283 sicut
362 2230 635 2284 cadavera
665 2230 936 2299 corrumpi
980 2230 1188 2295 solent,
1237 2231 1337 2285 nisi
1369 2230 1459 2300 qui
1504 2230 1592 2285 die
1637 2231 1798 2286 tertio

218 2323 543 2378 resurrexit?
573 2323 726 2391 Quod
757 2324 936 2393 utique
962 2323 1144 2378 dicere
1170 2338 1274 2378 non
1308 2330 1533 2392 possunt
1572 2323 1640 2377 de
1668 2338 1797 2392 pro-

218 2414 354 2485 pheta
383 2425 441 2470 et
461 2429 590 2484 rege
613 2415 802 2469 David.
832 2414 1041 2469 Clamat
1063 2423 1119 2469 et
1147 2416 1513 2485 sexagesimus
1539 2415 1798 2484 septimus

219 2505 448 2561 Psalmus
477 2524 492 2561 :
527 2505 668 2560 Deus
714 2516 912 2570 noster,
941 2504 1081 2560 Deus
1128 2506 1294 2560 salvos
1323 2505 1577 2575 faciendi,
1608 2515 1653 2560 et
1684 2503 1796 2559 Do.

216 2598 322 2652 mini
359 2600 375 2630 ⁸
417 2599 586 2652 exitus
610 2597 684 2669 (a)
729 2599 904 2651 mortis
931 2596 1102 2666 (Psal.
1129 2613 1273 2652 van
1294 2640 1308 2664 ,
1332 2598 1447 2669 2|).
1475 2597 1612 2664 Quid
1641 2612 1800 2668 aper-

219 2691 306 2743 tius
330 2689 648 2745 diceretur?
700 2689 839 2744 Deus
869 2689 1012 2744 enim
1058 2690 1236 2744 salvos
1279 2689 1512 2746 faciendi
1539 2689 1798 2748 Dominus

217 2793 288 2838 est
304 2783 484 2842 Jesus.
511 2782 653 2852 quod
682 2783 1064 2853 interpretatur
1083 2781 1348 2850 Salvator,
1374 2785 1488 2841 sive
1510 2784 1794 2841 Salutaris.

217 2873 332 2937 Nam
356 2878 502 2937 ratio
548 2875 782 2936 nominis
829 2872 986 2949 hujus
1031 2873 1148 2934 haec
1180 2879 1389 2934 reddita
1419 2888 1500 2934 est
1525 2919 1539 2940 .
1581 2876 1796 2948 quando

215 2975 512 3046 priusquam
541 2989 607 3028 ex
638 2973 844 3044 virgine
882 2979 1194 3026 nasceretur
1235 2971 1436 3026 dictum
1469 2981 1554 3028 est
1581 2991 1595 3026 :
1622 2971 1796 3026 Pariet

218 3069 380 3137 filium,
411 3078 460 3122 et
486 3066 690 3121 vocabis
714 3081 896 3120 nomen
925 3064 1038 3135 ejus
1055 3063 1257 3117 Iesum.
1289 3063 1315 3116 Ι
1324 3081 1412 3134 pse
1441 3064 1572 3117 enim
1599 3065 1798 3119 salvum

218 3163 350 3230 faciet
375 3163 634 3231 populum
658 3177 807 3214 suum
833 3175 866 3213 a
904 3159 1121 3230 peccatis
1143 3174 1317 3212 eorum
1348 3156 1572 3229 (Matth.
1599 3174 1638 3219 ι,
1666 3158 1794 3229 21).

217 3252 266 3305 ln
284 3267 512 3322 quorum
545 3260 886 3322 peccatorum
910 3251 1285 3307 remissionem
1307 3250 1557 3319 quoniam
1579 3250 1798 3319 sanguis

217 3344 318 3415 ejus
342 3345 552 3400 eﬂ’usus
581 3354 686 3412 est,
715 3359 822 3398 non
851 3333 1032 3415 utique
1056 3343 1294 3414 Oportuit
1316 3358 1437 3397 eum
1468 3342 1536 3396 de
1567 3342 1666 3398 hac
1692 3343 1798 3398 vita

217 3437 374 3491 exitus
415 3437 562 3492 alios
608 3437 807 3492 habere
850 3451 1008 3507 quam
1041 3436 1250 3491 mortis.
1293 3433 1419 3490 ldeo
1443 3449 1565 3490 cum
1595 3434 1798 3490 dictum

215 3538 374 3594 esset,
400 3527 556 3582 Deus
597 3538 768 3583 noster
791 3571 807 3596 ,
847 3527 988 3583 Deus
1031 3528 1195 3582 salvos
1234 3527 1496 3599 faciendi;
1541 3527 1800 3582 continuo

215 3621 552 3690 subjunctum
577 3630 690 3685 est,
729 3619 795 3674 Et
819 3619 1027 3673 Domini
1066 3620 1231 3673 exitus
1271 3620 1488 3683 mortis;
1531 3627 1592 3671 ut
1620 3627 1802 3673 osten-

215 3712 421 3768 deretur
453 3712 736 3768 moriendo
761 3712 940 3766 salvos
960 3727 1080 3768 esse
1106 3711 1363 3766 facturus.
1406 3711 1513 3766 Sed
1555 3711 1802 3767 mirando

216 3803 399 3860 dictum
433 3814 539 3872 est,
567 3803 632 3858 Et
659 3803 868 3857 Domini
891 3821 911 3869 ;
945 3814 1194 3874 tanquam
1225 3802 1521 3868 diceretur,
1549 3801 1693 3857 Talis
1719 3813 1803 3859 est

217 3896 304 3952 ista
330 3899 444 3952 vita
489 3897 798 3951 mortalium
826 3937 839 3960 ,
873 3901 931 3949 ut
977 3910 1076 3950 nec
1121 3895 1236 3965 ipse
1262 3894 1520 3950 Dominus
1548 3894 1702 3949 aliter
1733 3894 1802 3949 ab

218 3990 298 4046 illa
318 3993 517 4056 exiret,
554 3990 655 4044 nisi
679 4005 774 4060 per
799 3997 1050 4044 mortem.

215 4099 433 4159 CAPUT
477 4100 624 4156 XIX.
665 4131 738 4141 —
767 4099 844 4155 De
883 4099 1095 4155 Psalmo
1136 4100 1449 4172 sexagesimo
1495 4109 1705 4165 octauo,
1747 4099 1803 4153 in

327 4211 428 4265 quo
457 4191 768 4247 Judcorum
798 4192 1032 4262 pertinax
1058 4191 1337 4260 inﬁdelitas
1363 4191 1671 4246 declaratur.

276 4307 380 4363 Sed
409 4316 470 4361 ut
492 4305 666 4362 Judaei
693 4315 800 4360 tam
829 4305 1126 4360 manifestis
1152 4303 1312 4373 hujus
1342 4303 1634 4375 prophetia:
1655 4302 1803 4358 testi-

216 4401 421 4465 moniis,
451 4399 620 4453 etiam
643 4398 803 4452 rebus
830 4397 896 4451 ad
921 4396 1167 4452 eﬂ'ectum
1199 4406 1306 4450 tam
1335 4397 1537 4450 clarum
1569 4404 1805 4451 certum-

215 4505 307 4559 que
337 4489 619 4560 perductis
639 4530 654 4556 ,
693 4488 912 4542 omnino
941 4504 1044 4544 non
1075 4486 1269 4542 cedant
1289 4488 1340 4552 ¹,
1373 4487 1611 4557 profecto
1645 4487 1698 4541 in
1725 4487 1804 4543 eis

217 4581 330 4634 illud
363 4582 647 4652 impletur,
672 4580 813 4650 quod
842 4580 894 4634 in
925 4595 991 4634 eo
1021 4580 1228 4649 psalmo
1251 4579 1340 4648 qui
1373 4578 1513 4635 hunc
1539 4580 1801 4650 sequitur,

213 4675 465 4744 scriptum
511 4685 615 4728 est.
649 4672 782 4728 Cum
811 4673 955 4727 enim
994 4682 1047 4727 et
1077 4672 1184 4727 illic
1215 4687 1280 4728 ex
1326 4687 1552 4742 persona
1577 4672 1800 4738 Christi,

213 4780 320 4834 qua:
350 4768 418 4820 ad
469 4766 590 4836 ejus
635 4766 936 4835 passionem
982 4763 1272 4834 pertinent,
1321 4763 1628 4833 pr0phetice
1653 4763 1802 4820 dice-

214 4867 412 4921 rentur,
439 4865 926 4912 commemoratum
951 4865 1034 4910 cst
1052 4855 1196 4926 quod
1219 4856 1270 4908 in
1292 4855 1577 4926 Evangelia
1598 4858 1799 4926 patuit:

214 4949 473 5006 Dederunt
520 4952 574 5004 in
619 4967 786 5005 escam
826 4966 989 5005 meam
1029 4950 1121 5018 fel,
1169 4960 1214 5003 et
1255 4951 1308 5002 in
1353 4951 1432 5003 siti
1477 4966 1588 5004 mea
1630 4959 1804 5022 potant

209 5045 326 5100 mihi
352 5046 608 5100 dederunt
638 5055 834 5098 acetum
863 5043 1034 5117 (Psal.
1059 5059 1223 5098 vam
1241 5085 1255 5108 ,
1281 5042 1388 5103 Ὧς
1421 5043 1608 5097 Matth.
1637 5059 1802 5108 xxvu,

209 5136 292 5197 Si,
317 5138 439 5211 48).
478 5137 549 5192 Et
573 5137 722 5191 velut
751 5146 871 5208 post
913 5137 1016 5192 tale
1053 5137 1357 5192 convivium
1384 5138 1676 5208 epulasque
1703 5138 1804 5193 sibi

208 5229 581 5302 hujuscemodi
611 5231 878 5286 exhibitas
904 5246 1024 5286 mox
1055 5230 1262 5297 intulit,
1291 5229 1412 5284 Fiat
1438 5248 1609 5286 mensa
1634 5249 1804 5286 eorum

206 5341 373 5379 coram
406 5326 539 5396 ipsis
582 5327 636 5378 in
680 5326 1016 5394 ntuscipulam
1037 5365 1052 5388 ,
1083 5333 1131 5379 et
1159 5327 1211 5378 in
1239 5323 1646 5391 retributionem,
1678 5333 1724 5378 et
1751 5326 1806 5378 in

203 5419 514 5472 scandalum
556 5435 574 5472 :
625 5417 951 5473 obscurentur
994 5415 1126 5471 oculi
1166 5432 1340 5470 eorum
1378 5432 1439 5469 ne
1479 5416 1711 5481 uideant,
1757 5425 1804 5470 et

262 5553 282 5584 ⁸
318 5560 370 5602 In
396 5553 565 5620 editis,
591 5558 638 5620 et
1142 5551 1303 5620 exitus
1322 5550 1506 5620 martis.
1529 5559 1627 5602 Non
1656 5565 1803 5616 repe-

199 5617 335 5672 titur,
360 5613 579 5674 Domitii,
598 5616 648 5678 in
672 5615 1005 5676 manuscriptls
1024 5628 1117 5678 nec
1137 5615 1263 5678 apud
1277 5616 1606 5678 Septuaginta.

259 5679 281 5709 ²
315 5681 395 5728 sic
417 5683 535 5727 Mss.
561 5677 676 5725 κόιιὶ
704 5690 835 5734 vero,
860 5689 956 5726 non
978 5676 1198 5726 credant.

237 5740 338 5810 .(a‘)
365 5746 441 5788 Ne
467 5740 596 5810 quis
641 5738 844 5810 fallatur,
890 5737 1051 5789 exitus
1099 5748 1175 5788 est
1215 5741 1544 5810 nominativus
1585 5739 1799 5810 pluralis,

195 5800 248 5909 ξε
278 5800 528 5853 diearodoi
558 5808 639 5852 tau
681 5802 905 5850 thanatou
931 5837 946 5862 ,
988 5816 1082 5850 nou
1110 5803 1358 5862 genitivus
1387 5800 1660 5864 singularis.
1688 5800 1798 5853 Lua.

218 5872 351 5909 Ἰω-

218 5872 351 5914 πη.

503 5949 720 6011 Smcr.
765 5953 1039 6010 Aucusr.
1075 5949 1209 6009 VII.

1387 357 1592 416 LIBER
1632 352 1932 414 DECIMUS
1970 355 2327 416 SEPTIMUS.

3387 367 3498 424 εει

1911 468 2114 524 dorsum
2143 486 2316 525 eorum
2340 488 2534 544 semper
2559 473 2769 528 incurva
2797 471 2979 545 (Psal.
3005 491 3164 532 LXVIII
3182 519 3196 544 ,
3219 477 3311 545 2⁸5,
3335 479 3444 552 24)
3473 499 3490 536 :

1911 569 1965 616 et
1988 570 2203 629 cretera,
2235 579 2354 634 quae
2385 581 2488 620 non
2532 567 2766 638 Optando
2796 577 2919 623 sunt
2943 569 3082 624 dicta
3105 612 3121 636 ,
3154 571 3248 626 sed
3276 573 3497 641 optandi

1909 652 2090 721 specie
2134 655 2502 724 prophetando
2545 658 2818 728 praedicta.
2850 659 2988 725 Quid
3028 675 3156 732 ergo
3185 663 3380 718 mirum
3404 705 3420 732 ,
3449 664 3497 718 si

1907 740 2025 799 haec
2054 746 2333 801 manifesta
2367 764 2468 803 non
2499 749 2698 815 vident,
2727 767 2952 823 quorum
2982 753 3122 810 oculi
3145 764 3271 811 sunt
3298 756 3495 814 obscu-

1908 837 2032 900 rati,
2065 853 2133 893 ne
2159 839 2419 894 videant?
2447 842 2573 912 quid
2601 845 2816 912 mirum,
2846 847 2890 901 si
2921 847 3157 903 ctelestia
3183 864 3290 904 non
3319 852 3497 922 suspi-

1909 929 2058 986 ciunt
2082 933 2123 1000 ¹,
2152 934 2243 1004 qui
2295 944 2351 989 ut
2379 936 2432 990 in
2463 944 2672 992 terrena
2700 942 2806 996 sint
2836 944 3008 1012 proni,
3057 943 3274 999 dorsum
3304 959 3493 1000 eorum

1906 1036 2124 1093 semper
2159 1024 2436 1081 incurvum
2480 1030 2604 1083 est?
2648 1029 2740 1085 His
2770 1033 2915 1087 enim
2941 1034 3119 1088 verbis
3162 1035 3433 1091 translatis
3463 1051 3496 1091 a

1907 1129 2132 1186 corpore
2152 1160 2167 1184 ,
2201 1121 2330 1175 vitia
2368 1120 2736 1191 signiﬁcantur
2759 1125 3080 1180 animorum.
3119 1127 3224 1182 Ista
3254 1127 3322 1183 de
3347 1128 3501 1184 Psal-

1907 1209 2044 1273 mis,
2079 1209 2179 1265 hoc
2218 1220 2301 1266 est
2344 1212 2412 1268 de
2458 1213 2738 1284 prophetia
2781 1217 2921 1286 regis
2949 1217 3112 1272 David
3137 1261 3152 1284 ,
3184 1220 3314 1275 satis
3355 1219 3498 1275 dicta

1906 1301 2041 1364 sint,
2073 1311 2130 1356 ut
2157 1303 2348 1374 aliquis
2378 1306 2570 1361 modus
2597 1307 2684 1360 sit.
2727 1305 3011 1376 lgnoscant
3048 1318 3223 1364 autem
3264 1311 3352 1381 qui
3382 1310 3497 1366 haec

1906 1388 2108 1460 legunt,
2154 1403 2205 1448 et
2249 1405 2442 1450 cuncta
2483 1396 2574 1450 illa
2615 1408 2919 1463 noverunt;
2951 1408 3005 1452 et
3033 1398 3101 1454 de
3131 1400 3212 1454 his
3240 1416 3358 1470 qua:
3384 1401 3497 1455 for-

1909 1487 2048 1538 tasse
2077 1483 2313 1568 ﬁrmiora
2357 1502 2443 1542 me
2476 1489 2885 1557 praztermisisse
2925 1491 3010 1546 vel
3042 1490 3342 1562 intelligunt
3366 1532 3381 1558 ,
3411 1493 3498 1548 vel

1905 1573 2246 1640 existimant,
2264 1567 2377 1630 non
2405 1589 2718 1648 querantur.
3533 1567 3538 1576 I

1903 1685 2131 1744 CAPUT
2169 1687 2289 1744 XX.
2320 1720 2391 1729 —
2416 1689 2495 1746 De
2520 1708 2673 1763 regno
2699 1709 2760 1746 ac
2787 1693 2961 1746 merito
2989 1691 3158 1747 Dauid
3176 1735 3192 1761 ,
3220 1703 3267 1748 et
3295 1694 3359 1748 de
3382 1694 3493 1762 filio

1976 1782 2138 1852 ipsius
2169 1783 2448 1838 Salomone
2467 1826 2481 1849 ,
2511 1802 2666 1855 eaque
2691 1788 2956 1858 praphetia
2986 1804 3099 1856 qua:
3140 1789 3209 1842 ad
3233 1789 3495 1843 Christum

1976 1874 2231 1943 pertinens
2275 1875 2529 1929 inuenitur
2552 1919 2566 1944 ,
2616 1877 2697 1932 vel
2739 1879 2793 1932 in
2841 1880 2911 1932 eis
2970 1881 3111 1934 libris
3158 1881 3245 1950 qui
3293 1881 3500 1950 scriptis

1974 1966 2137 2036 ipsius
2181 1968 2522 2040 copulantur,
2566 1971 2645 2025 uel
2685 1971 2740 2025 in
2778 1972 2848 2026 eis
2890 1989 3014 2044 quos
3055 1973 3216 2044 ipsius
3253 1990 3362 2029 esse
3396 1991 3503 2029 non

1974 2057 2182 2112 dubium
2201 2069 2294 2115 est.

1980 2171 2028 2226 l.
2063 2171 2324 2243 Regnavit
2345 2189 2472 2243 ergo
2496 2174 2658 2229 David
2687 2175 2740 2230 in
2768 2184 2978 2232 terrena
3005 2176 3324 2242 Jerusalem,
3351 2177 3494 2234 illius

1902 2265 2138 2320 celestis
2163 2265 2485 2333 Jerusalem,
2511 2268 2691 2323 divino
2722 2269 2948 2324 multum
2977 2273 3282 2326 testimonio
3311 2272 3497 2341 prmdi-

1903 2365 2054 2410 catus
2095 2374 2108 2409 :
2157 2358 2281 2426 quia
2328 2368 2382 2412 et
2407 2359 2596 2414 delicta
2645 2359 2760 2429 ejus
2809 2370 2952 2414 tanta
3005 2362 3199 2431 pietate
3246 2373 3496 2431 superata

1900 2455 2058 2513 sunt,
2093 2463 2186 2517 per
2229 2448 2633 2504 saluberrimam
2673 2451 2967 2521 pmnitendi
3012 2451 3393 2520 humilitatem,
3440 2461 3496 2507 ut

1901 2551 2122 2608 prorsus
2148 2539 2288 2595 inter
2307 2554 2401 2596 eos
2421 2540 2511 2604 sit,
2542 2540 2610 2596 de
2635 2542 2831 2612 quibus
2855 2543 2970 2612 ipse
2996 2545 3089 2608 ait,
3114 2543 3260 2597 Beati
3281 2560 3496 2614 quorum

1900 2631 2125 2686 remissae
2159 2642 2278 2686 sunt
2303 2633 2589 2703 iniquitates
2613 2674 2627 2700 ,
2673 2643 2720 2688 et
2747 2650 2962 2706 quorum
2987 2643 3115 2689 tecta
3151 2644 3269 2690 sunt
3293 2643 3498 2706 peccata

1903 2721 2262 2792 (Psal.xxx1,
2305 2725 2395 2796 1).
2443 2725 2570 2780 Post
2615 2726 2754 2780 hunc
2801 2727 3045 2798 regnavit
3091 2728 3265 2783 eidem
3297 2730 3497 2800 populo

1903 2816 2155 2870 universo
2192 2814 2445 2872 Salomon
2483 2815 2602 2886 ejus
2643 2818 2782 2872 ﬁlius
2804 2859 2820 2883 ,
2859 2819 2982 2888 qui,
3017 2827 3073 2873 ut
3103 2835 3262 2889 supra
3295 2821 3496 2877 dictum

1900 2918 2006 2974 est,
2030 2917 2179 2978 patre
2201 2923 2298 2963 suo
2322 2910 2532 2964 vivente
2553 2911 2716 2979 cepit
2737 2927 2982 2981 regnare.
3015 2913 3110 2966 llic
3131 2913 3286 2968 bonis
3311 2915 3496 2982 initiis,

1901 2997 2076 3052 malos
2115 2999 2290 3053 exitus
2328 2999 2532 3054 habuit.
2575 3000 2782 3070 Quippe
2825 3001 3074 3056 secunda:
3106 3017 3215 3069 res,
3260 3021 3378 3073 quae
3404 3021 3499 3060 sa-

1901 3090 2159 3161 pientium
2204 3092 2413 3146 animos
2442 3093 2661 3162 fatigant
2682 3094 2760 3164 (a)
2780 3134 2795 3159 ,
2827 3095 2998 3162 magis
3038 3092 3162 3149 huic
3187 3094 3497 3166 obfuerunt,

1900 3198 2060 3254 quam
2090 3183 2288 3254 profuit
2314 3184 2428 3253 ipsa
2467 3185 2764 3253 sapientia,
2803 3185 2963 3240 etiam
2997 3201 3137 3239 nunc
3165 3196 3221 3242 et
3244 3187 3498 3260 deinceps

1901 3277 2292 3342 memorabilis,
2324 3260 2378 3332 et
2405 3285 2530 3333 tunc
2573 3277 2729 3348 longe
2757 3277 2966 3348 lateque
2997 3277 3227 3333 laudata.
3255 3279 3501 3351 Prophe-

1905 3376 2046 3424 tasse
2090 3370 2250 3424 etiam
2301 3370 2417 3441 ipse
2464 3370 2731 3438 reperitur
2775 3370 2826 3424 in
2877 3370 2988 3424 suis
3037 3369 3207 3436 libris,
3250 3372 3341 3440 qui
3388 3381 3497 3428 tres

1904 3462 2105 3532 recepti
2132 3470 2257 3516 sunt
2302 3463 2354 3516 in
2384 3464 2756 3517 auctoritatem
2800 3463 3109 3517 canonicam
3138 3504 3154 3530 ,
3187 3461 3498 3529 Proverbia,

1906 3554 2260 3610 Ecclesiastes
2278 3597 2290 3618 ,
2315 3563 2370 3611 et
2393 3555 2668 3610 Canticum
2704 3556 3057 3610 canticorum.
3088 3554 3192 3608 Alii
3217 3571 3344 3611 vero
3367 3555 3495 3620 duo,

1905 3663 2132 3718 quorum
2164 3664 2300 3702 unus
2333 3649 2640 3718 Sapientia,
2678 3649 2816 3704 alter
2843 3648 3251 3702 Ecclesiasticus
3275 3647 3496 3714 dicitur,

1907 3749 2125 3810 propter
2153 3741 2349 3812 eloquii
2377 3742 2688 3796 nonnullam
2714 3740 3118 3795 similitudinem
3138 3779 3152 3803 ,
3180 3749 3236 3794 ut
3259 3737 3496 3796 Salomov

1909 3833 1993 3887 nis
2031 3832 2275 3888 dicantur
2296 3874 2310 3898 ,
2343 3833 2572 3888 obtinuit
2613 3832 2946 3888 consuetudo
2975 3849 2988 3885 :
3022 3848 3127 3886 non
3155 3843 3335 3887 autem
3377 3849 3496 3892 esse

1907 3925 2076 3995 ipsius
2095 3966 2110 3993 ,
2138 3941 2246 3980 non
2275 3926 2517 3981 dubitant
2559 3927 2864 3995 doctiores;
2892 3941 2986 3981 eos
3013 3935 3190 3981 tamen
3221 3927 3272 3980 in
3311 3936 3498 3982 aucto-

1909 4022 2144 4086 ritatem,
2174 4023 2404 4078 maxime
2431 4023 2778 4079 occidentalis
2801 4066 2814 4090 ,
2843 4023 3138 4094 antiquitus
3165 4026 3364 4095 recepit
3391 4025 3498 4082 Ec-

1906 4112 2066 4168 clesia
2097 4115 2168 4185 (b)
2200 4133 2213 4170 :
2242 4131 2469 4186 quorum
2511 4116 2563 4170 in
2598 4132 2704 4170 uno
2725 4156 2742 4184 ,
2773 4115 2861 4186 qui
2901 4115 3205 4186 appellatur
3225 4117 3498 4190 Sapientia

1906 4210 2232 4278 Salomonis,
2280 4216 2458 4284 passio
2499 4217 2698 4272 Christi
2745 4218 3083 4289 apertissime
3127 4220 3498 4292 prophetatur.

1909 4304 2060 4376 Impii
2091 4310 2287 4378 quippe
2329 4309 2701 4367 interfectores
2741 4312 2858 4381 ejus
2901 4325 3391 4368 commemorantur
3414 4314 3501 4368 di-

1907 4407 2091 4454 centes
2129 4417 2140 4452 :
2177 4400 2634 4457 Circumveniamus
2662 4405 2882 4474 justum,
2916 4405 3154 4474 quoniam
3184 4406 3404 4459 insuavis
3428 4416 3500 4460 est

1908 4490 2072 4557 nobis,
2102 4502 2148 4545 et
2173 4495 2460 4549 contrarius
2489 4505 2560 4550 est
2586 4496 2818 4566 operibus
2847 4498 3033 4550 nostris
3051 4538 3066 4563 ,
3100 4507 3146 4550 et
3184 4498 3494 4568 imprOperat

1908 4582 2052 4637 nobis
2101 4595 2305 4652 peccata
2347 4584 2489 4656 legis,
2535 4596 2580 4640 et
2621 4588 2838 4657 infamat
2883 4588 2934 4641 in
2965 4605 3056 4642 nos
3097 4600 3302 4661 peccata
3343 4591 3498 4643 disci-

1909 4675 2066 4746 plinae
2113 4686 2316 4730 nostra.
2368 4675 2625 4731 Promittit
2663 4679 2924 4734 scientiam
2972 4679 3068 4734 Dei
3115 4698 3167 4736 se
3209 4682 3408 4751 habere,
3455 4695 3500 4738 et
3545 4747 3551 4759 ι

1911 4767 2074 4836 ﬁlium
2098 4767 2195 4822 Dei
2220 4786 2274 4824 se
2292 4771 2537 4824 nominat.
2577 4770 2762 4826 Factus
2788 4783 2859 4827 est
2885 4775 3027 4828 nobis
3052 4774 3103 4827 in
3134 4775 3497 4829 traductionem

1911 4861 2273 4930 cngitationum
2301 4873 2609 4917 nostrarum.
2644 4862 2826 4919 Gravis
2866 4876 2938 4919 est
2983 4866 3126 4920 nobis
3155 4868 3304 4920 etiam
3333 4867 3401 4920 ad
3427 4868 3501 4920 vi-

1910 4954 2132 5008 dendum
2153 4998 2166 5018 ,
2198 4958 2436 5025 quoniam
2467 4959 2727 5014 dissimilis
2755 4969 2830 5014 est
2858 4960 2975 5014 aliis
3001 4962 3102 5013 vita
3131 4959 3271 5014 illius
3289 5001 3301 5024 ,
3330 4970 3376 5013 et
3402 4962 3500 5013 im-

1911 5059 2120 5103 mutata:
2152 5051 2246 5104 vite
2272 5046 2402 5120 ejus.
2436 5050 2701 5124 Tanquam
2728 5071 2941 5125 nugaccs
2967 5053 3200 5108 wstimati
3228 5069 3400 5107 sumus
3430 5054 3494 5108 ab

1913 5140 2000 5192 illo
2022 5181 2036 5204 ,
2067 5150 2112 5193 et
2139 5142 2351 5196 abstinet
2377 5161 2432 5198 se
2457 5161 2488 5197 a
2516 5146 2606 5200 viis
2635 5147 2818 5199 nostris
2859 5147 3004 5215 quasi
3032 5151 3093 5197 ab
3118 5145 3450 5201 immunditiis
3480 5166 3495 5201 τ

1911 5231 2115 5302 prorfert
2137 5235 2158 5265 ¹
2180 5238 2450 5290 novissima
2469 5239 2743 5307 justorum,
2771 5248 2816 5292 et
2843 5239 3090 5308 gloriatur
3116 5247 3308 5306 patrem
3330 5237 3498 5294 Deum

1911 5342 1966 5380 se
1992 5327 2190 5381 habere.
2242 5329 2507 5384 Videamus
2536 5347 2654 5402 ergo
2683 5331 2728 5385 si
2754 5347 3007 5384 sermones
3037 5331 3175 5384 illius
3211 5332 3316 5386 ueri
3357 5344 3494 5402 sunt,

1976 5491 1992 5522 ι
2031 5487 2162 5536 Vind.
2192 5493 2272 5534 Am
2291 5492 2342 5534 et
2363 5484 2546 5547 aliquot
2567 5486 2893 5550 manuscripti,
2920 5483 3203 5550 suscipiunt.

1971 5554 1992 5584 ³
2029 5551 2239 5612 Vulgata,
2265 5554 2309 5597 et
2333 5549 2548 5612 prta/ett.
2573 5549 2643 5612 Sic
2668 5549 2810 5612 etiam
2838 5556 2914 5596 Ms.
3177 5557 3231 5597 Μ.

1975 5613 2048 5677 (ιι)
2076 5607 2288 5677 Imitatur
2308 5607 2579 5677 salluIstium
2604 5611 2652 5658 in
2675 5609 2808 5658 bello
2831 5607 3254 5677 tatilinario,_cap.
3284 5612 3337 5662 11
3365 5615 3503 5677 cujus

1910 5671 2056 5726 etiam
2101 5675 2204 5736 [nec
2229 5673 2406 5736 ibidem
2432 5677 2582 5720 verba
2603 5679 2732 5731 sunt,
2759 5671 2938 5735 qmippe
2961 5674 3189 5725 secunda:
3210 5671 3288 5724 res
3310 5671 3501 5736 sapien-

1909 5739 2024 5788 tium
2049 5735 2231 5785 animos
2256 5734 2470 5796 fatigant.

1973 5801 2045 5861 (b)
2072 5799 2185 5847 Vide
2212 5794 2383 5845 librum
2407 5794 2516 5845 ﬁde
2534 5797 2750 5845 Doctrina
2771 5796 3050 5860 Christiana,
3076 5813 3124 5848 ι).
3154 5799 3225 5859 l3,
3253 5806 3303 5847 et
3324 5806 3502 5859 Specu-

1907 5864 2026 5916 lum.

2883 5944 3301 6019 {Dite—ltuit.)
