4062 6518
561 527 618 580 et
635 503 876 581 tentemus
899 499 1242 594 quce'uentura
1271 495 1386 592 sunt
1412 513 1508 580 illi,
1538 489 1584 566 et
1605 489 1822 596 "sciemus
1990 497 2135 588 erunt

563 618 832 674 novissima
859 599 988 686 ejus.
1032 612 1092 668 Si
1121 612 1270 686 enim.
1293 613 1456 678 iustus
1475 599 1557 684 test
1587 601 1876 684 ﬁliusﬁci,
1902 599 2138 686 suscipiet

568 711 738 774 illum,
771 717 816 763 et
841 705 1067 762 liberabit
1105 695 1218 759 eum
1257 689 1318 758 de
1345 719 1497 778 manu
1536 691 1927 780 contrariorum.
1953 693 2141 782 Contu-

564 783 712 854 mclia
739 810 784 853 et
813 806 1056 864 tormenta
1084 783 1442 868 interrogemus
1470 794 1615 870 illum
1635 834 1652 859 ,
1679 801 1733 846 ut
1756 780 1984 868 sciamus
2003 803 2140 860 reue;-

559 892 771 962 rentiam
815 889 989 956 illius,
1020 898 1068 942 et
1110 885 1373 960 probemus
1421 873 1936 966 patientior-nimius.
1973 875 2141 966 Morte

561 971 1278 1060 turpissima!condemnemus
1301 967 1454 1031 illum
1479 994 1496 1032 :
1523 977 1625 1060 erit.
1653 975 1786 1050 enim
1815 961 2139 1058 ein-espectus

559 1090 621 1128 ea:
645 1051 953 1148 sermonibus
978 1053 1132 1126 illius.
1170 1057 1295 1150 Haec
1332 1051 1704 1148 cognouerunt,
1734 1075 1777 1138 et
1811 1051 2139 1146 erraverunt:

557 1143 980 1249 excwcct’uitzenim
1009 1165 1123 1219 illos
1166 1143 1359 1250 malitia
1388 1143 1865 1251 ipsoruin'Qapan
1887 1198 1910 1240 ,1
1928 1143 2136 1251 12-21).

557 1228 615 1314 ln
644 1228 1022 1320 'Ecc'l'es'iastico
1049 1266 1228 1338 autem
1257 1245 1388 1338 ﬁdes
1409 1228 1650 1335 gentium
1675 1228 1873 1338 latura,
1891 1229 2136 1318 praedici-

561 1359 644 1405 πυτ
674 1350 774 1404 isto
804 1347 963 1402 modo
992 1365 1004 1400 :
1047 1344 1482 1417 Misererelnostri
1500 1384 1516 1405 ,
1549 1339 1836 1394 dominator
1865 1338 2000 1392 Deus
2029 1354 2138 1390 om-

560 1441 729 1507 nium,
774 1431 820 1493 et
857 1427 1084 1510 immitte
1110 1438 1337 1512 timorem
1369 1445 1507 1488 tuum
1545 1428 1697 1516 super
1725 1448 1895 1514 omnes
1923 1441 2092 1501 gentes
2119 1444 2138 1482 :

557 1515 741 1588 eato'lle
781 1519 985 1586 manum
1031 1542 1166 1584 tuam
1213 1545 1362 1598 super
1391 1538 1559 1600 gentes
1597 1515 1821 1596 alienas,
1866 1534 1911 1578 et
1940 1523 2138 1577 videant

557 1627 833 1714 potentiam
861 1635 1017 1679 tuam.
1069 1625 1213 1678 Sicut
1239 1639 1421 1706 coram
1465 1619 1570 1674 illis
1611 1607 1954 1714 sancti/iciunis
1994 1633 2044 1669 es
2086 1615 2140 1692 in

560 1700 731 1783 nobis,
764 1719 832 1771 ita
859 1733 1027 1770 coram
1065 1713 1204 1769 nobis
1239 1701 1580 1784 ima‘gn'iﬁceris
1611 1700 1674 1763 ‘in
1714 1700 1853 1792 illis;
1899 1700 1952 1760 u't
1982 1723 2139 1776 agno-

559 1789 700 1865 scant
723 1795 776 1863 ’τέ
801 1793 1076 1862 secundum
1097 1806 1234 1878 quod
1266 1795 1317 1860 et
1339 1795 1436 1858 :uos
1465 1797 1755 1874 agnovimus
1785 1795 1862 1865 t'c’,
1891 1799 2007 1869 quia
2033 1799 2138 1851 ἠοη

551 1893 629 1959 est
653 1881 994 1972 Deus:prceter
1020 1911 1085 1966 te,
1116 1891 1332 1954 Domine
1358 1891 1555 1969 ‘('Eccli.
1584 1883 1774 1959 itxxvt,
1803 1890 1957 1963 1-5).
1989 1889 2138 1946 Hanc

549 1978 768 2064 optandi
811 1977 866 2048 et
912 1983 1159 2062 precandi
1221 1979 1399 2060 specie
1437 1979 1773 2059 prophetiam
1813 1983 1912 2056 per
1952 1985 2136 2040 Jesum

553 2085 823 2140 Christum
855 2083 1096 2138 videmus
1135 2082 1427 2152 impletam.
1472 2079 1578 2135 Sed
1617 2071 1875 2135 adversus
1916 2067 2136 2131 contra-

552 2179 788 2234 'dictores
815 2193 920 2232 non
947 2179 1093 2232 tanta
1123 2177 1372 2230 ﬁrmitate
1401 2175 1761 2245 proferuntur,
1794 2189 1914 2244 qua:
1938 2174 2138 2242 scripta

559 2289 663 2326 non
695 2279 820 2326 sunt
849 2271 900 2325 in
931 2283 1139 2326 canone
1171 2261 1498 2325 Judceorutn.

621 2365 677 2420 ἓ.
715 2363 776 2420 In
804 2365 970 2420 tribus
999 2379 1122 2419 vero
1147 2363 1255 2419 illis
1278 2407 1291 2430 ,
1341 2369 1474 2433 quos
1516 2363 1820 2417 Salomonis
1859 2375 1977 2416 esse
2003 2375 2135 2414 con-

555 2467 695 2525 stat,
724 2459 778 2514 et
813 2457 980 2513 Judtei
1011 2440 1301 2511 'canonic'o's
1341 2456 1576 2521 habent,
1623 2465 1681 2511 ut
1725 2449 2033 2510 Ostendatur
2071 2454 2138 2508 ad

551 2547 820 2606 Christum
848 2559 902 2605 et
930 2550 1218 2604 Ecclesiam
1240 2547 1515 2618 ‘pe'rtinere
1544 2549 1684 2619 Quod
1714 2548 1764 2602 in
1798 2549 1875 2603 eis
1901 2548 2136 2618 ejusmo-

549 2641 610 2696 di
641 2639 903 2710 reperitur
926 2683 939 2705 ,
978 2649 1199 2710 operosa
1226 2639 1512 2710 disputatio
1541 2640 1839 2694 necessaria
1866 2647 1947 2691 est
1973 2679 1988 2703 ,
2019 2647 2138 2706 qua)

558 2737 657 2787 nos
677 2732 820 2787 'ultra
847 2725 1001 2802 quam
1028 2741 1237 2802 oportet
1264 2775 1278 2797 ,
1303 2732 1346 2787 si
1371 2748 1510 2786 nunc
1533 2731 1815 2786 adhibetur
1837 2772 1852 2797 ,
1876 2720 2134 2786 extendit:

559 2820 759 2878 Tamen
789 2823 926 2893 quod
956 2824 1005 2876 in
1038 2823 1338 2878 Proverbiis
1362 2808 1556 2893 legitur
1582 2866 1595 2889 ,
1641 2824 1781 2877 viros
1813 2822 2014 2892 impios
2053 2823 2138 2877 di-

557 2931 720 2983 cere,
772 2914 1152 2972 AbScondamus
1190 2917 1241 2971 in
1294 2928 1426 2972 terra
1469 2918 1629 2970 virum
1675 2917 1869 2987 justum
1912 2917 2136 2986 injuste;

560 3007 910 3063 absorbeamus
939 3025 1052 3063 vero
1081 3024 1193 3062 eum
1236 3013 1475 3078 fuitquam
1519 3008 1747 3079 infernus
1790 3009 2027 3062 viventem
2048 3049 2062 3072 ,
2091 3018 2139 3061 et

555 3091 844 3174 au'fér'anms
868 3102 981 3172 ejus
1008 3089 1296 3155 meritoriam
1325 3091 1386 3154 de
1425 3109 1559 3154 terra
1583 3144 1596 3164 ,
1635 3102 1997 3169 'possessionem
2029 3101 2140 3168 eju's

555 3193 1281 3265 pretium":'appreltendmu'us
1305 3193 1324 3261 ἶ
1351 3192 1505 3248 Prov.
1538 3210 1555 3247 1
1585 3235 1600 3259 ,
1649 3195 1816 3248 11-15
1841 3193 1880 3263 );
1919 3208 2022 3247 non
2067 3195 2138 3247 ita

555 3285 839 3341 obscurum
863 3281 948 3339 'e'st
972 3327 986 3350 ,
1020 3295 1078 3339 ut
1103 3285 1168 3340 de
1195 3271 1409 3340 Christo
1439 3295 1490 3340 et
1518 3279 1861 3354 possessione
1889 3287 2002 3355 ejus
2033 3286 2139 3340 Ec-

555 3377 715 3431 clesia
748 3378 863 3432 sine
889 3375 1153 3432 laboriosa
1185 3379 1517 3446 expositione
1545 3394 1648 3432 non
1689 3380 1854 3447 possit
1893 3378 2135 3448 intelligi.

556 3469 686 3524 Tale
714 3471 910 3540 quippe
957 3470 1152 3538 aliquid
1192 3471 1350 3525 etiam
1395 3469 1648 3525 Dominus
1694 3472 1806 3540 ipse
1844 3471 1998 3526 Iesus
2048 3477 2140 3540 per

556 3543 914 3632 evangelicam
947 3561 1251 3630 parabolam
1280 3561 1510 3616 ostendit
1547 3561 1742 3616 dixisse
1785 3562 1952 3616 malos
1991 3563 2138 3616 colo-

555 3670 655 3710 nos
683 3675 696 3710 :
725 3649 827 3719 Hic
853 3665 923 3709 est
950 3651 1108 3709 hw'res
1127 3697 1140 3719 ,
1175 3643 1336 3708 uenite
1355 3698 1366 3716 ,
1399 3655 1685 3709 occidamus
1713 3672 1826 3709 eum
1849 3696 1864 3722 ,
1894 3663 1940 3709 et
1970 3663 2141 3709 nostra

549 3743 650 3803 'erit
688 3744 954 3802 hiereditas
998 3747 1222 3820 (Matth.
1268 3764 1405 3814 XXI,
1453 3748 1585 3820 58).
1630 3748 1866 3818 Itemque
1912 3748 2039 3802 illud
2085 3748 2138 3802 in

551 3839 746 3894 ‘eodem
788 3840 964 3906 libro,
1005 3841 1144 3908 quod
1188 3839 1296 3910 jam
1342 3850 1464 3894 ante
1517 3842 1971 3910 perstrinximus,
2018 3855 2140 3895 cum

557 3939 837 4005 ageremus
889 3931 956 3988 de
1003 3935 1166 3988 sterili
1211 3949 1329 4004 quae
1373 3936 1576 4003 peperit
1622 3941 1822 4005 septem
1875 3936 2136 4007 (Supra,

562 4040 678 4092 cap.
711 4024 744 4077 4
770 4065 782 4088 ,
813 4039 864 4076 n.
894 4025 928 4077 4
956 4023 995 4092 ),
1030 4024 1240 4078 nonnisi
1282 4024 1349 4079 de
1396 4024 1606 4080 Christo
1644 4037 1699 4080 et
1736 4027 1972 4081 Ecclesia
2018 4043 2142 4083 mox

562 4124 619 4168 ut
648 4116 803 4168 fuerit
825 4115 1228 4186 pronuntiatum
1259 4118 1532 4171 consuevit
1565 4118 1780 4188 intelligi
1815 4120 1880 4172 ab
1909 4120 1986 4172 eis
2011 4162 2024 4186 ,
2050 4121 2138 4189 qui

559 4205 831 4261 Christum
881 4208 1205 4276 Sapientiam
1254 4209 1345 4262 Dei
1383 4225 1502 4263 esse
1546 4220 1825 4264 noverunt.
1876 4211 2141 4282 Sapientia

561 4297 828 4366 cediﬁcauit
853 4300 946 4352 sibi
987 4282 1193 4352 domum
1220 4342 1246 4362 ,_
1279 4309 1323 4352 et
1360 4298 1583 4366 sulfulsit
1615 4302 1874 4356 columnas
1910 4314 2141 4372 septem;

561 4388 836 4443 immolavit
887 4406 1007 4443 suas
1067 4390 1326 4454 victimas,
1387 4392 1586 4444 miscuit
1641 4393 1693 4444 in
1735 4403 1924 4447 cratere
1972 4397 2140 4448 vinum

561 4498 708 4535 suum
732 4522 746 4544 ,
775 4491 820 4534 et
849 4482 1052 4551 paravit.
1070 4499 1293 4535 mensam
1323 4499 1487 4536 suam.
1519 4483 1660 4538 Misit
1687 4501 1852 4540 seruos
1879 4504 1997 4541 suos
2021 4505 2142 4541 con-

557 4591 744 4629 vocans
778 4591 893 4627 cum
931 4575 1192 4628 excellenti
1243 4575 1598 4644 prazdicatione
1643 4577 1710 4628 ad
1747 4588 1987 4634 craterem
2015 4621 2028 4645 ,
2058 4581 2141 4633 di-

561 4682 716 4720 cens:
747 4663 870 4730 Quis
895 4675 965 4718 est
986 4666 1224 4735 insipiens
1243 4667 1268 4719 ?
1297 4666 1505 4719 divertat
1534 4667 1602 4720 ad
1644 4684 1741 4720 me.
1799 4667 1866 4721 Et
1909 4669 2143 4740 inopibus

562 4775 709 4813 sensu
737 4758 865 4811 dixit
893 4774 911 4811 :
951 4756 1124 4812 Venite
1149 4799 1160 4820 ,
1204 4759 1504 4812 manducate
1547 4760 1609 4812 de
1645 4761 1768 4813 meis
1813 4762 2025 4830 panibus
2049 4804 2062 4825 ,
2094 4773 2143 4816 et

561 4847 710 4902 bibite
734 4849 904 4902 vinum
933 4847 1065 4915 quod
1095 4847 1266 4900 miscui
1296 4849 1431 4900 vobis
1482 4847 1678 4918 (Prov.
1713 4866 1762 4903 Ix
1793 4891 1805 4913 ,
1837 4851 1928 4906 1-5
1951 4853 1987 4919 ).
2043 4852 2143 4908 Hic

562 4953 709 4998 certe
738 4943 1071 5012 agnoscimus
1104 4941 1200 4995 Dei
1229 4939 1553 5009 Sapientiam
1580 4983 1592 5008 ,
1628 4944 1727 4998 hoc
1755 4955 1837 4998 est
1862 4989 1877 5009 ,
1908 4944 2140 5000 Verbum

564 5036 706 5091 Patri
734 5046 1053 5091 cca-ternum
1078 5076 1095 5102 ,
1119 5035 1171 5088 in
1195 5044 1344 5088 utero
1367 5036 1604 5105 virginali
1629 5037 1843 5091 domum
1876 5038 1975 5092 sibi
2005 5039 2140 5093 {Blli-

566 5127 752 5182 licasse
777 5141 974 5196 corpus
1008 5125 1293 5179 humanum
1321 5165 1336 5189 ,
1377 5135 1436 5183 et
1483 5126 1638 5190 huic.
1693 5137 1940 5197 tanquam
1981 5131 2138 5198 capiti

565 5218 799 5271 membra
823 5259 837 5280 ,
867 5217 1158 5272 Ecclesiatn
1179 5216 1517 5285 subjunxisse
1541 5259 1555 5282 ,
1581 5227 1872 5288 martyrum
1899 5218 2137 5275 victimas

561 5308 867 5363 immolasse
889 5351 906 5374 ,
937 5323 1174 5364 Inclusam
1207 5307 1259 5361 in
1290 5307 1413 5362 vino
1439 5315 1489 5360 et
1517 5307 1738 5376 panibus
1761 5323 2094 5380 praeparasse
2118 5352 2133 5376 ,

562 5398 650 5452 ubi
697 5411 915 5468 apparet
959 5401 1116 5454 etiam
1169 5399 1520 5453 sacerdotium
1557 5399 1848 5453 secundmn
1894 5401 2134 5455 ordinem

560 5483 941 5546 Melchisedech
962 5487 995 5558 ',_
1013 5491 1323 5561 insipientes
1361 5500 1414 5544 ct
1455 5491 1639 5560 inepcs
1680 5505 1849 5559 sensu,
1876 5507 2132 5566 vocasse;

560 5581 683 5652 quia
709 5623 726 5650 ,
775 5583 909 5638 sicut
953 5573 1083 5639 dicit
1125 5584 1409 5651 Apostolus
1435 5623 1452 5648 ,
1495 5582 1701 5638 inﬁrma
1750 5584 1906 5651 hujus
1950 5585 2133 5640 mundi

557 5669 754 5744 elegit,
788 5683 843 5728 ut
868 5672 1216 5728 confunderet
1253 5673 1407 5727 fortia
1451 5676 1466 5740 (
1497 5672 1652 5726 lCor.
1684 5689 1736 5738 ι,
1769 5673 1836 5727 27
1865 5675 1902 5743 ).
1933 5675 2134 5741 Quibus

554 5783 734 5831 tamen
766 5770 986 5826 inlimis
1014 5767 1152 5838 quod
1183 5767 1420 5836 sequitur
1447 5765 1576 5820 dicit
1603 5783 1614 5817 :
1644 5749 1984 5836 Derclinrjuite
2009 5767 2132 5821 insi-

557 5869 776 5943 pentiam
804 5909 819 5935 ,
847 5874 903 5920 ut
930 5862 1106 5934 vivatis
1128 5875 1149 5926 ,°
1168 5869 1214 5915 et
1231 5859 1437 5931 quarite
1474 5860 1793 5914 prudentiam
1817 5901 1832 5928 ,
1861 5869 1916 5914 ut
1938 5861 2126 5915 habea-

1631 395 1716 449 DE
1739 353 2071 447 ’é'tVl'rA‘r'E
2111 354 2245 449 uti”,
2273 379 2330 437 s.
2372 361 2736 441 AUGUS‘HNI

2246 500 2308 555 tis
2333 492 2484 556 vitarit
2511 501 2530 572 (
2558 491 2713 556 Prou.
2734 497 2797 557 ἰὶ
2817 543 2829 566 ,
2851 493 2894 555 ’8
2975 497 3300 569 Ῥὲιιοῑῑᾱρθιη
3323 487 3506 554 autem
3531 496 3645 552 ﬁeri
3673 509 3828 553 men-

2243 586 2317 650 se
2342 586 2518 662 unus;
2568 579 2740 663 ipsum
2768 588 2850 648 est
2868 583 3107 661 incipere
3136 590 3334 646 habere
3361 585 3543 646 vitam.
3590 589 3724 645 Nam
3772 600 3828 644 et

2244 677 2298 742 in
2328 687 2433 742 alio
2459 681 2597 741 lib'ro
2623 729 2638 754 ,
2667 679 2754 756 qui
2786 687 3003 740 vocatur
3021 669 3411 750 Ecclesiastes,
3433 684 3529 739 ‘ub‘t
3559 684 3632 738 ait
3656 727 3672 751 ,
3702 681 3826 737 Non

2243 789 2314 835 est
2339 779 2524 834 bonum
2547 780 2738 834 homini
2761 820 2778 846 ,
2801 780 2898 833 nisi
2924 778 3057 848 quod
3075 765 3403 831 'manduca'bi't
3437 778 3490 831 'e't
3529 776 3699 846 bib'ét‘(
3725 775 3828 830 Ec-

2244 869 2337 927 cle.
2381 870 2474 925 'v'nt
2499 913 2513 937 ,
2566 870 2633 926 15
2660 870 2701 941 )ξ
2737 869 2861 942 Quid
2912 869 3217 925 credibilius
3257 869 3434 925 dicere
3473 857 3784 940 in'tclligitui‘
3809 912 3825 936 ,

2244 949 2401 1034 quam
2420 953 2567 1034 quod
2591 957 2661 1018 ad
2691 945 3146 1034 partidiph'tit'in’c'in
3170 953 3368 1018 in'enste
3383 963 3546 1033 hitth
3569 963 3824 1034 minet,

2244 1051 2401 1128 quam
2431 1053 2680 1114 sacerdos
2709 1057 2825 1128 ipse
2849 1053 3107 1112 Medi'atOr
3137 1055 3460 1113 TeStan‘teh'ti
3505 1058 3627 1112 novi
3676 1058 3830 1113 exhi-

2245 1139 2333 1208 ιῖρί
2359 1145 2647 1208 secundum
2694 1149 2937 1208 ordinem
2973 1145 3361 1207 Melchisedech
3403 1152 3469 1207 de
3501 1150 3736 1221 rcorpore
3773 1161 3830 1208 et

2243 1233 2497 1315 sanguine
2523 1247 2666 1300 suo?
2692 1239 2746 1300 Id
2772 1246 2911 1300 enim
2949 1241 3265 1301 sacriﬁcium
3297 1227 3553 1301 succisssit
3577 1233 3830 1301 omnibus

2244 1331 2346 1390 illis
2374 1327 2647 1390 sacriﬁciis
2671 1333 2866 1390 vete'ris
2895 1333 3216 1390 Testam'enti
3241 1345 3263 1403 ',
3311 1337 3429 1405 quae
3464 1336 3830 1392 immolaban-

2246 1437 2330 1483 tur
2359 1429 2409 1483 in
2433 1423 2623 1484 umbra
2651 1427 2810 1484 futuri
2840 1450 2851 1484 :
2881 1439 3097 1499 propter
3122 1430 3261 1499 Quod
3286 1431 3442 1485 etiam
3468 1435 3651 1486 vacem
3682 1427 3829 1485 illam

2243 1511 2298 1576 ᾗ]
2325 1505 2537 1577 1³831ῐῇςο
2563 1514 2829 1578 tricesimo
2853 1521 2908 1577 'e't
2932 1525 3072 1578 nono
3096 1517 3336 1593 ejusdem
3379 1521 3684 1579 Mediatoris
3732 1537 3833 1593 per

2245 1607 2578 1684 prOphe'tiam
2627 1609 2891 1682 loquentis
2945 1613 3280 1685 agnoscimus
3326 1635 3340 1670 :
3400 1613 3726 1685 Sacrificium
3777 1623 3832 1671 'et

2221 1697 2544 1760 oblationem
2562 1698 2772 1760 noluisti
2787 1749 2800 1774 ,
2824 1701 3007 1775 corpus
3027 1701 3192 1760 autem
3215 1706 3466 1778 perfecis'ti
3491 1707 3614 1761 mihi
3640 1711 3656 1776 (
3679 1706 3826 1762 Psal.

2243 1794 2412 1851 χχχιχ
2439 1788 2458 1861 τ,
2618 1788 2750 1866 Quia
2781 1799 2879 1868 pro
2907 1797 3010 1853 illis
3038 1797 3285 1854 omnibus
3304 1795 3576 1854 sacr'iticiis
3604 1809 3658 1854 et
3677 1799 3831 1854 obla-

2246 1885 2478 1944 tionibus
2501 1875 2699 1960 "corpus
2728 1885 2842 1960 ejus
2870 1884 3090 1945 oﬂ‘erttir
3116 1933 3131 1958 ,
3164 1901 3218 1946 et
3251 1890 3698 1961 'participantibus
3728 1891 3829 1944 mi-

2246 1979 2517 2038 nistratur.
2549 1977 2681 2038 Nam
2709 1981 2868 2040 istum
2901 1979 3280 2040 Ecclesiasten":
3328 1985 3380 2039 in
3424 1981 3525 2039 hac
3566 1974 3830 2040 sententia

2243 2069 2596 2132 manducandi
2622 2087 2676 2131 et
2716 2069 2930 2131 bibendi
2956 2119 2970 2141 ,
3001 2069 3167 2146 'q'ua'm
3198 2071 3351 2146 's'aelpe
3386 2077 3611 2146 repetit,
3661 2077 3830 2147 pluri-

2244 2151 2509 2244 m'u'm'que
2547 2157 2924 2230 commc'ndat',
2973 2163 3082 2223 'n'o'n
3135 2181 3324 2238 sapere
3367 2163 3596 2224 carnalis
3644 2170 3830 2238 epulas

2246 2251 2537 2332 'volu'ptatis
2565 2302 2578 2325 ,
2607 2251 2901 2316 satisillud
2928 2245 3196 2328 ostendit,
3248 2260 3337 2316 ubi
3377 2259 3488 2326 ait,
3531 2261 3719 2316 Melius
3760 2275 3831 2317 est

2243 2350 2317 2405 ire
2339 2340 2397 2404 in
2419 2338 2627 2404 domum
2666 2349 2863 2414 "luctus,
2914 2337 3064 2422 quam
3104 2351 3179 2405 ire
3217 2351 3268 2405 in
3313 2343 3517 2405 domum
3546 2362 3693 2423 potus
3721 2369 3740 2406 :
3781 2360 3832 2408 et

2242 2430 2402 2513 paulo
2427 2441 2550 2514 post
2573 2487 2588 2511 ,
2617 2443 2716 2499 Cor
2740 2487 2754 2510 ,
2787 2439 2959 2513 inquit
2982 2487 2997 2512 ,
3025 2443 3328 2522 sapientium
3356 2445 3409 2499 in
3440 2446 3592 2522 domo
3621 2447 3791 2501 luctus
3813 2487 3829 2514 ,

2245 2550 2290 2594 et
2312 2531 2407 2616 ‘cor
2434 2541 2778 2607 insipientium
2809 2537 2860 2595 in
2887 2537 3036 2594 domo
3054 2539 3332 2610 epularum
3359 2542 3375 2610 (
3403 2519 3718 2607 'Eccle..S’tt‘,
3753 2541 3790 2598 5
3813 2583 3828 2609 ,

2383 2617 2491 2686 Sed
2543 2634 2668 2686 illud
2709 2624 2874 2702 magis
2912 2625 3434 2688 commemorandum
3474 2635 3725 2690 existimo
3763 2619 3832 2691 de

2239 2721 2349 2779 hoc
2387 2713 2564 2792 libro,
2605 2717 2750 2796 quod
2794 2713 3021 2794 pertinet
3063 2719 3132 2780 ad
3171 2705 3410 2781 civitates
3452 2725 3622 2792 duas',
3665 2711 3831 2782 imam

2246 2811 2443 2871 diaboli
2474 2860 2487 2881 ,
2526 2817 2744 2872 alteram
2769 2810 2962 2872 Christi
2991 2861 3004 2883 ,
3043 2807 3104 2874 et
3145 2835 3327 2873 earum
3366 2805 3520 2890 reges
3559 2806 3831 2878 diabblum

2248 2919 2300 2963 et
2327 2895 2600 2963 Christum
2635 2928 2649 2966 :
2687 2899 2775 2964 Va:
2795 2903 2887 2964 tibi
2907 2911 2926 2975 ',
2959 2909 3092 2964 terra
3117 2951 3131 2973 ,
3155 2905 3368 2981 inquit,
3398 2912 3543 2982 cujus
3571 2929 3665 2967 rea:
3704 2914 3832 2968 ado-

2249 3000 2473 3067 lescens,
2525 3011 2570 3054 et
2616 3002 2865 3072 principes
2915 3002 2986 3054 tui
3033 3001 3178 3054 mane
3213 3001 3508 3056 "comedunt.
3541 3003 3704 3058 Beata
3735 3007 3830 3070 'tu',

2239 3081 2416 3170 terra,
2449 3094 2596 3162 cujus
2622 3109 2711 3147 rex
2752 3103 2864 3148 tuus
2893 3085 3038 3162 ‘ﬁlitis
3076 3095 3443 3165 ingenuorum,
3495 3105 3543 3150 et
3572 3093 3831 3170 principes

2248 3186 2320 3235 tui
2340 3181 2398 3237 in
2420 3185 2640 3254 tempore
2672 3183 2934 3239 comedunt
2959 3181 2973 3253 ,
3000 3184 3050 3239 in
3065 3187 3369 3254 fortitudine
3391 3229 3405 3254 ,
3439 3195 3485 3241 et
3512 3203 3613 3241 non
3636 3191 3691 3242 in
3716 3203 3834 3243 con-

2239 3265 2448 3345 Tu'si'o'it'e
2479 3277 2497 3349 (
2525 3277 2610 3331 Id.
2639 3272 2694 3346 it,
2723 3279 2790 3335 {6
2805 3289 2849 3333 et
2879 3279 3012 3351 l7).
3047 3271 3457 3335 'Adol'e's'ce'ntem
3487 3280 3620 3336 dixit
3649 3281 3836 3338 diabo-

2239 3357 2356 3426 lbm
2380 3363 2395 3438 ζ
2417 3365 2642 3442 propter
2671 3361 2990 3440 stultitiam,
3019 3368 3072 3427 et
3096 3373 3397 3442 superbiam
3425 3416 3440 3440 ,
3474 3373 3526 3428 et
3551 3357 3834 3430 temerita—

2237 3449 2400 3550 i'ten'r“,
2433 3462 2486 3520 et
2531 3465 2878 3553 petulantiam
2900 3465 2925 3546 ἠ
2971 3460 3276 3540 'cact'craque'
3325 3465 3490 3532 vitia,
3539 3479 3659 3536 quae
3714 3461 3838 3522 huic

2232 3540 2390 3611 "citati
2422 3540 2656 3613 assolent
2684 3543 2996 3614 abundare
3026 3545 3295 3613 Christum
3323 3567 3501 3614 antem
3535 3557 3707 3615 lilium
3747 3561 3839 3616 in-

2235 3633 2542 3722 'gebuonim
2569 3694 2583 3718 ,
2611 3645 2917 3732 Sanctorum
2945 3645 3143 3707 Scilicet
3165 3641 3600 3708 Patriarcharum
3623 3695 3640 3719 ,
3665 3653 3842 3724 'perti-

2245 3733 2485 3818 nentium
2516 3743 2580 3798 ad
2608 3745 2828 3822 liberam
2858 3743 3126 3799 civitatem
3153 3787 3167 3812 ,
3189 3761 3253 3800 ex
3276 3745 3467 3815 quibus
3496 3755 3576 3801 est
3600 3745 3656 3800 in
3677 3760 3844 3802 carne

2247 3823 2584 3916 progenitus.
2607 3829 2887 3910 Principes
2907 3831 3053 3890 illius
3078 3835 3303 3916 civitatis
3330 3825 3486 3891 mane
3511 3833 3843 3892 manducan-

2251 3938 2331 3984 tes
2354 3971 2369 3995 ,
2391 3907 2449 3984 ’ἱᾶ
2481 3939 2564 3983 est
2591 3923 2713 3983 ante
2745 3931 2927 3982 horam
2960 3907 3245 3998 congruam
3266 3927 3285 3994 ⁵;
3333 3929 3454 3999 quia
3494 3944 3598 3984 non
3642 3927 3842 3998 exspe-

2249 4030 2397 4074 ctant
2421 4031 2771 4090 opportunam
2796 4063 2811 4084 ,
2845 4037 2963 4090 quze
3010 4037 3135 4076 vera
3175 4031 3295 4088 est,
3328 4021 3381 4076 in
3423 4022 3597 4077 futuro
3636 4015 3846 4078 secuto

2242 4112 2586 4177 felicitatem;
2622 4113 2935 4170 festinanter
2965 4111 3107 4170 beari
3136 4115 3296 4185 hujus
3319 4117 3506 4170 Steculi
3523 4116 3846 4172 celebritate

2249 4205 2522 4274 cupientes
2550 4207 2586 4258 ⁵.
2633 4205 2906 4274 Principes
2930 4214 3106 4261 autem
3136 4207 3366 4261 civitatis
3394 4203 3587 4260 Chri‘sti
3623 4217 3847 4276 tempus

2249 4313 2355 4351 non
2403 4297 2607 4368 fallacis
2651 4299 2990 4354 beatitudinis
3036 4301 3298 4368 patienter
3344 4307 3682 4371 exspectant.
3725 4299 3848 4353 Hoc

2248 4390 2360 4453 ait,
2387 4391 2441 4444 in
2467 4392 2764 4462 fortitudine
2783 4433 2798 4456 ,
2823 4405 2868 4445 et
2895 4408 2994 4446 non
3016 4393 3068 4445 in
3096 4393 3391 4462 confusione
3416 4409 3434 4446 :
3461 4392 3580 4461 quia
3608 4408 3718 4445 non
3747 4407 3850 4448 eos

2249 4481 2387 4538 fallit
2411 4499 2571 4553 spes;
2603 4484 2686 4540 de,
2711 4498 2814 4553 qua
2839 4482 2964 4538 dicit
3007 4483 3334 4553 Apostolus,
3378 4483 3507 4552 Spes
3536 4493 3708 4542 autem
3739 4500 3848 4544 non

2250 4577 2514 4646 confundit
2559 4575 2753 4645 (Rom.
2793 4592 2846 4641 ν,
2887 4576 2920 4630 5
2945 4575 2985 4646 ).
3014 4575 3155 4630 Dicit
3203 4585 3257 4630 et
3299 4575 3542 4630 Psalmus
3567 4617 3581 4638 ,
3631 4575 3852 4628 Etenim

2248 4670 2335 4739 qui
2361 4672 2380 4700 ¹
2411 4678 2458 4722 te
2474 4677 2764 4738 exspectant
2788 4708 2802 4733 ,
2827 4685 2927 4722 non
2951 4667 3361 4738 confundantur(
3387 4666 3533 4721 Psal.
3557 4683 3705 4732 xxiv,
3742 4668 3782 4720 5
3806 4669 3851 4738 ).

2248 4760 2368 4816 Jam
2397 4776 2528 4815 vero
2561 4760 2835 4815 Canticum
2879 4762 3209 4831 canticorum
3253 4760 3546 4840 spiritualis
3585 4763 3853 4828 quaedam

2249 4859 2551 4906 sanctarum
2583 4861 2664 4906 est
2691 4853 2931 4919 voluptas
2969 4852 3224 4908 mentium
3250 4893 3264 4916 ,
3311 4852 3362 4906 in
3400 4851 3650 4920 conjugio
3689 4851 3856 4907 illius

2249 4944 2408 5013 Regis
2435 4955 2488 4999 et
2517 4945 2713 5014 regina:
2741 4945 3006 5011 civitatis,
3035 4946 3182 5016 quod
3201 4956 3281 5004 est
3301 4945 3544 5007 Christus
3567 4955 3623 5000 et
3649 4947 3856 5008 Eccle—

2249 5036 2345 5089 sia.
2384 5036 2488 5091 Sed
2517 5037 2631 5090 htec
2659 5037 2902 5105 voluptas
2927 5038 3573 5107 allegoricistegminibus
3592 5039 3857 5106 invpluta

2248 5140 2328 5185 est
2354 5171 2367 5192 ,
2393 5141 2448 5200 ut
2467 5130 2797 5185 desideretur
2817 5131 3090 5190 ardentius
3114 5171 3128 5194 ,
3149 5130 3485 5206 nudaturque
3491 5130 3816 5200 jucundius
3832 5171 3855 5200 ,

2247 5233 2300 5278 et
2325 5231 2576 5292 appareat
2603 5237 2831 5291 sponsus
2856 5263 2872 5288 ,
2904 5223 2986 5282 cui
3024 5221 3219 5287 dicitur
3253 5221 3305 5288 in
3347 5221 3534 5276 eodem
3566 5218 3813 5282 cantico
3839 5267 3858 5289 ,

2246 5315 2486 5384 /Equitas
2515 5315 2686 5368 dilexit
2713 5323 2759 5368 te
2785 5314 2801 5384 (
2823 5314 3020 5370 Cantic.
3048 5329 3064 5366 ι
3093 5355 3108 5379 ,
3139 5315 3174 5370 5
3194 5313 3237 5384 );
3273 5323 3327 5367 et
3363 5327 3557 5382 sponsa
3593 5329 3730 5383 qua:
3780 5317 3865 5374 ibi

2244 5407 2426 5470 audit,
2456 5405 2689 5461 Charitas
2717 5407 2769 5459 in
2799 5405 2992 5466 deliciis
3018 5406 3115 5458 tuis
3161 5403 3288 5476 (Id.
3317 5418 3391 5458 vu
3414 5403 3492 5474 ,6
3601 5403 3813 5460 Tacita
3840 5406 3865 5438 ³

2247 5500 2406 5554 multa
2437 5498 2722 5552 transimus
2743 5538 2760 5564 ,
2792 5513 2919 5551 cura
2952 5496 3106 5566 hujus
3131 5497 3311 5566 operis
3339 5495 3685 5551 lerminandi.

2405 5647 2442 5657 ---
2504 5631 2565 5660 ’.Ι
2687 5633 2754 5660 μυί
2798 5639 2860 5660 ’-¹.
2911 5649 2914 5654 -
2956 5653 2962 5660 .
3005 5631 3057 5660 1‘."
3185 5643 3200 5650 ‘-

2304 5678 2322 5746 ξ
2357 5631 2671 5746 Plures
2697 5658 2936 5745 celeritate
3255 5709 3260 5716 .
3336 5732 3346 5743 ,
3557 5701 3682 5746 [χιιι

2289 5741 2324 5778 μ’
2357 5746 2486 5800 Lov.,
2508 5737 2691 5790 Etenim
2714 5737 2923 5787 universi
2959 5737 3057 5798 qui.
3079 5737 3228 5788 Abest
3260 5737 3471 5785 wsiversi
3489 5745 3518 5783 a
3549 5737 3774 5788 caeteris
3800 5739 3876 5789 li-

2235 5802 2354 5856 his.

2303 5868 2324 5901 ³
2355 5874 2420 5917 tta
2443 5874 2545 5915 Mss.
2568 5872 2621 5914 At
2644 5863 2778 5924 editi,
2811 5861 2982 5914 Tacite.
