4062 6500
549 312 654 368 559

546 442 693 498 vam,
734 435 791 484 et
832 427 1005 498 ipsum
1049 424 1305 479 Joannem
1357 419 1702 475 novissimum
1735 438 1749 474 :
1777 420 1865 491 qui
1892 419 2122 491 juvenis,

544 520 655 591 jam
692 520 940 591 juvenem
981 516 1274 577 Christum,
1316 524 1424 569 non
1463 511 1677 582 quidem
1723 512 1956 568 futurum
2006 528 2138 583 prte-

550 614 705 680 dixit,
752 614 846 669 sed
893 620 1068 666 tamen
1113 608 1441 679 incognitum
1492 606 1800 676 prophetica
1829 607 2135 677 cognitione

547 706 867 764 monstravit
904 712 1167 775 :propter
1190 701 1332 772 quod
1361 702 1474 771 ipse
1502 701 1758 756 Dominus
1795 700 1891 765 ait,
1937 699 2046 753 Lex
2090 708 2138 754 et

548 798 822 869 Pr0phette
842 812 1000 866 usque
1018 794 1087 847 ad
1112 793 1363 847 Joannem
1391 789 1602 865 (Matth.
1631 808 1709 858 ιι,
1742 792 1852 861 l5).
1880 790 1988 847 Sed
2016 791 2137 845 isto-

548 904 665 943 rum
692 886 925 957 quinque
942 884 1277 955 prophetatio
1303 900 1368 939 ex
1396 882 1683 953 Evangelio
1711 881 1864 935 nobis
1889 890 2010 935 nota
2029 891 2132 937 est:

547 979 637 1034 ubi
668 986 723 1034 et
749 978 861 1048 ipsa
889 976 1052 1046 Virgo
1083 988 1253 1030 mater
1280 975 1487 1031 Domini
1530 983 1654 1028 ante
1698 974 1956 1028 Joannem
2003 989 2132 1044 pro-

548 1070 800 1141 phetasse
828 1069 1095 1125 invenitur
1121 1068 1278 1141 (Luc.
1310 1085 1349 1136 ι,
1377 1068 1592 1139 46-55).
1617 1066 1723 1121 Sed
1746 1067 1881 1123 hanc
1909 1067 2130 1123 istorum

542 1161 878 1233 prophetiam
902 1160 1071 1217 Judaei
1102 1160 1317 1232 reprobi
1338 1175 1441 1214 non
1472 1160 1737 1229 accipiunt
1768 1178 1780 1213 :
1812 1170 2133 1231 acceperunt

546 1263 748 1320 autem,
779 1253 869 1323 qui
899 1268 966 1308 ex
994 1252 1074 1307 eis
1101 1252 1514 1307 innumerabiles
1556 1252 1843 1323 Evangelio
1884 1253 2130 1310 credide-

544 1355 688 1401 runt.
714 1346 864 1401 Tunc
888 1346 1031 1401 enim
1062 1362 1187 1402 vere
1214 1344 1377 1401 Israel
1404 1346 1603 1401 divisus
1630 1356 1712 1403 est
1749 1348 1799 1401 in
1835 1347 1963 1414 duo,
1992 1348 2128 1404 divi-

546 1439 698 1495 sione
724 1438 836 1503 illa,
867 1454 986 1509 quae
1016 1454 1108 1509 per
1147 1438 1449 1494 Samuclem
1494 1439 1803 1510 prophetam
1843 1440 1986 1497 Sat'tli
2017 1442 2127 1513 regi

1629 303 1715 359 DE
1752 300 2074 359 CIVITATE
2114 297 2250 370 DEI,
2288 298 2345 356 S.
2384 300 2749 389 AUGUS’IZINI

3723 314 3835 371 560

2246 424 2327 472 est
2371 416 2719 473 immutabilis
2765 419 3136 488 prtenuntiata.
3180 418 3492 478 Malachiam
3532 439 3686 494 vero,
3726 428 3838 497 Ag-

2240 525 2439 581 gaeum.
2473 509 2808 580 Zachariam,
2836 521 2891 568 et
2913 513 3154 578 Esdram,
3197 516 3357 571 etiam
3401 517 3571 574 Judaei
3617 523 3835 591 reprobi

2243 603 2296 657 in
2340 604 2709 660 auctoritatem
2752 606 3062 663 canonicam
3092 619 3339 680 receptos
3381 613 3702 671 novissimos
3739 615 3839 672 ha-

2247 694 2396 751 bent.
2429 696 2563 753 Sunt
2588 699 2727 754 enim
2754 709 2809 755 et
2838 701 3032 772 scripta
3062 718 3269 772 eorum,
3299 706 3436 762 sicut
3459 707 3710 779 aliorum,
3741 711 3836 783 qui

2242 785 2295 841 in
2320 803 2509 858 magna
2536 791 2873 848 multitudine
2895 793 3277 864 Prophetarum
3299 798 3316 830 ⁸
3337 802 3591 871 perpauci
3616 818 3680 858 ea
3697 805 3836 860 scri—

2242 890 2498 949 pserunt,
2541 898 2661 952 quae
2701 886 3073 942 auctoritatem
3117 890 3338 945 canonis
3377 891 3700 951 obtinerent.
3757 896 3835 953 De

2240 988 2465 1042 quorum
2496 975 2787 1045 prmdictis,
2834 994 2953 1049 qua:
2994 980 3061 1035 ad
3104 980 3377 1039 Christum
3426 985 3835 1059 Ecclesiamqne

2239 1064 2356 1134 ejus
2409 1068 2708 1136 pertinent,
2756 1071 3009 1126 nonnulla
3055 1073 3187 1130 mihi
3229 1075 3280 1131 in
3329 1076 3431 1132 hoc
3473 1094 3635 1148 opere
3675 1081 3834 1137 video

2240 1170 2363 1211 esse
2392 1160 2633 1226 ponenda
2675 1178 2689 1214 :
2731 1162 2873 1233 quod
2903 1166 3236 1221 commodius
3266 1168 3376 1238 ﬁet,
3407 1171 3694 1240 adjuvante
3729 1174 3834 1228 Do-

2201 1329 2205 1333 _
2237 1251 2403 1316 mino,
2435 1257 2679 1324 sequenti
2701 1257 2869 1326 libro;
2914 1276 2983 1315 ne
3010 1261 3152 1319 hunc
3176 1271 3283 1320 tam
3310 1266 3574 1336 prolixum
3604 1270 3831 1325 ulterius

2236 1356 2547 1400 oneremus.

2300 1457 2319 1489 ι
2353 1459 2427 1510 Sic
2444 1468 2550 1511 Mss.
2574 1461 2694 1514 Editi
2716 1477 2853 1526 vero,
2872 1467 3237 1532 prophetmmt.

1805 1577 3811 1622 -Ἇ-ῂ-ξ-ἠ

1059 1672 1537 1780 LIBER
1610 1673 2309 1788 DECIMUS
2386 1686 3118 1806 OCTAVUS
3163 1697 3281 1809 (α).

541 1858 661 1909 Dicit
681 1855 746 1906 de
768 1861 982 1905 terrenae
1003 1856 1212 1905 civitatis
1235 1870 1262 1904 a
1284 1857 1758 1929 temporesbraham
1790 1858 1849 1908 ad
1872 1859 2038 1908 mundi
2080 1859 2227 1934 ﬁnem
2259 1877 2491 1926 procursu
2513 1883 2622 1922 cum
2650 1875 2750 1938 ipsa
2775 1877 2972 1929 civitate
2993 1881 3182 1932 caelesti
3206 1896 3221 1933 :
3248 1890 3300 1935 et
3318 1887 3511 1952 attingit
3532 1892 3727 1943 oracula
3762 1895 3825 1944 do

599 1918 781 1952 ριινίριη
823 1930 931 1952 mm
952 1916 1229 1952 ςίὶινιιςιι-ιιηι
1276 1925 1378 1952 tum
1402 1931 1612 1952 mnu-imo
1633 1931 1875 1952 mam
1893 1927 2056 1952 ναι-πη
2092 1935 2173 1952 mn
2189 1926 2249 1952 oh
2269 1931 2410 1952 ..ιη-..ε
2436 1937 2601 1952 n-___
2617 1948 2693 1952 μη
2904 1941 2931 1952 ..
3071 1950 3076 1952 ,

823 1916 1381 2019 ausaausa?
1394 1916 1613 1969 ωειίωθ
1631 1931 1877 1970 mum
1893 1927 2078 1983 νθιιιωτ
2091 1916 2412 1992 quiab'resm

598 1980 820 2041 licitere,
846 1986 900 2029 et
917 1980 1343 2043 subsequentium.

1981 2094 2364 2113 ,ἦ

539 2187 765 2256 ΖΑΡΠΤ
804 2190 1285 2249 PRIMUM.—De
1321 2192 1399 2245 his
1445 2207 1558 2261 quae
1593 2208 1749 2262 usque
1790 2194 1858 2248 ad
1900 2205 2125 2267 tempora

613 2284 905 2341 Saluatoris
950 2284 1120 2338 decem
1158 2293 1204 2338 et
1257 2293 1446 2354 septem
1488 2285 1825 2341 voluminibus
1868 2286 2125 2359 disputata

602 2386 741 2431 sunt.

607 2493 681 2547 De
705 2492 977 2547 civitatum
1004 2490 1249 2558 duarum,
1282 2507 1507 2563 quarum
1536 2493 1630 2549 Dei
1658 2510 1782 2559 una,
1811 2498 1991 2554 saeculi
2027 2498 2122 2555 hu-

530 2584 617 2655 jus
640 2593 724 2640 est
752 2584 936 2651 altera,
968 2585 1021 2639 in
1046 2600 1149 2656 qua
1172 2600 1313 2640 nunc
1333 2595 1435 2652 est,
1463 2597 1718 2657 quantum
1748 2589 1814 2644 ad
1841 2591 2116 2648 hominum

530 2695 699 2749 genus
737 2679 986 2749 pertinet,
1028 2680 1186 2735 etiam
1216 2680 1315 2734 ista
1344 2682 1644 2752 peregrina,
1684 2693 1873 2739 exortu
1902 2694 1955 2740 et
1995 2702 2120 2756 pro-

531 2786 687 2828 cursu
707 2772 725 2803 ι
754 2780 811 2827 et
835 2771 1028 2827 debitis
1049 2771 1242 2827 finibus
1273 2788 1358 2828 me
1387 2774 1708 2844 scripturum
1730 2790 1846 2830 esse
1868 2778 2120 2847 promisi:

532 2880 653 2921 cum
684 2866 829 2937 prius
860 2866 1105 2921 inimicos
1151 2866 1387 2921 civitatis
1431 2867 1546 2931 Dei,
1580 2868 1670 2937 qui
1699 2868 1961 2924 conditori
2006 2869 2123 2941 ejus

532 2957 749 3012 Christo
774 2957 905 3012 deos
943 2972 1069 3012 suos
1096 2956 1408 3029 praeierunt,
1441 2963 1497 3011 et
1521 2957 1688 3014 livore
1718 2958 1819 3013 sibi
1846 2961 2120 3029 pernicio-

476 3032 477 3035 η
530 3050 743 3105 sissimo
778 3050 1030 3105 atrociter
1060 3049 1303 3106 invident
1348 3047 1685 3119 Christianis,
1730 3060 1987 3122 quantum
2033 3068 2120 3109 me

532 3141 806 3210 adjuvaret
831 3141 948 3212 ejus
971 3141 1161 3212 gratia,
1188 3140 1539 3208 refellissem;
1579 3142 1722 3213 quod
1761 3144 2120 3200 voluminibus

530 3234 717 3290 decem
750 3233 1015 3304 prioribus
1041 3233 1163 3289 feci.
1195 3233 1269 3288 De
1301 3233 1399 3288 hac
1425 3248 1554 3289 vero
1590 3249 1734 3301 mea,
1772 3250 1931 3305 quam
1961 3235 2121 3291 modo

529 3328 962 3393 commemoravi,
995 3328 1255 3399 tripartita
1290 3329 1662 3398 promissione,
1691 3325 1994 3385 decimumIl
2028 3347 2119 3388 se-

529 3421 812 3489 quentibus
840 3429 1067 3491 quatuor
1093 3420 1241 3474 libris
1266 3421 1542 3476 amharnm
1570 3429 1654 3477 est
1679 3420 1919 3494 digestus
1956 3438 2121 3480 exor-

533 3521 648 3572 tus:
678 3513 874 3569 deinde
903 3528 1191 3583 procursus
1217 3514 1284 3569 ab
1314 3513 1527 3569 homine
1549 3515 1724 3586 primo
1752 3532 1920 3587 usque
1943 3517 2011 3572 ad
2037 3517 2119 3573 di-

532 3607 729 3661 luvium
760 3606 897 3661 lier
919 3622 1048 3674 uno,
1071 3607 1159 3678 qui
1197 3615 1279 3661 est
1309 3606 1465 3677 hujus
1504 3608 1683 3678 operis
1725 3610 1940 3680 quintus
1969 3608 2118 3666 deci-

531 3713 678 3763 mus;
706 3708 863 3769 atque
876 3698 999 3753 inde
1015 3713 1185 3768 usque
1209 3698 1274 3752 ad
1294 3697 1558 3753 Abraham
1584 3714 1772 3755 rursus
1797 3701 1988 3767 ambte,
2013 3701 2119 3758 sic-

532 3798 589 3844 ut
627 3790 681 3843 in
730 3790 1077 3860 temporibus,
1124 3791 1194 3845 ita
1237 3800 1291 3846 et
1328 3791 1379 3844 in
1424 3792 1620 3847 nostris
1648 3792 1839 3848 litteris
1864 3808 2117 3850 cucurre-

532 3889 676 3936 runt.
709 3879 814 3937 Sed
844 3896 874 3935 a
903 3891 1051 3951 patre
1079 3882 1349 3936 Abraham
1383 3898 1550 3953 usque
1576 3883 1641 3937 ad
1673 3883 1880 3956 Regum
1908 3894 2119 3956 tempus

531 3973 907 4037 Israelitarum,
937 3974 1023 4029 ubi
1053 3984 1258 4030 sextum
1301 3976 1563 4029 decimum
1605 3977 1854 4033 volumen
1881 3978 2110 4033 absolvi-

532 4083 671 4133 mus,
701 4075 756 4123 et
780 4068 904 4122 inde
931 4083 1098 4137 usque
1123 4068 1187 4121 ad
1217 4067 1382 4137 ipsius
1419 4069 1473 4122 in
1512 4083 1672 4125 carne
1699 4069 1991 4125 Salvatoris
2017 4071 2117 4125 ad-

534 4168 774 4222 ventum,
802 4174 1079 4229 qnonsque
1109 4160 1349 4215 decimus
1378 4162 1636 4230 septimus
1682 4162 1815 4217 liber
1860 4162 2113 4231 tenditur,

533 4253 647 4308 sola
666 4251 878 4307 videtur
907 4253 958 4305 in
986 4251 1145 4307 men'
1173 4252 1296 4306 stilo
1325 4254 1624 4308 cucurrisse
1643 4252 1736 4309 Dei
1753 4255 1940 4308 civitas
1964 4270 2116 4310 :cum

532 4344 588 4400 ln
614 4342 717 4399 hoc
740 4343 936 4398 sarculo
965 4358 1068 4397 non
1101 4343 1211 4399 sola
1241 4345 1557 4410 cucurrerit,
1598 4345 1690 4401 sed
1735 4346 1906 4402 ambae
1935 4348 2116 4418 utique

532 4437 586 4493 in
613 4451 811 4509 genere
834 4435 1088 4502 humano,
1117 4438 1251 4492 sicut
1282 4436 1349 4491 ab
1376 4436 1526 4493 initio
1544 4438 1723 4506 simul,
1743 4455 1841 4494 suo
1858 4456 2114 4510 procursu

533 4539 772 4601 tempora
802 4530 1147 4587 variaverint.
1192 4530 1390 4586 Verum
1421 4532 1523 4587 hoc
1564 4532 1683 4589 ideo
1713 4533 1832 4597 feci,
1864 4544 1920 4588 ut
1948 4536 2131 4605 prius,

531 4638 601 4679 ex
637 4637 744 4693 quo
779 4622 1073 4692 apertiores
1105 4623 1195 4678 Dei
1229 4622 1607 4692 promissiones
1650 4639 1771 4679 esse
1812 4635 2111 4695 cmpernnt,

534 4729 704 4785 usque
725 4713 792 4769 ad
813 4715 929 4783 ejus
953 4728 1020 4769 ex
1046 4714 1260 4784 Virgine
1283 4714 1631 4780 nativitatem,
1657 4715 1709 4767 in
1736 4730 1842 4785 quo
1859 4714 1880 4747 δ
1909 4716 2116 4771 fuerant

530 4797 652 4879 quae
680 4809 851 4878 primo
879 4807 1323 4878 promittebantur
1348 4806 1635 4877 implenda,
1668 4807 1782 4862 sine
1811 4808 2115 4878 interpella-

536 4900 681 4955 tione
722 4916 751 4953 a
806 4900 1076 4955 contrario
1101 4899 1318 4952 alterius
1345 4899 1592 4967 civitatis,
1640 4899 1736 4952 ista
1768 4915 1886 4970 qum
1916 4902 2006 4956 Dei
2035 4909 2116 4956 est

534 5005 876 5062 procurrens,
904 4990 1203 5045 distinctius
1242 4997 1555 5059 appareret;
1585 4991 1824 5060 quamvis
1852 5006 2020 5060 usque
2048 4991 2114 5045 ad

535 5083 915 5139 revelationem
941 5082 1268 5137 Testamenti
1297 5082 1438 5145 novi,
1472 5097 1575 5135 non
1604 5081 1658 5135 in
1685 5082 1905 5147 lumine,
1938 5082 2032 5138 sed
2061 5083 2111 5137 in

537 5177 721 5230 umbra
742 5174 1057 5231 cucurrerit.
1084 5174 1233 5230 Nunc
1261 5191 1408 5246 ergo,
1439 5174 1580 5245 quod
1608 5176 2017 5244 intermiseram,
2037 5179 2115 5232 vi-

534 5268 636 5323 deo
677 5284 795 5325 esse
825 5269 1143 5336 faciendum,
1176 5278 1235 5324 ut
1270 5286 1341 5324 ex
1372 5269 1598 5325 Abrahae
1630 5272 1952 5339 temporibus
1979 5288 2114 5341 quo-

536 5360 696 5415 modo
724 5362 883 5416 etiam
912 5362 999 5417 illa
1039 5363 1356 5427 cucurrerit,
1401 5372 1657 5433 quantum
1706 5364 1836 5418 satis
1884 5363 2110 5433 videtur,

597 5499 617 5567 ξ
649 5497 845 5567 Codices
860 5495 1131 5567 2059,2951
1163 5502 1215 5546 et
1235 5495 1345 5555 238,
1359 5507 1632 5567 progressu.
1726 5502 1785 5545 It.

595 5559 619 5632 ξ
652 5557 783 5621 Apud
803 5558 1001 5617 l.ov.,in
1023 5558 1259 5632 decimum
1281 5571 1298 5607 :
1324 5557 1481 5632 minus
1502 5559 1657 5632 bene,
1919 5620 1929 5631 θ
1970 5620 1999 5632 Α
2073 5618 2084 5631 ,

598 5620 620 5652 ⁸
653 5619 752 5668 Ain.
793 5627 845 5670 et
872 5626 1001 5680 tom,
1042 5619 1095 5669 in
1121 5619 1295 5671 medio.
1344 5620 1461 5671 aditi
1498 5619 1579 5671 alii
1612 5627 1665 5670 et
1697 5620 2020 5684 manuscripti,
2064 5619 2115 5672 in

531 5693 755 5822 “ista
777 5743 926 5822 ,eqiuo
947 5742 1321 5822 ξιοῗρέηέζτιίέξ---
1551 5806 1563 5822 ι
1588 5821 1591 5822 κ
1623 5808 1631 5817 -

600 5806 672 5870 (τι)
695 5806 902 5868 scriptus
920 5806 1112 5854 circiter
1149 5804 1327 5853 annum
1351 5804 1456 5854 49.6.
1486 5806 1597 5856 vide
1621 5805 1759 5866 infra,
1778 5819 1881 5868 cap.
1900 5804 1978 5856 54.

2234 2206 2508 2278 attingam,
2539 2221 2596 2266 ut
2616 2215 2787 2272 amba:
2816 2218 2956 2276 inter
2979 2236 3039 2278 se
3064 2225 3268 2293 possint
3291 2229 3719 2289 consideratione
3741 2234 3817 2291 le-

2229 2299 2463 2364 gentium
2495 2307 2812 2375 comparari.

2229 2431 2456 2491 CAPUT
2493 2436 2557 2493 ll.
2578 2470 2651 2482 -—
2686 2440 2769 2497 De
2803 2452 3013 2502 terrena
3040 2450 3254 2505 civitatis
3282 2454 3486 2526 regibus
3508 2468 3659 2528 atque
3684 2470 3811 2514 tem-

2302 2532 2523 2599 poribus,
2548 2536 2729 2608 quibus
2748 2540 2811 2593 ab
2834 2552 3013 2596 exortu
3038 2544 3255 2602 Abrahae
3275 2560 3565 2606 sanctorum
3585 2563 3817 2625 tempora

2302 2633 2573 2694 supputata
2594 2634 2911 2688 conveniunt.

2300 2747 2353 2802 1.
2396 2747 2637 2809 Societas
2675 2756 2834 2827 igitur
2873 2775 3253 2836 usquequaque
3279 2771 3587 2826 mortalium
3615 2774 3812 2832 diffusa

2229 2851 2324 2906 per
2352 2847 2522 2897 terras
2547 2853 2601 2899 et
2630 2846 2681 2899 in
2714 2847 2953 2905 locorum
2985 2858 3332 2925 quantislihet
3375 2861 3812 2935 diversitatibus,

2227 2931 2385 2986 unius
2407 2942 2582 2991 tamen
2603 2938 2948 3012 ejusdemque
2966 2957 3168 3003 natura;
3183 2951 3411 3020 quadam
3433 2960 3818 3017 communione

2227 3021 2472 3080 devincta
2492 3069 2508 3092 ,
2536 3029 2790 3087 utilitates
2819 3043 2874 3090 et
2900 3037 3219 3108 cupiditates
3240 3058 3367 3100 suas
3394 3048 3692 3121 quibusque
3719 3068 3817 3107 se—

2226 3117 2526 3185 ctantibus,
2554 3120 2679 3176 dum
2730 3124 2783 3179 id
2823 3128 2965 3197 quod
3012 3134 3303 3203 appetitur,
3332 3148 3426 3192 aut
3455 3117 3654 3198 nemini
3675 3185 3690 3210 ,
3716 3156 3820 3203 aut

2227 3221 2333 3262 non
2361 3210 2610 3267 omnibus
2636 3215 2852 3285 sufficit,
2874 3222 3000 3290 quia
3025 3239 3131 3280 non
3152 3236 3235 3282 est
3255 3228 3506 3300 idipsum,
3527 3235 3817 3294 adversum

2226 3314 2285 3355 se
2313 3301 2481 3371 ipsam
2521 3305 2834 3380 plerumque
2857 3312 3131 3382 dividitur,
3163 3329 3217 3374 et
3257 3337 3379 3391 pars
3422 3334 3622 3394 partem
3642 3369 3656 3391 ,
3685 3345 3818 3400 quae

2224 3396 2511 3461 prmvalet,
2544 3402 2816 3470 opprimit.
2856 3404 3074 3463 Victrici
3114 3413 3258 3466 enim
3297 3416 3436 3471 victa
3476 3396 3815 3488 succumbit,

2225 3483 2572 3543 dominationi
2600 3492 2839 3561 scilicet,
2870 3497 2955 3552 vel
2985 3501 3144 3555 etiam
3175 3503 3411 3561 libertati
3438 3483 3815 3579 qualemcum;

2223 3588 2328 3647 que
2355 3593 2539 3649 pacem
2571 3582 2861 3653 praeferens
2887 3604 2949 3642 ac
2978 3592 3201 3648 salutem
3230 3613 3243 3650 :
3272 3597 3433 3653 itaut
3462 3615 3670 3673 magnae
3696 3604 3820 3661 fue-

2224 3671 2333 3726 rint
2373 3672 2709 3732 admirationi
2735 3679 2822 3749 qui
2868 3683 3042 3751 perire
3064 3701 3223 3756 quam
3254 3691 3456 3748 servire
3484 3671 3814 3754 maluerunt.

2222 3760 2355 3817 Nam
2389 3765 2438 3819 in
2465 3768 2710 3825 omnibus
2733 3769 2846 3827 fere
2868 3776 3117 3844 gentibus
3141 3780 3540 3849 quodammodo
3561 3804 3666 3844 vox
3707 3806 3817 3847 na-

2226 3862 2358 3908 tura:
2384 3855 2484 3911 ista
2506 3861 2800 3928 personuit,
2833 3872 2891 3918 ut
2914 3866 3187 3940 subjugari
3217 3872 3506 3931 victoribus
3547 3880 3776 3946 mallent
3795 3925 3813 3949 ,

2223 3946 2417 4016 quibus
2441 3952 2664 4022 contigit
2693 3954 2829 4009 vinci
2853 3998 2866 4017 ,
2898 3973 3055 4028 quam
3086 3962 3277 4020 bellica
3303 3970 3639 4028 omnifariam
3666 3976 3684 4007 ⁸
3712 3946 3817 4032 va;

2224 4040 2455 4095 statione
2480 4041 2667 4098 deleri.
2702 4045 2835 4103 Hinc
2864 4049 3060 4107 factum
3087 4064 3169 4110 est
3198 4067 3256 4112 ut
3281 4074 3387 4116 non
3412 4061 3529 4118 sine
3562 4065 3655 4121 Dei
3685 4083 3818 4137 pro-

2225 4131 2490 4200 videntia,
2522 4135 2576 4190 in
2619 4137 2769 4211 cujus
2803 4152 3065 4212 potestate
3088 4156 3171 4203 est
3201 4159 3259 4206 ut
3285 4154 3509 4225 quisque
3537 4131 3820 4217 bello'aut

2223 4224 2534 4297 subjugetur
2560 4240 2651 4285 aut
2672 4232 2955 4306 'subjuget,
2986 4239 3202 4309 quidam
3233 4255 3415 4301 essent
3447 4250 3627 4319 regnis
3665 4268 3816 4320 pra:-

2220 4316 2317 4372 diti
2341 4361 2355 4385 ,
2397 4320 2609 4389 quidam
2641 4328 2985 4395 regnantibus
3015 4331 3211 4390 subditi
3240 4351 3255 4389 :
3284 4337 3377 4392 sed
3405 4316 3547 4394 inter
3576 4316 3817 4412 plurima

2222 4424 2382 4479 regna
2412 4420 2695 4482 terrarum,
2722 4418 2773 4471 in
2804 4436 2923 4489 qum.
2953 4430 3178 4480 terrenae
3204 4428 3447 4486 utilitatis
3475 4432 3560 4486 vel
3594 4437 3815 4504 cupidi-

2221 4503 2346 4557 tatis
2370 4513 2454 4560 est
2476 4505 2642 4563 divisa
2669 4511 2898 4566 societas
2925 4514 3105 4586 (quam
3133 4521 3402 4579 civitatem
3430 4527 3614 4582 mundi
3644 4529 3815 4600 hujus

2220 4599 2506 4655 universali
2537 4605 2795 4660 vocabulo
2825 4616 3261 4685 nuncupamus),
3288 4615 3395 4673 duo
3423 4635 3586 4691 regna
3624 4599 3816 4680 cerni-

2222 4706 2338 4745 mus
2366 4691 2524 4763 longe
2560 4697 2769 4751 caeteris
2808 4704 3118 4769 provenisse
3156 4706 3417 4771 clariora.
3460 4713 3816 4785 Assyriorum

2221 4781 2470 4850 primum,
2489 4784 2682 4842 deinde
2709 4789 3094 4859 Romanorum,
3118 4806 3178 4851 nt
3197 4802 3548 4869 temporibus,
3566 4781 3650 4859 vita
3675 4807 3820 4864 locis

2220 4871 2360 4930 inter
2387 4891 2445 4930 se
2473 4877 2714 4934 ordinata
2745 4891 2905 4953 atque
2931 4884 3202 4943 distincta.
3232 4890 3364 4946 Nam
3401 4909 3509 4964 quo
3544 4899 3710 4953 modo
3742 4902 3820 4956 il-

2220 4966 2310 5022 lud
2342 4970 2506 5038 prius,
2538 4971 2641 5027 hoc
2666 4978 2965 5045 posterius;
2995 4994 3062 5035 eo
3089 4982 3248 5037 modo
3278 4984 3407 5041 illud
3454 4989 3505 5042 in
3543 4990 3779 5049 Oriente
3799 5038 3816 5064 ,

2218 5058 2323 5114 hoc
2348 5060 2399 5115 id
2424 5061 2710 5120 Occidente
2729 5070 2963 5125 surrexit
2987 5089 3001 5126 :
3023 5071 3253 5152 denique
3274 5078 3326 5130 in
3353 5077 3494 5134 illius
3515 5079 3626 5137 fine
3653 5058 3821 5154 hujus

2220 5150 2425 5207 initium
2456 5155 2736 5212 confestim
2764 5160 2861 5214 fuit
2888 5159 2987 5235 (a).
3019 5150 3200 5235 Regna
3225 5179 3439 5235 caetera,
3469 5150 3822 5249 caeterosrjue

2220 5256 2376 5312 reges
2406 5244 2549 5299 velut
2572 5249 2892 5316 appendices
2922 5252 3146 5308 istorum
3175 5255 3422 5313 dixerim.

2288 5334 2344 5388 2.
2384 5335 2550 5391 Ninus
2577 5354 2705 5408 ergo
2730 5341 2837 5409 jam
2864 5345 3134 5401 secundus
3161 5364 3254 5404 rex
3279 5360 3397 5406 erat
3420 5353 3779 5425 Assyriorum
3800 5401 3820 5427 ,

2219 5427 2307 5497 qui
2359 5429 2493 5496 patri
2541 5443 2639 5486 suo
2682 5431 2812 5488 Belo
2858 5449 3226 5506 successerat,
3256 5446 3403 5513 regni
3442 5446 3587 5502 illius
3632 5454 3827 5521 primo

2216 5518 2362 5588 regi,
2390 5520 2603 5588 quando
2628 5523 2681 5577 in
2711 5532 2851 5580 terra
2887 5527 3265 5588 Chaldaeorum
3308 5545 3465 5592 natus
3503 5548 3591 5595 est
3632 5518 3826 5600 Libra-

2285 5723 2302 5755 ι
2336 5722 2408 5772 Sic
2432 5721 2600 5785 plures
2618 5727 2943 5790 manuscripti.
2972 5727 3055 5780 Alii
3079 5743 3199 5782 vero
3219 5746 3328 5784 cum
3348 5734 3510 5799 editis,
3527 5738 3826 5802 οιιιηὶβήι

2277 5804 2349 5867 (α)
2373 5805 2489 5855 Vide
2512 5805 2649 5866 infra,
2670 5819 2774 5869 cap.
2798 5807 2876 5856 27.
