4062 6480
247 428 338 487 set
1376 386 1611 484 ‘Ltnnn
1652 424 1950 484 DECIMUS
1977 425 2314 484 OCTAVUS.

245 546 363 600 bam
405 544 506 616 (a).
546 542 677 599 Erat
702 543 866 599 etiam
899 551 1142 612 tempore
1171 541 1261 597 illo
1289 557 1512 613 regnum
1553 542 1834 615 Sicyonio-

244 654 353 694 rum
377 637 668 692 admodum
695 653 938 707 parvum,
955 653 985 691 a
1007 652 1114 707 quo
1134 637 1222 692 ille
1245 636 1616 706 undecumque
1642 638 1840 692 doctis-

244 732 406 786 simus
427 731 642 785 Marcus
662 731 831 786 Varro
853 731 1094 785 scribens
1110 730 1176 784 de
1192 729 1362 786 Gente
1386 731 1563 798 populi
1589 730 1836 798 Romani,

243 822 384 879 velut
405 821 633 892 antiquo
660 831 902 890 tempore
921 863 936 889 ,
961 835 1186 876 exorsus
1223 829 1324 876 est.
1355 821 1438 876 Ab
1464 819 1548 876 his
1574 821 1716 876 enim
1750 820 1836 876 Si-

243 915 556 987 cyoniorum
586 913 805 984 regibus
832 913 899 968 ad
928 913 1287 968 Athenienses
1312 914 1573 983 pervenit,
1593 928 1624 968 a
1643 913 1839 984 quibus

242 1007 304 1062 ad
353 1007 614 1072 Latinos,
657 1005 780 1061 inde
823 1005 890 1060 ad
936 1005 1237 1070 Romanos;
1280 1005 1375 1060 sed
1417 1015 1540 1061 ante
1568 1005 1836 1060 conditam

242 1099 463 1155 Romam
493 1098 546 1152 in
572 1096 972 1167 comparatione
1001 1098 1151 1168 regni
1180 1097 1525 1168 Assyriorum
1552 1097 1837 1167 perexigua

243 1193 334 1247 ista
359 1199 754 1255 memorantur.
775 1190 1028 1259 Quamvis
1046 1190 1400 1246 Athenienses
1421 1190 1474 1244 in
1499 1189 1703 1246 Graecia
1732 1191 1839 1259 plu-

241 1288 430 1342 rimum
461 1287 726 1342 claruisse
755 1288 984 1340 fateatur
1024 1285 1184 1340 etiam
1229 1283 1514 1340 Sallustius
1559 1283 1834 1339 Romanus

242 1379 555 1440 historicus,
583 1379 704 1447 plus
735 1386 910 1431 tamen
941 1374 1081 1429 fama
1105 1416 1120 1440 ,
1151 1390 1309 1445 quam
1338 1391 1396 1430 re
1422 1376 1555 1444 ipsa.
1590 1375 1720 1428 Nam
1749 1374 1835 1428 lo-

241 1485 404 1540 quens
429 1470 501 1524 de
532 1469 676 1524 illis:
705 1469 1107 1532 Atheniensium,
1141 1467 1342 1537 inquit,
1378 1484 1457 1521 res
1485 1477 1656 1539 gestae,
1690 1467 1838 1521 sicuti

242 1581 326 1635 ego
355 1564 590 1618 existimo
611 1605 624 1627 ,
673 1563 796 1616 satis
828 1561 1016 1631 ampla:
1043 1560 1425 1631 magni/ictuque
1453 1565 1596 1632 fuere
1621 1575 1642 1614 :
1664 1574 1837 1613 verum

242 1656 499 1724 aliquanto
529 1656 748 1709 minores
776 1664 960 1718 tamen,
979 1670 1129 1725 quam
1146 1656 1285 1724 fama
1310 1653 1562 1722 feruntur.
1586 1652 1692 1708 Sed
1715 1653 1838 1725 quia

243 1763 510 1817 provenere
552 1747 623 1800 ibi
665 1747 969 1816 scriptorum
993 1763 1179 1816 magna
1204 1746 1438 1816 ingenia,
1468 1761 1557 1816 per
1586 1754 1835 1800 terrarum

243 1841 406 1894 orbem
427 1840 810 1894 Atheniensium
837 1843 974 1910 facta
1003 1855 1094 1908 pro
1122 1839 1357 1894 maximis
1383 1839 1718 1895 celebrantur.
1747 1839 1838 1896 Ita

243 1949 408 1987 eorum
436 1933 523 2002 qui
555 1932 749 2002 fecere,
781 1933 936 1985 virtus
979 1943 1119 1985 tanta
1160 1931 1403 2000 habetur,
1443 1943 1686 2003 quantum
1723 1949 1836 1988 eam

244 2025 394 2079 verbis
423 2035 632 2095 potuere
660 2023 898 2078 extollere
926 2025 1174 2095 praclara
1202 2026 1406 2098 ingenia
1454 2025 1611 2096 (Belli
1653 2024 1832 2094 Catil.,

244 2133 352 2184 cap.
384 2117 465 2186 8).
499 2117 726 2170 Accedit
757 2116 881 2170 huic
909 2115 1110 2170 civitati
1141 2132 1246 2171 non
1275 2133 1435 2187 parva
1460 2117 1621 2173 etiam
1647 2133 1714 2172 ex
1745 2117 1835 2173 lit-

245 2210 364 2263 teris
390 2218 444 2262 et
477 2209 808 2278 philosophis
837 2208 1028 2277 gloria,
1061 2208 1202 2278 quod
1235 2209 1305 2263 ibi
1334 2209 1672 2279 potissimum
1709 2209 1835 2264 talia

245 2302 404 2354 studia
431 2301 739 2370 viguerunt.
769 2301 900 2356 Nam
929 2313 1182 2372 quantum
1217 2303 1407 2358 attinet
1433 2303 1498 2358 ad
1526 2303 1831 2373 imperium,

246 2393 436 2447 nullum
465 2393 641 2463 majus
674 2394 859 2463 primis
892 2393 1223 2464 temporibus
1246 2436 1261 2461 ,
1287 2410 1446 2466 quam
1484 2397 1834 2469 Assyriorum

245 2485 346 2549 fuit,
380 2500 485 2539 nec
514 2497 618 2538 tam
654 2487 811 2556 longe
840 2486 1052 2557 lateque
1082 2485 1357 2542 diffusum.
1389 2485 1593 2557 Quippe
1620 2489 1706 2543 ubi
1736 2488 1833 2544 Ni-

246 2592 333 2631 nus
367 2594 501 2643 rex,
531 2578 642 2632 Beli
693 2578 867 2646 ﬁlius,
902 2581 1207 2636 universam
1255 2581 1436 2636 Asiam
1458 2623 1473 2648 ,
1507 2597 1627 2650 quae
1672 2583 1834 2636 totius

244 2671 376 2726 orbis
411 2671 480 2726 ad
513 2687 792 2726 numerum
825 2672 1052 2742 partium
1087 2676 1243 2729 tertia
1273 2673 1488 2738 dicitur,
1524 2674 1591 2729 ad
1621 2676 1830 2745 magni-

246 2763 470 2817 tudinem
500 2778 630 2817 vero
651 2763 866 2817 dimidia
892 2765 1178 2832 reperitur,
1205 2780 1374 2836 usque
1395 2765 1461 2820 ad
1489 2765 1674 2838 Libya:
1700 2768 1836 2826 lines

245 2854 516 2924 subegisse
543 2854 774 2909 traditur
804 2855 897 2927 (b).
939 2854 1082 2910 Solis
1111 2857 1302 2926 quippe
1335 2857 1477 2912 Indis
1507 2859 1560 2912 in
1591 2859 1833 2929 partibus

245 2945 470 3003 Orientis
514 2964 623 3003 non
669 2947 1083 3004 dominabatur:
1111 2965 1246 3020 quos
1277 2960 1454 3005 tamen
1485 2967 1552 3006 eo
1581 2952 1834 3008 defuncto

245 3037 549 3092 Semiramis
578 3055 715 3093 uxor
736 3039 854 3109 ejus
881 3048 964 3094 est
989 3055 1205 3110 agressa
1232 3040 1505 3096 bellando.
1530 3042 1606 3096 lta
1632 3041 1832 3098 factum

245 3138 346 3194 est,
380 3139 440 3185 ut
478 3131 802 3202 quicumque
842 3132 892 3186 in
936 3132 1040 3186 illis
1086 3132 1249 3188 terris
1288 3133 1466 3203 p0puli
1491 3175 1507 3200 ,
1537 3134 1651 3190 sive
1678 3149 1835 3206 reges

247 3232 404 3287 erant,
429 3223 779 3298 Assyriorum
804 3239 968 3294 regno
989 3223 1287 3296 ditionique
1314 3233 1582 3294 parerent,
1605 3234 1662 3281 et
1679 3227 1837 3298 quid-

247 3315 357 3383 quid
387 3315 750 3384 imperaretur
778 3315 1072 3370 efticerent.
1106 3315 1378 3370 Abraham
1407 3317 1570 3387 igitur
1588 3318 1642 3372 in
1661 3332 1728 3372 eo
1749 3332 1837 3375 ro-

247 3423 339 3478 gno
374 3409 521 3479 apud
563 3408 845 3464 Chaldaeos
889 3408 1010 3463 Nini
1042 3409 1372 3482 temporibus
1401 3421 1558 3467 natus
1587 3420 1690 3468 est.
1724 3410 1836 3470 Sed

249 3501 487 3570 quoniam
519 3516 611 3556 res
641 3499 847 3556 Graeca:
875 3501 1044 3556 multo
1073 3510 1201 3557 sunt
1229 3502 1381 3558 nobis
1407 3519 1569 3574 quam
1598 3505 1835 3576 Assyria:

247 3595 478 3650 notiores
498 3637 516 3661 ,
552 3603 610 3650 et
658 3610 755 3664 per
785 3593 1004 3651 Grzecos
1047 3595 1114 3650 ad
1164 3595 1416 3662 Latinos,
1450 3611 1514 3650 ac
1543 3597 1736 3653 deinde
1764 3599 1833 3653 ad

251 3686 538 3753 Romanos,
569 3688 658 3756 qui
685 3687 847 3742 etiam
882 3687 983 3758 ipsi
1015 3687 1189 3743 Latini
1220 3696 1368 3754 sunt,
1401 3696 1705 3758 temporum
1745 3705 1834 3745 se-

248 3781 366 3834 riem
398 3781 743 3837 deduxerunt
763 3782 850 3852 qui
876 3791 1089 3852 gentem
1122 3783 1302 3852 populi
1332 3781 1555 3837 Romani
1590 3783 1644 3836 in
1670 3784 1837 3853 origi-

249 3874 320 3926 nis
347 3873 467 3944 ejus
494 3873 815 3944 antiquitate
839 3873 1016 3928 rimati
1046 3882 1200 3939 sunt;
1224 3876 1294 3929 ob
1317 3875 1419 3929 hoc
1439 3875 1719 3943 debemus,
1743 3876 1836 3932 ubi

246 3982 368 4034 opus
415 3975 537 4032 est,
587 3966 839 4038 Assyrios
879 3982 1181 4022 memorare
1225 3981 1378 4036 reges
1415 3983 1428 4018 :
1477 3977 1534 4020 ιιι
1581 3977 1838 4037 appareat

247 4057 695 4126 quemadmodum
728 4057 1015 4130 Babylonia
1037 4099 1052 4124 ,
1083 4057 1236 4128 quasi
1268 4057 1440 4127 prima
1477 4059 1642 4111 Roma
1663 4098 1678 4123 ,
1708 4073 1836 4114 cum

247 4151 522 4221 peregrina
564 4149 616 4203 in
649 4148 753 4204 hoc
781 4149 978 4204 mundo
1006 4149 1100 4203 Dei
1130 4149 1343 4203 civitate
1376 4157 1680 4220 procurrat.
1730 4149 1835 4205 Res

244 4252 409 4296 autem
447 4258 581 4311 quas
627 4251 848 4310 propter
875 4242 1328 4310 comparationem
1371 4241 1604 4295 civitatis
1634 4241 1836 4298 utrius-

242 4349 337 4404 que
356 4377 370 4400 ,
410 4345 649 4389 terrena:
676 4333 883 4388 scilicet
910 4342 965 4388 et
989 4334 1226 4388 caelestis
1247 4375 1260 4396 ,
1291 4333 1416 4388 huic
1444 4335 1594 4403 operi
1625 4343 1838 4404 oportet

245 4427 500 4493 inserere,
539 4427 708 4498 magis
732 4442 798 4482 ex
823 4423 1026 4482 Grtecis
1049 4435 1105 4481 et
1133 4425 1356 4491 Latinis,
1391 4425 1480 4480 ubi
1509 4435 1563 4480 et
1592 4427 1703 4495 ipsa
1730 4427 1838 4482 Ro-

245 4535 320 4572 ma
350 4522 508 4589 quasi
542 4517 779 4574 secunda
807 4517 1100 4590 Babylonia
1129 4527 1231 4583 est,
1256 4517 1515 4574 debemus
1535 4535 1834 4574 assumere.

305 4614 358 4668 3.
399 4611 636 4681 Quando
666 4627 796 4683 ergo
826 4621 981 4666 natus
1006 4619 1088 4666 est
1114 4613 1407 4676 Abraham,
1435 4614 1654 4668 secundi
1682 4630 1838 4683 reges

241 4714 422 4772 erant,
472 4704 618 4773 apud
668 4705 916 4774 Assyrios
961 4703 1167 4769 Ninus,
1212 4704 1353 4774 apud
1401 4705 1682 4776 Sicyonios
1727 4706 1837 4762 Eu-

244 4811 358 4865 rops
390 4796 466 4867 (ο)
495 4812 508 4851 :
541 4795 699 4866 primi
730 4805 928 4862 autem,
959 4795 1070 4851 illic
1099 4795 1278 4863 Belus,
1307 4795 1395 4851 hic
1417 4794 1696 4867 Egialeus
1722 4797 1837 4854 fue-

241 4898 376 4942 runt.
403 4887 547 4944 Cum
582 4903 712 4943 vero
744 4901 962 4957 egresso
982 4887 1250 4944 Abraham
1276 4887 1346 4944 de
1372 4889 1682 4960 Babylonia,
1709 4906 1836 4962 pro-

241 4982 377 5037 misit
408 4981 462 5038 ei
493 4983 636 5036 Deus
665 4996 733 5036 ex
763 4982 853 5036 illo
880 4997 1126 5053 magnam
1158 4992 1370 5053 gentem
1397 4980 1630 5038 futuram
1651 5026 1667 5053 ,
1697 4994 1752 5039 et
1781 4987 1834 5040 in

239 5077 348 5144 ejus
374 5077 595 5131 semine
615 5074 855 5130 omnium
882 5075 1120 5145 gentium
1151 5075 1606 5143 benedictionem,
1633 5079 1836 5148 Assyrii

239 5179 486 5236 quartum
521 5183 704 5237 regem
732 5167 1015 5232 habebant,
1041 5166 1275 5240 Sicyonii
1295 5168 1538 5238 quintum
1569 5186 1582 5224 :
1611 5169 1750 5238 apud
1774 5169 1838 5224 il-

240 5259 316 5314 los
338 5261 490 5316 enim
527 5262 783 5332 regnabat
811 5258 954 5315 ﬁlius
975 5260 1095 5316 Nini
1125 5273 1245 5333 post
1272 5271 1498 5317 matrem
1523 5263 1836 5317 Semirami-

237 5351 353 5406 dem
385 5395 402 5422 ,
463 5370 588 5422 quae
618 5353 686 5408 ab
715 5353 809 5408 illo
838 5354 1117 5409 interfecta
1146 5355 1476 5424 perhibetur,
1509 5371 1636 5410 ausa
1667 5357 1834 5412 tilium

237 5455 408 5500 mater
464 5444 734 5500 incestare
786 5445 1097 5501 concubitu.
1150 5445 1299 5501 Hanc
1350 5456 1538 5517 putant
1589 5448 1832 5502 nonnulli

296 5581 368 5644 (a)
411 5588 522 5630 .lam
565 5579 691 5629 dixit
718 5592 866 5645 supra
909 5579 994 5645 lib.
1048 5582 1123 5638 16,
1161 5595 1268 5645 cap.
1294 5583 1370 5644 l7,
1417 5590 1582 5633 natum
1626 5585 1837 5634 Abraha-

236 5643 364 5729 muu‘t
390 5644 837 5729 ⁸311110³68ρῇοὼ
879 5643 1390 5729 nini‘quadrag‘esimo
1433 5648 1598 5707 tertio,
1622 5655 1839 5729 Lseckutus

235 5706 507 5754 chronicou
552 5705 775 5764 Eusebii;
834 5717 931 5766 quo
969 5705 1046 5753 alii
1086 5705 1352 5768 improbato
1382 5715 1542 5757 ortum
1586 5705 1837 5758 Abrahami

234 5767 651 5836 adist’mirautidis
666 5779 842 5814 annum
849 5769 1149 5836 Angesimttm
1171 5769 1632 5836 tertium‘rel'crunt.

295 5828 518 5938 (Qutige
540 5829 677 5888 itum,
702 5840 806 5891 cap.
847 5827 938 5891 22;
964 5837 1017 5880 et
1037 5844 1199 5894 supra,
1221 5831 1304 5882 lib.
1332 5831 1409 5895 16,
1433 5845 1538 5898 cap.
1559 5832 1647 5894 .17,
1672 5837 1726 5882 et
1746 5827 1834 5883 lib.

235 5891 282 5954 4,
305 5903 416 5957 at»
443 5891 499 5938 6-

298 5956 374 6014 (ε)
400 5951 647 6003 Eusebius
666 5951 904 6004 inChron.

3430 423 3538 481 56!

1955 541 2258 598 condidisse
2303 541 2628 614 Babylonem
2654 585 2667 610 ,
2697 556 2856 613 quam
2882 540 3098 613 quidem
3136 540 3306 610 potuit
3331 541 3536 594 instau-

1945 647 2066 687 rare
2097 631 2194 705 (a).
2223 632 2447 701 Quando
2475 643 2654 690 autem
2672 676 2686 701 ,
2715 634 2796 689 vel
2829 632 3096 704 quomodo
3121 631 3331 688 condita
3355 631 3533 697 fuerit,

1948 724 2000 778 in
2031 733 2186 779 sexto
2207 725 2416 779 decimo
2445 726 2583 780 libro
2611 727 2849 781 diximus
2871 725 3118 797 (ὦψαι),
3153 725 3346 780 Filium
3374 739 3537 796 porro

1947 818 2070 874 Nini
2097 833 2150 874 et
2176 819 2567 884 Semiramidis,
2599 821 2688 890 qui
2717 821 2871 874 matri
2904 820 3162 876 successit
3188 820 3241 874 in
3273 833 3536 890 regnum,

1945 910 2162 980 quidam
2193 911 2353 966 etiam
2386 911 2557 980 ipsum
2584 911 2801 979 Ninum,
2829 913 3043 982 quidam
3074 927 3204 968 vero
3232 910 3476 968 derivata
3506 927 3539 967 ι

1946 1012 2097 1072 patre
2143 1003 2403 1058 vocabulo
2430 1003 2654 1073 Ninyam
2677 1005 2692 1035 ¹
2724 1013 2931 1058 vocant.
2955 1004 3326 1077 Sicyoniorum
3355 1013 3536 1060 autem

1945 1111 2171 1166 regnum
2199 1105 2325 1150 tunc
2355 1097 2569 1151 tenebat
2597 1095 2820 1150 Telxion
2845 1098 2888 1150 ¹.
2917 1095 3034 1164 Quo
3075 1106 3335 1166 regnante
3365 1111 3536 1167 usque

1943 1187 2078 1242 adeo
2101 1187 2172 1242 ibi
2204 1186 2351 1243 mitia
2374 1198 2428 1244 et
2448 1189 2570 1243 laeta
2598 1199 2838 1257 tempora
2864 1187 3096 1254 fuerunt,
3126 1199 3182 1242 ut
3205 1203 3326 1242 eum
3348 1188 3537 1243 defun-

1942 1288 2086 1333 ctum
2112 1279 2258 1335 velut
2285 1280 2446 1334 deum
2477 1279 2718 1334 colerent
2745 1279 3132 1346 sacriﬁcando,
3164 1289 3216 1333 et
3260 1279 3412 1334 ludos
3441 1293 3534 1334 ce—

1944 1373 2201 1428 lebrando
2223 1417 2236 1440 ,
2267 1389 2402 1444 quos
2429 1375 2476 1428 ei
2507 1373 2755 1443 primitus
2781 1373 3055 1427 institutos
3087 1371 3284 1427 ferunt.

1941 1465 2170 1524 CAPUT
2212 1468 2385 1522 Ill.—
2406 1468 2598 1536 Quibus
2622 1467 2946 1538 regnantibus
2974 1467 3112 1538 apud
3137 1467 3370 1538 Assyrios
3389 1477 3536 1536 atque

2016 1558 2287 1629 Sicyonios
2315 1560 2532 1614 Abraha:
2550 1560 2837 1613 centenario
2865 1557 3016 1612 Isaac
3041 1559 3103 1612 tle
3124 1559 3452 1628 promissione
3474 1559 3537 1612 sit

2015 1661 2165 1706 natus
2184 1694 2200 1719 ,
2231 1654 2306 1708 vel
2333 1655 2434 1723 ipsi
2478 1652 2628 1708 Isaac
2654 1655 2985 1724 sexagenario
3016 1651 3159 1707 Esau
3185 1661 3232 1706 et
3256 1650 3420 1706 Jacob
3445 1668 3535 1724 ge-

2014 1746 2139 1798 mini
2168 1745 2232 1800 de
2257 1745 2480 1801 Rebecca
2509 1747 2609 1800 sint
2635 1747 2774 1801 editi.

2015 1837 2183 1908 Hujus
2212 1839 2544 1910 temporibus
2570 1839 2730 1894 etiam
2763 1840 2910 1894 Isaac
2938 1854 3010 1894 ex
3056 1839 3411 1909 promissione
3444 1836 3536 1892 Dei

1943 1939 2100 1985 natus
2143 1939 2225 1985 est
2271 1931 2588 1986 centenario
2634 1933 2768 2001 patri
2818 1931 2956 1986 [ilius
2997 1931 3225 1986 Abrahm
3268 1931 3335 1985 de
3377 1930 3537 1985 Sarra

1941 2027 2191 2097 conjuge,
2215 2043 2334 2097 qua:
2361 2028 2562 2082 sterilis
2591 2036 2643 2081 et
2675 2042 2811 2082 anus
2836 2027 2946 2097 jam
2969 2041 3118 2096 spem
3149 2025 3312 2095 prolis
3341 2025 3540 2079 amisev

1941 2129 2044 2174 rat.
2069 2119 2220 2174 Tunc
2250 2128 2305 2176 et
2325 2119 2560 2192 Assyriis
2583 2120 2798 2190 quintus
2820 2127 2937 2174 erat
2965 2133 3063 2172 rex
3087 2117 3274 2172 Arrius
3303 2115 3402 2186 (b).
3429 2111 3538 2183 Ipsi

1940 2225 2070 2266 vero
2100 2212 2245 2266 Isaac
2269 2213 2622 2282 sexagenario
2653 2213 2760 2266 nati
2790 2223 2913 2264 sunt
2941 2209 3162 2280 gemini,
3188 2209 3331 2264 Esau
3357 2217 3411 2263 et
3440 2206 3536 2263 Ja-

1941 2303 2064 2368 cob,
2096 2319 2229 2374 quos
2257 2305 2306 2360 ei
2341 2305 2583 2359 Rebecca
2612 2320 2746 2359 uxor
2774 2305 3001 2374 peperit,
3030 2319 3129 2358 avo
3155 2318 3340 2358 eorum
3369 2302 3540 2358 Abra-

1943 2395 2067 2450 ham
2097 2395 2272 2450 adhuc
2312 2397 2544 2463 vivente,
2578 2406 2632 2450 ct
2661 2405 2873 2450 centum
2927 2396 3197 2466 sexaginta
3231 2395 3402 2450 aetatis
3443 2409 3540 2451 an-

1942 2502 2043 2541 nos
2071 2498 2261 2558 agente
2286 2505 2301 2543 :
2327 2489 2416 2558 qui
2449 2489 2678 2558 expletis
2703 2499 2918 2543 centum
2946 2489 3279 2558 septuaginta
3303 2488 3539 2557 quinque

1942 2577 2230 2634 defunctus
2259 2588 2373 2645 est;
2411 2579 2758 2649 regnantibus
2784 2581 2926 2650 apud
2958 2581 3204 2652 ASsyrios
3229 2578 3408 2633 Xerxe
3441 2579 3537 2635 illo

1940 2671 2246 2740 antiquiore
2267 2712 2283 2737 ,
2312 2671 2402 2741 qui
2431 2670 2592 2725 etiam
2639 2672 2830 2726 Baleus
2861 2671 2937 2742 (a)
2967 2672 3280 2734 vocabatur,
3315 2679 3368 2723 et
3397 2669 3539 2738 apud

1939 2759 2220 2832 Sicyonios
2261 2762 2561 2830 Thuriaco,
2602 2779 2761 2834 quem
2808 2762 3024 2833 quidam
3066 2761 3481 2815 Thurimachum
3513 2761 3536 2793 ⁸

1940 2856 2207 2923 scribunt,
2231 2856 2474 2926 septimis
2499 2857 2735 2927 regibus.
2757 2857 3000 2928 Regnum
3021 2865 3198 2910 autem
3219 2858 3538 2926 Argivorum

1941 2949 2102 3004 simul
2129 2965 2252 3006 cum
2275 2949 2506 3005 Abrahae
2533 2949 2820 3020 nepotibus
2848 2960 3024 3004 ortum
3055 2958 3138 3004 est
3159 2991 3172 3015 ,
3205 2948 3296 3003 ubi
3338 2950 3541 3019 primus

1939 3039 2182 3110 regnavit
2213 3038 2458 3095 Inachus.
2494 3041 2633 3096 Sane
2654 3041 2795 3111 quod
2826 3041 3257 3109 praetereundum
3284 3056 3388 3094 non
3412 3039 3532 3108 fuit,

1941 3132 2104 3188 etiam
2127 3133 2269 3202 apud
2297 3133 2603 3202 sepulcrum
2636 3133 2850 3202 septimi
2881 3134 2960 3187 sui
2993 3134 3136 3204 regis
3162 3132 3413 3186 Thuriaci
3444 3147 3535 3186 sa-

1941 3225 2182 3282 crificare
2207 3225 2488 3298 Sicyonios
2515 3227 2692 3282 solere
2711 3268 2726 3294 ,
2753 3227 2922 3281 Varro
2949 3226 3133 3281 refert.
3167 3226 3534 3296 Regnantibus

1941 3331 2105 3388 porro
2119 3319 2322 3373 octavis
2341 3319 2578 3390 regibus,
2605 3319 2930 3374 Armamitre
2956 3319 3316 3389 Assyriorum,
3335 3317 3525 3390 Sicyo-

1943 3411 2156 3468 niorum
2183 3411 2474 3483 Leucippo,
2505 3421 2560 3468 et
2586 3414 2760 3483 primo
2790 3414 3104 3483 Argivorum
3139 3411 3355 3473 Inacho,
3391 3410 3533 3466 Deus

1942 3506 2156 3562 locutus
2193 3516 2279 3562 est
2320 3507 2387 3562 ad
2431 3507 2609 3572 Isaac,
2633 3516 2794 3578 atque
2827 3507 2926 3576 ipsi
2958 3521 3171 3576 quoque
3198 3504 3387 3560 eadem
3417 3517 3540 3574 qua:

1942 3599 2080 3670 patri
2111 3598 2227 3669 ejus
2255 3598 2364 3653 duo
2392 3598 2479 3653 illa
2512 3596 2758 3669 promisit
2779 3640 2794 3662 ,
2824 3598 3013 3653 semini
3043 3597 3249 3651 scilicet
3279 3597 3394 3664 ejus
3423 3603 3538 3649 ter-

1943 3707 2057 3746 ram
2081 3690 2358 3757 Chanaan,
2386 3702 2439 3747 et
2467 3693 2519 3746 in
2547 3693 2666 3761 ejus
2694 3694 2903 3747 semine
2945 3690 3373 3745 benedictionem
3400 3704 3538 3743 cun-

1943 3793 2149 3840 ctarum
2181 3785 2440 3854 gentium.
2487 3784 2616 3838 Haac
2640 3785 2752 3853 ipsa
2785 3783 3052 3854 promissa
3082 3791 3207 3836 sunt
3235 3782 3394 3836 etiam
3429 3781 3539 3836 tilio

1942 3874 2090 3946 ejus;
2119 3875 2299 3944 nepoti
2325 3874 2577 3940 Abrahae,
2604 3874 2694 3945 qui
2725 3885 2808 3930 est
2833 3874 3132 3943 appellatus
3156 3874 3325 3942 primo
3347 3873 3536 3940 Iacob,

1942 3973 2066 4037 post
2091 3965 2293 4034 Israel,
2321 3980 2442 4020 cum
2470 3968 2581 4035 jam
2615 3965 2842 4020 Bclocus
2871 3981 2964 4019 rex
2997 3981 3168 4018 nonus
3201 3965 3453 4035 Assyriis.
3483 3972 3542 4018 et

1944 4057 2260 4115 Phoroneus
2307 4059 2487 4116 Inachi
2538 4060 2677 4114 ﬁlius
2721 4059 2988 4113 secundus
3019 4066 3271 4127 regnaret
3300 4056 3536 4126 Argivis,

1943 4149 2217 4220 Leucippo
2237 4151 2412 4206 adhuc
2433 4151 2571 4220 apud
2594 4149 2875 4220 Sicyonios
2899 4158 3264 4219 permanente.
3288 4148 3380 4203 His
3404 4158 3540 4203 tem-

1944 4243 2163 4313 poribus
2187 4240 2395 4298 Grmcia
2416 4243 2517 4297 sub
2546 4242 2830 4297 Phoroneo
2860 4241 3110 4310 Argolico
3131 4256 3256 4310 rege
3285 4241 3459 4311 legum
3483 4251 3538 4296 et

1939 4337 2261 4406 judiciorum
2313 4337 2630 4407 quibusdam
2675 4336 2874 4390 clarior
2928 4333 3064 4388 facta
3108 4343 3191 4388 est
3241 4333 3536 4390 institutis:

1943 4430 2194 4502 Phegeus
2215 4439 2393 4485 tamen
2417 4431 2580 4485 frater
2604 4429 2760 4500 hujus
2788 4428 3052 4482 Phoronei
3075 4428 3278 4496 junior,
3306 4443 3428 4480 cum
3453 4442 3542 4482 es—

1943 4533 2026 4578 set
2055 4533 2318 4588 mortuus,
2348 4523 2416 4578 ad
2446 4523 2562 4592 ejus
2588 4523 2892 4592 sepulcrum
2927 4522 3182 4590 templum
3213 4529 3297 4575 est
3335 4520 3540 4577 consti-

1945 4623 2136 4683 tutum,
2169 4618 2221 4668 in
2251 4630 2358 4684 quo
2383 4615 2655 4670 coleretur
2682 4623 2739 4668 ut
2765 4614 2918 4676 deus.
2944 4623 2998 4668 et
3024 4617 3071 4668 ei
3102 4613 3266 4668 boves
3296 4612 3542 4668 immola-

1942 4716 2147 4762 rentur.
2197 4705 2374 4761 Credo
2405 4706 2610 4760 honore
2640 4715 2789 4760 tanto
2827 4705 2952 4760 ideo
2981 4703 3203 4775 dignum
3247 4713 3536 4774 putarunt,

1943 4797 2066 4868 quia
2095 4797 2148 4852 in
2176 4797 2327 4867 regni
2365 4798 2446 4852 sui
2493 4805 2644 4866 parte
2691 4795 2883 4868 (pater
2909 4795 3105 4866 quippe
3138 4796 3251 4849 loca
3277 4795 3539 4849 ambobus

1942 4888 2306 4954 distribuerat,
2336 4890 2388 4944 in
2417 4876 2614 4959 quibus
2641 4904 2708 4944 eo
2736 4889 2952 4942 vivente
2978 4885 3285 4956 regnarent)
3319 4886 3418 4940 iste
3444 4901 3535 4941 sa-

1943 4983 2078 5038 cella
2107 4983 2462 5037 constituerat
2491 4981 2557 5036 ad
2587 4980 2843 5036 colendos
2871 4979 3004 5035 deos
3024 5021 3038 5043 ,
3071 4989 3125 5032 et
3159 4978 3413 5032 docuerat
3438 4978 3541 5033 ob-

1944 5078 2147 5132 servari
2181 5087 2422 5144 tempora
2452 5091 2549 5146 per
2576 5089 2791 5131 menses
2811 5084 2969 5142 atque
2989 5086 3180 5135 annos,
3199 5071 3326 5141 quid
3352 5087 3541 5129 eorum

2006 5191 2024 5222 ι
2059 5189 2177 5239 Editi
2193 5224 2208 5247 ,
2234 5187 2462 5252 Ninyum.‘
2487 5195 2542 5237 At
2564 5193 2670 5234 Mss.
2697 5198 2805 5252 cum
2833 5183 3064 5252 Eusebio,
3091 5180 3313 5252 pingam:

2004 5253 2026 5283 ²
2060 5242 2204 5309 aliti,
2226 5242 2462 5299 Tetefrion.
2481 5247 2789 5309 Asianuscripti
2809 5257 2946 5309 vero,
2972 5242 3202 5309 Telamon}
3225 5243 3308 5309 vel
3336 5243 3540 5309 Telsr'on.

2007 5314 2028 5346 ⁸
2061 5306 2249 5374 Aliquot
2264 5319 2368 5360 Mss.
2378 5347 2391 5368 ,
2408 5306 2742 5374 'I'Itirintacunt'.
2760 5307 2992 5355 Eusebius
3005 5306 3539 5374 vero,TItiramacltu_m.

2006 5375 2080 5439 (a)
2108 5369 2394 5439 Babylonem
2411 5369 2778 5439 aSemiramide
2799 5375 3342 5439 exstrtictamasserunt
3362 5372 3538 5439 Diodo-

1941 5430 2044 5499 rus,
2059 5430 2282 5485 'Justit'tus
2306 5443 2358 5483 et
2380 5433 2476 5482 alii.
2503 5431 2742 5499 Josephus
2758 5443 2918 5499 __vero,
2943 5430 3194 5499 Eusebius,
3219 5432 3537 5499 Marcellinus,

1942 5491 2140 5562 aliique,
2169 5500 2488 5562 instauratam
2502 5491 2802 5562 solummodo
2827 5492 2893 5562 ab
2923 5505 2983 5562 ea
3025 5493 3207 5562 dicunt.
3251 5501 3304 5562 et
3339 5491 3539 5562 amplis-:-

1942 5554 2066 5610 δίηιὸ
2111 5554 2340 5607 [omnium
2365 5558 2548 5605 ambitu
2569 5555 2792 5617 cinctam,
2814 5555 2898 5617 qui
2938 5555 3066 5604 inter
3105 5554 3335 5617 miracula
3369 5554 3537 5607 mundi

1942 5628 2241 5682 numeratur,
2269 5620 2521 5681 stadiaque
2539 5614 2898 5679 quadringenta
2922 5625 2974 5667 et
2994 5618 3237 5680 octoginta
3258 5614 3414 5667 fertur
3435 5617 3537 5668 col-

1943 5683 2146 5746 legisse.

2009 5766 2080 5827 (b)
2109 5765 2298 5814 Eusebii
2339 5763 2512 5827 chron.
2533 5798 2548 5822 ,
2594 5761 2806 5812 Analius.
2830 5789 2893 5800 -—
2914 5769 2980 5814 Ex
3023 5764 3203 5814 nostris
3234 5770 3288 5827 et
3315 5775 3407 5827 ex_
3423 5759 3534 5823 plu-

1940 5821 2096 5900 ribus
2122 5836 2200 5900 Pl‘.
2239 5821 2661 5880 Benedictinot-utn
2837 5829 3137 5890 reponimus,
3181 5823 3359 5874 arrius.
3385 5821 3537 5886 [kra-

1943 5889 2238 6014 ᾱηῖὶθιρῗὶι
2251 5951 2525 6014 Eusebium,
2553 5949 2809 6003 sum.
