4062 6480
251 407 342 467 ιω
1427 409 1632 468 LIBER
1674 411 1973 470 DECIMUS
2020 413 2358 475 OCTAVUS.

251 527 482 596 Amynta,
511 523 652 594 apud
679 523 960 597 Sicyonios
987 533 1141 581 exto
1171 525 1380 582 decimo
1407 527 1628 594 Corace,
1675 529 1815 598 apud

251 621 456 689 Argivos
501 616 716 672 decimo
761 617 975 681 Danao,
1031 617 1172 688 apud
1231 617 1582 672 Athenienses
1633 629 1820 688 quarto

251 710 602 768 Erichthonio.

250 824 454 882 CAPUT
493 823 610 879 XII.
628 855 699 866 -
715 825 794 878 De
820 825 977 880 sacris
999 826 1248 898 falsorum
1280 825 1509 892 deorum,
1545 842 1656 894 qua:
1681 845 1821 898 reges

309 915 516 972 Graeciae
541 917 650 971 illis
687 918 991 987 temporibus
1037 918 1359 972 instituerunt
1380 959 1395 984 ,
1442 935 1556 986 qua:
1589 919 1650 972 ab
1689 921 1824 974 exitu

306 1007 468 1062 Israel
503 1025 566 1061 ea:
599 1005 832 1084 .{E'gypto
861 1023 1018 1079 usque
1045 1008 1114 1062 ad
1139 1009 1329 1063 obitum
1357 1007 1482 1063 Jesu
1512 1007 1655 1064 Nave
1675 1011 1820 1064 dinu-

305 1108 578 1152 merentur.

305 1233 402 1288 Per
427 1231 548 1288 haec
571 1241 835 1302 tempora,
865 1232 916 1288 id
944 1241 1048 1300 est,
1075 1233 1145 1289 ab
1162 1233 1308 1288 exitu
1327 1231 1488 1288 Israel
1507 1247 1576 1287 ex
1595 1231 1824 1305 [Egypto

249 1341 397 1396 usque
423 1325 492 1380 ad
519 1335 748 1380 mortem
777 1325 905 1383 Jesu
931 1325 1098 1393 Nave,
1127 1339 1223 1396 per
1245 1339 1404 1396 quem
1429 1325 1652 1394 populus
1681 1325 1822 1380 idem

247 1429 432 1473 terram
471 1417 908 1486 repromissionis
953 1417 1194 1486 accepit,
1239 1430 1392 1471 sacra
1421 1425 1546 1470 sunt
1581 1417 1822 1472 instituta

245 1507 330 1564 diis
355 1508 506 1562 falsis
531 1523 560 1560 a
593 1508 810 1578 regibus
833 1506 1088 1574 Grazeite,
1116 1522 1234 1579 qua:
1261 1507 1574 1562 memoriam
1601 1507 1786 1562 diluvii
1803 1528 1850 1571 ,ο

246 1602 372 1654 etab
399 1614 463 1654 eo
493 1600 822 1654 Iiberationis
865 1599 1142 1654 hominum
1163 1642 1178 1668 ,
1217 1601 1446 1671 vitaeque
1472 1611 1596 1655 tunc
1623 1615 1820 1655 atrum-

249 1706 378 1746 nosaa
411 1691 569 1748 modo
605 1691 672 1746 ad
699 1692 803 1748 alta
823 1733 840 1760 ,
873 1691 1034 1746 modo
1071 1691 1138 1746 ad
1168 1693 1324 1762 plana
1350 1691 1708 1763 migrantium,
1735 1707 1824 1746 so-

249 1785 398 1838 lemni
438 1785 750 1840 celebritate
799 1794 1136 1840 revocarunt.
1181 1783 1314 1840 Nam
1357 1795 1412 1840 et
1457 1785 1820 1856 Lupercorum

247 1893 326 1946 per
351 1891 561 1932 sacram
591 1878 729 1932 viam
773 1891 1054 1932 ascensum
1097 1885 1258 1948 atque
1305 1877 1618 1934 descensum
1651 1875 1724 1950 (a)
1745 1877 1824 1933 sic

246 1971 655 2040 interpretantur
677 2011 694 2036 ,
739 1977 796 2023 ut
821 1967 892 2024 ab
915 1969 996 2026 eis
1021 1969 1307 2040 signiﬁcari
1335 1969 1514 2025 dicant
1545 1969 1786 2024 homines
1803 2009 1818 2037 ,

244 2061 320 2133 qui
345 2073 566 2132 propter
592 2076 746 2132 aquae.
776 2061 1174 2118 inundationem
1201 2077 1410 2118 summa
1433 2065 1694 2118 montium
1721 2080 1820 2133 pe-

244 2158 482 2224 tiverunt,
500 2165 554 2211 et
567 2170 756 2212 rursus
781 2155 970 2212 eadem
999 2155 1269 2212 residente
1295 2155 1362 2211 ad
1389 2155 1494 2210 ima
1525 2156 1816 2211 redierunt.

245 2249 320 2306 llis
363 2250 700 2320 temporibus
735 2249 1076 2322 Dionysium,
1125 2249 1214 2319 qui
1259 2249 1418 2306 etiam
1455 2249 1619 2304 Liber
1669 2259 1822 2320 pater

246 2343 410 2397 dictus
433 2353 532 2406 est,
561 2352 618 2398 et
645 2352 766 2412 post
791 2353 1018 2398 mortem
1047 2341 1180 2396 deus
1209 2341 1440 2406 habitus,
1463 2343 1624 2416 vitem
1645 2341 1826 2397 ferunt

245 2434 534 2490 ostendisse
581 2435 634 2489 in
661 2435 836 2490 Attica
869 2445 1007 2491 terra
1039 2435 1236 2506 hospiti
1265 2449 1382 2490 suo.
1417 2435 1566 2491 Tunc
1590 2436 1823 2505 Apollini

247 2526 490 2595 Delphico
519 2527 742 2580 inStituti
773 2535 898 2580 sunt
945 2524 1054 2580 ludi
1081 2525 1268 2580 musici
1288 2567 1302 2590 ,
1337 2535 1394 2582 ut
1421 2527 1721 2596 placaretur
1745 2527 1822 2582 ira

247 2618 387 2686 ejus,
439 2633 540 2688 qua
587 2618 843 2688 putabant
887 2616 1112 2672 afﬂictas
1141 2632 1260 2672 esse
1285 2619 1562 2674 sterilitate
1603 2617 1824 2674 Grrecia:

248 2711 480 2780 regiones
503 2751 518 2774 ,
564 2710 688 2781 quia
718 2724 824 2765 non
849 2709 1186 2766 defenderint
1211 2710 1468 2782 templum
1497 2711 1613 2781 ejus
1633 2754 1648 2776 ,
1679 2711 1820 2780 quod

247 2818 328 2858 rex
353 2803 568 2858 Danaus
591 2841 607 2868 ,
639 2817 760 2858 cum
788 2802 1004 2860 easdem
1031 2811 1204 2857 terras
1229 2801 1370 2858 bello
1397 2803 1711 2871 invasisset,
1743 2803 1824 2858 in-

247 2897 428 2952 cendit.
467 2897 578 2952 Hos
619 2905 794 2951 autem
825 2895 978 2950 ludos
1009 2904 1064 2950 ut
1089 2895 1429 2951 instituerent
1454 2895 1670 2949 oraculo
1699 2905 1824 2949 sunt

247 2990 347 3060 ejus
371 2990 687 3046 admoniti‘.
731 2991 788 3044 In
831 2989 1001 3044 Attica
1048 3005 1176 3044 vero
1219 3004 1314 3042 rex
1349 2987 1724 3043 Erichthonius
1773 2987 1824 3042 ei

249 3082 383 3140 ludos
415 3086 620 3154 primus
648 3083 874 3138 instituit
901 3101 912 3137 :
935 3095 1037 3136 nec
1065 3082 1115 3136 ei
1143 3087 1370 3146 tantum,
1404 3079 1498 3135 sed
1530 3079 1691 3134 etiam
1723 3078 1822 3132 Mi-

247 3194 444 3246 nervae,
489 3178 579 3233 ubi
629 3177 906 3248 prtemium
935 3174 1228 3230 victoribus
1271 3173 1448 3228 oleum
1497 3171 1820 3244 ponebatur,

248 3269 370 3340 quod
415 3271 534 3339 ejus
563 3267 766 3324 fructus
809 3267 1156 3321 inventricem
1187 3264 1516 3330 Minervam,
1549 3263 1684 3318 sicut
1713 3263 1822 3317 vini

249 3361 484 3418 Liberum
515 3361 752 3416 tradunt.
789 3361 888 3414 Per
917 3374 1010 3414 eos
1039 3373 1209 3412 annos
1237 3373 1268 3411 a
1297 3371 1424 3426 rege
1452 3355 1662 3410 Xantho
1691 3355 1824 3408 (Ire-

249 3455 484 3521 tensium,
512 3453 664 3522 cujus
687 3449 828 3522 apud
857 3450 992 3505 alios
1012 3449 1154 3504 aliud
1179 3463 1373 3502 nomen
1404 3447 1700 3502 invenimus
1725 3445 1819 3518 (b),

247 3557 378 3616 rapta
411 3544 722 3616 perhibetur
745 3544 956 3612 Europa
977 3583 992 3609 ,
1031 3551 1084 3597 et
1125 3539 1247 3595 inde
1282 3539 1446 3609 geniti
1479 3537 1824 3594 Rhadaman-

249 3637 374 3704 thus,
407 3635 710 3708 Sarpedon,
739 3645 793 3690 et
819 3635 1008 3699 Minos,
1043 3647 1178 3704 quos
1203 3631 1372 3702 magis
1401 3646 1468 3686 ex
1491 3631 1678 3686 eadem
1707 3647 1828 3686 mu-

248 3729 362 3784 liere
399 3730 537 3784 ﬁlios
577 3729 726 3784 Jovis
752 3743 870 3782 esse
897 3727 1165 3796 vulgatum
1193 3733 1295 3779 est.
1330 3723 1436 3779 Sed
1465 3725 1648 3778 talium
1689 3723 1824 3778 deo-

249 3835 350 3874 rum
378 3820 616 3875 cultores
645 3817 776 3876 illud
796 3816 938 3890 quod
964 3817 1029 3871 de
1057 3831 1182 3888 rege
1201 3815 1538 3870 Cretensium
1568 3813 1822 3881 diximus,

248 3909 501 3967 historica:
529 3911 799 3974 veritati‘;
846 3909 948 3964 hoc
994 3917 1170 3964 autem
1214 3907 1356 3978 quod
1403 3907 1469 3962 de
1493 3905 1622 3962 Jove
1653 3914 1825 3976 poetae

247 4013 469 4068 cantant,
503 4004 712 4058 theatra
741 4013 1095 4072 concrepant,
1130 4001 1308 4072 populi
1335 4001 1608 4056 celebrant
1628 4042 1643 4066 ,
1672 3999 1824 4054 vani-

247 4099 331 4152 tati
357 4099 618 4168 deputant
659 4095 954 4150 fabularum
981 4137 999 4162 ,
1049 4104 1106 4149 ut
1143 4103 1287 4150 esset
1328 4095 1466 4149 unde
1500 4093 1606 4148 ludi
1639 4092 1828 4147 ﬁerent

249 4191 509 4258 placandis
541 4189 850 4244 numinibus
889 4188 1050 4242 etiam
1097 4187 1241 4242 falsis
1272 4202 1453 4242 eorum
1494 4185 1822 4240 criminibus.

242 4284 332 4372 .His
362 4285 694 4354 temporibus
725 4283 984 4337 Hercules
1011 4283 1061 4335 in
1095 4281 1255 4353 Tyria
1292 4280 1361 4352 (c)
1391 4281 1565 4334 clarus
1592 4277 1826 4333 habeba-

247 4371 352 4440 tur;
402 4376 496 4431 sed
527 4377 776 4430 nimirum
805 4375 968 4438 alius,
1005 4391 1108 4427 non
1138 4374 1225 4426 ille
1253 4373 1318 4427 de
1346 4388 1450 4442 quo
1479 4385 1637 4440 supra
1667 4371 1828 4426 locuti

244 4481 443 4522 sumus.
472 4467 772 4523 Secretiore
797 4467 992 4536 quippe
1020 4464 1236 4518 historia
1260 4463 1440 4534 plures
1464 4461 1625 4516 fuisse
1643 4461 1828 4516 dicun-

247 4567 320 4612 tur
362 4567 420 4614 et
457 4558 632 4614 Liberi
665 4567 842 4626 patres
881 4567 934 4610 et
979 4555 1249 4610 Hercules.
1285 4553 1435 4608 Hunc
1459 4566 1590 4607 sane
1613 4551 1822 4608 Hercu-

244 4651 374 4718 lem,
405 4653 556 4722 cujus
581 4651 811 4720 ingentia
840 4649 1119 4705 duodecim
1165 4647 1302 4702 facta
1331 4655 1647 4712 numerant,
1681 4647 1824 4701 inter

243 4759 352 4812 qua:
381 4744 554 4797 Διιιωί
582 4743 694 4796 Afri
725 4757 911 4797 necem
957 4757 1062 4796 non
1109 4744 1566 4802 connnemorant,
1597 4736 1736 4805 quod
1765 4751 1826 4791 ea

243 4849 322 4890 res
345 4836 412 4890 ad
443 4835 665 4890 alterum
686 4835 965 4888 Herculem
993 4833 1241 4904 pertinet,
1265 4831 1318 4884 in
1340 4828 1478 4886 OEta
1503 4837 1681 4883 monte
1709 4843 1740 4882 a
1769 4843 1828 4884 se

245 4927 372 4996 ipso,
407 4929 682 4984 incensum
716 4928 946 4996 produnt
971 4925 1083 4980 suis
1111 4923 1320 4988 litteris,
1354 4937 1474 4976 cum
1505 4935 1568 4975 ea
1595 4921 1824 4988 virtute,

299 5087 316 5116 ι
353 5093 486 5146 ων..
501 5081 700 5134 oraculo
715 5089 823 5132 sum
841 5077 1108 5146 admoniti;
1129 5080 1326 5140 omisso,
1353 5075 1473 5138 ejus,
1493 5075 1622 5138 quod
1645 5073 1830 5126 habent

242 5147 352 5196 editi
385 5146 466 5196 alii
491 5145 934 5210 etmanuscripti-_
1100 5203 1110 5210 ,
1186 5209 1193 5210 γ
1255 5202 1268 5210 ,

300 5211 318 5239 ³
355 5217 485 5264 t.ov..
514 5209 630 5258 dant
655 5198 860 5257 veritati.
887 5203 1053 5264 Abest,
1077 5202 1288 5264 dant,ab
1312 5200 1454 5252 editis
1477 5198 1584 5249 aliis
1607 5205 1659 5250 et
1676 5211 1706 5248 a
1725 5210 1826 5250 ma-

241 5273 512 5319 uuscrintis.

554 5333 646 5403 via,
670 5343 780 5404 quae
803 5343 828 5378 a
853 5337 1084 5404 varrone,
1093 5327 1162 5404 de
1173 5327 1364 5404 nmqgua
1381 5323 1546 5404 latina,
1563 5329 1828 5404 utcumque

239 5384 544 5452 describitur,
563 5384 779 5442 sic'dieta
804 5399 897 5448 est,
923 5391 1048 5453 quod
1073 5384 1138 5438 ibi
1159 5384 1328 5453 fusius
1351 5388 1478 5453 inter
1503 5384 1760 5453 ltomulum‘
1775 5391 1828 5434 et

237 5459 428 5525 Tatium
459 5445 631 5525 regem
659 5445 954 5502 sabinorum
975 5454 1119 5525 ictum
1153 5449 1318 5525 fuerit.
1359 5445 1694 5525 acclivisgerat

241 5519 332 5574 via,
359 5519 475 5566 ideo
497 5508 816 5579 lfupercorum
841 5513 1162 5572 sacerdotum,
1191 5513 1297 5579 sive
1317 5521 1483 5559 eorum
1507 5511 1588 5579 qui
1606 5508 1702 5579 dco
1717 5509 1826 5558 Pani

399 5571 654 5648 iaciebant,
676 5589 908 5648 ascensus
937 5571 1728 5648 permeam_et£leseetisusdicituti.

303 5638 376 5704 (ὁ)
407 5642 618 5704 Asterius
641 5635 912 5704 nominatur
937 5635 984 5686 in
1009 5637 1208 5704 Eusebii
1221 5635 1470 5692 Chronico,
1495 5635 1578 5702 qui
1603 5645 1672 5704 ex.
1688 5639 1828 5704 [iuro-

303 5651 354 5700 (D
407 5651 618 5690 astet-tus
641 5651 912 5688 nounnatur
937 5651 984 5686 tn
1011 5651 1198 5686 husenu
1221 5651 1470 5692 L'lll‘OlllCU,
1495 5651 1578 5702 qui
1603 5651 1664 5680 ex
1688 5651 1822 5702 tauro-

239 5715 298 5764 pa
321 5651 710 5762 Rhadamantem,
734 5700 1058 5766 Sarpedonem
1084 5707 1142 5766 et_
1159 5699 1358 5766 Minoem
1373 5705 1605 5766 genuisse
1629 5693 1822 5766 dieitur.

299 5767 372 5826 (ε)
401 5765 622 5826 Plerique
643 5753 772 5822 Mss,
795 5753 848 5812 iit
877 5759 1033 5826 syria.
1054 5761 1144 5810 sed
1166 5761 1206 5826 si
1226 5761 1302 5808 hic
1321 5753 1649 5826 esttlercules
1671 5757 1752 5826 qui
1775 5757 1824 5805 in

232 5815 659 5876 OEia'eombustus
696 5815 788 5882 est,
829 5815 1062 5874 Hercules
1099 5825 1296 5885 Argivus
1333 5821 1443 5876 erit,
1480 5823 1532 5864 et
1561 5815 1824 5878 legendum

239 5890 354 5947 erit,
379 5887 436 5937 in
462 5887 716 5952 mrinthia,
753 5900 862 5950 qua:
888 5894 965 5936 est
995 5887 1110 5952 urbs
1137 5882 1186 5934 in
1211 5882 1538 5945 Peloponneso
1559 5891 1714 5942 prope
1739 5893 1822 5932 ar-

235 5963 348 6012 εωι
373 5953 432 6002 in
452 5947 540 6011 utia
565 5947 800 6002 educanti
821 5955 900 6001 est
920 5947 1168 6000 Hercules.
1189 5953 1301 5998 Lua.
1329 5952 1482 5994 VIVIS.

3403 425 3508 484 570

1929 548 2032 602 qua
2061 543 2298 590 monstra
2327 537 2626 608 subegerat,
2655 539 2899 595 morbum
2929 547 3127 606 tamen,
3153 557 3258 612 quo
3287 543 3506 616 langue-

1929 623 2051 690 bat,
2083 628 2344 682 sustinere
2373 645 2475 684 non
2519 642 2716 700 posset.
2751 633 2846 688 Illo
2877 643 3116 706 tempore
3140 637 3224 692 vel
3267 651 3388 702 rex,
3423 637 3508 692 vel

1927 718 2102 786 potius
2127 727 2382 789 tyrannus
2409 723 2609 778 Busiris
2634 725 2742 780 suis
2771 727 2873 782 diis
2902 743 3027 784 suos
3059 729 3297 798 hospites
3319 733 3509 786 immo-

1927 810 2121 876 labat‘,
2145 829 2300 884 quem
2324 815 2484 870 lilium
2505 817 2779 886 perhibent
2797 821 2958 876 fuisse
2981 821 3230 893 Neptuni,
3252 837 3316 878 ex
3341 831 3510 879 matre

1925 901 2111 974 Libya,
2143 905 2248 960 ﬁlia
2275 905 2495 976 Epaphi.
2527 907 2722 964 Verum
2751 927 2854 964 non
2875 913 3123 968 credatur
3143 913 3244 968 hoc
3263 925 3507 984 stuprum

1926 1007 2260 1065 perpetrasse
2288 999 2558 1068 Neptunus
2583 1043 2598 1067 ,
2646 1017 2710 1056 ne
2742 1003 2814 1058 dii
2844 1016 3160 1060 accusentur
3183 1023 3196 1060 :
3219 1007 3312 1060 sed
3341 1005 3508 1076 poetis

1925 1099 1980 1143 et
2028 1091 2248 1145 theatris
2300 1093 2397 1146 ista
2443 1093 2774 1160 tribuantur,
2823 1107 2880 1150 ut
2922 1099 2990 1150 sit
3033 1097 3172 1152 unde
3211 1098 3505 1166 placentur.

1931 1179 2256 1236 Erichthonii
2275 1183 2414 1252 regis
2433 1183 2854 1252 Atheniensium,
2873 1187 3024 1255 cujus
3041 1189 3340 1242 novissimis
3355 1189 3508 1243 annis

1925 1269 2080 1356 Jcsus
2109 1273 2252 1329 Nave
2295 1285 2535 1330 mortuus
2565 1277 2861 1345 reperitur,
2915 1278 3178 1334 Vulcanus
3201 1291 3254 1334 et
3276 1280 3508 1336 Minerva

1927 1375 2172 1432 parentes
2204 1365 2366 1422 fuisse
2391 1367 2656 1422 dicuntur.
2687 1368 2788 1423 Sed
2815 1370 3061 1440 quoniam
3091 1371 3375 1426 Minervam
3405 1374 3510 1428 vir-

1925 1455 2102 1526 ginem
2139 1459 2354 1526 volunt,
2407 1461 2458 1514 in
2503 1462 2782 1517 amborum
2826 1463 3170 1519 contentione
3218 1465 3506 1522 Vulcanum

1927 1559 2252 1628 commotum
2281 1552 2531 1609 eﬁ'udisse
2574 1555 2722 1610 aiunt
2768 1570 2952 1610 semen
2983 1557 3038 1610 in
3077 1565 3306 1622 terram,
3353 1569 3511 1628 atque

1927 1627 2049 1696 inde
2079 1641 2277 1696 homini
2307 1655 2432 1699 nato
2457 1646 2526 1700 ob
2547 1662 2664 1700 eam
2685 1661 2898 1701 causam
2923 1647 3028 1702 tale
3049 1627 3508 1712 inditumnomen.

1855 1769 1872 1785 .
1926 1731 2112 1788 Graeca
2141 1733 2282 1788 enim
2312 1735 2486 1806 lingua
2514 1747 2614 1807 ερις
2643 1739 2914 1794 contentio
2933 1781 2948 1804 ,
2992 1749 3048 1794 et
3076 1749 3194 1810 χθών
3223 1751 3366 1796 terra
3397 1751 3510 1808 est;

1925 1840 1988 1880 ex
2021 1826 2216 1896 quibus
2245 1828 2452 1884 duobus
2483 1831 2834 1900 compositum
2865 1833 3179 1888 vocabulum
3211 1845 3294 1888 est
3321 1835 3511 1890 Erich-

1929 1919 2164 1974 thonius.
2210 1919 2444 1984 Verum,
2488 1922 2630 1992 quod
2669 1923 2941 1978 fatendum
2981 1934 3095 1990 est,
3129 1926 3376 1980 refellunt
3403 1937 3456 1982 et
3481 1941 3512 1982 a

1925 2011 2036 2065 suis
2061 2011 2160 2065 diis
2191 2013 2455 2080 repellunt
2483 2014 2580 2067 ista
2610 2013 2895 2079 doctiores,
2928 2015 3016 2084 qui
3047 2015 3180 2070 hanc
3205 2017 3510 2086 opinionem

1925 2101 2219 2158 fabulosam
2245 2101 2367 2158 hinc
2393 2113 2630 2159 exortam
2663 2106 2872 2172 ferunt,
2905 2107 3026 2176 quia
3073 2107 3124 2162 in
3157 2109 3353 2178 templo
3383 2108 3510 2163 Vul-

1927 2196 2044 2250 cani
2075 2205 2128 2250 ct
2157 2196 2427 2262 Minervae,
2451 2197 2592 2267 quod
2617 2199 2774 2254 ambo
2800 2215 2960 2254 unum
2983 2199 3248 2254 habebant
3267 2199 3512 2268 Athenis,

1927 2291 2200 2358 expositus
2245 2291 2496 2346 inventus
2526 2300 2610 2346 est
2649 2309 2778 2362 puer
2817 2293 3050 2348 dracone
3079 2293 3340 2348 involutus
3363 2333 3378 2358 ,
3422 2293 3512 2364 qui

1929 2399 2049 2438 eutn
2081 2383 2396 2452 signiﬁcavit
2437 2399 2685 2454 magnum
2717 2383 2984 2450 futurum,
3029 2394 3082 2439 et
3121 2393 3338 2455 propter
3361 2399 3512 2440 com-

1927 2489 2089 2529 mune
2109 2475 2384 2542 templum,
2413 2489 2532 2529 cum
2559 2485 2738 2530 essent
2763 2483 3009 2544 parentes
3029 2475 3143 2544 ejus
3169 2476 3353 2545 ignoti,
3385 2474 3513 2530 Vul-

1927 2569 2046 2624 cani
2087 2575 2143 2622 et
2168 2568 2414 2622 Minerva:
2453 2567 2652 2622 dictum
2695 2581 2814 2621 esse
2857 2566 3020 2622 ﬁlium
3045 2569 3307 2622 :nominis
3336 2577 3516 2624 tamen

1929 2661 2044 2730 ejus
2072 2661 2330 2730 originem
2365 2659 2539 2714 fabula
2583 2657 2674 2712 illa
2721 2659 2896 2728 potius
2935 2674 3094 2728 quam
3135 2660 3234 2714 ista
3274 2659 3517 2728 designat

1929 2753 2173 2808 historia.
2209 2753 2312 2809 Sed
2341 2753 2466 2823 quid
2510 2751 2576 2806 ad
2621 2751 2753 2807 nos?
2795 2752 2906 2807 lloc
2947 2753 3000 2806 in
3049 2752 3324 2806 veracibus
3369 2752 3518 2807 libris

1929 2847 2174 2904 homines
2202 2847 2430 2901 instruat
2455 2847 2789 2918 religiosos',
2833 2847 2958 2902 illud
2987 2847 3040 2900 in
3083 2846 3356 2900 fallacibus
3381 2845 3518 2900 ludis

1927 2937 2202 2994 dmmones
2227 2939 2456 2994 delectet
2489 2940 2766 3010 impuros:
2791 2935 2925 3009 quos
2951 2948 3128 2992 tamen
3173 2936 3247 2990 illi
3287 2936 3518 3007 religiosi

1929 3043 2180 3104 tanquam
2211 3033 2339 3088 deos
2364 3033 2577 3098 colunt;
2609 3041 2663 3087 et
2689 3047 2809 3086 cum
2837 3031 2905 3085 de
2927 3029 3030 3084 illis
3061 3030 3173 3084 haec
3199 3037 3412 3099 negant,
3445 3027 3514 3082 ab

1929 3126 2074 3180 omni
2101 3140 2196 3180 eos
2223 3125 2444 3179 crimine
2473 3137 2700 3194 purgare
2737 3137 2843 3176 non
2874 3131 3094 3192 possunt
3114 3161 3128 3185 ,
3158 3121 3406 3188 quoniam
3435 3119 3517 3172 lu-

1927 3219 2026 3274 dos
2062 3220 2140 3274 eis
2182 3217 2526 3289 poscentibus
2569 3215 2860 3282 exhibent,
2907 3215 2994 3269 ubi
3034 3213 3258 3282 turpiter
3289 3219 3518 3282 aguntur

1929 3327 2048 3382 qua:
2078 3311 2224 3366 velut
2263 3311 2532 3378 sapienter
2569 3317 2863 3378 negantur,
2892 3316 2943 3360 et
2977 3304 3058 3359 his
3089 3303 3236 3358 falsis
3259 3317 3320 3362 ac
3347 3300 3518 3379 turpi-

1929 3407 2029 3462 bus
2057 3405 2130 3460 dii
2153 3405 2446 3476 placantur,
2463 3401 2550 3458 ubi
2576 3401 2681 3462 etsi
2718 3399 2892 3462 fabula
2913 3411 3090 3460 cantat
3108 3419 3310 3458 crimen
3333 3403 3516 3456 numi-

1929 3515 2058 3556 num
2090 3499 2279 3558 falsutn
2299 3541 2316 3567 ,
2347 3495 2598 3556 delectari
2623 3507 2804 3556 tamen
2849 3498 2982 3554 falso
3023 3497 3250 3553 crimine
3269 3538 3284 3564 ,
3315 3495 3518 3552 crimen

1929 3605 2014 3652 est
2038 3611 2241 3650 verum.

1928 3710 2154 3768 CAPUT
2193 3709 2328 3764 XIII.
2355 3707 2688 3774 —Quafium
2732 3705 3021 3776 fabularum
3061 3705 3298 3776 ﬁgmenta
3339 3711 3516 3760 exorta

2005 3803 2098 3859 sint
2143 3818 2202 3856 eo
2235 3811 2474 3872 tempore,
2519 3815 2616 3870 quo
2667 3797 2895 3852 Hebreis
2928 3795 3136 3851 Iudices
3173 3811 3387 3868 prmesse
3420 3811 3521 3850 cas-

2001 3903 2199 3969 perunt.

2001 4011 2132 4065 Post
2172 4018 2400 4064 mortem
2427 4005 2556 4061 Jesu
2580 4003 2746 4071 Nave,
2790 4002 3020 4074 p0pulus
3045 4001 3142 4056 Dei
3180 3999 3394 4056 Judices
3422 3999 3517 4054 ha-

1932 4103 2065 4170 buit,
2109 4101 2299 4172 quibus
2339 4097 2671 4167 temporibus
2701 4097 3102 4150 alternaverunt
3139 4091 3278 4162 apud
3326 4107 3422 4148 eos
3464 4100 3521 4147 et

1931 4193 2262 4250 humilitates
2297 4191 2540 4246 laborum
2581 4203 2676 4258 pro
2712 4201 2898 4242 eorum
2927 4183 3178 4255 peccatis,
3211 4194 3262 4239 et
3293 4199 3518 4254 prospe-

1933 4291 2117 4346 ritates
2147 4285 2572 4342 consolationem
2599 4289 2818 4352 propter
2843 4279 3237 4333 miserationem
3269 4277 3384 4332 Dei.
3423 4275 3518 4331 His

1936 4379 2266 4450 temporibus
2310 4375 2499 4430 fabulae
2541 4374 2676 4428 ﬁctae
2720 4379 2847 4426 sunt
2886 4370 2952 4425 de
2992 4369 3343 4438 Triptolemo,
3375 4366 3517 4437 quod

1928 4473 2149 4544 jubente
2186 4469 2406 4534 Cerere,
2438 4467 2700 4537 anguibus
2727 4473 2966 4534 portatus
3008 4461 3242 4528 alitibus,
3273 4459 3518 4529 indigen-

1937 4567 2074 4621 tibus
2121 4565 2276 4620 tcrris
2321 4562 2585 4616 frumenta
2627 4557 2853 4612 volando
2892 4555 3214 4610 contulerit:
3241 4553 3307 4609 de
3352 4552 3520 4608 Mino-

1935 4671 2106 4722 tauro,
2153 4654 2296 4726 quod
2345 4653 2514 4708 bestia
2561 4651 2721 4707 fuerit
2765 4650 2968 4704 inclusa
3012 4646 3369 4719 Labyrintho;
3411 4659 3520 4715 quo

1933 4769 2053 4806 cum
2101 4751 2390 4804 intrassent
2431 4745 2698 4812 homines,
2747 4741 3101 4799 inextricabili
3147 4755 3348 4805 errore,
3395 4737 3518 4792 inde

1934 4845 2078 4899 exire
2124 4857 2228 4896 non
2273 4838 2651 4910 poterant:de
2689 4835 3014 4899 Centauris,
3073 4831 3214 4902 quod
3260 4843 3520 4898 equorum

1935 4937 2315 5003 hominumque
2357 4930 2518 4986 fuerit
2563 4941 2749 4984 natura
2793 4927 3074 4997 c0njuncla
3117 4924 3224 4977 :de
3263 4923 3516 4986 Cerbero,

1933 5027 2075 5099 quod
2103 5027 2170 5082 sit
2197 5027 2392 5095 triceps
2421 5023 2711 5078 inferorum
2742 5019 2890 5076 canis
2919 5017 3018 5072 :de
3044 5015 3257 5084 Phryxo
3285 5022 3341 5068 et
3369 5012 3518 5067 Helle

1934 5120 2050 5192 ejus
2094 5133 2302 5184 sorore,
2349 5115 2490 5186 quod
2531 5115 2670 5169 vecti
2720 5113 2888 5166 ariete
2914 5107 3207 5162 volaverint
3232 5123 3244 5158 :
3271 5105 3338 5160 de
3379 5103 3518 5160 Goro

1933 5229 2094 5285 gone,
2125 5211 2266 5282 quod
2310 5209 2467 5264 fuerit
2490 5208 2678 5261 crinita
2711 5201 3067 5274 serpentibus,
3111 5207 3166 5254 et
3197 5199 3519 5268 aspicientes

1934 5301 2278 5359 convertebat
2305 5301 2357 5354 in
2382 5297 2584 5366 lapides
2614 5314 2625 5348 :
2653 5296 2719 5349 de
2747 5289 3178 5360 Bellerophonte,
3210 5289 3350 5358 quod
3381 5303 3519 5357 equo

1935 5396 2124 5466 pennis
2151 5393 2369 5447 volante
2404 5391 2473 5443 sit
2495 5398 2696 5450 vectus,
2743 5385 2834 5455 qui
2879 5397 3048 5452 equus
3079 5379 3314 5451 Pegasus
3344 5379 3516 5434 dictus

1933 5499 2018 5546 est
2047 5509 2059 5544 :
2090 5489 2158 5544 de
2202 5485 2521 5555 Amphione,
2563 5481 2704 5554 quod
2748 5481 2969 5534 citharae
3013 5476 3274 5531 suavitate
3317 5475 3519 5544 lapides

1933 5591 2178 5647 mulserit
2228 5595 2285 5644 et
2327 5583 2644 5640 attraxerit:
2675 5579 2744 5636 de
2799 5577 2946 5632 fabro
2993 5575 3242 5642 Daedalo,
3298 5585 3352 5629 et
3401 5573 3520 5642 ejus

1993 5753 2011 5784 ι
2047 5749 2214 5800 Plures
2236 5755 2362 5807 Mss,
2385 5741 2601 5794 Busirius
2622 5739 2723 5791 suis
2747 5737 2842 5790 diis
2863 5749 2972 5789 suos
3009 5735 3164 5800 purius
3196 5733 3403 5797 hospites
3425 5732 3517 5780 im-

1929 5813 2151 5866 molabat.
2435 5869 2440 5871 _
2815 5864 2824 5871 .
2913 5863 2957 5871 ..
3035 5860 3046 5871 .
3183 5857 3194 5871 .
3315 5851 3524 5871 .-_..-

1991 5857 2463 5940 i'isie'manuseriptin.
2490 5865 2684 5940 At.editi_
2696 5879 2710 5918 :
2733 5864 2824 5940 sed
2842 5857 3282 5940 Δςιξιμέυεςιὶἰξιοε,
3302 5867 3413 5906 cum
3441 5857 3524 5905 isti

1935 5939 1990 5992 in
2010 5919 2254 5990 iam
2267 5919 2412 5985 ’ubn's
2433 5928 2644 5981 Iwmines
2665 5919 2902 5980 instruaitt
2930 5921 3174 5983 religiosas
3191 5919 3218 5970 γ
