4062 6482
303 341 394 397 δη

299 471 410 512 rum
434 461 611 508 autem
649 449 902 506 vicesimo
924 455 978 502 et
1003 459 1146 501 nono
1171 444 1320 500 Oneo
1348 453 1402 499 et
1423 444 1687 498 Melantho
1705 444 1867 499 Athe-

301 550 417 602 nien
455 546 593 599 sium
631 556 783 598 sexto
826 538 1253 598 deeimo.Judice
1301 547 1476 591 autem
1527 536 1870 591 Hebraeorum

299 639 411 694 Heli
436 636 738 700 sacerdote,
757 648 977 703 regnum
995 631 1360 702 Sicyoniorum
1379 638 1746 698 consumptum
1767 637 1867 694 est,

297 730 434 802 quod
463 744 555 799 per
574 742 744 782 annos
766 733 1060 796 nongentos
1083 719 1459 792 quinquaginta
1476 728 1531 775 et
1550 735 1738 775 novem
1767 729 1875 774 tra-

297 822 434 874 ditur
462 819 625 874 fuisse
655 825 975 888 porrectum.

239 934 246 938 ·
295 915 377 970 CA
388 911 517 968 PUT
544 907 820 966 XX.—De
838 906 1149 962 successione
1166 904 1494 975 ordinisreqii
1509 903 1645 973 apud
1660 901 1874 956 Israeli-

699 1012 778 1056 tas
810 1010 919 1071 post
943 999 1206 1052 Juidcium
1231 1008 1475 1066 tempora.

365 1094 484 1148 Mox
511 1094 710 1148 eisdem
740 1091 968 1161 perloea
1005 1099 1296 1144 memorata
1324 1087 1683 1157 regnantibus,
1708 1085 1876 1140 lsrae-

296 1185 511 1238 litarum
549 1198 810 1254 regnum,
861 1181 1008 1234 finito
1056 1188 1294 1249 tempore
1340 1178 1620 1241 iudicum,
1656 1193 1688 1230 a
1717 1177 1876 1231 Saule

295 1290 423 1344 rege
463 1276 691 1344 sumpsit
729 1271 1005 1328 exordium
1041 1287 1186 1340 :quo
1235 1279 1472 1337 tempore
1527 1268 1624 1322 fuit
1662 1267 1874 1323 Samuel

293 1367 578 1436 propheta.
611 1366 693 1420 Ab
721 1365 814 1419 illo
841 1365 1002 1434 igitur
1030 1371 1268 1430 tempore
1296 1361 1349 1414 hi
1377 1375 1526 1431 reges
1570 1359 1875 1413 Latinorum

294 1474 418 1514 esse
463 1468 773 1528 creperum,
822 1472 955 1527 quos
1001 1454 1412 1526 cogotninabant
1451 1453 1644 1507 Silvios
1679 1451 1786 1506 :ab
1812 1466 1877 1506 eo

292 1550 491 1620 quippe
533 1550 622 1620 qui
669 1550 806 1603 filius
851 1548 1035 1602 Ainete
1079 1548 1282 1616 primus
1329 1547 1502 1600 dictus
1547 1554 1630 1600 est
1657 1545 1872 1611 Silvius,

294 1641 506 1695 ca-teris
531 1641 831 1694 subsecutis
855 1650 910 1694 et
951 1639 1166 1708 propria
1199 1637 1414 1691 nomina
1447 1637 1874 1706 imponebantur,

295 1741 352 1786 et
380 1731 484 1786 hoc
503 1747 608 1785 non
638 1729 809 1785 defuit
846 1738 1283 1800 cognomentum;
1315 1729 1452 1782 sicut
1495 1728 1652 1796 longe
1697 1735 1878 1795 postea

293 1820 540 1876 Ctesares
577 1821 932 1890 cognominati
976 1829 1119 1884 sunt,
1146 1819 1236 1889 qui
1279 1828 1648 1874 successerunt
1683 1816 1879 1871 Caesari

296 1914 552 1982 Augusto.
581 1912 884 1982 Reprobato
899 1922 1073 1967 autem
1095 1909 1274 1977 Saule,
1293 1926 1359 1964 ne
1383 1910 1659 1980 quisquam
1681 1924 1744 1962 ex
1765 1907 1880 1977 ejus

295 2007 466 2076 stirpe
494 2015 760 2076 regnaret,
790 2020 960 2074 eoque
1006 2004 1277 2070 defuncto,
1322 2003 1486 2058 David
1537 2002 1796 2057 successit
1825 2001 1879 2055 in

295 2113 522 2167 regnum
544 2105 664 2166 post
695 2111 864 2150 annos
888 2112 919 2150 a
944 2095 1116 2150 Saulis
1157 2094 1380 2164 imperio
1405 2093 1750 2164 quadraginta
1781 2092 1878 2162 (a).

298 2189 450 2243 Tunc
493 2189 846 2243 Athenienses
887 2187 1084 2242 habere
1125 2186 1317 2242 deinde
1365 2202 1519 2256 reges
1558 2196 1676 2255 post
1720 2184 1880 2240 Codri

299 2279 572 2334 interitum
594 2279 927 2341 destiterunt,
943 2285 1000 2332 et
1023 2279 1362 2343 magistratus
1387 2275 1582 2330 habere
1607 2283 1884 2345 emperunt

295 2369 733 2424 administranda:
769 2369 1073 2439 reipublicae
1101 2367 1194 2440 (b).
1224 2368 1349 2421 Post
1379 2367 1562 2432 David,
1605 2367 1693 2436 qui
1722 2366 1881 2420 etiam

297 2462 417 2532 ipse
437 2461 779 2532 quadraginta
822 2462 1059 2531 regnavit
1095 2475 1286 2524 annos,
1314 2459 1452 2513 filius
1491 2459 1606 2526 ejus
1632 2458 1881 2513 Salomon

295 2569 397 2607 rex
415 2552 767 2607 lsraelitarnm
794 2551 920 2615 fuit,
953 2552 1041 2622 qui
1064 2550 1316 2618 templum
1335 2548 1461 2602 illud
1494 2549 1880 2603 nobilissimum

300 2645 395 2699 Dei
422 2643 923 2715 Jerosolymitanutn
967 2641 1221 2696 mndidit.
1256 2640 1420 2709 Cujus
1462 2648 1702 2709 tempore
1745 2638 1884 2708 apud

298 2735 515 2792 Latinos
539 2735 751 2790 condita
778 2742 860 2788 est
883 2733 1036 2796 Alba,
1065 2748 1131 2787 ex
1157 2746 1260 2802 qua
1299 2731 1552 2800 deinceps
1589 2745 1693 2784 non
1736 2727 1881 2782 Lati-

299 2845 515 2895 norum,
558 2828 652 2883 sed
703 2828 1024 2882 Albanorum
1079 2841 1230 2894 reges
1268 2824 1544 2894 appellari,
1597 2823 1651 2876 in
1691 2821 1882 2876 eodem

299 2931 479 2974 tamen
502 2919 674 2982 Latio,
697 2926 992 2987 coeperunt.
1018 2916 1290 2971 Salomoni
1317 2914 1573 2970 successit
1601 2913 1742 2968 filius
1767 2912 1882 2982 ejus

297 3011 563 3075 Roboam,
595 3010 695 3064 sub
717 3026 820 3080 quo
849 3011 899 3063 in
939 3009 1044 3064 duo
1079 3024 1237 3078 regna
1280 3009 1505 3077 populus
1552 3007 1640 3060 ille
1685 3005 1886 3060 divisus

297 3111 403 3166 est,
435 3112 489 3157 et
535 3103 757 3172 singulm
798 3111 976 3171 partes
1022 3116 1149 3157 suos
1205 3099 1440 3169 singulos
1488 3112 1642 3168 reges
1687 3096 1885 3152 habere

297 3204 605 3263 ceperunt.

297 3284 526 3342 CAPUT
566 3283 709 3340 XXI.
758 3313 828 3324 —
865 3284 944 3338 De
978 3285 1177 3355 regibus
1215 3282 1385 3346 Latii,
1439 3297 1652 3350 quorum
1690 3280 1884 3350 primus

424 3373 644 3442 Encas,
676 3385 722 3428 et
748 3374 1068 3428 duodecima:
1090 3373 1362 3426 Aventinus
1383 3371 1454 3423 dii
1480 3371 1600 3440 facti
1627 3381 1762 3424 sunt.

374 3468 582 3523 Latium
610 3477 730 3537 post
758 3465 1006 3528 Eneam,
1036 3481 1191 3535 quem
1219 3463 1376 3518 deum
1419 3463 1675 3529 fecerant,
1722 3461 1888 3516 unde-

297 3562 402 3616 cim
450 3575 604 3632 reges
651 3559 853 3623 habuit,
903 3574 1126 3628 quorum
1173 3558 1348 3611 nullus
1394 3556 1527 3611 deus
1569 3554 1741 3610 factus
1783 3562 1884 3609 est.

298 3652 598 3706 Aventinus
623 3659 801 3704 autem
828 3650 916 3718 qui
939 3647 1254 3702 duodecimo
1283 3647 1402 3700 loco
1432 3645 1658 3700 IEneam
1705 3645 1885 3714 sequi-

299 3751 407 3806 tur,
441 3757 561 3796 eum
589 3748 736 3796 esset
777 3747 1072 3808 prostratus
1103 3739 1156 3792 in
1187 3737 1348 3802 bello,
1377 3748 1431 3790 et
1461 3735 1700 3804 sepultus
1741 3736 1792 3788 in
1818 3749 1888 3789 eo

300 3843 524 3900 monte,
572 3834 665 3902 qui
703 3833 862 3887 etiam
905 3846 1044 3885 nune
1085 3829 1202 3900 ejus
1247 3829 1463 3882 nomine
1508 3835 1880 3896 nuncupatur,

298 3925 523 3980 deorum
567 3925 772 3989 talium,
819 3923 1003 3992 quales
1044 3922 1142 3976 sibi
1187 3919 1485 3984 faciebant,
1537 3933 1759 3972 numero
1805 3925 1888 3972 est

298 4015 532 4070 additus.
562 4016 663 4068 Alii
690 4029 818 4068 sane
845 4014 1128 4067 noluerunt
1153 4027 1274 4066 eum
1318 4013 1371 4065 in
1419 4009 1605 4080 przelio
1649 4007 1886 4063 scribere

298 4108 560 4172 occisum,
589 4107 682 4162 sed
711 4122 814 4161 non
844 4105 1206 4176 comparuisse
1234 4105 1484 4159 dixerunt
1515 4121 1528 4157 :
1559 4101 1654 4158 sed
1679 4117 1779 4157 nec
1816 4117 1883 4157 ex

297 4202 419 4269 ejus
460 4200 720 4254 vocabulo
744 4198 1063 4267 appellatum
1111 4204 1372 4258 montem,
1403 4194 1497 4250 sed
1541 4210 1607 4250 ex
1653 4193 1882 4249 adventu

295 4293 477 4346 avium
500 4291 699 4345 dictum
731 4291 1052 4345 Aventinum
1082 4287 1174 4360 (ο).
1204 4287 1332 4342 Post
1356 4286 1497 4342 hunc
1526 4301 1633 4340 non
1658 4293 1741 4340 est
1755 4285 1885 4339 deus

299 4385 476 4439 factus
505 4384 556 4438 in
584 4383 758 4446 Latio,
787 4384 885 4437 nisi
913 4382 1169 4436 Romulus
1215 4380 1458 4435 conditor
1503 4377 1706 4433 Romae.
1744 4376 1886 4432 Inter

298 4476 462 4530 istum
492 4485 672 4530 autem
688 4484 741 4528 et
774 4474 920 4528 illum
952 4488 1104 4543 reges
1121 4472 1465 4540 reperiuntur
1479 4469 1624 4524 duo:
1659 4482 1882 4538 quorum

298 4567 508 4637 primus
533 4577 634 4628 est,
660 4574 719 4619 ut
745 4565 1032 4634 Virgiliano
1056 4580 1177 4616 eum
1205 4577 1360 4616 versu
1381 4562 1652 4631 eloquar‘,

426 4659 672 4707 Proximus
693 4655 777 4704 ille
801 4662 984 4724 Procas,
1002 4655 1221 4724 'n-ojanae
1235 4653 1386 4724 gloria
1408 4654 1588 4724 gentis;

940 4714 1146 4778 (Ainet'd.
1169 4714 1254 4765 lib.
1277 4715 1326 4776 6,
1350 4714 1473 4764 vers.
1498 4714 1634 4775 767.)

298 4803 468 4872 Cujus
511 4813 749 4872 tempore
779 4800 900 4871 quia
935 4799 1044 4869 jam
1079 4798 1470 4868 quodaminodo
1501 4798 1666 4851 Roma
1700 4805 1879 4864 partu-

297 4898 571 4959 riebatur,
602 4895 729 4950 illud
759 4895 994 4949 omnium
1021 4908 1302 4962 regnorum
1326 4892 1611 4946 maximum
1639 4890 1884 4961 Assyrio-

293 5003 422 5043 rum
469 4986 625 5041 ﬁnem
673 4994 834 5040 tantm
881 4986 1240 5063 diuturnitatis
1291 4986 1512 5053 accepit.
1571 4983 1650 5037 Ad
1702 4983 1881 5038 Medos

293 5080 499 5150 quippe
525 5080 835 5133 translatum
864 5087 944 5132 est
967 5089 1084 5148 post
1113 5093 1280 5132 annos
1319 5077 1483 5131 ferme
1509 5077 1653 5131 mille
1675 5085 1886 5131 trecen-

295 5178 387 5222 tos
415 5169 666 5239 quinque,
695 5179 752 5222 ut
780 5170 936 5223 etiam
968 5170 1096 5235 Beli,
1124 5175 1211 5238 qui
1236 5169 1423 5222 Ninum
1447 5168 1628 5238 genuit
1652 5209 1666 5230 ,
1696 5177 1750 5222 et
1777 5167 1884 5222 illic

295 5274 472 5330 parvo
517 5269 797 5314 contentus
848 5260 1068 5331 imperio
1110 5261 1312 5330 primus
1351 5276 1443 5313 rex
1475 5259 1602 5325 fuit,
1641 5269 1882 5330 tempora

293 5361 693 5419 computentur.
728 5352 922 5406 Procas
960 5361 1133 5404 autem
1163 5352 1400 5420 regnavit
1428 5361 1550 5405 ante
1594 5353 1880 5406 Amulium.

370 5448 390 5474 ³
424 5445 497 5493 sic
517 5445 666 5493 nostri
687 5455 859 5493 omnes
878 5449 982 5492 Mss.
1011 5449 1056 5491 In
1088 5450 1154 5500 Β..
1185 5441 1368 5502 loquar,
1390 5444 1548 5492 minus
1570 5451 1726 5494 recte.
1795 5453 1848 5493 Μ.

369 5503 442 5566 (α)
467 5508 702 5568 ’ῐοιίεηὶιιι
724 5509 862 5556 annis
905 5507 1129 5568 regnavit
1163 5505 1272 5568 Saul
1317 5517 1378 5553 ex
1413 5507 1561 5554 sacris
1603 5507 1815 5566 Litteris,
1849 5512 1882 5554 lt

295 5574 424 5628 leg.
453 5580 501 5622 ιι.
529 5567 604 5623 10,
630 5576 682 5617 et
705 5582 768 5616 ex
792 5576 920 5629 .tosei
938 5566 1017 5616 ho.
1057 5566 1344 5629 Eupolemus
1377 5579 1511 5624 vero,
1547 5569 1629 5628 qui
1654 5572 1883 5615 Hebraeo-

294 5641 416 5678 rum
438 5631 718 5691 conscripsit
743 5630 1004 5687 historiam,
1047 5637 1228 5679 tantum
1265 5629 1435 5690 viginti
1463 5636 1512 5676 et
1545 5641 1692 5676 unttm
1730 5633 1879 5690 ponit.

295 5696 418 5739 Lm).
440 5697 594 5739 Vives.

369 5751 444 5877 2b;
466 5759 646 5836 nempe
670 5753 949 5802 Archontes.
1002 5815 1012 5825 .
1049 5759 1101 5801 M.

397 5831 428 5862 υ
469 5813 566 5862 Hd.
587 5821 866 5875 Varronem,
879 5814 944 5863 de
967 5821 1101 5877 tangi

397 5811 444 5877 υ)
469 5812 566 5862 vid.
582 5811 866 5875 Varronem,
879 5814 944 5863 de
967 5815 1146 5879 Lingua
1167 5813 1328 5876 latina,
1353 5811 1438 5864 lib.
1463 5813 1511 5872 3,
1537 5814 1560 5876 §
1583 5814 1659 5863 45.

1493 329 1693 386 LIBER
1731 326 2025 387 DECIMUS
2058 329 2387 388 OCTAVUS.

3442 336 3548 395 578

1979 443 2144 498 Porro
2190 445 2428 499 Amulius
2476 443 2652 500 fratris
2695 445 2774 500 sui
2821 427 3304 504 Numitorisfiliam
3343 450 3546 508 Rheam

1975 537 2222 603 nomine,
2264 552 2383 606 quae
2411 537 2568 593 etiam
2594 536 2684 592 Ilia
2713 539 3033 606 vocabatur,
3063 539 3273 595 Romuli
3299 553 3545 611 matrem,

1976 625 2242 682 Vestalem
2284 627 2540 698 virginem
2587 627 2820 697 fecerat,
2873 646 3028 701 quam
3067 632 3250 686 volunt
3276 633 3344 689 de
3383 635 3548 691 Marte

1973 721 2213 789 geminos
2237 722 2544 791 concepisse
2566 763 2582 788 ,
2629 722 2729 778 isto
2758 723 2915 778 modo
2940 735 3206 794 struprum
3233 727 3348 795 ejus
3375 727 3547 782 hono-

1977 820 2155 865 rantes
2177 852 2192 876 ,
2234 811 2316 866 vel
2342 821 2692 880 excusantes,
2729 821 2786 870 et
2819 815 3131 871 adhibentes
3156 827 3546 888 argumentum,

1977 903 2117 972 quod
2162 903 2394 959 infantes
2430 905 2700 974 expositos
2745 906 2864 976 lupa
2906 909 3204 964 nutriverit.
3259 909 3370 964 Hoc
3404 911 3546 964 enim

1977 1011 2143 1066 genus
2173 997 2354 1052 bestia:
2384 999 2450 1052 ad
2477 997 2692 1052 Martem
2718 1000 3022 1055 existimant
3058 1003 3324 1070 pertinere
3344 1045 3357 1067 ,
3392 1011 3449 1057 ut
3473 1004 3552 1056 vi-

1977 1086 2169 1141 delicet
2213 1087 2333 1143 ideo
2368 1088 2489 1157 lupa
2515 1089 2764 1144 credatur
2786 1090 3084 1146 admovisse
3111 1093 3266 1147 ubera
3296 1096 3546 1163 parvulis,

1977 1179 2098 1246 quia
2145 1178 2281 1233 filios
2323 1179 2523 1235 domini
2561 1181 2642 1234 sui
2669 1180 2851 1234 Martis
2878 1184 3089 1252 agnovit
3119 1202 3133 1236 :
3175 1188 3414 1254 quamvis
3442 1201 3546 1241 non

1979 1267 2154 1322 desint
2181 1271 2266 1338 qui
2295 1270 2512 1336 dicant,
2560 1287 2681 1326 cum
2719 1272 2944 1340 expositi
2984 1259 3249 1342 vagientes
3287 1278 3548 1345 jacerent,

1979 1373 2010 1412 a
2037 1361 2215 1414 nescio
2253 1376 2355 1429 qua
2396 1361 2620 1430 primum
2667 1364 2944 1418 meretrice
2987 1363 3149 1418 fuisse
3179 1365 3431 1422 collectos
3453 1408 3468 1432 ,
3499 1377 3552 1422 et

1980 1451 2177 1518 primas
2204 1451 2319 1519 ejus
2340 1453 2545 1508 suxisse
2565 1454 2825 1509 mamillas
2847 1453 3176 1524 (meretrices
3199 1467 3370 1510 autem
3402 1459 3549 1527 lupas

1981 1541 2273 1607 vocabant,
2317 1543 2456 1597 unde
2479 1544 2640 1597 etiam
2681 1559 2822 1600 nunc
2851 1545 3022 1614 turpia
3047 1545 3161 1600 loca
3188 1560 3368 1600 earum
3400 1547 3554 1616 lupa-

1983 1633 2132 1686 naria
2161 1634 2574 1704 nuncupantur),
2605 1644 2660 1689 et
2683 1649 2776 1689 eos
2804 1645 2984 1704 postea
3012 1636 3078 1690 ad
3103 1636 3410 1692 Faustulum
3432 1653 3554 1706 per-

1984 1723 2196 1778 venisse
2229 1734 2516 1792 pastorem,
2546 1738 2701 1794 atque
2727 1727 2794 1779 ab
2819 1727 2932 1797 ejus
2949 1729 3086 1782 Acca
3109 1742 3274 1783 uxore
3306 1729 3553 1782 nutritos.

1982 1814 2313 1886 Quamquam
2341 1819 2386 1871 si
2411 1818 2476 1872 ad
2498 1819 2821 1888 arguendum
2844 1819 3108 1874 hominem
3137 1835 3334 1890 regem,
3351 1821 3441 1890 qui
3462 1833 3558 1875 eos

1988 1909 2046 1964 in
2077 1926 2266 1981 aquam
2299 1912 2482 1980 projici
2510 1913 2796 1968 crudeliter
2835 1912 3105 1981 jusserat,
3148 1915 3228 1970 eis
3271 1913 3558 1968 infantibus

1985 2016 2078 2070 per
2102 2017 2235 2070 quos
2266 2011 2409 2056 tanta
2440 2003 2624 2058 civitas
2649 2004 2922 2059 condenda
2953 2004 3144 2070 fuerat,
3173 2005 3240 2060 de
3265 2021 3399 2075 aqua
3427 2004 3558 2059 divi-

1986 2093 2126 2146 nitus
2154 2093 2421 2158 liberatis,
2453 2109 2545 2162 per
2567 2094 2845 2150 laetantem
2873 2094 3038 2151 feram
3071 2097 3210 2150 Deus
3238 2096 3402 2150 voluit
3427 2096 3556 2151 sub-

1985 2185 2185 2248 venire,
2215 2184 2338 2253 quid
2367 2185 2556 2239 mirum
2584 2185 2710 2240 est?
2738 2187 2950 2240 Amulio
2973 2187 3230 2242 successit
3255 2187 3306 2241 in
3333 2202 3555 2258 regnum

1985 2275 2186 2330 Latiale
2210 2276 2371 2331 frater
2395 2277 2510 2345 ejus
2540 2277 2814 2344 Numitor,
2835 2294 2965 2333 avus
2996 2278 3239 2345 Romuli,
3267 2279 3418 2348 cujus
3449 2279 3556 2334 Nu-

1985 2368 2190 2422 mitoris
2227 2369 2398 2437 primo
2423 2384 2565 2423 anno
2605 2369 2815 2423 condita
2858 2377 2942 2424 est
2980 2369 3187 2434 Roma;
3235 2384 3298 2424 ae
3337 2385 3430 2440 per
3457 2370 3558 2425 hoc

1985 2471 2106 2512 cum
2132 2473 2228 2510 suo
2257 2457 2508 2526 deinceps
2526 2501 2542 2521 ,
2575 2459 2627 2512 id
2651 2469 2732 2514 est
2759 2459 3004 2521 Romulo,
3040 2469 3232 2529 nepote
3257 2461 3517 2529 regnavit.

1985 2547 2211 2602 CAPUT
2238 2547 2403 2602 XXII.
2431 2579 2501 2588 —
2543 2549 2691 2615 Quod
2719 2567 2775 2604 eo
2805 2560 3025 2620 tempore
3058 2551 3223 2604 Roma
3243 2552 3307 2605 sit
3329 2552 3552 2617 condita,

2058 2656 2156 2709 quo
2188 2657 2395 2712 regnum
2425 2641 2746 2712 Assyriorum
2786 2642 3071 2707 intercidit,
3111 2650 3158 2696 et
3185 2659 3283 2712 quo
3310 2642 3558 2698 Ezechias

2055 2733 2296 2802 regnabat
2319 2733 2371 2786 in
2391 2730 2427 2785 J
2432 2733 2532 2786 uda
2556 2735 2593 2785 ί.

2057 2821 2133 2876 Ne
2165 2823 2344 2877 multis
2374 2839 2550 2878 morer
2573 2865 2586 2888 ,
2625 2823 2836 2880 condita
2861 2831 2942 2880 est
2967 2825 3152 2880 civitas
3172 2825 3339 2880 Roma
3359 2867 3374 2892 ,
3417 2826 3562 2883 velut

1987 2916 2152 2970 altera
2186 2916 2460 2987 Babylon,
2515 2927 2568 2971 et
2607 2917 2750 2972 velut
2786 2919 2977 2988 prioris
3003 2918 3106 2971 filia
3133 2919 3437 2989 Babylonis,
3467 2935 3563 2989 per

1987 3023 2142 3077 quam
2176 3009 2282 3061 Deo
2320 3009 2514 3078 placuit
2553 3010 2734 3063 orbem
2776 3009 3044 3066 debellare
3088 3019 3348 3065 terrarum
3375 3052 3388 3073 ,
3429 3011 3560 3066 etin

1987 3113 2146 3152 unam
2199 3099 2510 3153 societatem
2563 3099 2866 3169 reipublicze
2921 3101 3200 3170 legumque
3249 3102 3560 3171 perductum

1989 3189 2144 3260 longe
2172 3189 2381 3258 lateque
2411 3205 2618 3259 pacare.
2637 3191 2798 3245 Erant
2821 3194 2960 3246 enim
2984 3193 3092 3260 jam
3117 3183 3478 3261 populi'validi
3506 3203 3561 3249 et

1987 3283 2187 3349 fortes,
2236 3292 2289 3338 et
2317 3284 2480 3337 armis
2504 3293 2690 3353 gentes
2717 3283 3050 3350 exercitatae,
3092 3300 3211 3353 qua:
3257 3300 3362 3338 non
3405 3285 3558 3340 facile

1987 3378 2276 3440 cederent,
2318 3386 2373 3432 et
2396 3392 2528 3447 quas
2561 3393 2694 3446 opus
2717 3386 2861 3432 esset
2897 3377 3195 3447 ingentibus
3234 3377 3482 3447 periculis
3509 3385 3562 3430 et

1987 3473 2280 3527 vastatione
2305 3471 2569 3542 utrimque
2598 3486 2705 3526 non
2729 3487 2886 3541 parva
2912 3481 3069 3542 atque
3097 3470 3361 3526 horrendo
3382 3469 3562 3526 labore

1989 3563 2247 3634 superari.
2303 3563 2435 3618 Nam
2491 3563 2702 3633 quando
2748 3579 2965 3632 regnum
3020 3563 3354 3633 Assyriorum
3401 3569 3561 3614 totam

1988 3672 2124 3726 pene
2151 3657 2330 3710 Asiam
2361 3655 2684 3725 subjugavit,
2708 3655 2828 3710 licet
2853 3653 3098 3709 bellando
3127 3654 3196 3707 sit
3217 3653 3434 3717 factum,
3455 3667 3562 3706 non

1990 3754 2164 3802 tamen
2193 3747 2417 3801 multum
2447 3746 2652 3816 asperis
2688 3756 2742 3800 et
2790 3743 3093 3798 difficilibus
3130 3743 3280 3798 bellis
3319 3742 3436 3798 fieri
3461 3758 3560 3812 po-

1989 3837 2088 3892 tuit
2105 3879 2119 3903 ,
2164 3838 2284 3908 quia
2314 3837 2472 3891 rudes
2496 3836 2671 3894 adhuc
2696 3835 2762 3890 ad
2798 3834 3149 3890 resistendum
3176 3843 3361 3905 gentes
3386 3843 3559 3898 erant,

1989 3944 2089 3984 nec
2113 3937 2216 3982 tam
2258 3929 2458 3993 multae,
2483 3928 2568 3982 vel
2591 3938 2695 3982 tam
2721 3942 2925 3996 magna:
2955 3943 2969 3979 :
3001 3925 3262 3995 siquidem
3294 3933 3411 3994 post
3432 3924 3558 3978 illud

1987 4023 2281 4076 maximum
2320 4031 2479 4090 atque
2524 4020 2823 4075 universale
2867 4017 3158 4080 diluvium,
3203 4032 3324 4072 cum
3354 4016 3405 4070 in
3440 4030 3560 4070 arca

1986 4114 2098 4170 Noe
2135 4122 2255 4169 octo
2284 4113 2382 4168 soli
2411 4113 2653 4167 homines
2676 4119 2992 4174 evaserunt,
3029 4110 3155 4164 anni
3198 4124 3303 4162 non
3344 4107 3511 4162 multo
3541 4109 3560 4138 ‘

1987 4206 2214 4276 amplius
2239 4219 2395 4274 quam
2419 4204 2564 4259 mille
2591 4203 2929 4262 transierant,
2959 4200 3170 4270 quando
3185 4199 3350 4254 Ninus
3377 4199 3559 4255 Asiam

1990 4305 2153 4352 totam
2182 4337 2195 4360 ,
2232 4303 2453 4364 excepta
2505 4293 2648 4348 India
2673 4335 2688 4358 ,
2745 4292 3060 4361 subjugavit.
3104 4290 3269 4344 Roma
3307 4303 3436 4345 vero
3484 4297 3566 4343 tot

1987 4399 2174 4458 gentes
2203 4397 2257 4442 et
2297 4387 2534 4442 Orientis
2557 4397 2613 4440 et
2652 4383 2950 4440 Occidentis
2971 4424 2986 4448 ,
3043 4397 3172 4453 quas
3202 4382 3424 4450 imperio
3449 4381 3561 4434 Ro-

1989 4497 2148 4537 mano
2175 4480 2410 4535 subditas
2453 4478 2750 4542 cernimus,
2782 4493 2887 4531 non
2917 4491 2978 4532 ea
3008 4475 3278 4530 celeritate
3304 4489 3367 4530 ae
3390 4474 3560 4530 facili-

1990 4580 2096 4626 tate
2126 4569 2462 4640 perdomuit;
2506 4567 2757 4637 quoniam
2798 4565 3050 4635 paulatim
3078 4563 3369 4620 crescendo
3401 4565 3560 4618 robu-

1988 4671 2097 4716 stas
2137 4675 2227 4714 eas
2271 4668 2326 4714 et
2372 4659 2687 4723 bellicosas,
2744 4671 3168 4726 quaquaversum
3222 4654 3555 4718 dilatabatur,

1989 4752 2208 4807 invenit.
2239 4750 2501 4819 Tempore
2529 4749 2686 4820 igitur
2709 4764 2816 4819 quo
2841 4749 3011 4803 Roma
3039 4747 3250 4804 condita
3271 4756 3374 4814 est,
3397 4761 3561 4816 p0pu-

1989 4843 2068 4898 lus
2117 4841 2277 4898 Israel
2319 4841 2547 4896 habebat
2588 4840 2640 4894 in
2687 4848 2826 4895 terra
2871 4839 3234 4908 promissionis
3273 4851 3442 4892 annos
3468 4850 3554 4891 se-
3587 4857 3594 4892 ι

1989 4936 2290 5005 ptingentos
2317 4933 2499 4986 decem
2527 4940 2581 4986 et
2619 4941 2759 4986 oeto.
2808 4930 2886 4986 Ex
2918 4931 3107 5000 quibus
3135 4927 3315 4999 viginti
3351 4938 3553 4998 septem

1989 5027 2258 5097 pertinent
2281 5023 2344 5079 ad
2369 5023 2549 5080 Jesum
2570 5022 2735 5088 Nave,
2767 5022 2957 5077 deinde
2987 5020 3050 5075 ad
3083 5031 3288 5089 tempus
3314 5018 3553 5074 Judicum

1991 5117 2213 5172 trecenti
2239 5115 2422 5185 viginti
2456 5130 2669 5170 novem.
2717 5113 2800 5167 Ex
2828 5128 2932 5182 quo
2957 5120 3130 5166 autem
3157 5111 3227 5165 ibi
3256 5125 3408 5180 reges
3437 5123 3558 5166 esse

1989 5218 2290 5280 coeperant,
2319 5210 2443 5262 anni
2473 5216 2625 5263 erant
2651 5205 2871 5260 trecenti
2907 5204 3175 5274 sexaginta
3203 5203 3329 5259 duo.
3373 5203 3437 5259 Et
3465 5219 3560 5259 rex

1991 5312 2115 5358 tunc
2143 5310 2257 5357 erat
2307 5303 2357 5355 in
2403 5299 2571 5364 Juda,
2625 5298 2774 5368 cujus
2818 5311 3010 5352 nomen
3054 5305 3170 5352 erat
3212 5297 3420 5365 Achaz,
3451 5299 3555 5363 vel,

1987 5396 2126 5448 sicut
2146 5394 2232 5447 alii
2261 5398 2590 5461 computant,
2612 5389 2701 5460 qui
2726 5387 2775 5443 ei
2803 5388 3060 5443 successit
3085 5389 3361 5457 Ezechias,
3399 5404 3558 5458 quem

1989 5487 2199 5558 quidem
2228 5493 2436 5540 constat
2463 5482 2721 5553 optimum
2744 5490 2799 5536 et
2822 5482 3114 5552 piissimum
3135 5498 3312 5553 regem
3345 5481 3554 5536 Romuli

1989 5593 2238 5649 regnasse
2292 5575 2638 5646 temporibus.
2710 5572 2764 5627 In
2809 5589 2870 5628 ea
2916 5588 3043 5628 vero
3092 5573 3332 5629 Hebraiei
3375 5567 3554 5642 p0puli

2049 5691 2064 5721 ί
2102 5687 2217 5736 Editi
2240 5687 2332 5743 hic,
2356 5682 2406 5736 in
2429 5684 2619 5734 Jtlda’a.
2642 5690 2698 5733 Αι
2724 5691 2851 5744 Mss.,
2878 5682 2929 5734 in
2949 5681 3082 5735 Juda
3105 5694 3124 5735 .·
3147 5690 3200 5735 et
3224 5684 3294 5734 sic
3330 5683 3423 5745 ipsi
3441 5681 3560 5734 editi

1985 5753 2034 5802 in
2058 5751 2275 5810 subjecto
2299 5748 2456 5808 capite
2475 5746 2552 5794 22.

2047 5815 2066 5844 ²
2100 5805 2202 5860 Sola
2234 5805 2382 5858 editio
2404 5815 2509 5858 ιον.
2547 5808 2738 5868 omittit,
2760 5805 2923 5857 multo.
