4062 6482
494 328 604 386 583

494 445 760 503 Chaldaeis
805 452 859 501 et
897 444 1129 516 Assyriis
1166 441 1505 513 imperabat,
1536 445 1773 500 relaxata
1811 444 2078 515 aliquanta

497 537 802 609 captivitate
831 536 1155 599 Iudaeorum,
1188 536 1568 606 quinquaginta
1602 537 1763 590 millia
1803 538 2078 590 hominum

499 645 564 684 ex
609 631 690 684 eis
729 630 793 684 ad
838 629 1238 684 instaurandum
1290 629 1546 699 templum
1593 629 1800 698 regredi
1829 628 2078 700 fecit(a).

496 723 541 774 A
581 720 771 792 quibus
806 728 1009 774 tantum
1053 720 1218 790 prima
1245 728 1418 788 empta
1449 719 1754 774 fundamina
1775 760 1791 784 ,
1821 728 1876 774 et
1916 720 2082 773 altare

492 820 858 868 constructum
886 822 988 867 est.
1038 812 1438 867 Incursantibus
1467 820 1646 867 autem
1680 811 1940 876 hostibus,
1983 825 2078 866 ne-

496 919 757 974 quaquam
790 905 1037 975 progredi
1072 905 1388 960 aedilicando
1421 905 1724 972 valuerunt,
1753 904 2080 974 dilatumque

495 1010 633 1064 opus
681 1004 764 1050 est
799 1012 970 1065 usque
996 996 1062 1050 ad
1092 996 1330 1050 Darium.
1381 996 1484 1051 Per
1513 996 1651 1050 idem
1683 1006 1892 1066 tempus
1921 997 2078 1050 etiam

499 1085 584 1142 tlla
638 1097 763 1141 sunt
808 1097 978 1158 gesta,
1021 1105 1138 1158 quze
1195 1088 1495 1158 conscripta
1547 1088 1756 1142 suntin
1804 1088 1938 1143 libro
1983 1087 2079 1142 Ju-

494 1177 607 1233 dith
645 1178 721 1250 (b)
753 1197 765 1231 :
803 1194 962 1250 quem
993 1195 1121 1234 sane
1159 1181 1215 1235 in
1239 1194 1444 1235 canone
1473 1179 1864 1248 Scripturarum
1911 1178 2080 1232 Judaai

493 1285 601 1326 non
658 1274 926 1341 recepisse
968 1271 1236 1327 dicuntur.
1286 1271 1395 1328 Sub
1420 1272 1577 1326 Dario
1608 1286 1736 1342 ergo
1772 1286 1896 1341 rege
1948 1270 2080 1325 Per-

494 1378 675 1419 sarum
735 1363 968 1432 impletis
1013 1365 1356 1435 septuaginta
1402 1365 1558 1418 annis
1585 1406 1598 1427 ,
1650 1379 1785 1434 quos
1822 1363 2080 1418 Jeremias

495 1455 753 1525 propheta
784 1455 1105 1525 przedixerat
1131 1498 1146 1522 ,
1191 1455 1396 1510 reddita
1436 1465 1518 1510 est
1549 1454 1750 1510 Judmis
1779 1455 1952 1509 soluta
1991 1470 2082 1507 ea-

494 1547 737 1616 ptivitate
761 1547 998 1614 libertas,
1026 1557 1282 1618 regnante
1306 1546 1668 1600 Romanorum
1695 1546 1924 1613 septimo
1955 1560 2079 1613 rege

492 1637 804 1708 Tarquinio.
855 1640 972 1706 Quo
1000 1639 1223 1708 expulso
1252 1639 1412 1693 etiam
1445 1638 1544 1707 ipsi
1575 1653 1604 1691 a
1650 1654 1832 1708 regum
1862 1652 2079 1691 suorum

490 1731 853 1788 dominatione
874 1732 1028 1786 liberi
1055 1746 1175 1787 esse
1191 1741 1491 1802 coeperunt.
1519 1731 1700 1801 Usque
1720 1731 1788 1785 ad
1816 1730 1918 1785 hoc
1949 1741 2080 1785 tem-

491 1839 592 1894 pus
625 1822 916 1893 I’t-Ophetas
941 1822 1128 1878 habuit
1159 1824 1386 1892 p0pulus
1410 1822 1573 1877 Israel
1599 1841 1612 1877 :
1653 1823 1742 1892 qui
1773 1838 1894 1878 cum
1929 1822 2078 1876 multi

492 1912 709 1978 fuerint,
738 1927 1026 1982 paucorum
1057 1922 1111 1968 et
1135 1912 1276 1982 apud
1301 1912 1515 1968 Iudaeos
1543 1921 1600 1968 et
1618 1913 1759 1983 apud
1783 1927 1881 1967 nos
1910 1927 2076 1967 cano.

489 2007 611 2061 nica
659 2007 855 2076 scripta
885 2007 902 2038 ί
942 2007 1260 2061 retinentur.
1291 2007 1368 2060 De
1397 2007 1593 2076 quibus
1618 2023 1703 2062 me
1728 2007 1903 2076 aliqua
1931 2007 2076 2077 posi-

488 2105 666 2153 turum
716 2113 836 2153 esse
876 2097 1098 2168 promisi
1139 2099 1192 2152 in
1235 2099 1337 2152 hoc
1383 2098 1554 2161 libro,
1597 2114 1719 2154 cum
1773 2097 2078 2153 clauderem

487 2192 844 2260 superiorem,
873 2190 1012 2261 quod
1037 2189 1148 2260 jam
1172 2190 1328 2245 video
1350 2205 1471 2244 esse
1501 2190 1823 2246 faciendum.

486 2307 714 2364 CAPUT
775 2306 989 2362 XXVII.
1051 2337 1125 2348 —
1185 2307 1262 2362 De
1314 2307 1618 2378 temporibus
1680 2307 2076 2378 PrOphetarum,

555 2417 766 2472 quorum
831 2400 1037 2455 oracula
1089 2400 1331 2454 habentur
1391 2401 1444 2453 in
1494 2399 1673 2462 libris;
1738 2399 1916 2468 quique
1963 2409 2081 2452 tunc

557 2495 618 2547 de
644 2494 899 2548 vocatione
929 2492 1162 2547 Gentium
1204 2494 1363 2546 multa
1390 2492 1709 2557 cecinerunt,
1741 2491 1942 2560 quando
1971 2489 2080 2544 Ro-

559 2601 767 2639 manum
794 2601 1004 2660 regnum
1029 2585 1197 2654 coepit,
1226 2584 1588 2654 Assyriumque
1611 2583 1811 2654 defecit.

557 2701 820 2770 Tempora
869 2701 1028 2770 igitur
1069 2715 1254 2755 eorum
1284 2708 1340 2753 ut
1385 2698 1654 2768 possimus
1695 2698 1993 2764 advertere,
2023 2698 2074 2752 in

488 2795 760 2849 anteriora
799 2793 1074 2864 paululum
1103 2807 1463 2848 recurramus.
1499 2793 1552 2846 In
1594 2794 1768 2862 capite
1794 2793 1913 2848 libri
1942 2792 2078 2848 Osee

487 2888 784 2957 pr0phetaz,
813 2890 905 2958 qui
933 2887 1139 2955 primus
1158 2885 1217 2962 ain
1247 2885 1530 2940 duodecim
1562 2886 1802 2956 ponitur,
1844 2888 1914 2939 ita
1943 2887 2075 2940 scri-

485 2987 632 3049 ptum
664 2986 746 3032 est
779 2995 791 3031 :
836 2977 1051 3031 Verbum
1080 2976 1284 3031 Domini
1313 2978 1447 3043 quod
1464 2981 1653 3049 factum
1673 2989 1744 3032 est
1772 2979 1839 3030 ad
1868 2978 1996 3032 Osee
2022 2979 2075 3032 in

484 3069 658 3124 diebus
691 3067 850 3135 Oziar,
892 3077 939 3122 et
974 3067 1221 3132 Joathan,
1253 3078 1298 3123 et
1323 3067 1495 3122 Achaz
1519 3110 1533 3134 ,
1562 3078 1607 3122 et
1634 3068 1868 3124 Ezechite
1904 3088 2076 3141 regum

481 3160 818 3234 Juda(0see
845 3178 884 3228 I,
929 3163 1021 3232 1).
1056 3164 1222 3217 Amos
1274 3177 1486 3232 quoque
1529 3162 1719 3219 diebus
1763 3166 1905 3235 regis
1934 3167 2074 3220 Oziaa

483 3255 837 3328 pr0phetasse
869 3270 929 3310 se
955 3255 1142 3310 scribit
1172 3272 1183 3308 :
1215 3254 1364 3310 addit
1388 3255 1548 3310 etiam
1578 3255 1862 3313 Jerohoam
1894 3274 2073 3328 regem

484 3348 665 3415 Israel,
701 3349 791 3418 qui
817 3365 915 3420 per
940 3346 1160 3404 eosdem
1201 3347 1318 3404 dies
1347 3345 1446 3404 fuit
1472 3345 1652 3421 (Amos
1682 3365 1721 3419 1,
1751 3351 1828 3425 I).
1855 3349 2075 3411 Necnon

481 3439 644 3497 Isaias
685 3443 824 3498 ﬁlius
864 3445 1064 3510 Amos,
1116 3444 1230 3500 sive
1269 3445 1566 3515 supradicti
1595 3449 1890 3518 prophetae,
1937 3453 2066 3518 sive,

481 3532 623 3602 quod
674 3532 842 3604 magis
891 3534 1226 3603 perhibetur,
1283 3536 1504 3590 alterius
1527 3537 1617 3607 qui
1664 3555 1770 3592 non
1817 3541 2070 3610 propheta

481 3625 672 3682 eodem
721 3627 938 3682 nomine
1006 3628 1293 3682 vocabatur
1321 3670 1336 3695 ,
1376 3629 1594 3685 eosdem
1651 3646 1804 3702 reges
1849 3645 2073 3702 quatuor

479 3733 615 3790 quos
642 3720 816 3789 posuit
859 3719 996 3774 Osee
1020 3761 1035 3785 ,
1080 3719 1132 3773 in
1160 3721 1333 3789 capite
1359 3721 1482 3776 libri
1531 3722 1614 3777 sui
1646 3724 1812 3792 ponit,
1845 3740 2070 3793 quorum

480 3808 668 3865 diebus
705 3825 763 3865 se
816 3810 1168 3880 prophetasse
1213 3813 1582 3884 praeloquitur.
1636 3815 1885 3871 Michaeas
1911 3820 2070 3872 etiam

479 3901 667 3957 eadem
718 3918 830 3956 suae
883 3903 1183 3972 prophetia:
1237 3915 1628 3960 commemorat
1680 3918 1919 3978 tempora
1955 3918 2075 3978 post

479 3993 594 4050 dies
636 3994 799 4050 Ozias.
831 3994 964 4050 Nam
993 4003 1101 4049 tres
1128 3996 1216 4065 qui
1267 4006 1567 4066 sequuntur
1613 4013 1768 4070 reges
1811 4001 2068 4065 nominat,

479 4100 613 4156 quos
634 4097 689 4142 et
722 4087 859 4142 Osee
889 4088 1206 4153 nominavit,
1232 4086 1461 4143 Joathan
1487 4131 1503 4156 ,
1534 4099 1588 4145 et
1620 4090 1822 4156 Achaz,
1850 4100 1906 4144 et
1931 4092 2069 4148 Eze-

481 4179 654 4234 chiam
700 4178 956 4252 (Micharw
985 4197 1022 4246 ι,
1055 4181 1148 4250 1).
1198 4180 1262 4234 Hi
1293 4191 1416 4235 sunt
1453 4197 1586 4251 quos
1611 4182 1798 4238 eodem
1836 4195 2072 4255 tempore

480 4274 640 4329 simul
690 4264 1040 4344 prophetasse
1085 4291 1150 4329 ex
1178 4289 1362 4330 eorum
1393 4276 1584 4330 litteris
1633 4277 1923 4333 invenitur.
1980 4280 2072 4334 llis

479 4369 782 4440 adjungitur
823 4368 986 4423 Jonas
1015 4368 1202 4424 eodem
1235 4369 1363 4424 Ozia
1391 4385 1514 4440 rege
1555 4381 1829 4440 regnante,
1875 4381 1930 4428 et
1959 4373 2069 4428 Jocl

479 4477 601 4517 eum
640 4462 751 4530 jam
793 4469 1043 4529 regnarat
1069 4459 1326 4527 Joathan,
1369 4461 1458 4531 qui
1490 4463 1744 4516 successit
1772 4462 1934 4518 Ozize.
1966 4465 2070 4520 Sed

480 4553 699 4607 istorum
741 4552 1120 4621 prophetarum
1159 4551 1384 4606 duorum
1413 4560 1651 4622 tempora
1678 4555 1730 4607 in
1770 4553 2066 4623 Chronicis,

477 4658 586 4698 non
627 4644 681 4697 in
721 4658 904 4698 eorum
939 4642 1087 4696 libris
1115 4642 1386 4713 potuimus
1428 4643 1688 4712 invenire,
1728 4647 1978 4715 quoniam
2003 4647 2072 4704 de

478 4738 589 4792 suis
615 4737 802 4791 diebus
844 4746 1040 4792 tacent.
1087 4737 1399 4791 Tenduntur
1426 4749 1600 4792 autem
1648 4739 1700 4792 hi
1733 4740 1846 4795 dies
1878 4758 1905 4794 a
1947 4759 2070 4812 rege

478 4830 788 4885 Latinorum
834 4831 1021 4892 Proca,
1067 4831 1180 4885 sive
1202 4831 1477 4900 superiore
1502 4832 1787 4900 Aventino,
1817 4850 1983 4901 usque
2004 4837 2069 4890 ad

479 4939 658 4994 regem
689 4925 973 4978 Romulum
995 4924 1105 4992 jam
1129 4922 1496 4977 Romanorum
1525 4925 1564 4988 ³,
1599 4924 1681 4977 vel
1717 4925 1872 4979 etiam
1905 4943 2072 4996 usque

478 5016 544 5070 ad
587 5017 732 5086 regni
766 5016 1052 5086 primordia
1078 5017 1402 5071 successoris
1428 5017 1544 5086 ejus
1571 5016 1756 5071 Numze.
1788 5019 2028 5089 Pompilii
2054 5037 2067 5072 :

479 5106 738 5162 Ezechias
763 5110 958 5179 quippe
997 5124 1088 5164 rex
1120 5107 1255 5164 Juda
1281 5123 1346 5163 eo
1371 5124 1544 5178 usque
1574 5111 1844 5179 regnavit;
1881 5127 1943 5166 ac
1973 5127 2072 5182 per

481 5197 584 5252 hoc
615 5215 706 5268 per
733 5215 794 5253 ea
842 5211 1077 5269 tempore
1112 5201 1196 5256 isti
1226 5201 1369 5255 velut
1408 5199 1579 5254 fontes
1604 5201 1897 5271 pmphetize
1927 5205 2068 5271 pari-

482 5301 564 5346 ter
610 5304 921 5364 eruperunt,
977 5293 1190 5364 quando
1251 5310 1472 5364 regnum
1519 5292 1716 5349 defecit
1769 5297 2066 5368 Assyrium,

510 5469 518 5479 '
545 5464 564 5531 ξ
599 5461 786 5531 Aliquot
807 5472 932 5524 Mss.,
956 5465 1220 5531 scriptura.
1257 5527 1263 5531 .

544 5526 565 5588 ε
600 5525 734 5588 Editi,
760 5534 1036 5577 Romanum.
1061 5525 1127 5578 "At
1152 5530 1202 5578 in
1226 5527 1350 5588 M'ss.,
1377 5537 1708 5579 Romanorum.

411 5652 413 5654 η
526 5586 618 5660 (α)
641 5595 772 5636 Anno
902 5597 1015 5638 ante
1037 5590 1273 5660 Christum
1292 5586 1455 5641 natum
1475 5599 1622 5656 Cyrus
1647 5593 1804 5642 edicto
1825 5593 2002 5644 Judaais
2018 5595 2068 5646 in

481 5649 685 5714 patriam
707 5649 918 5714 reditum
943 5656 1198 5703 concessit.
1220 5661 1450 5704 Lucan.

545 5709 618 5775 (b)
639 5719 781 5761 Gesta
813 5713 973 5762 Judith
997 5715 1055 5763 ad
1089 5727 1268 5766 annum
1299 5717 1393 5767 654
1413 5724 1529 5768 ante
1550 5718 1788 5768 Christum
1807 5717 2068 5770 referenda

483 5775 936 5888 mummbavit
957 5779 1311 5828 Montl‘auconus
1329 5781 1379 5829 in
1399 5778 1524 5830 libro
1546 5782 1623 5830 cui
1647 5781 1833 5843 titulus,
1857 5779 2069 5833 Histoire

484 5836 546 5888 de
567 5844 598 5886 J
739 5872 752 5888 .
788 5844 1021 5888 ωωι.

739 5872 752 5888 ο
788 5852 1021 5889 manu.

1551 326 1642 383 DE
1679 324 2002 383 CIVITATE
2045 323 2175 393 DEI,
2208 326 2265 382 S.
2309 326 2684 385 AUGUSTINI

3675 323 3786 381 58l-

2193 444 2462 514 cmpitque
2507 445 2808 500 Romanum
2843 461 2857 498 :
2889 451 2947 498 ut
2973 443 3174 499 scilicet
3198 443 3648 513 quemadmodum
3693 461 3765 502 re-

2185 537 2274 606 gni
2301 537 2638 608 Assyriorum
2668 537 2840 607 primo
2868 547 3109 607 tempore
3137 538 3340 594 exstitit
3368 540 3658 605 Abraham,
3692 540 3784 596 cui

2188 629 2567 699 promissiones
2590 631 2942 700 apertissima:
2974 630 3163 687 tierent
3190 633 3243 686 in
3284 633 3398 702 ejus
3445 635 3650 689 semine
3676 635 3780 692 be-

2188 719 2504 774 nedictionis
2530 722 2766 775 omnium
2797 723 3029 791 gentium
3062 740 3075 784 ;
3123 724 3192 777 ita
3221 724 3570 780 occidentalis
3600 726 3780 798 Baby-

2187 808 2326 864 lonis
2345 812 2582 876 exordio,
2603 827 2704 883 qua
2733 812 2903 868 fuerat
2920 812 3166 868 Christus
3188 815 3482 884 imperante
3499 826 3783 884 venturus,

2191 901 2243 956 in
2274 917 2378 971 quo
2423 903 2770 971 implerentur
2812 904 2901 957 illa
2931 906 3189 974 promissa
3219 906 3431 961 oracula
3477 906 3783 978 Propheta-

2187 1007 2326 1057 rum,
2371 1009 2475 1047 non
2525 995 2697 1048 solum
2747 995 3096 1064 loquentium,
3127 1013 3310 1051 verum
3347 999 3505 1052 etiam
3535 999 3784 1056 scriben-

2188 1085 2319 1139 tium
2374 1086 2425 1140 in
2465 1093 2625 1141 tanta:
2673 1087 2748 1142 rei
2791 1086 2981 1142 futurae
3030 1089 3388 1144 testimonium
3422 1091 3782 1146 solverentur.

2186 1177 2320 1231 Cum
2344 1178 2484 1232 enim
2520 1179 2794 1250 propheta:
2821 1196 3086 1249 nunquam
3120 1182 3233 1237 fere
3267 1183 3560 1239 defuissent
3585 1185 3786 1254 populo

2185 1265 2366 1331 Israel,
2398 1285 2462 1324 ex
2487 1285 2590 1340 quo
2619 1271 2690 1326 ibi
2719 1288 2870 1342 reges
2897 1289 3015 1328 esse
3044 1285 3341 1343 cmperunt,
3383 1275 3437 1329 in
3478 1291 3635 1332 usum
3667 1289 3788 1332 tan-

2187 1363 2462 1416 tummodo
2491 1379 2674 1418 eorum
2705 1364 2869 1427 fuere,
2905 1383 3008 1421 non
3030 1369 3269 1437 gentium
3304 1387 3315 1422 :
3352 1369 3565 1438 quando
3594 1381 3782 1426 autem

2185 1467 2246 1506 ea
2272 1453 2531 1522 scriptura
2575 1455 2905 1510 manifestius
2935 1457 3240 1527 prOphetica
3269 1459 3628 1525 condebatur,
3660 1477 3785 1532 quae

2185 1547 2432 1616 gentibus
2472 1549 2788 1619 quandoque
2819 1550 3116 1619 prodesset,
3169 1561 3294 1623 tunc
3335 1554 3618 1623 Oportebat
3646 1555 3785 1609 inci-

2185 1647 2338 1707 peret
2365 1638 2409 1704 ί,
2435 1639 2645 1708 quando
2660 1640 2988 1696 condebatur
3015 1641 3130 1698 haec
3153 1644 3358 1709 civitas,
3391 1660 3508 1714 quae
3529 1645 3784 1715 gentibus

2187 1730 2492 1800 imperaret.

2185 1841 2409 1900 CAPUT
2449 1843 2685 1900 XXVIII.
2703 1874 2772 1885 —
2789 1844 2865 1898 De
2894 1845 2972 1899 his
2997 1863 3109 1916 qua:
3136 1848 3204 1900 ad
3232 1846 3566 1920 Et'angelium
3589 1850 3782 1906 Christi

2354 1938 2619 2007 pertinent,
2649 1938 2772 2008 quid
2795 1937 2922 1992 Osee
2941 1947 2987 1992 et
3005 1938 3158 1994 Amos
3179 1941 3604 2012 praphetaverint.

2256 2049 2393 2105 Osee
2437 2051 2598 2121 igitur
2642 2050 2896 2120 propheta
2922 2091 2938 2118 ,
2971 2060 3170 2121 quanto
3221 2051 3532 2121 profundius
3558 2055 3778 2124 quidem

2185 2139 2458 2210 loquitur,
2513 2149 2660 2196 tanto
2711 2142 2989 2212 operosius
3041 2153 3370 2212 penetratur.
3423 2145 3526 2200 Sed
3575 2148 3779 2217 aliquid

2185 2232 2308 2287 inde
2351 2233 2668 2289 sumendum
2715 2243 2836 2301 est,
2867 2243 2921 2290 et
2966 2234 3052 2290 hic
3093 2252 3176 2290 ex-
3208 2246 3388 2292 nostra
3421 2240 3780 2307 promissione

2185 2325 2512 2394 ponendum.
2547 2325 2614 2379 Et
2643 2327 2756 2392 erit,
2790 2327 2980 2397 inquit,
3013 2327 3066 2381 in
3097 2326 3206 2382 loco
3236 2345 3332 2397 quo
3363 2331 3550 2384 dictum
3577 2343 3650 2385 est
3680 2335 3778 2400 eis,

2185 2415 2308 2470 Non
2340 2417 2556 2488 papulas
2587 2435 2724 2471 meus
2753 2435 2859 2486 vos,
2888 2421 3199 2473 vocabuntur
3225 2429 3272 2474 et
3300 2421 3399 2490 ipsi
3428 2423 3526 2490 ﬁlii
3556 2422 3652 2477 Dei
3680 2427 3781 2478 vici

2188 2507 2359 2579 (Osee
2396 2525 2452 2572 ι,
2490 2510 2554 2563 10
2577 2510 2615 2576 ).
2659 2510 2770 2564 Hoc
2796 2510 3155 2565 testimonium
3189 2511 3554 2580 prepheticutn
3583 2514 3649 2568 de
3675 2530 3780 2568 vo-

2184 2601 2392 2655 catione
2421 2600 2599 2670 populi
2639 2600 2886 2656 Gentium
2913 2643 2928 2666 ,
2958 2602 3048 2671 qui
3077 2602 3223 2671 prius
3251 2618 3356 2657 non
3385 2605 3680 2670 pertinebat
3710 2606 3779 2660 ad

2185 2692 2350 2746 Deum
2378 2733 2390 2754 ,
2425 2694 2584 2746 etiam
2614 2694 2852 2762 Apostoli
2881 2692 3254 2748 intellexerunt
3285 2696 3302 2764 (
3332 2694 3478 2749 Rom.
3512 2712 3566 2751 ix
3589 2739 3603 2761 ,
3635 2697 3777 2768 26.).

2183 2785 2249 2839 Et
2295 2787 2412 2855 quia
2471 2787 2584 2856 ipse
2613 2802 2821 2856 quoque
2870 2789 3095 2858 p0pulus
3124 2787 3372 2845 Gentium
3428 2791 3782 2861 spiritualiter

2182 2889 2263 2934 est
2291 2879 2343 2932 in
2372 2880 2494 2934 tiliis
2521 2879 2748 2934 Abrahae
2774 2921 2788 2944 ,
2821 2895 2884 2934 ac
2911 2896 3006 2950 per
3033 2882 3134 2936 hoc
3163 2892 3309 2938 recte
3335 2883 3528 2938 dicitur
3571 2884 3735 2940 Israel
3761 2926 3777 2947 ,

2183 2979 2464 3040 propterea
2511 2972 2751 3040 sequitur
2775 3015 2789 3038 ,
2819 2981 2872 3027 ct
2896 2973 3026 3028 dicit
3056 2991 3070 3028 :
3103 2973 3171 3027 Et
3200 2977 3637 3047 congregabantur
3677 2978 3778 3044 ﬁlii

2181 3062 2322 3116 Juda
2349 3074 2394 3117 et
2421 3063 2515 3132 ﬁlii
2543 3061 2710 3118 Israel
2736 3066 2788 3118 in
2816 3064 3036 3134 idipsum
3061 3107 3074 3131 ,
3111 3075 3156 3120 et
3184 3076 3368 3137 ponent
3397 3069 3587 3122 sibimet
3628 3070 3785 3137 prin-

2181 3156 2407 3226 cipatum
2437 3173 2592 3209 unum
2616 3196 2631 3222 ,
2660 3167 2706 3209 et
2733 3156 3002 3210 ascendent
3030 3175 3062 3211 α
3092 3167 3224 3212 terra
3253 3158 3407 3225 (Osee
3432 3175 3446 3211 ι
3467 3200 3485 3236 ,
3519 3162 3626 3234 Η),
3659 3161 3773 3216 Hoc

2183 3249 2226 3302 si
2255 3248 2428 3304 adhuc
2455 3247 2684 3302 velimus
2713 3264 3002 3323 exponere,
3030 3250 3225 3328 eloquii
3253 3261 3545 3330 prophetici
3573 3265 3777 3318 obtun-

2181 3343 2340 3402 detur
2368 3363 2546 3418 sapor.
2578 3348 2863 3403 Recolatur
2902 3360 3076 3405 tamen
3109 3353 3240 3420 lapis
3269 3355 3354 3408 ille
3383 3358 3645 3426 angularis
3669 3399 3685 3422 ,
3719 3368 3778 3413 et

2179 3441 2286 3495 duo
2330 3442 2402 3494 illi
2430 3441 2660 3510 parietes
2682 3483 2696 3507 ,
2730 3458 2865 3496 unus
2891 3459 2955 3497 ex
2991 3444 3189 3500 Iudaeis
3213 3487 3228 3510 ,
3259 3447 3393 3501 alter
3421 3465 3484 3502 ex
3511 3447 3776 3507 Gentibus

2181 3533 2418 3604 (Ep/tes.
2466 3550 2539 3600 ιι,
2575 3536 2640 3589 Ii
2662 3575 2678 3600 ,
2730 3535 2794 3590 15
2817 3576 2833 3603 ,
2881 3536 3048 3591 20-22
3072 3539 3130 3609 );
3164 3539 3252 3594 ille
3281 3541 3495 3597 nomine
3539 3543 3776 3599 ﬁliorum

2178 3625 2315 3680 Iuda
2339 3666 2352 3688 ,
2386 3626 2486 3680 iste
2529 3626 2742 3680 nomine
2775 3626 2998 3680 filiorum
3047 3627 3248 3694 Israel,
3282 3630 3453 3686 eidem
3483 3633 3571 3687 uni
3615 3635 3777 3704 prin~

2179 3719 2373 3788 cipatui
2399 3734 2496 3773 suo
2513 3719 2566 3773 in
2585 3719 2811 3790 idipsum
2839 3720 3146 3787 innitentes,
3166 3731 3221 3778 et
3241 3723 3590 3780 ascendentes
3604 3741 3780 3796 agno-

2179 3821 2392 3866 scantur
2424 3828 2451 3865 a
2484 3823 2645 3868 terra.
2675 3812 2811 3868 Istos
2839 3821 3015 3868 autem
3045 3816 3288 3870 carnales
3309 3818 3329 3848 ³
3363 3815 3645 3881 Israelitas,
3676 3822 3779 3890 qui

2180 3921 2320 3960 nunc
2350 3905 2538 3959 nolunt
2565 3907 2785 3961 credere
2816 3906 2867 3960 in
2898 3904 3194 3973 Christum,
3228 3918 3409 3977 postea
3439 3911 3770 3978 credituros,

2179 3997 2228 4050 id
2260 4005 2343 4050 est
2365 4038 2378 4060 ,
2413 3996 2550 4050 ﬁlios
2576 4012 2759 4052 eorum
2794 3997 2955 4069 (nam
2989 3999 3169 4068 utique
3196 3999 3279 4053 isti
3325 4000 3377 4053 in
3403 4015 3556 4054 suum
3587 4001 3775 4057 locum

2177 4090 2455 4144 moriendo
2477 4091 2818 4158 transibunt),
2838 4090 2977 4146 idem
3001 4093 3257 4161 pmpheta
3285 4101 3526 4156 testatur,
3546 4093 3772 4150 dicens:

2181 4185 2433 4251 Quoniam
2473 4183 2644 4237 diebus
2673 4185 2843 4237 multis
2872 4184 3110 4238 sedebant
3156 4185 3252 4253 ﬁlii
3277 4184 3439 4239 Israel
3463 4187 3570 4240 sine
3610 4203 3733 4257 rege
3754 4231 3773 4255 ,

2177 4279 2285 4333 sine
2312 4277 2554 4347 principe,
2578 4277 2686 4332 sine
2709 4279 2978 4345 sacriﬁcio,
3007 4279 3115 4332 sine
3135 4279 3304 4345 altari,
3327 4280 3436 4333 sine
3461 4281 3774 4346 sacerdotio,

2177 4374 2284 4427 sine
2311 4371 2815 4440 manifestationibus.
2850 4371 2979 4438 Quis
3005 4387 3108 4425 non
3136 4372 3315 4427 videat
3338 4415 3352 4436 ,
3383 4389 3519 4427 nunc
3545 4373 3620 4426 sic
3645 4389 3778 4430 esse

2176 4464 2433 4519 Judaeos?
2462 4463 2568 4519 Sed
2610 4462 2735 4532 quid
2774 4463 3026 4532 adjungat
3052 4505 3066 4528 ,
3100 4463 3378 4516 audiamus
3409 4480 3421 4516 :
3461 4464 3522 4517 Et
3553 4475 3731 4531 postea
3755 4509 3772 4531 ,

2178 4558 2384 4629 inquit,
2414 4565 2719 4612 revertentur
2763 4556 2856 4618 filii
2899 4554 3102 4622 Israel,
3133 4566 3178 4610 et
3222 4558 3467 4626 inquirent
3493 4556 3780 4613 Dominum

2178 4649 2343 4704 Deum
2381 4666 2530 4703 suum
2552 4689 2566 4711 ,
2598 4657 2644 4701 et
2689 4646 2853 4699 David
2896 4663 3059 4717 regem
3088 4663 3238 4700 suum
3267 4664 3286 4702 :
3319 4657 3363 4702 et
3407 4657 3682 4716 stupescent
3719 4651 3782 4702 in

2176 4741 2398 4797 Domino
2424 4783 2438 4806 ,
2471 4751 2517 4794 et
2549 4741 2598 4793 in
2625 4739 2765 4793 bonis
2792 4739 2949 4807 ipsius
2975 4781 2990 4803 ,
3023 4740 3074 4791 in
3106 4740 3385 4794 novissimis
3410 4740 3580 4793 diebus
3613 4739 3784 4811 (Osee

2178 4852 2253 4900 ιιι,
2286 4836 2337 4901 4,
2375 4836 2426 4895 5,
2460 4851 2560 4887 sec.
2592 4831 2794 4902 LXX).
2827 4831 2964 4886 Nihil
2995 4841 3078 4886 est
3107 4834 3204 4888 ista
3239 4833 3510 4903 prophetia
3543 4831 3785 4886 manife-

2177 4931 2331 4995 stius,
2353 4945 2472 4982 eum
2495 4929 2653 4981 David
2687 4927 2824 4995 regis
2852 4928 3064 4980 nomine
3088 4928 3412 4998 significatus
3440 4928 3784 4997 intelligatur

2177 5021 2420 5078 Christus
2451 5020 2472 5051 ³
2498 5062 2510 5083 ,
2544 5029 2626 5088 qui
2674 5022 2834 5090 {actus
2877 5029 2950 5073 est
2975 5062 2987 5085 ,
3022 5022 3154 5073 sicut
3197 5021 3325 5075 dicit
3352 5022 3666 5090 Apostolus,
3710 5041 3785 5078 ex

2175 5116 2363 5170 semine
2380 5113 2542 5166 David
2570 5111 2843 5166 secundum
2868 5128 3065 5166 carnem
3085 5113 3258 5184 (liam.
3287 5131 3323 5178 ι,
3343 5115 3416 5183 5).
3439 5114 3785 5168 Prmuuutia-

2176 5209 2251 5263 vit
2268 5209 2366 5262 iste
2384 5205 2640 5276 propheta
2658 5205 2816 5259 etiam
2837 5207 2991 5260 tertio
3007 5206 3093 5261 die
3105 5207 3300 5261 Christi
3320 5209 3779 5264 resurrectionem

2178 5306 2426 5367 futuram,
2457 5303 2596 5355 sicut
2624 5317 2740 5355 eam
2770 5303 3078 5372 pr0phetica
3112 5303 3390 5357 altitudine
3419 5305 3782 5374 przenuntiari

2177 5394 2455 5464 oportebat
2479 5435 2492 5456 ,
2523 5393 2610 5447 ubi
2639 5395 2713 5448 ait
2743 5411 2756 5446 :
2792 5395 3006 5449 Sanabit
3047 5412 3139 5448 nos
3179 5407 3288 5466 post
3319 5396 3524 5449 biduum
3546 5437 3560 5459 ,
3588 5396 3640 5447 in
3682 5395 3786 5451 die

2177 5486 2324 5541 tertio
2364 5502 2681 5553 resurqemus
2711 5485 2730 5558 (
2755 5486 2882 5540 Osee
2910 5503 2959 5540 v1
2985 5527 2999 5550 ,
3028 5487 3062 5540 5
3083 5486 3121 5556 ).
3167 5487 3464 5541 Secundum
3493 5487 3592 5540 hoc
3617 5487 3780 5542 enim

2240 5599 2257 5631 ι
2293 5598 2428 5663 Editi,
2451 5597 2686 5663 incipere.
2714 5598 2883 5649 Melius
2905 5607 3030 5659 Mss.,
3055 5598 3305 5663 inciperet.

2239 5663 2259 5692 ³
2291 5661 2425 5710 Vind.
2451 5671 2550 5772 Agin.
2573 5669 2624 5711 et
2644 5661 2812 5725 plures
2831 5671 2936 5712 Mss.
2951 5697 2965 5722 ,
2989 5661 3267 5712 carnaliter.
3292 5687 3356 5700 --
3384 5663 3455 5711 sic
3475 5661 3623 5710 nostri
3656 5673 3782 5710 om-

2175 5736 2283 5774 nes.
2520 5759 2532 5771 .

2175 5759 2731 5900 malduscrlpti.
2757 5787 2879 5837 Editi
2901 5799 3050 5848 vero,
3088 5800 3184 5852 qua
3478 5782 3784 5848 ίηιεαίθίιιιν
