4062 6482
271 356 371 414 585

269 469 420 528 nobis
448 466 582 524 dicit
623 463 910 538 Apostolus
934 503 949 530 ,
982 461 1043 519 Si
1085 457 1424 516 resurrercistis
1453 473 1568 512 cum
1609 453 1808 510 Christo
1831 491 1848 520 ,

266 579 376 634 qua:
397 578 604 618 sursum
629 570 746 616 sunt
769 559 973 631 quwrite
1001 553 1214 628 (Coloss.
1247 569 1324 618 Ill,
1354 551 1431 622 1).
1454 551 1618 606 Amos
1643 560 1852 616 quoque

267 656 330 712 de
349 656 514 710 rebus
539 653 735 709 talibus
759 653 837 706 sic
859 648 1137 720 prophetat
1169 663 1182 700 :
1217 645 1464 714 Prcepara
1485 681 1502 706 ,
1529 639 1736 709 inquit,
1766 645 1812 690 te
1833 675 1850 702 ,

266 757 318 802 ut
347 749 548 802 invocas
579 745 743 799 Deum
788 751 931 796 tuum
974 739 1180 802 Israel;
1207 737 1328 808 quia
1373 749 1484 788 ecce
1511 747 1600 802 ego
1645 729 1854 798 firmans

268 839 546 893 tonitruum
565 879 580 903 ,
601 845 654 890 et
687 851 862 890 creans
886 833 1158 902 spiritum,
1189 839 1234 884 et
1269 827 1576 882 annuntians
1605 823 1656 876 in
1685 820 1852 874 homi-

267 931 410 986 nibus
435 929 694 985 Christum
720 939 869 982 suum
895 924 1070 998 (Antos
1107 938 1158 976 tv
1183 963 1197 988 ,
1225 919 1294 974 12
1323 927 1369 972 et
1401 917 1468 972 15
1490 953 1505 983 ,
1531 931 1630 970 sec.
1661 911 1852 984 LXX).

267 1023 332 1078 Et
355 1023 464 1077 alio
489 1021 644 1076 loco:
665 1019 730 1073 In
759 1019 851 1073 illa
875 1019 976 1080 die,
1007 1015 1199 1085 inquit,
1225 1010 1530 1066 resuscitabo
1562 1007 1856 1060 tabernacu-

267 1113 372 1168 lum
395 1111 567 1165 David
590 1110 726 1181 quod
751 1109 966 1170 cecidit,
1011 1115 1058 1160 et
1081 1101 1397 1170 retediﬁcabo
1426 1114 1538 1169 qua:
1571 1095 1856 1151 ceciderunt

267 1204 374 1272 ejus
405 1243 421 1267 ,
477 1211 528 1256 et
575 1203 830 1256 destructa
881 1199 990 1267 ejus
1039 1193 1346 1250 resuscitabo
1377 1231 1394 1258 ,
1448 1198 1494 1244 et
1539 1185 1856 1256 reaedificabo

266 1311 326 1350 eo
346 1333 364 1362 ,
412 1295 546 1349 sicut
593 1293 698 1348 dies
745 1291 964 1355 saeculi;
1013 1291 1086 1342 ita
1131 1295 1184 1341 ut
1231 1285 1496 1354 exquirant
1541 1297 1620 1336 me
1667 1277 1856 1334 residui

267 1386 567 1450 honnnum,
617 1392 666 1438 et
708 1398 880 1436 omnes
927 1389 1096 1452 gentes
1137 1379 1190 1432 in
1237 1375 1416 1446 quibus
1456 1374 1740 1427 invocatum
1783 1379 1858 1424 est

267 1491 450 1529 nomen
479 1489 646 1528 meum
675 1487 826 1544 super
850 1487 952 1534 eos,
985 1469 1106 1523 dicit
1131 1467 1380 1522 Dominus
1405 1465 1594 1538 faciens
1617 1463 1723 1516 haec
1743 1459 1854 1534 (Id.

267 1581 320 1620 Ix
343 1605 360 1633 ,
389 1567 454 1620 11
479 1575 530 1620 et
557 1565 626 1620 12
650 1607 666 1632 ,
692 1579 794 1620 sec.
823 1561 1014 1630 LXX).

265 1675 496 1733 CAPUT
525 1675 719 1731 XXIX.
743 1705 816 1716 --
837 1673 963 1740 Qua:
991 1671 1052 1724 ab
1079 1669 1222 1724 Isaia
1247 1669 1308 1723 de
1333 1665 1534 1724 Christo
1558 1673 1602 1721 et
1629 1663 1860 1718 Ecclesia

872 1765 974 1818 sint
992 1762 1253 1832 prtedicta.

338 1901 390 1958 1.
422 1901 592 1957 Isaias
619 1898 878 1971 prOpheta
907 1913 1016 1952 non
1041 1904 1124 1952 est
1151 1895 1203 1950 in
1235 1893 1370 1949 libro
1413 1889 1694 1946 duodecim
1721 1889 1858 1944 Pro.

265 1995 588 2066 phetarum,
635 1993 726 2064 qui
778 2001 1059 2062 propterea
1109 1987 1358 2044 dicuntur
1409 1984 1684 2050 minores,
1733 1979 1856 2051 quia

267 2100 545 2142 sermones
569 2099 756 2140 eorum
783 2093 906 2138 sunt
929 2083 1139 2148 breves,
1169 2081 1223 2134 in
1251 2093 1434 2134 eorum
1459 2075 1858 2144 comparatione

267 2176 358 2246 qui
403 2175 642 2245 majores
691 2173 814 2230 ideo
855 2182 1150 2236 vocantur,
1179 2169 1304 2241 quia
1353 2167 1558 2239 prolixa
1589 2165 1857 2220 volumina

265 2267 626 2322 condiderunt
658 2284 672 2321 :
704 2281 768 2320 es
799 2265 989 2336 quibus
1015 2271 1100 2318 est
1129 2263 1214 2317 hic
1239 2259 1422 2324 Isaias,
1451 2273 1608 2329 quem
1639 2265 1859 2328 propter

264 2358 454 2414 eadem
497 2359 798 2430 prOpbetire
825 2367 1060 2426 tempora
1086 2353 1349 2425 subjungo
1377 2350 1696 2422 supradictis
1720 2349 1856 2404 duo-

263 2448 386 2506 bus.
417 2449 586 2504 lsaias
612 2465 740 2520 ergo
767 2449 902 2504 inter
927 2447 1018 2502 illa
1053 2461 1171 2516 quae
1196 2445 1370 2515 arguit
1395 2443 1572 2512 iniqua
1594 2482 1609 2508 ,
1639 2449 1694 2496 et
1714 2442 1860 2510 jus‘a

265 2541 562 2610 praecepit,
595 2551 649 2595 et
689 2538 951 2608 peccatori
980 2538 1175 2608 populo
1202 2535 1339 2589 mala
1370 2533 1544 2588 futura
1572 2530 1856 2602 praedixit,

265 2629 426 2686 etiam
471 2630 542 2686 de
566 2631 782 2686 Christo
825 2638 878 2685 et
904 2627 1140 2684 Ecclesia
1163 2667 1180 2693 ,
1215 2627 1318 2681 hoc
1343 2633 1426 2681 est
1453 2624 1520 2680 de
1547 2623 1690 2694 Rege
1715 2631 1770 2678 et
1794 2635 1858 2676 ea

181 2733 198 2754 '
265 2737 424 2794 quam
469 2723 710 2778 condidit
755 2723 1008 2788 civitate,
1057 2719 1226 2775 multo
1271 2718 1424 2788 plura
1471 2730 1630 2786 quam
1676 2712 1856 2768 cinteri

263 2815 609 2886 prophetarit
638 2831 651 2867 :
683 2813 754 2870 ita
798 2821 858 2868 ut
885 2828 914 2866 a
943 2809 1258 2882 quibusdam
1289 2807 1610 2878 evangelista
1635 2847 1650 2872 ,
1697 2819 1858 2875 quam

263 2904 529 2977 propheta
573 2905 748 2975 potius
775 2903 1041 2960 diceretur
1085 2901 1185 2973 (a).
1218 2899 1324 2954 Sed
1355 2907 1570 2968 propter
1597 2895 1860 2950 rationem

263 2999 445 3068 Operis
475 2998 791 3054 terminandi
813 3038 828 3062 ,
863 3011 1026 3051 unum
1052 2993 1120 3050 de
1146 2993 1326 3048 multis
1365 2991 1466 3046 hoc
1493 2990 1610 3044 loco
1637 3001 1854 3058 ponam.

265 3088 348 3144 Es
371 3104 602 3159 persona
631 3090 828 3160 quippe
859 3088 947 3144 Dei
977 3086 1148 3142 Patris
1177 3086 1402 3154 loquens
1431 3097 1446 3136 :
1481 3081 1630 3146 Ecce,
1663 3079 1854 3149 inquit,

263 3182 510 3254 intelliget
556 3199 682 3253 puer
728 3198 902 3244 meus,
935 3189 980 3234 et
1027 3179 1329 3233 exaltabitur
1352 3217 1367 3242 ,
1399 3183 1445 3230 et
1493 3171 1858 3246 gloriﬁcabitur

265 3276 434 3330 ualde.
471 3273 908 3340 Quemadmodum
954 3281 1239 3340 stupescent
1283 3285 1436 3338 super
1483 3276 1530 3321 te
1569 3265 1756 3330 multi,
1787 3264 1858 3316 ita

265 3367 430 3437 gloria
467 3367 745 3436 privabitur
769 3364 830 3418 ab
858 3363 1139 3418 hominibus
1164 3363 1353 3430 species
1381 3369 1468 3414 tua
1507 3367 1554 3414 et
1577 3359 1740 3430 gloria
1769 3364 1858 3410 tua

263 3457 334 3512 ab
355 3457 642 3512 hominibus
670 3474 689 3512 :
719 3459 791 3510 ita
817 3457 1131 3510 mirabuntur
1155 3462 1326 3524 gentes
1353 3451 1523 3527 multa:
1541 3465 1690 3520 super
1718 3463 1854 3516 eum,

265 3559 314 3604 et
341 3549 662 3605 continebant
689 3566 829 3620 reges
868 3565 924 3602 os
949 3563 1098 3600 suum
1128 3563 1146 3600 :
1175 3544 1413 3616 quoniam
1440 3541 1618 3612 quibus
1655 3555 1757 3594 non
1785 3547 1858 3594 est

264 3644 622 3696 annuntiatum
669 3641 732 3694 de
770 3641 860 3694 illo
884 3681 898 3706 ,
945 3637 1218 3701 videbunt,-
1248 3645 1293 3689 et
1321 3633 1406 3706 qui
1435 3649 1536 3686 non
1563 3631 1854 3698 audierunt,

263 3731 566 3804 intelligent.
600 3731 820 3785 Domine
843 3772 856 3796 ,
909 3731 1021 3798 quis
1067 3727 1278 3782 credidit
1325 3724 1521 3778 auditui
1567 3731 1736 3775 nostro
1760 3760 1776 3788 ,
1809 3727 1858 3776 et

265 3821 528 3876 brachium
565 3821 776 3876 Domini
820 3820 900 3874 cui
941 3819 1210 3874 revelatum
1239 3827 1310 3872 est
1333 3816 1358 3870 2
1383 3813 1806 3868 Annuntiavimus
1835 3811 1856 3844 ⁸

263 3927 437 3965 coram
463 3913 554 3966 illo
579 3951 594 3978 ,
625 3921 679 3965 ut
722 3911 892 3979 infans
917 3953 930 3974 ,
960 3921 1014 3964 ut
1043 3909 1192 3962 radix
1235 3907 1288 3960 in
1332 3915 1464 3960 terra
1491 3903 1677 3959 sitienti
1705 3919 1724 3956 :
1755 3919 1858 3956 non

263 4014 342 4057 est
367 4005 554 4074 species
596 4003 674 4056 illi
697 4043 713 4070 ,
745 4019 901 4072 neque
925 4000 1108 4072 gloria.
1153 3998 1222 4052 Et
1247 3998 1462 4052 uidimus
1487 4012 1600 4050 eum
1623 4037 1638 4060 ,
1666 4002 1713 4048 et
1755 4009 1858 4048 non

265 4093 478 4150 habebat
507 4096 726 4164 speciem
751 4137 765 4160 ,
798 4110 954 4164 neque
980 4094 1206 4146 decorem
1235 4107 1254 4144 :
1285 4091 1373 4144 sed
1401 4089 1588 4160 species
1615 4089 1725 4160 ejus
1751 4089 1859 4144 sine

263 4189 498 4252 honore,
543 4188 782 4256 deficiens
827 4202 934 4256 pra:
961 4185 1188 4239 omnibus
1231 4183 1514 4236 hominibus
1559 4181 1653 4253 (b).
1693 4179 1856 4234 Homo

263 4281 322 4332 in
351 4279 502 4349 plaga
528 4279 744 4348 positus,
775 4288 820 4330 et
847 4278 1008 4332 sciens
1039 4281 1169 4348 ferre
1197 4275 1540 4344 infirmitatem
1569 4290 1586 4328 :
1619 4274 1858 4342 quoniam

263 4388 442 4424 auersa
467 4379 542 4426 est
567 4373 722 4440 facies
751 4371 858 4437 ejus
893 4385 910 4424 :
939 4371 1266 4423 iuhonoratus
1291 4377 1381 4434 est,
1413 4383 1501 4420 nec
1529 4367 1697 4436 magni
1724 4363 1858 4419 testi-

263 4471 436 4516 matus
476 4469 566 4514 est.
605 4461 704 4514 llic
751 4471 953 4529 peccata
1000 4468 1172 4512 nostra
1200 4459 1219 4490 ²
1253 4466 1455 4526 portat,
1487 4465 1534 4510 et
1579 4473 1672 4526 pro
1715 4455 1858 4510 nobis

265 4553 404 4605 dolet
433 4567 453 4604 :
481 4561 528 4605 et
571 4569 660 4606 nos
688 4549 1078 4605 existimavimus
1107 4550 1128 4581 ³
1158 4549 1302 4602 illum
1329 4563 1432 4602 esse
1472 4547 1524 4600 in
1567 4547 1740 4600 dolore
1765 4587 1778 4610 ,
1810 4555 1858 4600 et

263 4643 324 4696 in
366 4643 556 4712 plaga,
586 4651 630 4695 et
674 4643 726 4695 in
768 4641 1050 4712 afflictione.
1084 4639 1205 4710 Ipse
1249 4649 1416 4692 autem
1458 4637 1746 4690 vulneratus
1786 4646 1858 4689 est

263 4743 481 4802 propter
525 4732 812 4800 iniquitates
859 4739 1095 4796 nostras,
1129 4739 1174 4781 et
1203 4729 1490 4796 inﬁrmatus
1535 4735 1608 4780 est
1655 4735 1859 4796 prapter

267 4833 478 4894 peccata
503 4832 693 4876 nostra.
727 4822 959 4876 Eruditio
987 4821 1126 4892 pacis
1151 4829 1336 4874 nostra:
1359 4819 1409 4871 in
1432 4835 1488 4871 eo
1521 4833 1538 4870 :
1567 4817 1722 4871 livore
1749 4818 1858 4886 ejus

263 4929 364 4967 nos
389 4915 554 4966 sanati
596 4929 791 4967 sumus.
841 4912 1028 4966 Omnes
1071 4919 1124 4964 ut
1153 4927 1265 4964 aves
1309 4909 1581 4963 erravimus
1605 4949 1617 4972 ,
1649 4909 1798 4961 homo
1825 4925 1860 4962 a

261 5021 354 5059 vsa
381 5021 478 5058 sua
502 5007 680 5058 erravit
713 5017 730 5058 :
759 5013 804 5058 et
836 5005 1083 5058 Dominus
1115 5004 1322 5057 tradidit
1349 5003 1496 5056 illum
1525 5017 1616 5072 pro
1646 5003 1859 5069 peccetis

263 5099 460 5153 nostris
488 5113 506 5152 :
536 5105 580 5152 et
607 5099 714 5169 ipse
758 5108 961 5168 prapter
984 5098 1116 5168 quod
1141 5097 1351 5167 afflictus
1377 5105 1448 5148 est
1471 5135 1487 5159 ,
1518 5111 1618 5148 non
1659 5095 1859 5164 aperuit

337 5259 356 5290 ⁸
393 5257 532 5316 aditi,
557 5255 963 5308 Apuaniiabimus.
1003 5263 1060 5305 At
1096 5263 1224 5314 Mss,
1259 5249 1661 5302 Atmuntiarimus.
1698 5257 1860 5300 Grtcce

261 5320 320 5372 in
347 5325 461 5368 LXX
484 5328 574 5378 est,
599 5317 979 5381 Anengeilamen.

337 5383 360 5413 ³
393 5387 444 5429 in
470 5381 680 5430 editione
703 5387 813 5428 Lov.
840 5381 1068 5429 omissum
1093 5385 1186 5438 est,
1211 5381 1391 5426 nostra.

339 5444 364 5475 ³
393 5441 550 5490 codex
575 5441 684 5501 258,
709 5439 1088 5501 (unimammas,
1125 5447 1182 5488 tu.

339 5504 416 5562 (a)
443 5510 498 5565 ut
511 5505 569 5552 ab
591 5495 894 5565 Hieronymo,
919 5499 1138 5563 Epistolis
1179 5499 1283 5565 10:5,
1307 5497 1364 5548 ad
1389 5495 1860 5565 Paulinurn,_ct_ll7,

267 5557 556 5616 atl‘Paulam
581 5573 630 5614 et
654 5557 972 5620 Eustochium,
987 5565 1034 5611 in
1059 5563 1289 5611 Promtnio
1306 5561 1638 5608 (Ietntnt-ntarii
1663 5561 1710 5607 in
1736 5557 1864 5608 hunc
1909 5587 1912 5590 ‹

265 5627 589 5690 prophetam,
607 5634 656 5674 et
680 5639 707 5674 a
731 5625 1230 5690 (:31'illo,jn_(_trati0ti_e
1256 5625 1278 5670 1
1305 5625 1354 5670 in
1379 5621 1558 5668 tsaiam.
1579 5629 1826 5690 (iecimus.

345 5681 420 5749 (ξι)
467 5681 592 5749 Apud
633 5681 1034 5749 Lxx,'pra_3filiis
1071 5683 1486 5749 ltotnittttrn.__ltetn
1505 5681 1633 5749 apud
1664 5681 1864 5749 eosdem

263 5740 424 5811 paulo
445 5740 584 5811 supra
601 5786 614 5811 _,
655 5740 772 5811 pro",
789 5740 1068 5811 ipi'ivabitur
1091 5745 1150 5796 ab
1173 5743 1438 5796 hominibus
1463 5778 1476 5807 ,
1505 5740 1728 5804 habetur,
1755 5740 1861 5805 pri-

265 5807 469 5858 imbitur
489 5807 521 5858 ᾱ
541 5807 932 5870 ῙὶΙίἱίΙιοιηὶὴωη.

525 5893 728 5956 Ssxcr
793 5896 1062 5954 Aoovsr.
1098 5891 1233 5952 Vl].

1473 339 1678 398 LIBER
1705 333 1998 394 DECIMUS
2034 334 2370 393 OCTAVUS.

3438 334 3545 396 586

1959 465 2016 504 os
2059 465 2208 504 suum
2237 449 2278 502 ί.
2315 449 2384 504 Ut
2423 449 2528 506 ovis
2553 450 2622 504 ad
2662 449 3028 506 immolandum
3055 451 3236 506 ductus
3277 459 3351 506 est
3375 493 3390 518 ,
3415 461 3461 510 et
3489 459 3546 506 ut

1959 556 2121 610 agnus
2147 549 2262 594 ante
2283 555 2396 595 eum
2420 544 2506 611 qui
2531 558 2586 596 se
2609 543 2798 609 tondet,
2825 545 3092 610 sinemoce,
3122 544 3194 598 sic
3219 559 3320 598 non
3346 547 3546 615 aperuit

1961 645 2017 685 os
2039 647 2204 684 suum.
2231 629 2300 684 I-n
2329 631 2611 688 humilitate
2639 635 2882 700 judicium
2907 636 3018 704 ejus
3043 633 3296 688 sublatum
3322 617 3414 688 est.
3445 637 3548 690 Ge-

1961 723 2270 777 nerationem
2313 725 2422 794 ejus
2449 725 2560 794 quis
2605 727 2855 780 enarrabit
2876 727 2902 780 ?
2933 727 3185 793 Quoniam
3233 729 3438 784 tolletur
3482 731 3546 786 de

1961 821 2093 868 terra
2122 815 2222 868 vita
2249 815 2376 886 ejus.
2401 815 2476 868 Ab
2503 817 2841 886 iniquitatibus
2865 821 3038 890 populi
3063 821 3157 876 mei
3178 820 3359 876 ductus
3386 832 3457 876 est
3475 823 3547 877 ad

1960 915 2189 960 mortem.
2223 906 2290 960 Et
2319 907 2448 962 dabo
2477 909 2725 980 malignos
2746 927 2837 980 pro
2863 913 3120 982 sepultura
3144 915 3273 983 ejus,
3297 924 3342 969 et
3369 916 3549 972 divites

1961 1013 2053 1066 pro
2099 1007 2258 1052 morte
2301 999 2432 1069 ejus.
2468 999 2718 1067 Quoniam
2765 1002 3076 1072 iniquitatem
3121 1023 3221 1060 non
3269 1008 3422 1078 fecit,
3455 1025 3548 1064 nec

1961 1089 2135 1144 dolum
2176 1090 2230 1144 in
2273 1107 2360 1146 ore
2401 1107 2492 1146 suo
2524 1107 2544 1146 :
2573 1102 2618 1146 et
2649 1091 2896 1150 Dominus
2925 1097 3028 1149 vult
3072 1115 3289 1169 purgare
3329 1116 3442 1154 eum
3484 1103 3548 1156 de

1961 1179 2132 1250 plaga.
2167 1179 2226 1235 Si
2257 1181 2492 1236 dederitis
2519 1199 2610 1252 pro
2641 1194 2842 1254 peccata
2869 1187 3090 1240 animam
3116 1199 3324 1243 vestram
3347 1231 3366 1258 ,
3407 1193 3546 1246 vide-

1962 1273 2076 1328 bitis
2117 1290 2282 1328 semen
2323 1273 2605 1345 longtevum
2646 1275 2721 1348 (a)
2757 1292 2771 1330 :
2805 1285 2850 1330 et
2875 1277 3121 1334 Dominus
3149 1282 3254 1336 vult
3289 1287 3490 1354 auferre
3514 1303 3550 1340 α

1962 1363 2138 1418 dolore
2161 1365 2384 1418 animum
2425 1369 2534 1436 ejus
2559 1407 2572 1432 ,
2605 1367 2862 1422 ostendere
2901 1367 2982 1422 illi
3023 1368 3221 1437 lucem,
3254 1384 3298 1426 et
3329 1378 3551 1443 formare

1962 1455 2284 1524 intellectura,
2294 1457 2584 1526 justi/icore
2604 1459 2798 1528 justum
2819 1457 2940 1513 bene
2961 1459 3254 1514 servientem
3281 1463 3504 1530 pluribus
3525 1481 3546 1520 :

1959 1554 2010 1600 et
2041 1555 2246 1615 peccata
2286 1564 2457 1601 eorum
2484 1548 2592 1616 ipse
2617 1549 2832 1618 portabit
2854 1551 2896 1603 ³.
2933 1549 3212 1618 Propterea
3239 1552 3348 1622 ipse
3387 1553 3550 1610 luere-

1963 1639 2140 1691 ditabit
2167 1639 2334 1709 plures
2357 1679 2372 1704 ,
2401 1648 2446 1692 et
2490 1639 2694 1709 fortium
2721 1641 2904 1694 dividet
2942 1641 3110 1712 spolia
3137 1659 3156 1696 :
3189 1653 3391 1713 propter
3413 1647 3552 1715 quod

1964 1731 2150 1784 tradita
2176 1741 2246 1786 est
2271 1732 2338 1785 ad
2363 1743 2570 1786 mortem
2595 1733 2766 1786 anima
2790 1734 2899 1802 ejus
2923 1749 2942 1798 ;
2970 1743 3016 1788 et
3039 1735 3170 1790 inter
3189 1737 3388 1806 iniquos
3412 1740 3552 1793 testi-

1963 1830 2128 1876 matus
2152 1831 2244 1888 est,
2269 1832 2314 1876 et
2343 1824 2452 1894 ipse
2477 1833 2684 1894 peccata
2709 1824 2984 1878 multorum
3011 1829 3248 1897 portavit,
3277 1837 3324 1884 et
3349 1840 3556 1901 propter

1965 1925 2172 1984 peccata
2194 1933 2366 1969 eorunt
2393 1917 2608 1971 traditus
2635 1927 2708 1971 est
2729 1917 2878 1989 (Isai.
2907 1934 2999 1986 ut,
3023 1919 3225 1986 15-15ς
3257 1934 3368 1988 Lm,
3399 1923 3550 1990 1-H,

1962 2023 2060 2063 sec.
2087 2007 2271 2078 LXX).
2299 2009 2422 2064 Haec
2439 2010 2508 2064 de
2527 2009 2759 2066 Christo.

2033 2097 2090 2150 2.
2121 2098 2236 2153 Jam
2263 2113 2390 2154 vero
2417 2099 2486 2154 de
2511 2095 2770 2166 Ecclesia,
2789 2101 2932 2171 quod
2961 2103 3219 2174 sequitur,
3237 2104 3514 2162 audiamus
3531 2123 3550 2162 :

1964 2187 2199 2256 Lwtare,
2245 2189 2458 2260 inquit,
2501 2191 2722 2257 sterilis,
2751 2208 2865 2262 quae
2906 2209 3008 2248 non
3049 2196 3232 2266 paris;
3259 2213 3463 2269 erumpe
3504 2208 3554 2254 et

1963 2279 2128 2334 clama
2148 2319 2169 2348 ,
2197 2296 2312 2351 qua:
2357 2297 2458 2336 non
2489 2283 2710 2352 parturis
2737 2300 2756 2336 :
2785 2285 3024 2354 quoniam
3051 2288 3198 2342 multi
3225 2289 3320 2357 ﬁlii
3341 2291 3551 2346 deserta:

1963 2371 2145 2446 magis,
2169 2389 2318 2444 quam
2344 2374 2450 2443 ejus
2479 2389 2592 2442 qua:
2615 2375 2758 2430 habet
2785 2377 2964 2432 virum.
2991 2376 3168 2433 Dilata
3191 2380 3358 2434 locum
3385 2381 3553 2436 taber-

1961 2462 2136 2518 naculi
2163 2465 2237 2518 tui
2260 2505 2275 2530 ,
2305 2474 2352 2518 et
2377 2463 2658 2519 aulicorum
2683 2477 2884 2521 tuarum
2913 2484 2932 2522 :
2963 2469 3062 2538 fige
3083 2469 3104 2500 ⁸
3126 2509 3142 2534 ,
3171 2471 3279 2525 noli
3303 2489 3510 2541 parcere
3530 2513 3548 2540 ,

1965 2555 2213 2626 prolonga
2245 2556 2498 2626 funiculos
2527 2567 2638 2612 tuos
2663 2597 2679 2624 ,
2705 2567 2752 2612 et
2781 2559 2924 2628 palos
2950 2569 3062 2614 tuos
3085 2565 3317 2632 conferta
3339 2578 3358 2626 ;
3382 2563 3554 2618 adhuc

1963 2647 2016 2700 in
2033 2647 2290 2700 dexteram
2314 2656 2361 2702 et
2379 2647 2634 2702 sinistram
2661 2658 2854 2718 partem
2878 2650 3104 2704 extende.
3125 2650 3192 2704 Et
3220 2667 3386 2707 semen
3411 2663 3554 2708 tuum

1965 2735 2280 2792 hmreditabit
2305 2747 2474 2808 gentes
2501 2755 2518 2802 ;
2549 2748 2595 2792 et
2623 2738 2844 2794 civitates
2871 2739 3094 2795 desertas
3119 2741 3441 2800 inhabitabis.
3471 2742 3556 2798 Ne

1965 2827 2140 2883 timeas
2163 2867 2178 2894 ,
2228 2829 2468 2898 quoniam
2516 2832 2730 2900 confusa
2776 2847 2867 2898 es;
2897 2847 3054 2902 neque
3097 2835 3367 2888 reverearis
3390 2875 3405 2901 ,
3435 2837 3556 2905 quia

1964 2921 2265 2992 exprobrata
2291 2937 2342 2976 es
2365 2923 2642 2992 :quoniam
2666 2923 3008 2991 confusionem
3033 2935 3272 2980 tuter-nam
3299 2927 3555 2982 oblivisce-

1963 3011 2056 3080 νὴ,
2076 3021 2121 3066 et
2146 3013 2404 3082 opprobrii
2429 3013 2686 3068 viduitatis
2710 3023 2808 3070 tate
2827 3031 2929 3070 non
2953 3017 3052 3070 eris
3071 3033 3277 3072 memor.
3301 3017 3555 3084 Quoniam

1963 3105 2212 3170 Dominus
2260 3108 2450 3176 faciens
2488 3117 2571 3173 te',
2607 3106 2856 3161 Dominus
2913 3107 3140 3162 Sabaoth
3183 3125 3364 3164 nomen
3393 3111 3503 3180 ejus
3528 3125 3548 3166 :

1964 3207 2012 3252 et
2033 3199 2118 3268 qui
2144 3199 2270 3251 eruit
2295 3209 2360 3264 te,
2379 3199 2486 3267 ipse
2503 3197 2639 3252 Deus
2661 3197 2826 3252 Israel
2853 3199 3100 3253 universa:
3123 3209 3274 3254 terra:
3297 3201 3553 3254 vocabitur

1967 3287 2096 3359 (Id.
2127 3305 2210 3344 Liv
2232 3331 2248 3356 ,
2279 3291 2372 3346 1-*5
2393 3287 2414 3361 )
2439 3328 2456 3358 ,
2483 3299 2538 3344 et
2561 3299 2776 3346 czetera.
2805 3289 3002 3346 Verum
3031 3289 3128 3345 ista
3155 3292 3262 3346 sint
3288 3293 3418 3346 satis
3450 3307 3462 3344 ε
3495 3302 3552 3348 et

1963 3378 2020 3434 in
2045 3381 2124 3435 eis
2148 3389 2270 3434 sunt
2286 3379 2600 3451 exponenda
2627 3381 2910 3446 nonnulla;
2929 3381 3022 3435 sed
3049 3381 3296 3436 sufﬁcere
3319 3383 3552 3438 arbitror

1963 3486 2084 3543 qua:
2131 3473 2202 3527 ita
2249 3482 2375 3528 sunt
2417 3481 2641 3544 aperta,
2691 3481 2752 3528 ut.
2793 3473 2956 3528 etiam
3005 3473 3204 3529 inimici
3253 3475 3551 3548 intelligere

1963 3573 2220 3632 cogantur
2247 3565 2414 3620 inviti.

1964 3653 2188 3710 CAPUT
2220 3655 2388 3711 XXX.
2406 3686 2476 3698 —-—
2495 3655 2620 3722 Quae
2645 3655 2890 3711 Hic/neas
2912 3696 2927 3722 ,
2955 3666 3004 3712 et
3026 3657 3188 3712 Jonas
3211 3667 3257 3712 et
3283 3657 3400 3713 Joel
3421 3675 3550 3714 navo

2199 3744 2515 3800 Testamento
2536 3748 2863 3814 congruentia
2884 3748 3306 3816 prophetauerint.

2035 3837 2086 3890 1.
2117 3834 2364 3890 Miclueas
2411 3834 2670 3904 propheta
2697 3833 2968 3890 Christum
3021 3837 3074 3890 in
3123 3837 3292 3908 ﬁgura
3341 3853 3550 3908 ponens

1962 3929 2138 3998 magni
2177 3925 2454 3996 cujusdam
2493 3927 2688 3982 montis
2713 3967 2730 3994 ,
2764 3927 2878 3982 lucc
2921 3927 3158 3998 loquitur
3190 3947 3202 3984 :
3236 3929 3350 3985 Erit
3373 3932 3425 3984 in
3449 3949 3548 3986 no-

1961 4019 2175 4074 vissimis
2201 4019 2374 4072 diebus
2413 4020 2708 4090 manifestus
2737 4035 2878 4074 mons
2905 4019 3114 4075 Domini
3149 4033 3357 4092 paratus
3399 4039 3551 4096 super

1962 4110 2168 4164 vertices
2209 4109 2492 4174 montium;
2521 4118 2566 4162 et
2609 4109 2913 4164 exaltabitur
2952 4127 3105 4182 super
3150 4113 3321 4168 colles.
3355 4113 3424 4168 Et
3470 4119 3550 4188 fe-

1963 4202 2218 4256 stinabant
2247 4201 2313 4254 ad
2356 4217 2470 4256 eum
2516 4201 2720 4271 plebes,
2749 4212 2798 4256 et
2843 4202 2986 4256 ibunt
3028 4213 3200 4272 gentes
3245 4205 3458 4273 multa),
3499 4215 3550 4262 et

1963 4293 2178 4346 dicent:
2215 4291 2425 4356 Venite,
2475 4294 2804 4348 ascendamus
2849 4294 2902 4346 in
2945 4305 3162 4348 utentem
3209 4295 3452 4362 Domini,
3503 4307 3554 4352 et

1962 4385 2016 4438 in
2060 4385 2266 4438 domum
2290 4383 2386 4438 Dei
2413 4385 2572 4439 Iacob
2597 4427 2612 4450 ,
2641 4395 2691 4438 et
2734 4385 2957 4440 ostendet
3003 4385 3146 4442 nobis
3187 4389 3320 4442 viam
3361 4405 3548 4458 suam,

1962 4487 2010 4532 et
2053 4477 2236 4531 ibimus
2261 4478 2314 4530 in
2354 4478 2541 4531 semitis
2584 4478 2693 4546 ejus
2726 4492 2744 4530 :
2771 4480 2889 4548 quia
2919 4495 2980 4532 ea:
3007 4478 3136 4534 Sion
3164 4479 3396 4548 procedet
3425 4483 3508 4536 lea:
3527 4515 3546 4550 ,
3619 4515 3624 4520 -

1962 4578 2010 4622 et
2039 4569 2239 4623 verbum
2257 4569 2462 4622 Domini
2484 4585 2544 4623 ea:
2558 4569 2862 4622 Jerusalem.
2885 4570 2950 4624 Et
2966 4571 3218 4642 judicabit
3241 4573 3370 4627 inter
3384 4575 3550 4643 plebes

1964 4661 2168 4726 multas,
2190 4669 2236 4714 et
2260 4660 2527 4730 redarguet
2545 4669 2712 4730 gentes
2731 4669 2952 4731 potentes
2977 4679 3131 4734 usque
3147 4663 3200 4717 in
3223 4664 3552 4738 longinquum

1965 4752 2218 4824 (Micluece
2244 4767 2296 4807 IV
2319 4794 2334 4820 ,
2367 4747 2504 4823 1-5).
2537 4741 2845 4809 Ρνωιιίοριιε
2888 4755 2987 4810 iste
3015 4756 3270 4826 propheta
3297 4768 3349 4812 et
3375 4759 3551 4815 locum

1965 4847 2016 4902 in
2044 4861 2148 4915 quo
2177 4854 2332 4900 natus
2359 4853 2442 4900 est.
2479 4845 2726 4901 Christus
2757 4863 2772 4899 :
2805 4846 2872 4900 Et
2900 4857 2952 4900 tu
2976 4889 2989 4913 ,
3023 4849 3226 4917 inquit,
3255 4848 3550 4904 Bethlehem

1965 4931 2144 4992 domus
2173 4931 2402 5006 Ephrata
2427 4977 2442 5004 ,
2472 4936 2680 4990 miniata
2718 4955 2768 4992 es
2790 4979 2805 5004 ,
2837 4949 2888 4992 ut
2917 4939 2984 4994 sis
3021 4940 3071 4992 in
3115 4939 3334 4994 millibus
3357 4939 3500 4994 Iuda
3528 4957 3549 4995 :

1966 5045 2028 5083 ea:
2053 5039 2099 5082 te
2125 5028 2250 5080 mihi
2275 5027 2492 5098 prodiet,
2519 5037 2572 5081 ut
2597 5029 2660 5082 sit
2689 5027 2742 5080 in
2769 5029 3046 5098 principem
3077 5026 3238 5082 Israel
3265 5045 3284 5083 ε
3314 5039 3360 5082 et
3385 5047 3553 5101 egres-

2030 5119 2047 5154 ί
2081 5123 2166 5170 Hic
2186 5121 2322 5169 Vind.
2350 5129 2450 5168 sm.
2485 5126 2558 5167 Er.
2586 5127 2639 5168 et
2661 5121 2968 5181 manuscripti
3001 5119 3264 5180 omittunt,
3301 5133 3459 5171 suum.
3501 5129 3554 5175 Et

1965 5182 2085 5233 infra
2111 5184 2233 5243 loco,
2262 5182 2454 5241 tondet;
2481 5182 2682 5236 habent,
2717 5181 2945 5243 tonderet.

2029 5239 2465 5316 s'lrjjnifportavit.
2509 5249 2566 5292 At.
2611 5242 2938 5304 manuscripti,
2976 5239 3198 5304 portabit.
3245 5249 3408 5293 Graece
3452 5253 3548 5306 est,

1964 5317 2157 5358 αηοιεει.

2031 5369 2051 5400 ³
2083 5369 2200 5416 Etlili
2221 5403 2234 5428 ,
2279 5373 2325 5416 et
2383 5363 2518 5430 palos
2569 5363 2819 5430 caularum
2878 5371 3092 5430 tuarum
3110 5362 3223 5428 ﬁge.
3287 5368 3554 5416 amendan-

1965 5437 2044 5479 tur
2090 5443 2154 5478 ex
2191 5425 2522 5490 manuscriptis
2556 5427 2640 5489 qui
2685 5425 2884 5490 habent,
2919 5431 2964 5490 et
3010 5425 3551 5490 aalwarumqtuarum;

1966 5493 2161 5548 omisso,
2185 5487 2494 5551 palos,juxt_a
2516 5487 2644 5549 LXX,
2662 5487 2749 5551 ubi,
2763 5499 2924 5548 graece
2942 5487 3138 5551 legitur,
3165 5487 3244 5539 ka'z
3266 5487 3343 5539 ton
3359 5487 3552 5542 anteibit

1967 5565 2068 5603 sou.
2089 5548 2218 5608 Quod
2239 5548 2433 5611 quidem
2455 5548 2603 5599 latine
2626 5548 2851 5608 Vertitur,
2873 5556 2920 5598 et
2941 5548 3208 5600 animorum
3231 5561 3438 5601 tuorum.
3457 5553 3550 5601 Sed

1967 5611 2177 5674 anlwant
2198 5611 2428 5674 fetlllﬂitlQ
2453 5613 2596 5658 etiam
2619 5623 2812 5674 genere
2849 5611 2960 5674 dici,
3003 5619 3168 5660 notum
3193 5620 3271 5663 est
3293 5627 3356 5662 ex
3379 5615 3554 5672 Quinto

1966 5676 2142 5732 Curtio,
2167 5673 2249 5721 lib.
2273 5673 2322 5730 8,
2346 5673 2386 5718 si
2411 5671 2544 5720 locus
2565 5671 2727 5722 tamen
2753 5671 2929 5721 mendo
2953 5681 3108 5722 vacet.

2033 5733 2264 5799 (a)_Apud
2287 5739 2394 5799 LXX
2419 5733 2490 5780 sic
2508 5739 2613 5782 est:
2639 5733 2686 5787 si
2711 5733 2834 5786 detis
2865 5747 2954 5798 pro
2977 5741 3187 5799 peccato,
3214 5734 3374 5784 anima
3397 5741 3554 5785 vestra

1969 5793 2146 5850 videbit
2167 5793 2326 5847 semen
2350 5793 2628 5857 longaevum.

2903 5879 3308 5957 (Dim-neut.)
