4062 6484
498 316 603 373 587

493 447 579 487 sus
619 431 730 503 ejus
771 429 833 485 ab
876 428 1019 486 initio
1044 472 1060 496 ,
1086 437 1132 482 et
1158 442 1220 481 ex
1244 425 1419 481 diebus
1454 425 1771 479 teternitatis.
1800 423 2083 494 Propterea

496 524 635 579 dabit
657 539 744 579 eos
767 538 924 593 usque
936 522 1003 575 ad
1024 529 1219 592 tempus
1237 517 1560 589 parturientis
1589 517 1747 586 pariet
1766 517 1804 581 ί,
1825 526 1870 570 et
1895 513 2084 568 residui

496 617 681 684 fratres
722 614 831 685 ejus
858 619 1206 667 convertentur
1245 608 1314 663 ad
1339 608 1475 679 filios
1502 606 1683 661 Israel.
1713 607 1779 660 Et
1823 606 1971 659 stabit
1996 648 2008 667 ,
2037 613 2084 659 et

498 687 717 774 videbit,
747 716 792 761 et
832 714 1001 778 pascet
1041 720 1243 776 gregem
1285 719 1432 757 suum
1472 703 1526 756 in
1552 702 1734 756 virtute
1764 699 2004 764 Domini,
2037 706 2084 753 et

498 798 550 852 in
594 798 785 853 honore
825 797 1043 852 nominis
1082 794 1289 850 Domini
1329 793 1426 847 Dei
1467 794 1547 847 sui
1586 800 1730 846 erunt
1778 807 1797 845 :
1845 790 2084 862 quoniam

497 907 629 945 nunc
670 887 1075 961 magni/imbitur
1110 889 1265 958 usque
1301 885 1369 940 ad
1404 900 1654 940 summum
1679 893 1825 938 terrae
1864 882 1882 953 (
1912 880 2074 935 Mich.

495 981 686 1048 mit-4,
718 996 821 1036 sec.
852 978 1045 1052 LXX).
1893 1012 1897 1015 λ
2026 967 2036 978 ’

562 1070 619 1127 2.
649 1070 814 1127 Jonas
838 1079 1016 1126 autem
1059 1068 1319 1142 propheta
1365 1082 1471 1122 non
1503 1074 1608 1121 tam
1651 1077 1899 1119 sermone
1923 1062 2082 1117 Chri-

491 1169 634 1217 stum
668 1202 685 1226 ,
737 1177 895 1232 quam
947 1170 1043 1217 Sua
1097 1158 1325 1230 quadam
1379 1160 1629 1228 passione
1686 1154 2027 1226 prophetavit
2060 1194 2076 1219 ,

489 1252 731 1324 profecto
778 1250 1054 1325 apertius,
1086 1268 1245 1325 quam
1291 1253 1335 1307 si
1379 1251 1495 1321 ejus
1526 1259 1749 1305 mortem
1799 1257 1856 1304 et
1898 1263 2080 1303 resur—

488 1346 784 1402 rectionem
809 1360 945 1401 voce
986 1346 1263 1399 clamaret.
1294 1342 1492 1413 thuid
1519 1341 1660 1396 enim
1700 1349 1961 1410 exceptus
2000 1348 2084 1394 est

488 1443 683 1492 ventre
724 1436 965 1492 belluino
989 1478 1003 1501 ,
1035 1445 1088 1490 et
1130 1435 1218 1489 die
1261 1434 1419 1490 tertio
1447 1433 1684 1488 redditus
1709 1472 1725 1495 ,
1756 1432 1857 1487 nisi
1904 1438 1963 1485 ut
2003 1431 2080 1485 si-

487 1524 767 1594 gniﬁcaret
810 1525 1081 1581 Christum
1129 1524 1196 1581 de
1244 1524 1503 1595 profundo
1553 1522 1747 1578 inferni
1790 1523 1877 1577 die
1924 1522 2082 1576 tertio

486 1615 785 1673 rediturum
806 1618 830 1671 ?

558 1708 613 1764 5.
650 1707 767 1765 Joel
793 1711 968 1764 omnia
1002 1724 1121 1781 qua:
1167 1708 1468 1779 prophetat,
1504 1707 1682 1762 multis
1724 1706 1899 1763 verbis
1923 1721 2077 1761 como

485 1799 638 1869 pellit
662 1801 879 1871 exponi,
902 1809 960 1855 ut
986 1816 1106 1871 qua:
1139 1801 1407 1871 pertinent
1425 1798 1492 1854 ad
1513 1798 1781 1853 Christum
1812 1807 1867 1854 et
1887 1799 2078 1854 Eccle-

484 1891 620 1947 siam
645 1891 990 1950 dilucescant.
1016 1892 1188 1948 Unum
1220 1902 1399 1948 tamen
1418 1933 1433 1959 ,
1463 1890 1605 1963 quod
1641 1891 1801 1947 etiam
1836 1892 2078 1960 Apostoli

485 1993 1062 2052 commemoraverunt,
1091 1983 1303 2054 quando
1330 1984 1381 2037 in
1410 1992 1760 2052 congregatos
1797 1982 2078 2037 credentes

483 2075 717 2147 Spiritus
753 2086 990 2141 sanctus,
1034 2076 1169 2131 sicut
1217 2092 1244 2128 a
1276 2074 1491 2131 Christo
1536 2074 1830 2143 promissus
1868 2071 2075 2138 fuerat,

482 2167 884 2240 desupervenit
905 2167 1042 2243 (Act.
1072 2184 1130 2236 n;
1160 2168 1246 2231 t7,
1272 2166 1386 2238 l8),
1418 2183 1525 2221 non
1558 2165 1983 2235 prmtermittam.
2010 2163 2078 2218 Et

482 2261 597 2326 erit,
626 2261 819 2331 inquit,
837 2270 952 2333 post
975 2261 1105 2326 haec,
1133 2268 1181 2313 et
1202 2258 1463 2327 effundam
1482 2258 1545 2310 de
1569 2254 1768 2327 Spiritu
1794 2273 1903 2311 meo
1923 2272 2079 2325 super

481 2368 679 2406 omnem
706 2368 912 2406 carnem
942 2366 963 2406 :
990 2360 1036 2405 et
1066 2349 1434 2422 prophetabunt
1460 2349 1557 2417 ﬁlii
1586 2348 1735 2401 vestri
1768 2357 1812 2402 et
1841 2348 1964 2416 ﬁliae
1995 2362 2079 2400 ue-

482 2452 639 2508 strae;
677 2452 724 2497 et
750 2443 972 2497 seniores
999 2442 1148 2496 vestri
1176 2441 1373 2496 somnia
1410 2439 1758 2503 somniabunt,
1801 2447 1846 2492 et
1864 2439 2077 2510 juvenes

481 2536 633 2589 uestri
676 2536 780 2590 visa
808 2534 1044 2589 videbunt
1071 2550 1091 2591 :
1122 2544 1169 2588 et
1197 2534 1399 2606 quidem
1432 2534 1487 2587 in
1516 2548 1683 2587 servos
1723 2549 1857 2586 meos
1896 2541 1943 2585 et
1978 2548 2075 2586 an-

483 2627 629 2681 cillas
669 2643 806 2680 meas
851 2626 907 2680 in
947 2626 1053 2681 illis
1097 2625 1272 2681 diebus
1312 2622 1571 2693 e/fundam
1612 2625 1675 2679 de
1721 2623 1922 2695 Spiritu
1966 2640 2076 2679 meo

485 2714 629 2787 (Joel
656 2732 714 2781 tt,
745 2716 817 2770 28
843 2725 891 2770 et
918 2715 1033 2787 29).

484 2802 713 2862 CAPUT
733 2804 930 2860 XXXI.
948 2833 1019 2847 α-
1038 2803 1165 2871 Qua:
1188 2804 1239 2858 in
1268 2803 1451 2870 Abdia,
1483 2800 1539 2857 in
1566 2804 1757 2866 Naum,
1783 2811 1829 2857 et
1856 2801 2077 2859 Ambacu

494 2934 497 2937 -
536 2895 602 2950 de
623 2894 791 2950 salute
816 2896 996 2950 mundi
1015 2897 1066 2949 in
1088 2894 1290 2951 Christo
1312 2895 1651 2966 praenuntiata
1674 2894 2013 2962 reperiantur.

552 2986 606 3043 1.
638 2985 771 3042 Tres
815 2986 1089 3057 prapheta:
1133 2986 1201 3041 de
1242 2986 1559 3050 minoribus,
1605 2986 1825 3053 Abdias,
1865 2985 2069 3053 Naum,

480 3088 512 3134 ι
530 3078 774 3135 mbaeutn
797 3080 839 3144 ²,
865 3094 964 3134 nec
988 3094 1083 3134 sua
1107 3088 1343 3149 tempora
1365 3078 1549 3139 dicunt
1571 3079 1691 3151 ipsi,
1716 3094 1814 3137 nec
1834 3079 1888 3136 iu
1909 3078 2077 3138 Chro-

482 3169 619 3225 nitis
645 3169 860 3226 Eusebii
888 3179 943 3231 et
972 3170 1308 3247 Hieronymi,
1345 3170 1559 3243 quando
1598 3172 2034 3242 prophetaverint
2055 3213 2074 3240 ,

481 3259 752 3320 invenitur
780 3262 881 3338 (a).
911 3264 1112 3320 Abdias
1136 3265 1277 3319 enim
1309 3264 1515 3333 positus
1549 3272 1633 3318 est
1662 3264 1875 3332 quidem
1904 3264 1971 3317 ab
1996 3264 2075 3320 eis

482 3367 603 3414 eum
632 3356 875 3424 Miclma,
908 3355 1002 3412 sed
1025 3370 1129 3410 non
1152 3368 1218 3410 eo
1244 3354 1385 3420 loco,
1413 3353 1503 3409 ubi
1534 3362 1787 3409 notantur
1813 3363 2071 3424 tempora,

483 3447 697 3519 quando
720 3446 994 3503 Michatam
1015 3445 1363 3516 propltetasse
1390 3460 1455 3500 ex
1478 3445 1591 3514 ejus
1614 3444 1804 3499 litteris
1825 3452 2071 3499 constat:

482 3538 624 3610 quod
646 3553 829 3595 errore
850 3537 1171 3608 negligenter
1199 3535 1613 3592 describendum
1636 3536 1849 3592 labores
1870 3537 2075 3593 alienos

481 3630 730 3685 existimo
768 3628 1074 3700 contigisse.
1103 3628 1248 3684 Duos
1285 3640 1415 3683 vero
1451 3626 1587 3683 alios
1628 3637 2074 3685 commemoratos

481 3721 538 3775 in
567 3719 838 3776 codicibus
856 3720 1243 3776 Chronicorum
1272 3733 1405 3789 quos
1430 3717 1736 3784 habuimus,
1766 3733 1872 3773 non
1896 3720 2073 3788 potui-

484 3825 607 3867 mus
652 3810 935 3867 invenire:
966 3818 1144 3866 tamen
1172 3810 1295 3880 quia
1336 3824 1543 3865 canone
1582 3811 1941 3875 continentur,
1974 3824 2075 3866 nec

481 3903 584 3974 ipsi
613 3910 825 3974 oportet
859 3911 1244 3974 praetereantur
1269 3916 1300 3956 a
1342 3900 1517 3956 nobis.
1548 3901 1780 3963 Abdias,
1812 3910 2071 3971 quantum

482 3993 550 4050 ad
577 3995 899 4065 scripturam
928 3994 1044 4065 ejus
1071 3995 1280 4059 attinet,
1306 3993 1542 4047 omnium
1571 3992 1920 4048 brevissimus
1943 3993 2074 4049 Pro.

482 4084 785 4155 phetarum.
814 4085 1069 4141 adversus
1093 4084 1377 4139 lduma-am
1400 4083 1657 4153 loquitur,
1686 4094 1898 4154 gentem
1925 4086 2073 4142 scili-

483 4187 572 4233 cet
600 4172 760 4244 Esau,
792 4194 858 4235 ex
884 4178 1091 4234 duobus
1117 4179 1138 4210 ³
1158 4176 1385 4249 geminis
1416 4177 1536 4231 liliis
1569 4176 1734 4241 Isaae,
1788 4180 2072 4249 nepotibus

484 4268 735 4337 Abi-alim,
764 4269 982 4338 majoris
1014 4269 1160 4323 illius
1195 4269 1485 4337 reprobali.
1518 4268 1686 4325 Porro
1715 4269 1759 4325 si
1783 4269 2069 4328 ldumwam

484 4361 648 4419 modo
675 4361 977 4428 locutionis,
1006 4376 1111 4432 quo
1139 4360 1450 4431 intelligitur
1472 4376 1501 4414 a
1533 4372 1680 4430 parte
1709 4371 1875 4418 totum
1894 4406 1908 4426 ,
1932 4367 2073 4421 acci-

485 4453 695 4524 piamus
748 4452 976 4523 positam
1034 4468 1155 4509 esse
1205 4468 1302 4523 pro
1368 4453 1616 4523 gentibus
1670 4470 1685 4508 :
1737 4454 1804 4511 de
1858 4456 2070 4514 Christo

482 4558 775 4616 agnoscere
804 4559 1087 4616 possumus
1106 4544 1249 4617 quod
1274 4545 1349 4600 ait
1369 4544 1510 4601 inter
1530 4554 1743 4612 cmtcra,
1769 4545 1835 4602 In
1858 4560 2026 4605 monte
2046 4550 2070 4584 ⁸

547 4700 565 4732 ί
590 4700 663 4750 sic
697 4700 1008 4767 manuscriptl
1029 4699 1300 4767 secundum
1315 4706 1442 4751 Lxx.
1468 4706 1525 4751 At
1544 4700 1677 4764 editi,
1698 4715 1846 4767 usque
1867 4703 1933 4755 ad
1948 4710 2068 4756 tem-

479 4774 571 4825 pus
585 4774 678 4824 quo
700 4761 973 4826 parturiens
991 4762 1162 4826 pariet.

546 4826 566 4856 ί
590 4822 641 4873 in
660 4822 820 4882 editis,
848 4822 1054 4874 abacus.
1081 4831 1139 4874 At
1160 4829 1289 4884 Mss,
1314 4823 1590 4875 Ambacum.

491 4937 495 4941 ,
544 4886 567 4954 ξ
587 4886 722 4945 Editi,
738 4885 972 4954 aduersus
992 4886 1256 4954 Idumwam
1274 4892 1461 4954 gentem
1477 4885 1702 4950 loquitur,
1720 4886 1903 4954 scilicet
1919 4896 2063 4954 Esau,

480 4946 623 4998 unius
643 4961 707 4998 ea:
727 4948 927 5007 duobus,
954 4953 1051 5010 etc.
1076 4946 1374 5010 castigantur
1396 4948 1455 4996 ad
1480 4946 1680 4997 veteres
1701 4949 1910 4998 codices.

587 5011 661 5059 sic
681 5009 989 5072 manuscripti
1008 5011 1147 5071 juxta
1170 5016 1295 5057 LXX.
1320 5016 1374 5059 At
1393 5009 1526 5069 editi,
1552 5017 1605 5058 In
1622 5016 1845 5059 montem.

545 5092 617 5153 Χιι)
639 5093 973 5153 Hieronymus,
997 5090 1348 5153 Commentario
1370 5090 1432 5153 in
1475 5089 1687 5148 Abdiam,
1718 5108 1741 5137 α
1762 5098 1913 5152 Hunc,
1935 5107 1959 5137 ι
1986 5094 2064 5144 in-

476 5151 606 5215 quit,
634 5170 657 5215 ιι
679 5164 793 5201 esse
815 5151 1183 5215 aiuntuebrmi,
1205 5153 1289 5214 qui
1310 5151 1402 5200 sub
1423 5163 1545 5213 rege
1587 5154 1809 5215 Samarite
1830 5151 1988 5203 Achab
2010 5164 2065 5207 et

482 5211 506 5258 si
529 5211 808 5277 impiissima
849 5211 1041 5263 Jezabel
1082 5211 1448 5275 pavit—centum
1487 5211 1754 5277 prophetas
1797 5214 1845 5262 in
1884 5226 2061 5277 Specu-

481 5289 506 5318 ι
528 5273 652 5331 bus,
687 5275 769 5335 qui
813 5287 909 5323 non
947 5273 1273 5324 curvaverant
1304 5287 1436 5335 genu
1471 5273 1594 5323 ante
1624 5273 1784 5331 Bant,»
1825 5273 1926 5325 ete.‘
1958 5280 2063 5328 Fuit

475 5346 598 5394 ergo
634 5341 779 5383 tetate
802 5335 1029 5398 Josaphat
1068 5337 1204 5398 regis
1231 5335 1377 5398 Juda,
1412 5348 1533 5398 rege
1558 5337 1825 5385 latinorum
1846 5338 2055 5389 Tiberio.

472 5402 827 5462 Muniautgm
876 5394 1160 5462 prophetam
1201 5397 1438 5462 Josopbus
1461 5394 1495 5457 ,⁷
1516 5394 1601 5445 Iih.
1637 5398 1674 5462 l)
1711 5401 1866 5462 antiq.
1908 5400 2013 5462 Jud.
2038 5435 2056 5461 ,

473 5457 678 5527 eam“,
703 5456 727 5517 §
748 5456 804 5527 ᾇ,
828 5456 993 5527 scribit
1027 5457 1175 5527 fuisse
1200 5456 1498 5527 temporibus
1531 5459 1729 5527 Joatban
1759 5456 2051 5527 reg'isiudal

474 5517 695 5582 Denique
733 5517 798 5582 de
830 5517 1065 5579 propheta
1086 5517 1315 5582 Ηιὼειειιό
1330 5520 1502 5582 dicitur
1525 5521 1733 5571 Dauit-lis
1769 5517 1866 5578 χιῖι,
1889 5521 2052 5582 52-58,

471 5580 600 5641 quod
616 5578 876 5641 prandium
899 5578 1040 5628 suum
1077 5593 1141 5630 ex
1165 5580 1291 5645 Juda
1303 5581 1590 5645 Babylonem
1612 5582 1778 5645 tulerit
1799 5583 1858 5632 ad
1883 5578 2053 5631 DanieL

471 5648 604 5700 tem;
631 5648 683 5690 et
706 5653 817 5688 eum
841 5646 1078 5705 tempore
1122 5642 1412 5705 captivitatis
1433 5642 1721 5705 Babylonica:
1745 5645 2053 5693 vaticinatum

474 5714 611 5812 me:
632 5707 765 5812 nigtat
799 5702 1132 5766 uieronymus,
1173 5710 1323 5766 atque
1352 5704 1405 5754 in
1442 5702 1731 5767 Babylonem
1749 5705 1894 5769 dirigi
1938 5707 2049 5769 ejus

600 5778 646 5812 ιιι
699 5795 714 5811 .

473 5774 714 5813 sauouna.

1566 310 1651 365 DE
1688 308 2007 366 CIVITATE
2050 309 2180 374 DEI,
2223 309 2281 366 S.
2324 313 2687 373 AUGUSTINI

3683 333 3786 392 588

2196 437 2367 516 autem
2392 427 2522 483 Sion
2550 432 2645 485 erit
2670 435 2830 501 salus,
2871 445 2918 490 et
2946 437 3040 493 erit
3076 447 3326 495 sanctum.
3358 440 3425 496 Et
3466 443 3624 512 paulo
3663 458 3789 516 post

2192 513 2244 569 in
2278 516 2381 574 line
2410 519 2577 590 ipsius
2606 526 2900 594 prophetiae
2932 543 2946 581 :
2976 528 3045 583 Et
3068 531 3367 598 ascendant,
3397 532 3585 604 inquit,
3620 513 3784 592 resal-

2190 607 2295 660 vati
2317 622 2380 662 ea:
2406 620 2573 666 monte
2602 612 2750 680 Sion,
2784 625 2839 670 ut
2863 617 3136 686 defendant
3161 630 3384 676 montem
3406 622 3583 689 Esau,
3613 636 3663 681 et
3690 630 3786 684 erit

2192 694 2415 754 Domino
2449 718 2658 772 regnum
2694 704 2894 778 (Abdio:
2922 710 3007 777 17,
3037 711 3097 766 2|
3127 751 3143 777 ,
3170 726 3273 768 sec.
3318 713 3505 784 LXX).
3544 718 3787 789 Apparet

2191 791 2386 862 quippe
2416 794 2471 849 id
2510 810 2631 853 esse
2654 801 2999 871 completum,
3036 820 3159 861 cum
3202 808 3451 864 resalvati
3487 826 3553 866 ex
3595 824 3781 872 monte

2192 879 2347 949 Sion,
2386 884 2439 939 id
2478 897 2558 942 est
2592 903 2660 943 ex
2701 890 2906 960 Judzea,
2946 896 3230 953 credentes
3254 898 3309 954 in
3346 898 3645 969 Christum,
3689 907 3785 975 qui

2191 974 2454 1044 prmcipue
2479 989 2840 1048 agnoscuntur
2863 984 3107 1055 Apostoli
3127 1029 3142 1054 ,
3174 989 3567 1059 ascenderunt,
3596 1004 3653 1049 ut
3682 974 3783 1051 de-

2189 1062 2469 1123 fenderent
2498 1085 2621 1126 mon
2646 1086 2731 1128 em
2766 1075 2925 1131 Esau.
2962 1077 3240 1145 Quomodo
3266 1081 3651 1149 defenderent,
3678 1086 3783 1142 nisi

2188 1171 2285 1226 per
2312 1158 2584 1232 Evangelii
2614 1164 3044 1233 prmdicationem
3083 1172 3260 1228 salvos
3289 1174 3533 1232 faciendo
3563 1191 3661 1233 eos
3690 1179 3784 1249 qui

2185 1249 2552 1320 crediderunt,
2594 1264 2652 1310 ut
2677 1269 2999 1315 cruerentur
3025 1261 3094 1317 de
3122 1272 3386 1333 potestate
3412 1268 3781 1337 tenebrarum,

2189 1350 2243 1396 et
2267 1343 2682 1403 transferrentur
2707 1349 2760 1405 in
2782 1366 3008 1423 regnum
3038 1354 3134 1409 Dei
3153 1358 3173 1407 ’ἒ
3202 1356 3355 1425 Quod
3378 1371 3783 1432 consequenter

2187 1438 2454 1506 expressit
2472 1438 2739 1506 addendo,
2766 1442 2831 1497 Et
2856 1445 2947 1501 erit
2969 1444 3186 1501 Domino
3207 1464 3437 1519 regnum.
3459 1450 3613 1508 Mons
3635 1454 3784 1511 enim

2185 1524 2312 1582 Sion
2335 1526 2574 1584 Judtf‘atll
2603 1530 2884 1602 signiﬁcat,
2908 1535 2995 1590 ubi
3024 1537 3196 1593 futura
3227 1540 3477 1609 prtedicta
3497 1551 3582 1598 est
3606 1545 3782 1614 salus,

2186 1626 2239 1671 ct
2264 1626 2530 1687 sanctum,
2548 1621 2689 1692 quod
2711 1631 2794 1678 est
2815 1623 3058 1681 Christus
3084 1625 3240 1682 Jesus
3264 1645 3277 1682 :
3303 1644 3459 1686 mons
3479 1648 3609 1688 vero
3633 1634 3784 1692 Esau

2184 1706 2416 1765 ldumrea
2448 1720 2566 1778 est,
2611 1729 2707 1783 per
2736 1732 2894 1786 quam
2932 1718 3229 1789 signiﬁcata
3256 1730 3339 1778 est
3373 1724 3609 1780 Ecclesia
3647 1742 3783 1797 gen-

2186 1799 2341 1869 tium,
2367 1818 2526 1873 quam
2565 1804 2936 1875 defenderunt,
2972 1810 3109 1866 sicut
3136 1813 3399 1882 exposui,
3432 1816 3682 1872 resalvati
3711 1833 3781 1874 ex

2185 1902 2366 1948 monte
2404 1892 2556 1961 Sion,
2594 1905 2652 1950 ut
2689 1906 2832 1953 esset
2872 1900 3096 1956 Domino
3133 1917 3377 1973 regnum.
3420 1904 3535 1961 lloc
3585 1908 3783 1964 obscu-

2184 1997 2300 2037 rum
2319 1995 2453 2052 erat,
2478 1996 2760 2059 antequam
2785 1990 2967 2059 lieret;
2995 1993 3089 2049 sed
3118 1994 3309 2052 factum
3331 1998 3450 2068 quis
3468 2013 3574 2055 non
3600 2000 3781 2056 ﬁdelis

2188 2078 2484 2146 agnoscat?

2266 2166 2321 2222 2.
2362 2167 2533 2224 Naum
2563 2185 2692 2226 vero
2718 2172 2995 2242 propheta,
3027 2174 3135 2231 imo
3160 2191 3261 2248 per
3288 2177 3433 2251 illum
3454 2179 3597 2235 Deus
3629 2179 3780 2236 :Exn

2183 2258 2480 2327 terminabo,
2505 2260 2694 2332 inquit,
2719 2265 2975 2335 sculptilia
2992 2276 3039 2319 et
3058 2268 3336 2337 conﬂatilia
3356 2286 3375 2323 :
3391 2287 3577 2341 ponam
3598 2274 3776 2343 sepulo

2185 2357 2351 2401 turam
2380 2360 2518 2405 tuam
2535 2355 2695 2423 :‘quia
2716 2355 2906 2409 veloces
2929 2373 3035 2411 esse
3052 2375 3203 2427 super
3231 2372 3422 2415 montes
3443 2362 3595 2429 pedes
3623 2380 3778 2418 cvan-

2180 2439 2464 2510 gelizantis,
2504 2453 2551 2496 et
2592 2446 2940 2500 annuntiantis
2977 2463 3171 2517 pacem.
3199 2448 3426 2518 Celebra,
3455 2450 3488 2503 Ι
3494 2452 3597 2505 uda
3620 2494 3635 2519 ,
3662 2453 3776 2508 dies

2180 2530 2336 2599 festos
2377 2542 2524 2600 tuos,
2574 2536 2731 2590 redde
2776 2547 2892 2592 vota
2931 2548 3018 2592 tua
3048 2554 3066 2593 :
3093 2541 3211 2610 quia
3252 2540 3359 2605 iant
3391 2559 3491 2597 non
3530 2545 3777 2614 adjicient

2180 2621 2337 2688 ultra,
2379 2635 2433 2677 ut
2469 2634 2728 2680 transeant
2769 2628 2821 2681 in
2864 2638 3181 2685 vetustatem.
3225 2631 3639 2689 Cansummatum
3674 2645 3771 2704 est,

2182 2726 2536 2782 consumptum
2571 2728 2664 2782 est,
2698 2720 2920 2775 ablatum
2964 2730 3037 2776 est
3066 2723 3104 2775 ¹.
3138 2724 3403 2792 Ascendit,
3430 2728 3518 2794 qui
3552 2729 3775 2799 insufﬂat

2179 2803 2233 2857 in
2258 2804 2441 2875 facient
2462 2816 2620 2874 tuam,
2668 2811 2884 2879 eripiens
2905 2821 2953 2865 te
2971 2828 3034 2867 ea:
3059 2812 3378 2869 tribulatione
3400 2815 3603 2887 (Naum
3632 2834 3670 2884 ι,
3705 2820 3775 2876 14

2180 2903 2226 2948 et
2254 2895 2355 2959 15;
2401 2912 2458 2961 ιι,
2494 2897 2545 2965 1,
2575 2915 2675 2953 sec.
2700 2899 2891 2972 LXX).
2917 2901 3047 2969 Quis
3067 2904 3368 2964 ascenderit
3392 2907 3461 2965 ab
3484 2908 3691 2978 inieris,
3718 2921 3775 2970 et

2181 2988 2531 3047 insumavcrit
2557 2993 2608 3048 in
2639 2994 2833 3055 faciem
2858 2997 3028 3067 Iudae,
3058 3001 3159 3058 hoc
3178 3011 3260 3058 est
3280 3001 3583 3059 Iudaeorum
3609 3006 3774 3061 discis

2179 3080 2449 3152 pulorum,
2494 3087 2753 3158 Spiritum
2799 3101 3061 3157 sanctum,
3109 3093 3311 3148 recolat
3344 3096 3364 3127 ⁸
3399 3095 3486 3165 qui
3523 3096 3774 3153 meminit

2180 3172 2549 3246 Evangelium.
2574 3179 2654 3234 Ad
2677 3195 2871 3236 novum
2887 3184 3029 3238 enim
3052 3183 3453 3241 Testamentum
3476 3188 3770 3257 pertinent,

2179 3280 2405 3333 quorum
2448 3268 2564 3323 dies
2606 3268 2729 3325 feSti
2758 3273 2829 3327 ita
2869 3272 3216 3343 spiritualiler
3244 3276 3576 3342 innovantur,
3621 3288 3679 3332 ut
3713 3280 3771 3335 in

2180 3364 2491 3413 vetustatem
2510 3362 2735 3416 transire
2752 3377 2855 3417 non
2877 3365 3099 3434 possint.
3122 3365 3288 3420 Porro
3304 3381 3401 3436 per
3419 3367 3772 3438 Evangelium

2179 3449 2532 3504 exterminata
2555 3451 2821 3522 sculptilia
2849 3463 2903 3509 et
2928 3455 3235 3523 conﬂatilia,
3271 3458 3322 3513 id
3352 3468 3435 3514 est
3460 3458 3601 3514 idola
3630 3460 3771 3517 deo.

2179 3551 2297 3591 rum
2323 3537 2600 3608 falsorum,
2626 3532 2681 3597 et
2708 3543 2960 3600 oblivioni
2986 3555 3233 3616 tanquam
3255 3548 3541 3619 sepultura:
3571 3552 3769 3606 tradita

2175 3635 2286 3706 jam
2328 3632 2601 3697 videmus;
2632 3642 2687 3690 et
2724 3634 2861 3690 hanc
2899 3636 3056 3691 etiam
3098 3637 3151 3691 in
3190 3636 3292 3692 hac
3334 3653 3393 3694 re
3426 3639 3770 3710 prephetiam

2178 3725 2496 3795 completam
2519 3739 2638 3780 esse
2657 3727 3047 3796 cognoscimus.

2249 3812 2303 3871 3.
2338 3816 2631 3871 Ambacum
2656 3815 2723 3871 de
2746 3832 2853 3886 quo
2870 3816 2995 3881 alio,
3020 3833 3176 3887 quam
3203 3818 3271 3873 de
3291 3816 3487 3874 Christi
3505 3818 3769 3888 adventu,

2178 3907 2267 3978 qui
2296 3905 2506 3962 futurus
2542 3906 2733 3973 fuerat,
2781 3908 3092 3977 intelligitur
3128 3908 3344 3977 dicere,
3392 3908 3458 3963 Et
3499 3912 3771 3980 respondit

2182 3999 2429 4054 Dominus
2454 3999 2523 4053 ad
2548 4015 2646 4067 me,
2670 4009 2717 4052 et
2738 3999 2888 4066 dixit,
2923 3999 3101 4055 Scribe
3124 4002 3285 4055 visum
3313 4012 3486 4072 aperte
3512 4003 3564 4056 in
3593 4003 3771 4071 buxo;

2177 4101 2233 4146 ut
2259 4100 2554 4161 assequatur
2575 4092 2661 4162 qui
2693 4092 2809 4163 legit
2835 4108 2894 4146 ea
2923 4107 2942 4145 :
2960 4093 3079 4163 quia
3107 4094 3274 4147 adhuc
3295 4094 3418 4148 visio
3442 4095 3510 4148 ad
3538 4104 3767 4165 tempus,

2177 4192 2222 4238 et
2247 4185 2438 4238 orietur
2462 4184 2514 4237 in
2541 4183 2661 4252 ﬁne,
2687 4192 2734 4237 et
2763 4200 2862 4237 non
2887 4184 2941 4237 in
2970 4199 3182 4238 vacuum
3207 4199 3225 4238 :
3252 4186 3296 4238 si
3321 4185 3614 4251 tardaverit,
3644 4203 3772 4243 sus-

2179 4277 2281 4331 tine
2308 4291 2456 4339 eum;
2481 4275 2598 4345 quia
2620 4275 2819 4330 ueniens
2846 4276 3026 4342 veniet,
3050 4286 3096 4329 et
3122 4292 3223 4331 non
3249 4277 3527 4331 morabitur
3551 4277 3773 4351 (lleba-

2177 4382 2288 4431 cuc,
2315 4381 2375 4431 Il,
2407 4366 2442 4419 2
2463 4376 2512 4419 et
2535 4364 2634 4436 5)?

2176 4476 2401 4536 CAPIJT
2427 4476 2646 4533 XXXII.
2669 4509 2740 4518 —
2760 4476 2839 4531 De
2865 4478 3131 4548 praphetia
3158 4494 3273 4549 qua:
3293 4480 3346 4534 in
3372 4479 3613 4534 Oratione
3638 4479 3771 4534 Am~

2581 4569 2709 4625 bacu
2736 4579 2784 4623 et
2811 4568 3022 4625 Cantica
3045 4571 3345 4625 continetur.

2245 4703 2303 4759 ln
2330 4703 2583 4761 Oratione
2604 4712 2783 4757 autem
2812 4718 2908 4759 sua
2939 4718 3062 4759 cum
3089 4702 3343 4769 Cantica,
3389 4702 3475 4758 cui
3510 4703 3609 4757 nisi
3647 4702 3769 4757 Do-

2173 4799 2320 4855 mino
2343 4796 2557 4852 Christo
2582 4794 2730 4862 dicit,
2759 4793 3009 4860 Domine,
3042 4795 3213 4849 audivi
3245 4795 3557 4849 auditionem
3594 4803 3767 4860 tuam,

2170 4901 2220 4945 et
2260 4890 2439 4956 timui;
2475 4887 2710 4953 Domine,
2757 4887 3071 4941 consideraui
3114 4903 3271 4956 opera
3309 4897 3416 4953 tua,
3462 4896 3508 4939 et
3541 4885 3771 4956 exponi!

2170 4984 2294 5055 quid
2321 4985 2461 5037 enim
2484 4981 2588 5037 hoc
2609 4989 2712 5045 est,
2743 4979 2845 5035 nisi
2873 4978 3229 5049 prmognitre,
3259 4994 3433 5043 nova),
3458 4992 3522 5033 ac
3552 4992 3769 5047 repen-

2169 5077 2295 5131 tina:
2322 5074 2508 5129 salutis
2533 5072 2808 5127 hominum
2840 5069 3119 5126 inell‘abilis
3147 5068 3463 5124 admiratio?
3493 5068 3559 5123 In
3588 5068 3769 5124 medio

2168 5166 2383 5220 duorum
2421 5164 2720 5217 animalium
2746 5161 3081 5233 cognosceris,
3129 5158 3255 5229 quid
3287 5167 3388 5225 est,
3436 5159 3537 5213 nisi
3576 5168 3664 5213 aut
3700 5159 3766 5216 in

2165 5257 2342 5313 medio
2368 5255 2594 5310 duorum
2617 5253 3103 5319 Testamentorum,
3132 5260 3223 5305 aut
3247 5250 3298 5304 in
3327 5249 3508 5305 medio
3525 5249 3767 5307 duorum

2166 5350 2454 5411 latronum,
2500 5357 2591 5402 aut
2631 5348 2684 5403 in
2731 5347 2911 5403 medio
2957 5346 3123 5417 Moysi
3162 5353 3217 5400 et
3255 5344 3387 5400 Elia:
3424 5359 3546 5400 eum
3591 5358 3655 5399 eo
3701 5343 3766 5400 in

2164 5450 2344 5497 monte
2374 5437 2882 5495 sermocinantium?
2906 5436 3040 5490 Dum
3066 5436 3481 5509 apprOpinquant
3499 5435 3641 5499 anni,
3664 5451 3770 5490 co-

2223 5578 2240 5611 ί
2272 5575 2403 5639 Apud
2428 5582 2536 5639 Lov.
2577 5574 2828 5639 amittitur,
2851 5569 3065 5621 ablatum
3096 5577 3199 5633 est;
3237 5570 3365 5634 quod
3392 5571 3441 5619 in
3478 5568 3624 5619 editis
3645 5567 3770 5620 aliis

2159 5647 2213 5694 et
2232 5636 2571 5699 mahuseriptis
2594 5636 2821 5699 habetur.

2221 5705 2242 5734 ³
2263 5702 2398 5757 mliti,
2423 5692 2652 5761 spiritum
2675 5695 2853 5746 recolat
2870 5693 2991 5754 (vel,
3020 5692 3208 5761 recolit)
3227 5700 3444 5744 sanctum
3467 5702 3486 5744 :
3509 5701 3658 5757 prava
3668 5703 3770 5745 va,-

2159 5776 2271 5814 cum
2293 5755 2637 5821 interpellatio,
2663 5766 2714 5809 et
2738 5770 2802 5809 ex
2957 5755 3233 5807 emendata.
