4062 6488
496 482 753 541 Turbatis
779 484 922 541 enim
953 479 1165 552 populis
1188 476 1403 542 multis,
1432 474 1566 530 vidit
1607 474 1951 530 imminentes
1976 471 2081 526 Ec-

496 574 683 631 clesiae
710 573 1100 638 tribulationes,
1141 569 1503 634 continuoque
1532 580 1591 621 se
1628 564 1928 620 membrum
1968 562 2086 631 ejus

496 667 738 737 agnovit,
780 676 941 736 atque
979 664 1075 730 ait,
1120 661 1451 731 Requiescam
1487 674 1541 713 m
1579 658 1663 712 die
1703 654 2085 710 tribulationis:

496 766 754 828 tanquam
777 756 842 811 ad
867 766 961 812 eos
985 754 1279 825 pertinens,
1302 752 1394 822 qui
1415 757 1539 805 sunt
1568 764 1662 818 spe
1686 746 1996 818 gaudentes,
2031 745 2083 800 in

497 850 846 905 tribulatione
885 848 1149 919 patientes
1180 845 1353 916 (Rom.
1401 860 1499 910 xu,
1542 841 1655 914 12).
1689 840 1756 895 Ut
1791 840 2081 903 ascendam,

495 938 706 1011 inquit,
752 941 808 996 in
850 939 1095 1011 populum
1145 934 1558 1009 peregrinationis
1599 947 1724 986 mete
1767 947 1785 985 :
1825 929 2085 986 recedens

495 1032 685 1103 utique
728 1046 760 1087 a
803 1031 1004 1102 popqu
1033 1029 1267 1099 maligno
1304 1026 1537 1083 carnalis
1575 1022 1908 1094 cognationis
1947 1024 2081 1088 suae,

495 1136 607 1180 non
650 1123 1025 1195 pergrinante
1063 1122 1115 1176 in
1144 1121 1245 1175 hac
1272 1130 1433 1185 terra,
1463 1131 1641 1187 neque
1675 1129 1958 1185 supernam
1986 1127 2084 1183 pa-

494 1212 657 1268 triam
697 1213 1027 1283 requirente.
1068 1211 1319 1277 Quoniam
1358 1209 1505 1278 ficus,
1542 1206 1734 1276 inquit,
1771 1221 1871 1259 non
1907 1203 2085 1270 afferet

495 1305 709 1376 fructus,
752 1312 800 1357 et
840 1317 941 1357 non
966 1309 1109 1356 erunt
1150 1300 1433 1354 nativitates
1475 1299 1529 1351 in
1567 1297 1721 1351 vineis
1767 1310 1786 1349 :
1817 1295 2085 1348 mentietur

494 1411 627 1468 Opus
651 1396 818 1461 olivae,
852 1404 900 1449 et
928 1394 1094 1463 campi
1119 1409 1221 1447 non
1258 1391 1441 1463 facient
1466 1404 1649 1444 escam.
1679 1386 1982 1458 Defecerunt
2021 1384 2082 1438 ab

496 1501 611 1541 esca
640 1502 773 1551 oves,
798 1494 846 1540 et
885 1501 985 1539 non
1012 1491 1281 1552 supersunt
1320 1481 1375 1534 in
1402 1478 1711 1549 prwsepibus
1750 1478 1914 1530 boves.
1942 1474 2083 1529 Vidit

496 1590 615 1632 eam
640 1584 874 1647 gentem,
902 1589 1021 1645 qua:
1046 1573 1321 1629 Christum
1360 1571 1531 1625 fuerat
1573 1570 1837 1632 occisura,
1864 1568 2080 1622 uberta-

496 1674 608 1724 tem
634 1667 904 1738 capiarum
930 1664 1281 1735 spiritualium
1309 1662 1659 1733 perditurum,
1690 1676 1823 1732 quas
1853 1675 1949 1730 per
1977 1668 2083 1713 ter-

495 1773 685 1816 ranam
726 1757 1101 1814 fecunditatem
1147 1770 1297 1811 more
1343 1754 1657 1825 prophetico
1701 1752 1964 1822 ﬁguravit.
2016 1751 2082 1805 Et

495 1849 622 1919 quia
666 1849 800 1904 iram
829 1848 921 1902 Dei
953 1846 1112 1903 talem
1158 1834 1443 1916 propterea
1488 1859 1640 1914 passa
1672 1851 1757 1897 est
1797 1843 1884 1897 illa
1926 1857 2074 1913 gens,

495 1940 623 2010 quia
649 1939 741 1995 Dei
772 1939 1021 2010 ignorans
1044 1936 1301 2007 justitiam
1323 1977 1338 2000 ,
1366 1950 1517 1990 suam
1552 1934 1718 1989 voluit
1753 1934 2081 1988 constituere

497 2029 608 2101 (Id.
641 2046 697 2097 Χ,
729 2029 807 2101 5),
850 2029 952 2084 iste
978 2028 1253 2093 continuo,
1288 2025 1400 2094 Ego
1445 2034 1634 2090 autem,
1663 2023 1854 2094 inquit,
1884 2023 1938 2076 in
1968 2023 2070 2076 Do-

496 2119 637 2174 mino
660 2117 941 2184 exsultabo,
973 2116 1198 2189 gaudebo
1219 2116 1272 2170 in
1292 2114 1402 2169 Deo
1431 2115 1647 2168 salutari
1673 2129 1801 2167 meo.
1828 2110 2080 2166 Dominus

491 2210 633 2267 Deus
651 2227 790 2266 meus
810 2211 965 2265 virtus
990 2227 1121 2277 mea,
1146 2219 1329 2264 statuet
1359 2207 1509 2279 pedes
1534 2222 1669 2260 meos
1691 2205 1747 2259 in
1762 2220 2081 2260 consumam-

494 2301 716 2367 tionem;
739 2317 893 2372 super
914 2300 1111 2354 excelsa
1147 2299 1366 2369 imponet
1393 2313 1491 2364 me,
1513 2305 1566 2350 ut
1586 2297 1783 2350 vincam
1804 2296 1858 2348 in
1882 2294 2078 2348 cantico

491 2395 603 2465 ejus
623 2393 893 2465 (Habacuc
914 2391 1016 2463 ιιι),
1046 2391 1252 2446 scilicet
1274 2390 1366 2444 illo
1393 2389 1630 2454 cantico,
1660 2387 1728 2442 de
1753 2402 1860 2457 quo
1887 2385 2079 2441 similia

491 2485 740 2558 quaedam
775 2485 1029 2540 dicuntur
1069 2482 1124 2538 in
1161 2482 1377 2538 Psalmo
1408 2498 1424 2537 :
1452 2481 1648 2537 Statuit
1686 2496 1844 2550 supra
1886 2489 2080 2549 petram

490 2579 645 2649 pedes
685 2594 844 2646 meos,
881 2586 929 2631 et
954 2576 1138 2631 direxit
1171 2591 1372 2646 gressus
1397 2589 1558 2640 meos;
1601 2580 1649 2626 et
1687 2572 1895 2626 immisit
1931 2571 1984 2625 in
2022 2587 2079 2626 os

490 2688 658 2727 meum
670 2671 923 2726 canticum
933 2685 1137 2736 novum,
1151 2669 1391 2740 hymnum
1407 2665 1515 2720 Deo
1528 2673 1697 2719 nostra
1710 2665 1726 2734 (
1737 2663 2076 2731 Psal.xxx1x,

493 2764 592 2822 ὅθι
609 2761 687 2836 4).
719 2763 839 2834 Ipse
864 2777 992 2834 ergo
1014 2761 1180 2816 vincit
1208 2761 1261 2815 in
1288 2759 1497 2816 cantico
1526 2757 1761 2825 Domini,
1787 2757 1876 2828 qui
1904 2755 2080 2827 placet

494 2858 554 2915 in
588 2857 704 2929 ejus
734 2855 913 2920 laude,
945 2870 1055 2910 non
1092 2869 1218 2922 sua,
1261 2862 1318 2908 ut
1347 2852 1435 2923 qui
1462 2851 1732 2923 gloriatur,
1763 2849 1817 2903 in
1855 2847 2078 2902 Domino

497 2949 747 3022 glorietur
775 2946 831 3021 (I
859 2946 978 3002 Cor.
1010 2961 1047 3014 ι,
1082 2943 1195 3018 51).
1235 2944 1423 3000 Melius
1450 2952 1629 2998 autem
1669 2940 1799 2995 mihi
1828 2938 2080 2995 videntur

492 3038 707 3111 quidam
738 3036 953 3094 codices
1001 3037 1220 3103 habere,
1263 3033 1504 3089 Gaudebo
1545 3033 1600 3087 in
1634 3032 1745 3087 Deo
1785 3029 1914 3086 Iesu
1943 3047 2075 3100 meo,

490 3145 651 3202 quam
680 3129 733 3185 hi
764 3130 854 3201 qui
881 3128 1123 3185 volentes
1152 3127 1206 3182 id
1234 3127 1397 3182 latine
1421 3139 1641 3197 ponere,
1671 3138 1867 3179 nomen
1900 3122 2073 3193 ipsum

488 3239 599 3281 non
625 3230 942 3294 posuerunt,
968 3220 1115 3293 quod
1139 3228 1222 3277 est
1244 3219 1400 3276 nobis
1426 3218 1650 3275 amicius
1671 3225 1724 3273 et
1743 3215 1956 3273 dulcius
1979 3229 2078 3271 no-

490 3315 718 3373 minare.

491 3423 719 3481 CAPUT
756 3421 998 3479 XXXIII.
1019 3452 1091 3463 ——
1117 3422 1194 3477 De
1227 3421 1428 3478 Christo
1467 3429 1515 3477 et
1550 3419 1807 3476 vocatione
1845 3418 2080 3475 Gentium

562 3531 679 3586 qua:
716 3514 967 3570 Jeremias
999 3524 1046 3570 et
1086 3513 1379 3586 Saphonias
1414 3512 1708 3586 praphetico
1740 3511 1940 3583 Spiritu
1980 3511 2082 3565 sint

565 3608 791 3681 prtefati.

562 3727 619 3782 1.
675 3724 937 3783 Jeremias
987 3722 1245 3796 propheta
1295 3721 1365 3779 de
1414 3720 1708 3793 majoribus
1764 3728 1889 3789 est,
1941 3718 2081 3774 sicut

491 3818 690 3883 Isaias;
735 3831 845 3874 non
870 3817 939 3873 de
978 3817 1293 3883 minoribus,
1345 3815 1486 3872 sicut
1521 3815 1724 3891 caeteri,
1754 3813 1822 3870 de
1850 3828 2079 3885 quorum

491 3910 707 3982 scriptis
732 3910 998 3983 (nonnulla
1018 3909 1129 3979 jam
1169 3908 1343 3979 posui.
1384 3907 1727 3978 Prophetavit
1768 3917 1946 3962 autem
1991 3921 2081 3961 re-

492 4011 691 4072 gnante
713 4001 858 4058 Josia
904 4001 959 4056 in
983 4000 1302 4063 Jerusalem,
1347 4007 1402 4052 et
1435 3998 1575 4067 apud
1622 3997 1893 4052 Romanos
1931 3997 2083 4052 Anco

492 4091 704 4159 Martio,
741 4092 852 4162 jam
880 4092 1274 4162 propinquante
1303 4089 1608 4158 captivitate
1636 4088 1950 4145 Judzeorum
1980 4087 2080 4160 (a).

492 4182 746 4240 Tetendit
769 4190 948 4238 autem
975 4181 1335 4252 pr0pbetiatn,
1370 4195 1539 4249 usque
1564 4179 1630 4234 ad
1659 4180 1900 4249 quintum
1928 4195 2085 4235 men-

496 4286 611 4330 sem
662 4272 988 4343 captivitatis
1026 4288 1039 4324 :
1077 4272 1217 4326 sicut
1262 4270 1314 4324 in
1364 4269 1481 4339 ejus
1519 4269 1710 4325 litteris
1761 4269 2081 4324 invenimus.

497 4361 803 4434 Sophonias
839 4370 1017 4416 autem
1056 4376 1196 4416 unus
1238 4359 1306 4416 de
1352 4360 1648 4414 minoribus
1676 4357 1984 4431 adjuugitur
2009 4359 2080 4414 ei.

497 4438 651 4510 Nam,
680 4460 735 4509 et
772 4453 887 4523 ipse
932 4452 987 4507 in
1024 4451 1214 4507 diebus
1256 4450 1418 4507 Josia:
1464 4450 1817 4521 pr0pbetasse
1859 4465 1918 4506 se
1955 4451 2086 4508 dicit

500 4544 762 4616 (Sophon.
788 4559 827 4610 1,
857 4543 916 4614 I)
941 4560 954 4598 ε
980 4543 1075 4599 sed
1098 4557 1398 4614 quousque,
1427 4557 1534 4598 non
1562 4541 1709 4597 dicit.
1740 4542 2086 4614 Pmphetavit

496 4651 627 4708 ergo
657 4636 937 4702 Jeremias,
968 4650 1075 4691 non
1117 4635 1290 4690 solum
1317 4635 1450 4689 Anci
1486 4634 1683 4699 Martii,
1715 4650 1897 4690 verum
1925 4636 2084 4690 etiam

498 4724 773 4796 Tarquinii
811 4724 980 4780 Prisci
1018 4724 1367 4793 temporibus,
1411 4739 1571 4793 quem
1613 4723 1841 4779 Romani
1884 4724 2086 4782 habue-

495 4825 627 4873 runt
661 4815 906 4887 quintum
936 4830 1140 4885 regem.
1168 4814 1285 4885 Ipse
1311 4814 1477 4881 enim,
1508 4815 1723 4885 quando
1759 4824 1843 4871 est
1868 4817 1958 4873 illa
1995 4832 2085 4873 ca-

496 4907 715 4978 ptivitas
741 4905 899 4974 facta,
926 4920 1152 4977 regnare
1178 4905 1285 4975 jam
1308 4914 1567 4976 cmperat.
1598 4906 1931 4978 Pr0phetans
1956 4924 2084 4980 ergo

498 4997 569 5053 de
589 4997 805 5054 Christo
838 4996 1123 5064 Jeremias,
1154 4996 1401 5066 Spiritus,
1434 4997 1625 5067 inquit,
1658 4998 1762 5052 oris
1790 5001 1949 5054 nostri
1978 4999 2085 5055 Do-

498 5103 666 5144 mmus
689 5088 917 5144 Christus
955 5098 1137 5160 captus
1157 5096 1231 5142 est
1260 5088 1314 5142 in
1331 5089 1547 5159 peccatis
1567 5090 1754 5143 nostris
1777 5089 1985 5160 (Thren.
2004 5107 2077 5158 ιν,

495 5179 591 5250 20)
620 5196 636 5246 ;
667 5179 746 5235 sic
786 5179 1025 5236 breviter
1058 5179 1367 5246 ostendens,
1412 5188 1467 5237 et
1514 5178 1798 5235 Dominum
1840 5192 2081 5239 nostrum

497 5268 792 5337 Christum,
822 5278 878 5325 et
901 5284 1120 5340 passum
1149 5285 1271 5326 esse
1298 5284 1400 5342 pro
1426 5271 1600 5325 nobis.
1631 5271 1761 5326 Item
1788 5271 1894 5327 alio
1921 5273 2040 5329 loco
2064 5292 2077 5329 :

501 5357 605 5414 Hic
641 5358 784 5415 Deus
825 5376 988 5429 meus,
1031 5362 1223 5432 inquit,
1262 5371 1310 5417 et
1347 5378 1449 5417 non
1476 5364 1806 5419 a'stimabitur
1848 5366 1977 5420 alter
2013 5366 2083 5420 ad

563 5492 637 5564 (α)
659 5494 896 5564 leremlas
918 5494 1123 5564 primum
1147 5497 1372 5564 innotuit
1396 5499 1601 5561 Epistola
1623 5513 1766 5563 quam
1788 5501 1979 5564 scripsit
2004 5503 2079 5552 eis

493 5553 582 5661 Fui
606 5553 844 5616 Babylone
869 5553 1207 5629 in'capuvitate
1225 5553 1493 5621 degebant.
1534 5553 1656 5634 Hace
1676 5553 2077 5634 Epismla'seripta

518 5622 589 5661 Illi.
616 5627 744 5661 anno
762 5615 855 5661 599
876 5623 992 5661 ante
1012 5617 1247 5661 Christum
1269 5628 1450 5661 nutum-
1486 5622 1574 5661 sml
1614 5635 1704 5661 mm
1740 5623 2077 5661 nnmrlnmmue

518 5615 589 5665 uit
616 5615 744 5664 anno
762 5615 855 5686 599
876 5615 1001 5666 ante
1012 5617 1248 5686 Christum
1269 5615 1451 5686 natum,
1486 5622 1575 5671 sed
1606 5615 1721 5683 jam'
1740 5615 2078 5686 quindecinius

493 5687 650 5746 annus
671 5684 779 5726 erat
801 5689 864 5726 ex
896 5691 995 5739 quo
1006 5681 1163 5746 _Josias
1191 5682 1487 5746 occubuerat
1522 5696 1569 5731 ιιι
1602 5681 1773 5746 pugna
1799 5692 1964 5735 contra
1988 5694 2077 5734 Nc-

636 5749 809 5812 regem
831 5737 1039 5812 μεῖνα,
1077 5752 1254 5802 nempe
1288 5754 1414 5812 anno
1436 5745 1523 5793 611
1549 5757 1561 5793 :
1586 5737 1637 5798 et
1658 5737 1774 5799 tunc
1790 5747 2076 5812 ’I‘arquiuius

493 5804 680 5851 Priscus
703 5807 809 5851 erat
831 5807 1142 5853 Romanorum
1164 5815 1274 5855 rex.
1299 5809 1532 5857 Lucana.

1559 364 1647 420 DE
1684 358 2005 420 CIVITATE
2042 359 2175 427 DEI,
2217 357 2275 417 S.
2317 359 2678 419 AUGUSTINI

3672 365 3779 424 592

2196 486 2309 524 eum
2337 472 2457 542 :qni
2492 472 2680 527 invenit
2713 486 2909 527 omnem
2935 472 3069 528 viam
3103 473 3400 542 prudentiae,
3432 482 3481 529 et
3501 473 3639 530 dedit
3665 492 3778 532 eam

2190 562 2352 618 Iacob
2388 580 2541 618 puero
2576 580 2690 631 suo,
2737 574 2784 619 et
2824 564 2991 621 Israel
3038 565 3222 621 dilecto
3258 584 3351 622 suo
3378 583 3397 621 :
3418 577 3530 638 post
3576 569 3685 623 haec
3722 570 3777 624 in

2201 654 2367 707 terra‘
2419 654 2552 709 visus
2600 662 2693 721 est,
2745 664 2794 709 et
2840 672 2955 710 cum
3006 656 3288 712 hominibus
3334 669 3654 714 conversatus
3703 670 3779 716 est

2197 745 2423 816 (Baruch
2476 762 2552 812 ιιι,
2595 747 2797 819 56-58).
2844 748 2957 803 IIoc
3001 749 3361 805 testimonium
3409 750 3624 819 quidam
3667 765 3777 808 non
3844 756 3847 761 ’

2191 837 2458 903 ,ιρι-οιιιίω,
2494 839 2593 893 sed
2637 839 2826 894 scribae
2863 839 2981 910 ejus
3024 840 3337 907 attribuunt,
3365 841 3456 912 qui
3486 842 3781 898 vocabatur

2191 927 2400 985 Baruch
2429 947 2443 983 :
2474 929 2571 984 sed
2618 929 2863 986 Ieremia:
2909 931 3230 987 celebratius
3274 931 3518 989 habetur.
3564 934 3778 991 Rursus

2190 1018 2331 1074 idem
2374 1020 2632 1091 propheta
2673 1021 2742 1076 de
2780 1022 2932 1091 ipso:
2961 1021 3115 1089 Ecce,
3158 1024 3344 1095 inquit,
3394 1024 3500 1079 dies
3544 1015 3777 1095 veniunt,

2190 1111 2264 1164 ait
2290 1110 2557 1176 Dominus,
2581 1121 2629 1167 et
2656 1113 2906 1168 suscitabo
2949 1113 3116 1168 David
3140 1132 3342 1186 germen
3361 1117 3580 1185 justum,
3618 1127 3667 1171 et
3691 1133 3778 1172 re-

2189 1202 2363 1273 gnabit
2403 1219 2514 1270 rex,
2547 1212 2593 1256 et
2629 1204 2832 1274 sapiens
2860 1205 2970 1269 erit,
2999 1213 3047 1258 et
3083 1206 3234 1275 faciet
3251 1206 3505 1276 judicium
3545 1216 3591 1261 et
3609 1208 3780 1278 justi-

2191 1291 2311 1344 tiam
2332 1292 2384 1345 in
2408 1301 2566 1346 terra.
2604 1291 2672 1347 In
2707 1294 2879 1348 diebus
2902 1294 3007 1350 illis
3030 1294 3308 1350 salvabitur
3333 1296 3493 1363 Juda,
3522 1307 3570 1353 et
3607 1297 3783 1353 Israel

2190 1381 2443 1436 habitabit
2470 1383 2776 1453 conﬁdenter
2802 1400 2822 1439 :
2846 1394 2893 1439 et
2922 1386 3018 1440 hoc
3045 1396 3118 1441 est
3146 1402 3326 1442 nomen
3363 1389 3498 1456 quod
3525 1389 3780 1444 vocabunt

2189 1487 2321 1536 eum,
2364 1471 2613 1527 Dominus
2629 1475 2805 1544 justus
2848 1485 3016 1529 noster
3042 1474 3251 1549 (Ierem.
3298 1493 3449 1545 χχιιι,
3495 1479 3550 1546 5,
3577 1476 3659 1549 6).
3698 1479 3781 1534 De

2186 1566 2465 1621 vocatione
2494 1564 2652 1621 etiam
2677 1568 2935 1638 gentium,
2962 1584 3084 1639 quae
3134 1570 3307 1625 fuerat
3335 1571 3507 1625 futura
3547 1569 3625 1643 (et
3652 1586 3778 1628 eam

2186 1669 2330 1713 nunc
2370 1658 2638 1729 impletum
2677 1661 2971 1730 cernimus)
3016 1662 3095 1717 sic
3134 1662 3339 1718 locutus
3380 1671 3464 1718 est
3489 1680 3504 1716 :
3532 1662 3776 1732 Domine,

2186 1748 2325 1804 Deus
2361 1766 2500 1804 mens
2527 1759 2574 1804 et
2614 1753 2867 1824 refugium
2909 1769 3075 1807 meum
3111 1754 3163 1808 in
3202 1755 3285 1808 die
3321 1755 3596 1824 malorum,
3630 1755 3702 1809 ad
3729 1765 3781 1811 te

2184 1852 2357 1913 gentes
2383 1844 2576 1897 venient
2611 1844 2673 1897 ab
2694 1854 2914 1899 extremo
2948 1854 3112 1910 teme,
3141 1855 3189 1900 et
3213 1846 3377 1901 dicent
3409 1863 3428 1901 :
3463 1845 3592 1901 Vere
3627 1863 3779 1902 men-

2189 1930 2336 1985 dacia
2367 1933 2629 1987 coluerunt
2664 1943 2832 2004 patres
2872 1935 3033 1989 nostri
3066 1936 3359 2003 simulacra,
3402 1946 3452 1992 et
3492 1953 3595 1992 non
3622 1946 3695 1992 est
3720 1938 3778 1993 in

2183 2024 2287 2079 illis
2326 2025 2641 2098 utilitas(Id.
2665 2043 2773 2094 va,
2804 2028 2915 2099 I9).
2956 2027 3090 2095 Quia
3132 2045 3260 2085 vero
3309 2046 3414 2086 non
3457 2040 3612 2087 erant
3647 2048 3777 2089 eum

2184 2116 2620 2186 agnituriludmi,
2646 2134 2676 2173 a
2705 2120 2896 2189 quibus
2925 2136 3048 2176 eum
3078 2131 3133 2177 et
3162 2123 3334 2178 occidi
3357 2124 3660 2192 oportebat,
3693 2125 3778 2185 sic

2184 2205 2326 2262 idem
2374 2208 2632 2279 pr0pbeta
2685 2210 2949 2281 signillcat
2973 2229 2987 2267 :
3012 2212 3176 2268 Grave
3221 2231 3309 2269 cor
3350 2233 3441 2287 per
3488 2219 3677 2282 omnia,
3726 2229 3779 2275 et

2184 2297 2333 2352 homo
2348 2307 2439 2365 est,
2463 2301 2635 2373 etquis
2650 2312 2913 2372 cognoscet
2933 2320 3045 2358 eum
3063 2302 3172 2377 (Id.
3192 2321 3321 2370 xvn,
3350 2305 3403 2372 9,
3436 2323 3536 2361 sec.
3567 2306 3778 2380 LXX)?

2184 2390 2354 2460 Hujus
2382 2400 2466 2446 est
2502 2393 2663 2447 etiam
2698 2393 2826 2448 illud
2851 2394 2996 2465 quod
3036 2395 3090 2450 in
3120 2396 3256 2451 libro
3288 2396 3499 2453 decimo
3542 2399 3780 2469 septimo

2183 2483 2333 2554 posui
2362 2483 2430 2539 de
2453 2483 2798 2539 Testamento
2819 2500 2958 2539 novo
2982 2485 3136 2557 (Cap.
3165 2487 3245 2558 5),
3276 2488 3429 2559 cujus
3454 2498 3537 2544 est
3566 2491 3779 2547 media-

2183 2580 2269 2628 tor
2292 2572 2556 2629 Christus.
2594 2574 2714 2643 Ipse
2751 2575 2947 2645 quippe
2975 2575 3235 2632 Jeremias
3265 2578 3360 2646 ait,
3391 2578 3524 2633 Ecce
3547 2580 3656 2635 dies
3685 2597 3780 2636 ve-

2182 2665 2346 2729 niunt,
2370 2666 2490 2720 dicit
2515 2665 2783 2734 Dominus,
2815 2677 2861 2722 et
2881 2670 3238 2726 consummabo
3260 2687 3415 2741 super
3442 2672 3652 2727 domum
3676 2672 3781 2728 Ja-

2183 2758 2275 2813 cob
2298 2757 2675 2814 Testamentum
2700 2776 2884 2815 novum
2913 2762 3127 2833 (larem.
3153 2779 3303 2833 χιιι,
3332 2764 3449 2836 3i),
3494 2775 3550 2822 et
3575 2774 3779 2824 caetera

2182 2865 2301 2922 qua:
2327 2850 2400 2906 ibi
2426 2851 2697 2922 leguntur.

2260 2941 2317 2996 2.
2358 2941 2646 3013 Sophonire
2689 2952 2868 3001 autem
2907 2945 3204 3018 prophetae,
3239 2947 3329 3019 qui
3373 2962 3496 3004 cum
3538 2948 3778 3007 Ieremia

2182 3035 2556 3107 prophetabat,
2580 3036 2696 3093 haec
2716 3039 2966 3108 praedicta
2987 3039 3056 3096 de
3075 3040 3289 3096 Christo
3310 3042 3524 3097 interim
3545 3057 3775 3113 ponam:

2183 3127 2439 3200 Exspecta
2463 3146 2559 3195 me,
2591 3130 2711 3185 dicit
2736 3131 3008 3199 Dominus,
3039 3134 3092 3188 in
3113 3134 3195 3189 die
3221 3136 3598 3191 resurrectionis
3625 3152 3773 3203 mete,

2182 3219 2235 3274 in
2257 3222 2482 3291 futurum
2511 3237 2530 3276 :
2552 3223 2672 3294 quia
2681 3222 2937 3293 judicium
2966 3240 3152 3287 meum,
3177 3234 3232 3279 ut
3260 3242 3553 3297 congregem
3575 3237 3778 3299 gentes,

2184 3321 2230 3367 et
2264 3313 2500 3384 colligam
2526 3331 2683 3386 regna
2721 3314 2976 3387 (Sophon.
3002 3333 3081 3383 ιιι,
3118 3318 3197 3391 8).
3229 3319 3298 3373 Ει
3324 3320 3510 3374 iterum
3537 3338 3551 3375 :
3576 3319 3779 3375 Horri-

2183 3404 2320 3473 bilis,
2347 3406 2535 3477 inquit,
2566 3406 2818 3464 Dominus
2843 3426 2997 3481 super
3025 3427 3128 3477 eos,
3156 3420 3204 3465 et
3228 3413 3571 3466 eaterminabit
3598 3429 3780 3470 omnes

2185 3497 2304 3553 deos
2333 3507 2511 3564 terrae;
2548 3510 2596 3554 et
2615 3502 2848 3556 adorabit
2877 3519 2992 3556 eum
3015 3504 3090 3557 vir
3119 3503 3182 3557 de
3220 3503 3330 3558 loco
3355 3522 3466 3571 suo,
3498 3523 3669 3561 omnes
3688 3508 3782 3562 in-

2183 3590 2311 3645 sulce
2334 3592 2557 3662 gentium
2579 3591 2689 3662 (Id.
2714 3608 2773 3656 ιι,
2794 3594 2817 3647 1
2835 3592 2905 3663 1).
2932 3593 3000 3648 Ει
3022 3594 3181 3663 paulo
3204 3605 3359 3665 post:
3385 3594 3547 3662 Tunc,
3578 3596 3778 3666 inquit,

2186 3690 2518 3738 transvertam
2551 3684 2604 3738 in
2629 3684 2843 3756 populos
2877 3685 3123 3756 linguam,
3163 3694 3209 3739 et
3233 3687 3286 3740 in
3313 3686 3551 3757 progenie
3607 3688 3779 3758 ejus’,

2185 3783 2239 3827 ut
2261 3791 2431 3829 omnes
2456 3775 2684 3829 invocent
2712 3791 2893 3829 nomen
2922 3775 3151 3842 Domini,
3181 3786 3228 3830 et
3246 3781 3462 3832 serviant
3489 3778 3536 3831 ei
3558 3779 3649 3832 sub
3673 3794 3781 3834 uno

2176 3867 2349 3937 jttgo;
2377 3883 2407 3919 a
2437 3866 2620 3934 finibus
2648 3868 2918 3936 ﬂuminum
2955 3866 3241 3939 JEthiOpia:
3278 3866 3489 3935 (τῇσι-επὶ
3520 3869 3646 3922 mihi
3677 3869 3783 3923 ho-

2185 3957 2328 4012 stias.
2362 3956 2425 4011 In
2453 3959 2542 4013 illo
2571 3958 2652 4012 die
2672 3976 2771 4013 non
2796 3959 3157 4029 confunderis8
3192 3977 3255 4014 ea:
3275 3961 3504 4015 omnibus
3526 3961 3780 4016 adinvcn-

2188 4050 2405 4104 tionibus
2445 4051 2563 4117 tuis,
2591 4067 2715 4121 quas
2750 4052 2903 4122 impie
2930 4053 3075 4123 egisti
3102 4052 3158 4107 in
3195 4070 3274 4107 me
3294 4069 3313 4108 :
3333 4054 3451 4122 quia
3479 4064 3599 4109 tunc
3625 4054 3783 4123 aufe-

2187 4157 2298 4194 ram
2323 4140 2411 4194 abs
2451 4149 2498 4194 te
2535 4142 2806 4211 pravitates
2841 4143 3046 4213 injuria:
3072 4152 3206 4208 tua};
3235 4153 3280 4199 et
3296 4145 3411 4215 jam
3436 4161 3537 4198 non
3562 4145 3783 4216 adjicies

2187 4237 2241 4283 ut
2261 4230 2597 4300 magniﬁceris
2623 4248 2775 4301 super
2800 4242 3018 4287 montem
3043 4243 3271 4288 sanctum
3305 4251 3470 4287 meum
3492 4249 3512 4287 :
3535 4243 3581 4288 et
3609 4234 3785 4289 subre-

2188 4321 2413 4392 linquam
2442 4322 2492 4375 in
2520 4330 2567 4376 te
2608 4323 2852 4392 populum
2889 4334 3202 4378 mansuetum
3230 4334 3277 4378 et
3317 4325 3592 4388 humilem;
3616 4333 3665 4378 et
3688 4340 3784 4379 ee-

2188 4413 2426 4466 rebuntur
2464 4429 2495 4465 a
2529 4413 2729 4466 nomine
2769 4411 2996 4478 Domini,
3033 4414 3120 4483 qui
3152 4415 3333 4483 reliqui
3357 4415 3545 4483 fuerint
3574 4413 3786 4469 Israel‘

2190 4501 2300 4573 (Id.
2328 4518 2406 4569 ιιι,
2436 4503 2585 4566 9-15,
2615 4519 2716 4557 sec.
2748 4502 2935 4573 LXX).
2970 4504 3063 4558 Ila:
3103 4513 3227 4559 sunt
3262 4504 3518 4574 reliquiae,
3550 4504 3619 4560 de
3652 4505 3784 4575 qui-

2187 4596 2289 4652 bus
2309 4597 2435 4651 alibi
2468 4595 2833 4666 prophetatur,
2863 4596 3004 4667 quod
3036 4597 3504 4666 Apostolusetiam
3533 4611 3788 4652 comme-

2188 4700 2363 4744 morat
2392 4708 2404 4742 :
2443 4689 2503 4744 Si
2529 4689 2683 4758 fuerit
2724 4704 2964 4743 numerus
2991 4690 3214 4758 ﬁliorum
3243 4689 3409 4746 Israel
3448 4691 3578 4744 sicut
3620 4707 3790 4746 arena

2188 4782 2364 4847 maris,
2387 4781 2611 4852 reliquid:
2633 4780 2788 4835 salva:
2815 4782 2935 4849 [ient
2966 4779 3114 4849 (Isai.
3145 4798 3202 4846 ιι,
3233 4781 3336 4847 22;
3371 4782 3522 4837 Rom.
3550 4797 3627 4847 rx,
3653 4781 3787 4853 27).

2189 4870 2283 4926 Ila:
2312 4872 2507 4943 quippe
2549 4872 2604 4926 in
2646 4872 2913 4927 Christum
2952 4872 3094 4927 illius
3121 4872 3297 4942 gentis
3326 4872 3561 4944 reliquia:
3598 4872 3788 4928 credi-

2188 4966 2402 5023 derunt.

2186 5096 2411 5152 CAPUT
2448 5094 2693 5151 XXXIV.
2714 5126 2787 5136 —
2807 5094 2885 5151 De
2915 5096 3180 5168 pr0pltetia
3204 5095 3433 5151 Danielis
3453 5106 3500 5151 et
3533 5095 3791 5152 Ezechie-

2332 5188 2416 5255 lis,
2447 5203 2559 5257 qute
2581 5189 2634 5242 in
2663 5187 2917 5243 Christum
2938 5187 3317 5261 Ecclesiamqae
3338 5189 3632 5243 concordat.

2259 5321 2311 5375 1.
2353 5316 2408 5373 In
2449 5318 2560 5390 ipsa
2598 5334 2764 5390 porro
2803 5319 3108 5391 Babylonia:
3144 5320 3451 5391 captivitate
3474 5318 3621 5391 prius
3651 5335 3791 5391 pro-

2250 5499 2267 5565 ξ
2306 5503 2350 5565 t_
2392 5496 3093 5565 manuscriptijuutagrzeeum
3116 5502 3244 5565 LXX.
3276 5501 3329 5543 At
3352 5493 3489 5564 editi,
3515 5490 3566 5565 in
3581 5493 3756 5565 terris.

2247 5561 2268 5591 ³
2285 5559 2438 5629 _\'ind.
2462 5568 2562 5608 Am.
2582 5557 2655 5606 Er.
2675 5557 2735 5609 et
2750 5557 2974 5621 plerique
2997 5563 3123 5617 Mss,
3146 5562 3193 5607 et
3214 5557 3463 5620 progenies
3479 5557 3796 5618 (iuuantis-

2183 5634 2445 5732 sciuisse:
2485 5690 2539 5730 In
2574 5679 2659 5732 illo
2695 5678 2776 5731 die
2798 5677 3144 5743 confundcris;
3166 5684 3354 5743 absque
3386 5684 3604 5742 negante
3628 5682 3799 5742 parti-

2180 5744 2519 5857 culalﬁomlunl
2546 5807 2869 5869 nunuscripti,
2906 5802 2957 5854 in
2994 5801 3159 5856 tsracl.
3185 5808 3347 5854 Graece
3383 5808 3477 5863 est,
3503 5801 3582 5853 tori
3609 5802 3797 5855 Israel.
