4062 6498
303 349 402 408 593

297 466 654 538 phetaverunt
677 471 860 530 Daniel
881 485 936 534 et
967 478 1212 538 Ezechiel
1235 485 1274 549 ί,
1305 485 1394 541 alii
1436 491 1644 548 scilicet
1673 493 1780 548 duo
1805 511 1874 551 ex

299 558 579 630 l’rOphetis
617 565 928 636 majoribus.
971 569 1210 638 Quorum
1239 575 1425 632 Daniel
1463 581 1624 636 etiam
1667 593 1878 656 tempus

295 663 400 718 quo
416 661 676 710 venturus
702 655 875 713 fuerat
895 659 1138 718 Christus
1161 673 1321 736 atque
1349 681 1622 738 passurus,
1651 689 1878 732 numero

295 741 536 800 deﬁnivit
575 762 840 805 annorum
879 769 892 806 :
935 755 1076 824 quod
1121 757 1334 828 longum
1383 769 1468 816 est
1517 767 1875 836 computando

293 848 615 908 monstrare,
643 850 698 896 et
723 843 792 898 ab
817 845 936 900 aliis
955 845 1250 905 factitatum
1273 861 1354 906 est
1379 863 1502 910 ante
1523 871 1642 911 nos.
1677 859 1750 914 De
1778 874 1874 928 po-

291 934 484 984 testate
513 945 640 986 vero
665 932 780 1002 ejus
800 943 854 990 et
879 936 1084 1004 gloria’
1109 939 1189 994 sic
1219 941 1426 998 locutus
1449 953 1568 1000 est:
1615 945 1872 1015 Videbam,

289 1017 482 1086 inquit,
529 1020 582 1073 in
623 1023 732 1076 uisu
761 1027 938 1092 noctis,
987 1037 1034 1082 et
1067 1045 1180 1084 ecce
1207 1047 1318 1084 cum
1353 1033 1566 1088 nubibus
1591 1037 1702 1091 cmli
1731 1049 1782 1092 ut
1811 1039 1876 1108 ﬁ-

289 1107 420 1162 lius’
451 1109 674 1168 [tantinis
711 1115 909 1170 ueniens
937 1127 1066 1182 erat,
1114 1129 1161 1174 et
1201 1137 1356 1192 usque
1397 1126 1464 1176 ad
1491 1133 1735 1180 uetustum
1769 1107 1876 1183 die-

285 1217 400 1253 rum
423 1205 686 1271 pervenit;
713 1213 760 1260 et
781 1206 833 1260 in
872 1219 1142 1274 conspectu
1166 1213 1276 1282 ejus
1301 1214 1538 1282 praclatus
1566 1226 1674 1280 est;
1704 1227 1749 1271 et
1775 1219 1874 1290 ipsi

283 1293 436 1348 datus
468 1304 542 1349 est
571 1298 907 1366 principatus,
953 1310 998 1354 et
1040 1303 1220 1366 honor,
1267 1314 1314 1358 et
1339 1322 1546 1376 regnum
1570 1326 1588 1362 :
1617 1318 1662 1362 et
1703 1327 1872 1366 omnes

283 1385 500 1454 populi,
545 1387 704 1442 tribus
751 1398 796 1442 et
831 1389 1019 1460 linguai
1057 1393 1157 1462 ipsi
1191 1395 1422 1448 servient.
1471 1396 1702 1454 Potestas
1739 1401 1868 1471 ejus,

283 1484 506 1542 potestas
551 1487 815 1546 perpetua,
850 1497 964 1548 qua:
1005 1498 1104 1536 non
1145 1487 1408 1552 transibit;
1442 1499 1488 1542 et
1524 1505 1733 1562 regnum
1763 1493 1871 1562 eius

279 1579 384 1618 non
404 1577 757 1637 corrumpetur
781 1568 938 1641 (Dan.
965 1587 1056 1638 vn,
1093 1573 1159 1628 15
1183 1585 1230 1628 et
1262 1577 1368 1645 14).

351 1655 406 1709 2.
451 1657 700 1714 Ezechiel
747 1675 956 1733 quoque
1003 1679 1154 1720 more
1205 1668 1515 1740 prophetico
1563 1688 1656 1742 per
1701 1673 1868 1730 Davitl

275 1747 556 1805 Christum
585 1753 892 1822 signiﬁcans
915 1797 930 1823 ,
962 1757 1084 1826 quia
1109 1772 1323 1813 carnem
1365 1760 1432 1816 de
1469 1763 1631 1818 David
1663 1767 1867 1824 semine

273 1841 610 1912 assumpsit;
641 1853 858 1914 propter
880 1863 1036 1917 quam
1062 1847 1284 1904 formam
1314 1852 1452 1906 servi
1478 1893 1493 1920 ,
1525 1870 1628 1924 qua
1651 1853 1672 1886 ⁸
1695 1855 1866 1914 factus

273 1943 364 1990 est
393 1933 556 1991 homo
579 1977 595 2004 ,
628 1937 788 1992 etiam
818 1955 1007 1995 servus
1035 1941 1129 1996 Dei
1157 1941 1349 1998 dicitur
1375 1945 1513 2000 idem
1539 1945 1630 2001 Dei
1660 1947 1822 2004 Filius
1847 1967 1862 2016 ;

269 2026 358 2080 sic
385 2043 506 2082 eum
549 2029 919 2100 prophetando
950 2035 1268 2102 przenuntiat
1297 2051 1358 2090 ex
1387 2051 1616 2105 persona
1643 2039 1734 2094 Dei
1760 2040 1864 2095 Pa-

269 2119 376 2172 tris
406 2137 420 2172 :
450 2119 518 2173 Et
541 2121 790 2176 suscitabo
813 2163 828 2186 ,
859 2123 1066 2194 inquit,
1097 2143 1248 2196 super
1271 2144 1453 2198 pecora
1477 2139 1588 2184 mea
1613 2141 1862 2198 pastorem

267 2223 436 2262 unum
478 2211 566 2280 qui
595 2219 772 2280 pascat
795 2230 882 2280 ea,
909 2231 1104 2270 servum
1127 2234 1290 2271 meum
1315 2217 1483 2272 David
1503 2237 1524 2274 :
1559 2231 1606 2276 et
1633 2223 1739 2290 ipse
1765 2241 1861 2294 pa-

265 2309 380 2353 scet
403 2317 482 2366 ea,
502 2310 548 2354 et
576 2302 684 2370 ipse
711 2305 802 2357 erit
832 2305 901 2360 eis
927 2306 978 2358 in
1001 2315 1269 2376 pastorem.
1294 2308 1404 2381 Ego
1423 2323 1588 2366 autem
1612 2313 1862 2370 Dominus

263 2407 362 2444 ero
387 2393 458 2446 eis
485 2394 538 2446 in
565 2392 728 2448 Deam
745 2437 760 2460 ,
794 2406 840 2450 et
865 2412 1034 2452 servus
1060 2415 1199 2454 meus
1223 2399 1390 2454 David
1413 2403 1645 2474 princeps
1673 2405 1725 2459 in
1753 2423 1858 2460 tne-

263 2481 361 2534 dio
389 2498 560 2536 eorum
586 2499 716 2556 :ego
735 2485 984 2542 Dominus
1015 2487 1212 2544 locutus
1237 2507 1350 2544 sum
1384 2490 1404 2564 (
1427 2491 1616 2546 Ezeclt.
1647 2509 1818 2550 xxxrv
1839 2538 1857 2564 ,

263 2569 350 2628 25
383 2584 432 2628 et
459 2573 588 2646 24).
619 2576 685 2632 Et
708 2577 814 2633 alio
844 2578 962 2634 loco
989 2597 1002 2632 :
1034 2579 1102 2634 Et
1128 2597 1242 2648 rex,
1266 2582 1454 2652 inquit,
1483 2600 1614 2640 unus
1639 2587 1731 2640 erit
1751 2603 1859 2640 om-

259 2668 422 2723 nibus
449 2669 700 2738 imperans
723 2687 741 2724 :
769 2681 814 2727 et
841 2689 941 2726 non
967 2683 1110 2728 erunt
1137 2675 1272 2728 ultra
1296 2676 1412 2730 dua:
1433 2671 1606 2747 gentes
1625 2719 1640 2746 ,
1668 2695 1758 2732 nec
1779 2679 1859 2734 di-

259 2760 505 2814 videntur
527 2763 744 2832 amplius
767 2762 820 2817 in
851 2763 951 2818 duo
970 2781 1162 2836 regna;
1205 2782 1363 2838 neque
1399 2767 1684 2836 polluantur
1723 2769 1858 2824 ultra

258 2853 320 2908 in
347 2853 507 2907 idolis
533 2855 676 2922 suis,
718 2865 764 2909 et
805 2855 1256 2913 abominationibus
1297 2860 1440 2926 suis,
1481 2869 1527 2914 et
1573 2861 1626 2915 in
1663 2863 1856 2920 cunctis

257 2943 620 3014 iniquitatibus
657 2946 782 3000 suis.
833 2945 900 3000 Et
938 2947 1105 3004 salvos
1150 2965 1234 3004 eos
1281 2951 1466 3020 faciam
1505 2952 1570 3006 de
1614 2949 1855 3010 universis

257 3035 472 3089 sedibus
495 3037 600 3090 suis
623 3079 636 3100 ,
665 3037 718 3090 in
741 3036 922 3106 quibus
951 3051 1280 3108 peccaverunt
1304 3083 1320 3108 ,
1355 3051 1402 3096 et
1445 3042 1697 3097 mandabo
1723 3060 1806 3100 eos
1835 3061 1854 3099 :

259 3137 309 3180 et
339 3135 494 3181 erunt
521 3129 646 3183 mihi
674 3130 892 3200 papulas
915 3171 930 3196 ,
955 3140 1002 3185 et
1031 3147 1120 3204 ego
1151 3149 1236 3188 ero
1263 3133 1365 3188 illis
1397 3134 1534 3190 Deus
1562 3151 1582 3190 :
1615 3145 1660 3190 et
1684 3153 1854 3192 servus

259 3234 408 3272 meus
441 3217 609 3274 David
637 3237 726 3274 rea:
750 3237 904 3291 super
927 3239 1016 3277 eos
1033 3265 1049 3288 ,
1081 3233 1128 3278 et
1153 3234 1326 3294 pastor
1352 3241 1480 3282 unus
1508 3228 1602 3282 erit
1630 3229 1850 3282 omnium

259 3325 446 3362 eorum
473 3311 491 3382 (
517 3309 604 3366 Id.
637 3327 817 3366 xxxvu
843 3354 858 3380 ,
888 3312 1064 3369 22-24
1084 3311 1125 3386 ),

259 3423 496 3481 CAPUT
525 3425 740 3480 XXXV.
771 3457 844 3467 —
871 3426 949 3481 De
984 3428 1134 3482 trium
1177 3431 1536 3500 prophetarum
1575 3433 1809 3488 uatiCinio
1831 3475 1848 3502 ,

500 3517 556 3570 id
583 3527 694 3584 est,
724 3518 900 3590 Δίιρωὶ
915 3560 931 3584 ,
959 3517 1224 3574 Zacharias
1245 3530 1294 3575 et
1325 3521 1616 3578 Malachitc.

329 3629 388 3683 1.
431 3627 652 3684 Restant
681 3637 788 3684 tres
817 3631 1052 3686 minores
1081 3631 1362 3702 Propheta:
1386 3675 1401 3698 ,
1445 3635 1532 3704 qui
1563 3637 1849 3706 propheta-

259 3725 466 3772 vcrunt
489 3719 540 3772 in
571 3719 678 3772 ﬁne
702 3721 1022 3791 captivitatis
1047 3763 1063 3788 ,
1096 3724 1321 3792 Aggzcus
1343 3764 1366 3790 ,.
1389 3723 1672 3780 Zacharias
1697 3769 1711 3794 ,
1742 3727 1851 3780 Ma-

257 3809 492 3865 lachias.
529 3810 764 3876 Quorum
801 3813 1028 3884 Aggteus
1052 3813 1322 3870 Christum
1347 3825 1400 3871 et
1429 3817 1720 3872 Ecclesium
1751 3819 1851 3876 hac

256 3903 508 3972 apertius
526 3902 784 3960 brevitate
803 3905 1086 3974 pr0phetat
1113 3923 1126 3958 :
1153 3905 1278 3960 Han:
1302 3907 1420 3961 dicit
1443 3907 1692 3966 Dominus
1706 3929 1852 3966 exer-

257 3995 462 4048 cituum
487 4009 506 4047 :
533 3993 713 4050 Adhuc
739 4011 891 4049 unum
915 3997 1169 4052 modicum
1194 4005 1264 4052 est
1290 4039 1304 4065 ,
1334 4009 1378 4054 et
1411 4016 1500 4071 ego
1536 4003 1850 4058 commovebo

255 4085 487 4152 rectum,
526 4095 574 4139 et
614 4095 838 4152 terram,
877 4095 923 4141 et
969 4103 1108 4141 mare
1129 4128 1144 4153 ,
1193 4097 1239 4142 et
1279 4089 1516 4160 aridam,
1561 4101 1608 4146 et
1649 4095 1850 4150 movebo

257 4192 445 4230 omnes
487 4186 696 4246 gentes;
733 4175 978 4232 et'ueniet
1019 4178 1346 4235 Desideratus
1389 4183 1582 4238 cunctis
1623 4187 1850 4256 gentibus

257 4271 280 4340 (
301 4266 492 4338 Aggwi
508 4283 563 4333 ιι,
591 4269 624 4322 7
644 4279 688 4322 et
707 4267 787 4340 8).
811 4269 936 4324 llaec
952 4270 1228 4340 prophetia
1253 4273 1442 4342 partim
1462 4273 1571 4342 jam
1590 4277 1850 4345 completa

255 4361 545 4425 cernitur,
577 4362 770 4430 partim
799 4371 1043 4430 speratur
1083 4363 1134 4416 in
1177 4363 1283 4418 line
1325 4363 1661 4434 complenda.
1691 4367 1852 4423 Movit

257 4451 418 4507 enim
441 4451 631 4506 caelum
651 4453 976 4522 Angelorum
997 4463 1050 4508 et
1069 4453 1300 4508 siderum
1324 4456 1628 4512 testimonio
1647 4497 1663 4525 ,
1685 4473 1853 4528 quan-

255 4543 344 4599 do
371 4542 674 4598 incarnatus
699 4553 784 4599 est.
805 4543 1069 4600 Christus.
1101 4545 1266 4600 Movit
1292 4555 1488 4602 terram
1518 4549 1716 4618 ingenti
1746 4552 1851 4605 mi-

255 4633 458 4690 raculo
476 4673 490 4699 ,
511 4633 578 4690 de
604 4635 720 4704 ipso
744 4635 960 4705 virginis
985 4645 1158 4706 partu.
1188 4636 1349 4691 Movit
1375 4653 1520 4693 mare
1539 4649 1592 4694 et
1612 4639 1812 4694 aridam
1832 4681 1847 4706 ,

254 4741 396 4782 cum
421 4733 480 4780 et
501 4725 552 4780 in
579 4726 766 4781 insulis
793 4734 848 4782 et
867 4727 922 4782 in
943 4727 1072 4782 orbe
1093 4737 1204 4782 toto
1225 4727 1464 4785 Christus
1487 4733 1847 4786 annuntiatur.

257 4819 354 4874 Ita
377 4819 575 4872 moveri
598 4832 786 4873 omnes
815 4827 1000 4888 gentes
1027 4819 1268 4876 videmus
1293 4822 1360 4875 ad
1386 4821 1566 4877 ﬁdem.
1588 4823 1703 4877 Jam
1725 4837 1850 4878 vero

255 4907 416 4980 quod
443 4909 681 4978 sequitur
702 4949 718 4974 ,
745 4907 814 4962 Et
837 4909 994 4962 ueniet
1014 4907 1346 4965 Desideratus
1371 4914 1560 4966 cunctis
1583 4914 1809 4984 gentibus
1831 4955 1847 4983 ,

253 5000 332 5056 de
369 4998 658 5053 novissimo
703 4999 818 5068 ejus
851 5009 1188 5070 exspectatur
1227 5000 1458 5057 adventu
1484 5003 1580 5075 (a).
1612 5002 1681 5060 Ut
1707 5005 1851 5060 enim

253 5089 602 5148 desideratus
631 5099 772 5146 esset
799 5092 1229 5162 exspectantibus
1252 5135 1268 5162 ,
1299 5095 1445 5164 prius
1471 5096 1704 5166 oportuit
1723 5113 1862 5153 eum.

252 5185 522 5240 dilectum
549 5197 668 5238 esse
693 5183 1053 5239 credentibus.
1333 5229 1336 5234 .

335 5273 400 5328 2.
439 5273 722 5330 Zacharias
752 5274 822 5331 de
847 5275 1058 5332 Christo
1083 5283 1140 5333 et
1167 5277 1404 5334 Ecclesia
1436 5297 1450 5333 :
1483 5279 1700 5337 Exsulta
1721 5323 1738 5346 ,
1771 5282 1858 5337 in.

329 5388 354 5452 ξ
391 5393 442 5435 ιιι
467 5385 718 5452 veteribus
739 5384 874 5434 libris
895 5393 1172 5452 constanter
1193 5391 1440 5452 scriptum,
1467 5391 1756 5443 Hiezechiel.

285 5513 302 5524 .
323 5451 356 5482 ³
388 5456 493 5498 Mss.
519 5447 719 5509 aliquot,
744 5453 790 5498 et
811 5447 1040 5500 Ecclesia.
1062 5451 1234 5499 Caneri
1265 5447 1372 5503 fere
1395 5447 1582 5515 omnes,
1621 5461 1668 5504 et
1689 5454 1851 5507 Eccle-

325 5575 360 5642 f
389 5578 520 5642 pom,
542 5567 758 5642 etfilius.
783 5572 954 5642 verius
977 5579 1102 5638 Mss.,
1125 5580 1178 5626 ut
1191 5573 1340 5640 ﬁlius.

323 5635 356 5696 εξ
388 5631 554 5696 Μαι-(ξε
575 5631 714 5696 mss,
739 5631 869 5696 quia.

325 5695 408 5756 (a)
443 5701 510 5742 De
523 5693 982 5761 securtdo'adventu
1017 5697 1184 5747 Christi
1205 5699 1334 5761 hunc
1363 5697 1520 5748 locum
1557 5699 1852 5761 interpreta-

251 5765 346 5808 tus
366 5763 448 5823 est
468 5756 614 5804 etiam
634 5757 1042 5823 Ju§tinusMartyr,
1059 5761 1106 5810 in
1131 5759 1322 5823 liialogo
1339 5774 1446 5810 cum
1461 5756 1726 5822 't‘ryphoue.
1740 5767 1854 5811 Cou-

253 5821 342 5871 fer
365 5819 498 5878 intra,
523 5829 612 5880 cap
649 5815 728 5866 48.
762 5815 1008 5874 Caucasus.

1467 375 1668 434 LIBER
1709 379 2002 440 DECIMUS
2038 383 2374 452 OCTAVUS.

3459 411 3563 470 594

1986 501 2138 570 quit,
2169 507 2314 561 ualde
2339 550 2352 574 ,
2383 511 2490 579 ﬁlia
2519 514 2682 583 Sion;
2699 518 2868 588 jubila
2891 561 2906 588 ,
2950 521 3058 591 ﬁlia
3095 522 3415 580 Jerusalem:
3455 545 3566 586 ecce

1984 591 2097 647 Rea:
2123 605 2238 650 tuus
2265 602 2418 656 veniet
2439 605 2559 672 tibi,
2592 609 2764 678 justus
2788 653 2803 678 ,
2839 622 2890 667 et
2930 616 3188 681 salvator;
3215 617 3320 687 ipse
3347 635 3563 690 pauper,

1983 691 2031 737 et
2053 687 2324 743 ascendens
2347 707 2495 760 super
2518 699 2710 752 asinam
2735 702 2773 767 ',
2802 711 2848 755 et
2871 719 3023 774 super
3047 707 3243 776 pullum
3271 687 3434 779 ﬁlium
3451 687 3566 766 vasi;

1983 789 2063 828 me
2087 791 2106 828 :
2136 787 2182 830 et
2209 789 2430 848 potestas
2458 784 2569 853 ejus
2607 805 2638 841 a
2669 793 2796 844 mari
2824 809 2978 862 usque
3005 797 3073 850 ad
3101 814 3238 852 mare
3261 841 3276 864 ,
3312 809 3358 854 et
3404 818 3436 855 a
3464 804 3565 873 ﬂu—

1980 865 2198 920 minibus
2221 885 2376 940 usque
2392 873 2460 926 ad
2485 875 2610 942 ﬁnes
2631 887 2776 934 terra:
2793 883 2814 913 ⁵
2841 883 3024 951 (Zach.
3055 903 3106 942 ix
3130 929 3145 952 ,
3169 888 3201 944 9
3231 900 3278 944 et
3307 890 3414 962 10).
3444 865 3558 950 [loc

1981 959 2192 1025 quando
2217 961 2410 1019 factum
2457 967 2560 1034 sit,
2603 980 2662 1024 ut
2703 973 2952 1030 Dominus
2991 979 3232 1038 Christus
3274 983 3324 1038 in
3367 959 3560 1042 itinere

1975 1046 2220 1116 jumento
2241 1052 2398 1124 hujus
2418 1061 2628 1126 generis
2651 1049 2886 1120 uteretur
2908 1110 2922 1134 ,
2949 1069 2998 1124 in
3023 1071 3307 1144 Evangelia
3325 1075 3516 1148 legitur
3542 1098 3556 1134 :

1979 1141 2068 1196 ubi
2100 1153 2151 1198 et
2181 1148 2292 1202 hinc
2319 1149 2590 1221 prOphetia
2619 1169 3067 1217 commemoratur
3090 1141 3324 1235 exparte
3347 1210 3362 1236 ,
3393 1185 3560 1240 quan-

1981 1241 2090 1330 tum
2121 1237 2194 1290 illi
2221 1237 2339 1294 loco
2381 1241 2625 1300 sufﬁcere
2665 1247 2836 1303 visum
2869 1261 2951 1306 est
2993 1252 3223 1323 (Hatth.
3253 1274 3340 1313 xx:
3363 1237 3558 1330 ).'Alio

1981 1323 2096 1380 loco
2123 1327 2190 1382 ad
2218 1329 2390 1399 ipsum
2419 1333 2690 1393 Christum
2719 1341 2770 1394 in
2795 1341 2991 1411 Spiritu
3020 1347 3308 1416 prophetiae
3335 1323 3556 1421 loquens

1979 1413 2045 1471 de
2071 1420 2385 1478 remissione
2423 1437 2760 1494 peccatorum
2809 1447 2904 1501 per
2940 1413 3056 1504 ejus
3092 1439 3399 1507 sanguinem
3431 1460 3444 1494 :
3479 1442 3556 1496 Tu

1977 1523 2206 1579 quoque,
2253 1513 2456 1584 inquit,
2503 1519 2556 1572 in
2599 1523 2845 1590 sanguine
2895 1527 3176 1580 testamenti
3228 1529 3300 1582 tui
3349 1531 3556 1587 emisisti

1975 1601 2168 1656 uinctos
2193 1613 2303 1658 tuos
2331 1606 2394 1660 de
2421 1609 2532 1663 lacu
2551 1652 2565 1676 ,
2592 1611 2646 1665 in
2683 1628 2780 1682 quo
2824 1631 2925 1668 non
2967 1625 3040 1670 est
3087 1633 3217 1686 aqua
3245 1619 3262 1688 (
3285 1617 3441 1674 Zaclt.
3470 1637 3554 1690 lx,

1977 1691 2038 1780 ιι
2068 1691 2108 1761 ).
2141 1693 2276 1760 Quid
2319 1711 2415 1766 per
2462 1699 2600 1756 hunc
2645 1703 2816 1758 lacum
2864 1705 2989 1762 velit
3032 1709 3292 1778 intelligi,
3338 1721 3558 1780 possunt

1975 1779 2182 1837 diversa
2213 1786 2438 1852 sentiri,
2481 1791 2638 1846 etiam
2683 1797 2974 1852 secundum
3019 1805 3220 1854 rectam
3264 1779 3422 1858 tidem
3453 1801 3550 1876 (a).

1973 1871 2100 1929 Mihi
2147 1885 2319 1934 tamen
2363 1883 2574 1938 videtur
2614 1901 2719 1940 non
2761 1903 2826 1944 co
2865 1891 3152 1961 signiﬁcari
3193 1896 3422 1964 melius,
3453 1897 3556 1952 nisi
3641 1905 3656 1922 ‘

1973 1963 2218 2024 humana:
2243 1972 2472 2028 miseria:
2497 1975 2691 2032 siccam
2721 1979 3130 2049 profunditatem
3158 1988 3551 2056 quodammodo

1971 2065 2024 2112 et
2053 2061 2287 2116 sterilem
2313 2103 2328 2128 ,
2361 2065 2450 2118 tibi
2491 2081 2596 2121 non
2644 2079 2766 2124 sunt
2807 2070 3000 2128 ﬂuenta
3037 2075 3257 2144 justitiae
3279 2118 3294 2143 ,
3324 2077 3418 2133 sed
3446 2079 3550 2134 ini-

1969 2149 2186 2220 quitatis
2212 2152 2400 2208 lutum.
2435 2157 2508 2212 De
2551 2157 2652 2215 hoc
2687 2162 2880 2232 quippe
2905 2165 3063 2220 etiam
3093 2165 3145 2221 in
3177 2167 3389 2224 Psalmo
3417 2168 3550 2224 dici-

1971 2247 2056 2294 tttr
2083 2259 2096 2296 :
2127 2241 2194 2296 Et
2221 2245 2394 2300 eduxit
2425 2265 2503 2303 me
2545 2249 2608 2304 de
2649 2251 2764 2306 lacu
2807 2255 3054 2326 miseriae,
3101 2267 3148 2312 et
3189 2259 3250 2313 de
3293 2260 3396 2315 luto
3437 2261 3548 2316 limi

1969 2328 2158 2400 (Psal.
2192 2349 2366 2390 χχχιιι
2391 2381 2406 2405 ,
2438 2339 2532 2409 '5).

2037 2424 2092 2479 5.
2133 2425 2416 2484 Malachias
2465 2433 2789 2503 prophetans
2839 2435 3173 2505 Eeclesiam,
3235 2457 3390 2512 quam
3449 2459 3546 2515 per

1967 2513 2236 2570 Christum
2265 2521 2536 2576 cernimus
2565 2537 2902 2596 propagatum
2927 2569 2942 2595 ,
2975 2529 3172 2586 Judmis
3210 2513 3548 2602 apertissime

1966 2605 2095 2662 dicit
2121 2623 2186 2662 ex
2215 2625 2438 2680 persona
2470 2614 2562 2669 Dei
2594 2632 2607 2670 :
2637 2615 2757 2669 Non
2787 2627 2860 2672 est
2889 2619 3011 2672 mihi
3040 2621 3268 2677 uoluntas
3289 2625 3343 2677 in
3369 2625 3504 2680 vobis
3529 2667 3544 2690 ,

1965 2705 2011 2751 et
2037 2713 2220 2753 munus
2251 2717 2352 2756 non
2376 2705 2646 2774 suscipiant
2675 2706 2739 2760 de
2766 2724 2921 2762 manu
2945 2719 3128 2764 uestra.
3173 2711 3248 2766 Ab
3278 2724 3390 2767 ortu
3416 2717 3547 2769 enim

1964 2786 2088 2842 solis
2113 2805 2270 2859 usque
2297 2793 2366 2846 ad
2391 2809 2622 2850 occasum
2647 2837 2662 2862 ,
2702 2814 2942 2868 magnum
2969 2809 3040 2855 est
3077 2817 3258 2856 nomen
3299 2821 3466 2859 meum
3492 2807 3552 2860 in.

1963 2881 2192 2952 gentibus
2213 2925 2226 2950 ,
2253 2895 2298 2938 et
2320 2886 2372 2939 in
2397 2887 2536 2940 omni
2560 2887 2668 2942 loco
2696 2892 3064 2959 sacri/imbitur
3101 2903 3148 2948 et
3187 2893 3426 2962 o/feretur
3450 2914 3546 2951 no-

1963 2973 2088 3027 ntini
2115 2991 2224 3029 meo
2252 2977 2438 3032 oblatio
2467 2981 2655 3033 manda
2679 2997 2698 3035 :
2741 2983 2858 3052 quia
2895 3001 3136 3054 magnum
3171 3003 3350 3042 nomen
3379 3005 3546 3044 meum

1961 3065 2014 3118 in
2039 3067 2266 3137 gentibus
2291 3111 2304 3134 ,
2334 3070 2456 3124 dicit
2481 3071 2728 3127 Dominus
2755 3075 2772 3143 (
2805 3075 3031 3130 illatacli.
3061 3093 3076 3132 ι
3102 3119 3116 3144 ,
3151 3079 3218 3134 l0
3244 3079 3285 3148 ).
3313 3081 3424 3136 lloc
3453 3097 3544 3138 sa-

1961 3157 2218 3212 criﬁcium
2247 3173 2340 3229 per
2371 3162 2724 3218 sacerdotium
2753 3164 2950 3221 Christi
2981 3169 3270 3224 secundum
3300 3171 3542 3228 ordinem

1959 3245 2384 3317 Melchisedech,
2417 3267 2536 3308 cum
2565 3255 2616 3308 in
2645 3257 2786 3310 omni
2819 3256 2936 3312 loco
2975 3273 3006 3312 a
3042 3259 3172 3313 solis
3216 3271 3340 3316 ortu
3375 3276 3543 3332 usque

1960 3337 2028 3393 ad
2067 3355 2311 3396 occasum
2353 3343 2463 3398 Deo
2501 3345 2610 3414 jam
2655 3345 2927 3402 videmnus
2965 3347 3141 3404 oll‘erri
3165 3391 3180 3417 ,
3222 3351 3540 3408 sacriﬁcium

1961 3440 2138 3488 autem
2165 3433 2467 3490 Iudurorum
2493 3477 2510 3504 ,
2541 3437 2732 3508 quibus
2756 3439 2954 3495 dictum
2981 3449 3062 3496 est
3083 3483 3096 3506 ,
3143 3441 3265 3498 Non
3303 3453 3378 3498 est
3415 3445 3542 3499 mihi

1959 3522 2189 3577 uoluntas
2219 3525 2269 3578 in
2294 3527 2430 3580 uobis
2453 3568 2468 3594 ,
2497 3544 2585 3581 nec
2611 3530 2858 3600 accipiam
2887 3531 2948 3585 de
2975 3533 3204 3588 manibus
3229 3535 3402 3590 vestris
3427 3553 3540 3590 mu-

1959 3631 2056 3669 nus
2079 3657 2094 3681 ,
2127 3631 2368 3673 cessasse
2397 3635 2592 3689 negare
2620 3637 2724 3676 non
2765 3634 3023 3692 possunt;
3064 3625 3190 3696 quid
3224 3627 3396 3682 adhuc
3442 3643 3541 3684 ex-

1959 3715 2201 3776 spectant
2224 3709 2387 3763 alium
2409 3709 2678 3766 Christum
2705 3754 2720 3780 ,
2743 3728 2862 3768 cum
2887 3715 2987 3770 hoc
3009 3716 3148 3784 quod
3171 3717 3542 3788 prophetatum

1958 3799 2140 3870 legunt
2185 3809 2239 3855 et
2281 3801 2552 3871 impletum
2597 3803 2816 3872 vident,
2866 3805 3076 3876 impleri
3115 3823 3220 3862 non
3265 3810 3538 3878 potuerit,

1960 3893 2059 3946 nisi
2091 3907 2186 3962 per
2225 3893 2441 3963 ipsum?
2487 3895 2622 3950 Dicit
2659 3897 2800 3952 enim
2845 3899 3002 3967 paulo
3045 3908 3166 3970 post
3207 3901 3275 3958 de
3317 3904 3434 3974 ipso
3469 3919 3539 3960 ex

1959 3999 2184 4054 persona
2211 3985 2306 4040 Dei
2341 4005 2355 4041 :
2387 3983 2759 4042 Testamentum
2797 4007 2962 4045 meum
2997 4003 3104 4046 erat
3131 4009 3242 4048 cum
3273 4011 3330 4049 eo
3355 3996 3469 4051 tiin
3491 4005 3541 4052 et

1959 4079 2098 4148 pacis
2125 4094 2143 4133 :
2173 4089 2220 4133 et
2248 4079 2364 4133 dedi
2392 4081 2436 4134 ei
2465 4092 2516 4134 ut
2545 4083 2720 4136 timore
2749 4085 2942 4138 timeret
2961 4103 3040 4140 me
3062 4129 3076 4154 ,
3106 4097 3152 4142 et
3172 4103 3204 4140 a
3224 4090 3356 4160 facie
3375 4091 3541 4144 nomi-

1959 4171 2037 4224 nis
2067 4174 2162 4226 mei
2188 4183 2506 4228 revereretur.
2540 4173 2647 4228 Lex
2675 4177 2896 4230 ueritatis
2924 4187 3030 4232 erat
3059 4179 3110 4231 in
3143 4195 3230 4234 ore
3255 4181 3417 4251 ipsius
3440 4221 3458 4248 ,
3484 4183 3542 4236 in

1960 4277 2082 4329 pace
2106 4263 2326 4332 dirigens
2354 4265 2621 4318 ambulavit
2661 4284 2892 4336 mecum,
2936 4278 2983 4323 et
3023 4269 3207 4324 multos
3248 4274 3483 4328 convertit
3514 4273 3536 4304 ³

1959 4351 2021 4404 ab
2047 4353 2308 4424 iniquitate
2337 4370 2354 4409 :
2378 4358 2614 4424 quoniam
2641 4357 2774 4411 labia
2790 4361 3060 4415 sacerdotis
3081 4363 3362 4417 custodient
3379 4365 3541 4420 scien-

1961 4443 2083 4496 tiam
2107 4485 2120 4510 ,
2151 4455 2198 4498 et
2222 4445 2378 4516 legem
2405 4447 2652 4516 inquirant
2679 4465 2742 4502 ex
2765 4465 2851 4502 ore
2875 4451 2985 4520 ejus
3008 4468 3028 4516 ;
3064 4453 3300 4522 quoniam
3329 4457 3539 4525 angelus

1961 4535 2168 4592 Domini
2191 4539 2542 4606 omnipotentis
2571 4549 2642 4592 est
2671 4538 2799 4612 (Id.
2825 4556 2860 4595 ll
2885 4582 2898 4604 ,
2929 4543 3021 4598 5-7
3044 4543 3085 4615 ).
3109 4542 3218 4598 Nec
3238 4545 3538 4600 mirandum

1959 4636 2042 4682 est
2063 4668 2077 4695 ,
2100 4628 2220 4698 quia
2237 4629 2614 4698 omnipotentis
2633 4631 2727 4686 Dei
2751 4632 2973 4702 angelus
2993 4633 3166 4690 dictus
3189 4644 3270 4690 est
3294 4634 3540 4692 Christus

1960 4719 2134 4776 Jesus.
2165 4721 2310 4776 Sicut
2337 4723 2480 4775 enim
2526 4736 2713 4780 servus
2753 4735 2974 4796 propter
3007 4725 3232 4782 formam
3273 4729 3455 4796 servi,
3485 4729 3540 4784 in

1961 4827 2062 4883 qua
2087 4813 2235 4868 venit
2261 4813 2326 4867 ad
2355 4811 2596 4869 homines
2621 4831 2638 4880 ;
2679 4817 2756 4871 sic
2787 4825 2839 4872 et
2865 4819 3086 4888 angelus
3119 4829 3335 4890 propter
3365 4820 3540 4874 Evan-

1960 4903 2155 4974 gelium
2184 4946 2208 4972 ,
2225 4904 2366 4974 quod
2393 4905 2654 4962 nuntiavit
2673 4907 2998 4965 hominibus.
3021 4910 3154 4966 Nam
3176 4911 3218 4964 si
3238 4925 3410 4980 graeca
3437 4913 3540 4968 ista

1963 4995 2375 5066 interpretemur
2396 5038 2411 5062 ,
2437 5006 2486 5054 et
2517 4997 2864 5069 Evangelium
2891 5001 3027 5056 bona
3059 5002 3316 5056 nuntiatio
3337 5013 3419 5058 est
3443 5045 3460 5068 ,
3484 5014 3542 5059 et

1963 5085 2180 5156 angelus
2203 5089 2438 5142 nuntius.
2472 5087 2547 5144 De
2575 5089 2691 5158 ipso
2731 5090 2926 5161 quippe
2964 5091 3154 5146 iterum
3199 5091 3367 5146 dicit:
3409 5091 3542 5147 Enr-

2026 5285 2046 5317 ί
2081 5283 2213 5333 Vind.
2240 5291 2337 5334 Am.
2366 5292 2417 5335 et
2437 5291 2563 5344 Mss,
2587 5285 2789 5338 asinam.

1982 5409 2009 5418 η
2024 5347 2209 5418 '_Lov.,
2235 5358 2380 5410 usque
2393 5346 2460 5395 ad
2473 5345 2592 5410 ﬁnes
2609 5346 2736 5398 orbis
2758 5354 2921 5398 terrae.
2937 5347 3102 5408 Abest,
3123 5347 3272 5409 orbis,
3297 5359 3324 5398 a
3345 5352 3540 5400 caeteris

1963 5406 2153 5518 Ιὼξιεξία
2186 5469 2352 5530 plures
2366 5469 2678 5533 .manuscripti
2699 5470 2838 5530 juxta
2851 5476 2986 5519 LXX.
3013 5476 3068 5519 At.
3104 5470 3238 5533 editi,
3277 5471 3540 5523 ambulabit

1963 5543 2168 5590 mecum,
2186 5527 2240 5579 ἐι
2275 5527 2444 5579 multas
2469 5527 2719 5604 conuertet.

2025 5631 2097 5696 (a)
2133 5639 2204 5696 De
2227 5629 2370 5696 limbo
2406 5640 2856 5696 patrtun,’quorum
2893 5635 3064 5696 animae
3099 5635 3167 5684 lbi
3198 5634 3540 5685 detinebantur

1965 5693 2118 5756 usque
2149 5693 2208 5741 ad
2241 5695 2513 5756 passionem
2535 5693 2722 5756 Christi,
2760 5697 2888 5756 ipsas
2911 5695 3106 5745 tandem
3135 5697 3250 5744 inde
3275 5696 3539 5756 liberantis,

1967 5745 2217 5820 exponunt
2239 5745 2565 5815 hieronymus,
2583 5745 2799 5817 Cyrillus',
2824 5765 2867 5807 s.
2883 5758 3104 5818 Thomas,
3127 5772 3250 5820 quos
3272 5745 3441 5807 clunes
3463 5745 3540 5804 re;

1967 5818 2207 5870 acutiores
2230 5823 2514 5877 sequuntur.
2549 5823 2792 5872 εοριωυδ,
