4062 6494
486 474 631 528 mitto
653 470 670 505 ¹
699 469 936 543 angelum
962 484 1123 524 meum
1148 510 1164 535 ,
1210 476 1258 522 et
1293 464 1562 538 prospiciet
1585 464 1719 520 viam
1746 470 1860 517 ante
1888 461 2068 533 faciem

487 576 653 617 meam
677 575 697 617 :
718 570 766 615 et
786 559 947 615 subito
967 558 1123 612 veniet
1148 558 1202 612 in
1225 556 1464 626 templum
1483 551 1904 620 suunyDominus
1922 565 2072 624 quem

487 667 579 707 vos
596 649 819 721 quierim
836 688 851 713 ,
874 657 923 704 et
940 646 1149 718 angelus
1170 645 1452 701 testamenti
1469 659 1616 714 quem
1635 657 1720 698 vos
1741 641 1912 696 vultis.
1940 638 2073 709 Ecce

487 740 623 797 venit
645 780 661 805 ,
689 739 810 794 dicit
834 736 1084 793 Dominus
1118 735 1434 804 omnipotens
1456 735 1477 767 ²
1508 749 1529 789 :
1572 740 1620 796 et
1660 732 1771 803 quis
1812 729 2073 791 sustinebit

489 830 623 885 diem
647 829 884 885 introitus
909 829 1017 893 eius
1038 828 1063 882 .9
1087 836 1173 882 aut
1199 826 1311 891 quis
1348 826 1545 882 resistet
1577 825 1633 879 in
1669 831 1877 895 aspectu
1917 823 2026 892 ejus
2047 819 2078 877 3‘

489 922 512 989 (
536 919 767 975 ΜαΙαοΙι.
801 936 856 975 ιιι
881 960 896 986 ,
925 920 951 975 1
982 960 997 987 ,
1024 919 1062 991 2
1087 920 1105 991 )
1139 919 1248 974 lloc
1263 919 1381 974 loco
1396 926 1447 974 et
1461 915 1693 987 primum
1712 923 1767 971 et
1781 913 2074 973 secundum

491 1012 688 1069 Christi
715 1012 1091 1083 praenuntiavit
1115 1011 1401 1067 adventum
1430 1029 1443 1064 :
1474 1009 1704 1080 primum
1734 1007 1972 1071 scilicet,
2005 1004 2075 1061 de

489 1120 595 1177 quo
620 1103 731 1170 ait,
761 1103 829 1164 Et
854 1103 1020 1159 subito
1045 1104 1202 1158 veniet
1229 1104 1282 1157 in
1304 1101 1545 1174 templum
1572 1117 1761 1166 suum;
1791 1099 1844 1155 id
1872 1107 1955 1177 est
1975 1140 1991 1165 ,
2021 1097 2074 1153 in

490 1211 706 1252 carnem
735 1210 884 1251 suam
909 1236 925 1262 ,
967 1195 1034 1250 de
1083 1210 1185 1266 qua
1228 1195 1363 1250 dixit
1406 1195 1458 1249 iu
1504 1192 1828 1264 Evangelia,
1884 1190 2078 1247 Solvite

483 1286 735 1357 templum
766 1287 860 1340 hoc
885 1328 901 1355 ,
930 1298 975 1340 et
1006 1287 1059 1340 in
1090 1286 1258 1341 triduo
1283 1286 1585 1342 resuscitabo
1612 1284 1743 1339 illud
1771 1282 1967 1355 (loan.
1996 1298 2072 1351 ιι,

492 1377 562 1433 19
587 1377 607 1450 )
636 1394 650 1431 :
682 1377 975 1439 secundum
1002 1392 1129 1432 vero
1153 1419 1168 1445 ,
1203 1377 1289 1431 ubi
1320 1378 1391 1431 ait
1415 1419 1431 1443 ,
1459 1375 1592 1430 Ecce
1620 1376 1751 1432 venit
1772 1418 1788 1443 ,
1821 1374 1943 1429 dicit
1968 1374 2076 1435 Do-

490 1469 660 1524 minus
682 1468 995 1537 omnipotens
1012 1509 1028 1535 ,
1052 1478 1098 1523 et
1116 1468 1226 1538 quis
1245 1467 1505 1527 sustinebit
1527 1467 1659 1522 diem
1676 1467 1912 1522 introitus
1931 1467 2039 1538 ejus
2057 1506 2073 1533 ,

490 1571 580 1615 aut
604 1562 716 1630 quis
740 1561 933 1615 resistet
959 1562 1013 1615 in
1054 1569 1258 1631 aspectu
1293 1561 1445 1632 ejus?
1488 1558 1641 1628 Quod
1684 1568 1861 1615 autem
1907 1557 2074 1624 dicit,

494 1652 745 1708 Dominus
773 1670 920 1724 quem
947 1669 1032 1711 vos
1058 1653 1282 1724 queritis
1299 1694 1315 1720 ,
1343 1662 1390 1707 et
1405 1651 1614 1723 angelus
1635 1650 1914 1705 testamenti
1931 1665 2077 1721 quem

493 1761 580 1800 vos
607 1745 756 1801 vultis
777 1786 793 1813 ,
824 1744 1138 1817 signiﬁcavit
1165 1745 1346 1816 utique
1366 1745 1527 1799 etiam
1547 1742 1761 1800 Iudaeos
1786 1742 2076 1799 secundum

496 1834 801 1905 Scripturas
830 1851 962 1907 quas
990 1836 1171 1908 legunt
1193 1876 1210 1903 ,
1237 1836 1504 1891 Christum
1526 1848 1767 1906 qumrere
1787 1873 1803 1901 ,
1833 1842 1888 1889 et
1914 1833 2075 1890 velle.

496 1924 605 1981 Sed
644 1925 793 1981 multi
836 1939 1018 1983 eorum
1044 1966 1061 1992 ,
1101 1940 1260 1995 quem
1296 1926 1623 1996 qumsierunt
1663 1933 1718 1982 et
1755 1924 2076 1991 voluerunt,

491 2015 703 2071 venisse
733 2031 839 2071 non
882 2025 1254 2087 agnoverunt,
1295 2016 1549 2073 exemeati
1585 2015 1640 2071 in
1676 2014 1928 2070 cordibus
1968 2015 2081 2071 suis

493 2103 919 2178 praecedentibus
948 2105 1152 2161 meritis
1181 2106 1311 2161 suis.
1342 2105 1496 2174 Quod
1543 2119 1673 2160 sane
1715 2104 1810 2170 hic,
1842 2106 2080 2159 nominat

494 2202 871 2255 testamentum
896 2237 911 2262 ,
939 2196 1027 2252 vel
1048 2211 1207 2267 supra
1234 2238 1249 2262 ,
1267 2196 1357 2252 ubi
1377 2198 1451 2251 ait
1474 2238 1489 2262 ,
1518 2195 1892 2253 Testamentum
1915 2212 2080 2250 meum

493 2295 743 2349 eratcum
765 2303 821 2342 eo
843 2303 863 2351 ;
888 2288 970 2342 vel
998 2287 1084 2353 hic
1106 2329 1122 2354 ,
1164 2288 1253 2344 ubi
1292 2304 1413 2344 eum
1450 2287 1585 2344 dixit
1627 2287 1874 2359 angelum
1912 2294 2080 2345 testa-

497 2376 663 2439 menti
693 2394 707 2431 :
742 2393 937 2433 novum
966 2379 1148 2449 procul
1184 2379 1346 2435 dubio
1385 2379 1783 2439 Testamentum
1823 2377 2081 2433 debemus

497 2467 743 2537 accipere
768 2509 781 2532 ,
809 2468 896 2523 ubi
926 2470 1281 2539 sempiterna;
1310 2484 1415 2523 non
1444 2478 1600 2527 vetus
1626 2510 1642 2534 ,
1672 2468 1763 2523 ubi
1809 2477 2081 2537 tempora-

494 2555 567 2617 lia
598 2567 720 2623 sunt
750 2559 1012 2628 promissa
1041 2577 1055 2612 :
1080 2573 1200 2629 qua:
1226 2573 1324 2630 pro
1359 2573 1550 2631 magno
1578 2559 1836 2615 habentes
1866 2559 2080 2630 plurimi

496 2646 694 2703 inﬁrmi
717 2689 741 2719 ι
761 2657 815 2715 et
844 2648 954 2705 Deo
983 2663 1112 2703 vero
1143 2649 1327 2715 talium
1358 2664 1538 2705 rerum
1567 2648 1816 2706 mercede
1845 2650 2082 2705 servien-

497 2746 580 2805 tes
603 2776 618 2802 ,
649 2737 860 2808 quando
888 2737 1071 2794 vident
1094 2739 1173 2794 eis
1202 2738 1392 2808 impios
1420 2739 1691 2795 abundare
1714 2780 1731 2808 ,
1776 2739 2076 2797 turbantur.

495 2825 723 2896 Propter
774 2828 917 2905 quod
959 2829 1098 2885 idem
1142 2830 1398 2901 propheta
1425 2873 1441 2899 ,
1486 2842 1543 2888 ut
1592 2831 1714 2887 novi
1753 2832 2081 2893 Testamenti

492 2916 874 2991 beatitudinem
905 2926 1159 2981 mternam
1185 2963 1201 2988 ,
1231 2936 1350 2991 qua:
1381 2936 1488 2978 non
1516 2920 1728 2987 dabitur
1752 2922 1852 2978 nisi
1882 2923 2036 2977 bonis
2059 2965 2076 2995 ,

497 3005 847 3080 distingueret
870 3024 900 3063 a
921 3011 1116 3065 veteris
1137 3017 1353 3067 terrena
1379 3010 1632 3067 felicitate
1658 3051 1674 3077 ,
1703 3026 1822 3082 quae
1847 3012 2083 3082 plerum—

496 3113 605 3168 que
629 3098 785 3160 datur
813 3108 867 3155 et
892 3100 1045 3168 malis
1085 3118 1099 3154 :
1148 3100 1463 3174 Ingravastis
1489 3142 1507 3170 ,
1551 3102 1760 3174 inquit,
1809 3088 1962 3175 super
2002 3122 2082 3163 me

497 3190 646 3261 uerba
670 3200 832 3245 vestra
853 3230 870 3263 ,
898 3191 1019 3246 dicit
1044 3191 1291 3248 Dominus
1313 3234 1328 3259 ,
1357 3202 1405 3248 et
1428 3192 1628 3261 dixistis
1652 3234 1668 3262 ,
1692 3194 1760 3248 In
1787 3211 1885 3266 quo
1910 3194 2079 3250 detra-

493 3280 661 3335 trimus
680 3280 743 3334 de
770 3291 816 3348 te
834 3282 861 3336 i
888 3280 1103 3338 Dixisti:
1120 3323 1138 3357 ,
1177 3282 1356 3350 Vanus,
1376 3292 1447 3342 est
1468 3283 1631 3338 omnis
1650 3284 1737 3355 qui
1763 3285 1911 3339 servit
1936 3284 2082 3352 Deo;

494 3373 686 3444 etquid
706 3374 819 3444 plus
843 3415 858 3439 ,
900 3376 1018 3445 quia
1060 3375 1419 3435 custodivimus
1452 3375 1819 3437 observationes
1847 3378 1989 3447 ejus,
2031 3386 2081 3449 et

494 3464 616 3533 quia
638 3463 1001 3538 antbulavimus
1024 3465 1366 3536 supplicantes
1390 3476 1508 3521 ante
1526 3466 1707 3538 facient
1730 3467 1941 3521 Domini
1965 3484 2079 3536 ant-

496 3553 813 3622 uipotentis?
854 3553 920 3609 Et
953 3572 1085 3609 nunc
1114 3571 1206 3620 nos
1235 3555 1577 3627 beatiﬁcamus
1610 3557 1802 3614 alienos
1824 3599 1840 3626 ,
1879 3567 1926 3613 et
1955 3574 2081 3619 rear:

496 3644 772 3715 diﬁcantur
794 3661 966 3701 omnes
992 3647 1077 3719 qui
1102 3647 1297 3718 faciunt
1328 3648 1501 3719 iniqua
1522 3664 1543 3703 :
1578 3658 1626 3705 et
1667 3648 1918 3704 adversati
1963 3661 2080 3706 sunt

492 3733 605 3794 Deo
628 3773 649 3809 ,_
669 3743 719 3789 et
736 3734 863 3791 salvi
890 3736 1015 3807 [acti
1050 3747 1187 3791 sunt.
1229 3734 1357 3793 Haec
1386 3738 1607 3796 oblocuti
1641 3748 1759 3807 sunt
1781 3781 1795 3807 ,
1822 3740 1909 3810 qui
1934 3741 2085 3794 time-'

495 3826 616 3879 bant
643 3823 956 3893 Dominum,
993 3829 1331 3899 unusquisque
1357 3828 1426 3882 ad
1456 3829 1741 3899 proximum
1778 3827 1926 3888 suum
1965 3850 1984 3885 .-
2034 3839 2081 3884 et

496 3918 850 3974 animadvertit
889 3918 1166 3989 Dominus,
1203 3932 1249 3976 et
1289 3922 1521 3978 audivit:
1558 3933 1617 3978 .et
1654 3924 1856 3995 scripsit
1898 3924 2082 3979 librum

493 4010 749 4064 memerita
766 4010 819 4063 in
845 4021 1112 4081 conspectu
1136 4028 1227 4066 suo
1250 4052 1264 4077 ,
1293 4013 1362 4066 eis
1381 4012 1469 4082 qui
1494 4013 1668 4073 timent
1696 4014 1969 4069 Dominum
1994 4056 2007 4080 ,
2035 4025 2081 4072 et

495 4112 781 4169 reverentur
808 4119 988 4157 nomen
1013 4105 1140 4175 ejus.
1170 4104 1276 4160 Isto
1300 4105 1437 4161 libro
1474 4106 1829 4176 signiﬁcatum
1866 4116 1948 4162 est
1986 4107 2080 4163 Te~

498 4198 824 4258 stameutum
846 4192 1075 4247 Novum.
1110 4194 1360 4264 Denique
1402 4195 1547 4264 quod
1586 4197 1826 4267 sequitur
1848 4236 1865 4265 ,
1892 4197 2081 4255 audia-

494 4296 658 4347 mus:
694 4280 760 4336 Et
797 4292 940 4340 erunt
986 4284 1110 4339 milii
1132 4326 1147 4352 ,
1193 4285 1311 4339 dicit
1351 4284 1603 4342 Dominus
1639 4288 1987 4360 omnipotens,
2028 4290 2082 4357 in

497 4369 631 4425 diem
657 4370 699 4436 ³,
726 4389 825 4443 qua
851 4388 943 4443 ego
972 4374 1103 4445 facio
1127 4416 1141 4439 ,
1164 4374 1215 4428 in
1236 4374 1610 4445 acquisitionem
1633 4393 1654 4443 ;
1679 4384 1728 4432 et
1751 4378 1933 4448 eligam
1954 4395 2039 4443 eos
2060 4421 2078 4449 ,

496 4470 625 4516 sicut
652 4450 800 4518 homo
822 4464 959 4535 eligit
983 4462 1006 4494 ‘
1032 4464 1197 4534 ﬁlium
1224 4482 1374 4521 suum
1397 4467 1687 4527 servientem
1707 4469 1804 4523 sibi
1827 4485 1846 4524 :
1883 4479 1930 4533 et
1961 4487 2080 4536 con-

493 4554 793 4620 certamini,
825 4564 871 4608 et
894 4554 1121 4610 videbitis
1141 4556 1268 4611 inter
1278 4559 1476 4634 justum
1496 4570 1543 4614 et
1570 4560 1814 4633 injustam
1840 4603 1855 4630 ,
1887 4572 1934 4618 et
1953 4564 2080 4619 inter

489 4642 780 4696 servientem
811 4641 922 4699 Deo
945 4684 960 4709 ,
1000 4654 1049 4699 et
1083 4662 1181 4700 non
1206 4649 1514 4705 servientem.
1550 4651 1805 4722 Quoniam
1832 4670 1947 4709 ecce
1971 4656 2079 4716 dies

493 4732 628 4785 venit
671 4733 854 4789 ardens
893 4736 1022 4790 sicut
1059 4736 1287 4793 clibanus
1312 4781 1328 4806 ,
1375 4750 1422 4795 et
1465 4743 1799 4800 concremabit
1843 4762 1927 4800 eos
1971 4761 1989 4800 :
2031 4756 2079 4801 et

493 4832 645 4876 erunt
665 4839 835 4879 omnes
862 4826 1156 4896 alienigenae
1177 4870 1192 4895 ,
1223 4841 1270 4883 et
1300 4846 1471 4886 omnes
1499 4832 1738 4902 facientes
1762 4835 2077 4905 iniquitatem

490 4915 680 4984 stipula
703 4956 719 4982 ,
744 4928 789 4971 et
814 4919 1041 4975 incendet
1067 4920 1183 4977 illos
1208 4923 1314 4979 dies
1340 4926 1428 4995 qui
1454 4925 1681 4981 adveniet
1705 4967 1723 4995 ,
1745 4927 1869 4982 dicit
1894 4927 2075 4983 Domi-

495 5022 592 5062 nus
634 5009 947 5080 omnipotens
973 5028 992 5066 :
1035 5023 1080 5067 et
1121 5031 1221 5069 non
1261 5017 1632 5088 derelinquetur
1676 5035 1850 5074 eorum
1885 5022 2072 5090 radiat,

491 5113 649 5167 neque
691 5111 1018 5157 sarmentum.
1057 5102 1129 5158 Et
1166 5107 1351 5160 orietur
1383 5107 1519 5161 vobis
1554 5109 1841 5165 timentibus
1890 5128 2074 5168 nomen

489 5205 656 5245 meum
683 5233 699 5263 ,
729 5194 808 5247 sol
820 5194 1039 5265 justitiaz
1059 5211 1079 5265 ξ
1102 5206 1150 5251 et
1188 5198 1380 5253 sanitas
1402 5200 1455 5252 in
1484 5200 1660 5271 pennis
1688 5202 1797 5273 ejus
1825 5218 1845 5258 :
1886 5213 1933 5259 et
1962 5205 2072 5260 exi-

492 5280 602 5334 bitis
626 5322 641 5347 ,
681 5290 726 5335 et
764 5285 1076 5342 ersuttabitis
1120 5288 1247 5343 sicut
1290 5290 1434 5346 vituli
1471 5307 1534 5347 ea;
1571 5293 1785 5356 vinculis
1826 5276 2075 5367 resoluti;

552 5458 572 5525 ξ
605 5458 764 5525 Cof!”
915 5462 1114 5523 "tiliam-
1177 5473 1235 5517 M-

553 5520 580 5596 ξ
592 5520 743 5596 mliti,
762 5520 893 5596 dicit
907 5520 1135 5579 mutnus
1153 5537 1280 5580 Deus
1295 5529 1603 5595 omnipotens.
1626 5542 1745 5596 vox,
1764 5543 1911 5596 Deus,
1934 5537 2076 5590 abest

396 5609 400 5613 e
488 5590 519 5632 δ
539 5584 884 5654 laeessentis:

488 5641 754 5767 1)υὲξῇξᾶ
775 5641 826 5695 in
848 5644 945 5696 die.
970 5648 1166 5702 Codices
1188 5658 1313 5713 Mss,
1337 5652 1387 5704 in
1406 5654 1573 5710 diem:
1593 5659 1734 5722 juxta
1755 5671 1970 5724 graecum
1992 5668 2074 5714 se.

504 5776 505 5779 ‘
554 5765 575 5797 δ
607 5765 757 5820 [vostri
779 5768 989 5833 codices,
1009 5772 1147 5838 elegit
1170 5774 1322 5839 homo.
1388 5786 1444 5833 ιιι.

1551 349 1642 420 DE
1675 346 1993 407 CIVITATE
2033 343 2167 412 DEI,
2207 343 2266 403 S.
2308 344 2675 404 AUGUSTIN!

3652 342 3758 400 596

2184 469 2231 514 et
2280 460 2634 515 conculcabitis
2677 460 2874 530 irriguos
2895 500 2911 527 ,
2956 466 3003 512 et
3047 466 3193 513 erunt
3230 458 3359 517 cinis
3402 457 3495 525 sub
3547 456 3761 528 pedibus

2178 551 2353 606 vestris
2377 552 2433 605 in
2455 551 2538 611 die
2558 592 2575 619 ,
2613 552 2668 606 in
2689 567 2789 623 quo
2814 566 2906 622 ego
2933 550 3064 622 facio
3087 592 3104 619 ,
3144 550 3266 605 dicit
3303 549 3553 604 Dominus
3597 551 3762 604 omni.

2181 650 2357 712 potens
2402 640 2677 714 (Mutavit.
2709 657 2804 709 ιιι,
2851 641 3051 709 13-18ς
3090 657 3162 707 tv,
3191 638 3291 696 £45
3315 641 3353 710 ).
3406 640 3501 696 llic
3541 648 3627 695 est
3671 640 3763 709 qui

2179 730 2378 788 dicitur
2399 731 2516 787 dies
2537 730 2722 801 judicii
2752 749 2767 787 :
2794 731 2863 787 de
2887 746 2994 802 quo
3018 746 3116 787 suo
3144 730 3261 786 loco
3282 771 3299 798 ,
3325 731 3371 785 si
3409 730 3550 789 Deus
3574 729 3765 784 volue-

2178 824 2288 895 rit,
2320 823 2596 894 loquemur
2620 824 2859 880 uberius.

2226 934 2455 994 CAPUT
2494 935 2732 994 XXXVI.
2761 963 2835 976 --
2873 935 2951 991 De
2995 933 3164 990 Esdra
3205 943 3252 990 et
3290 934 3434 991 ﬁbris
3483 933 3708 996 Macha-

2851 1030 3088 1087 baeorum.
3398 1032 3415 1047 ’

2252 1143 2379 1199 Post
2424 1143 2521 1200 hos
2566 1152 2676 1200 tres
2721 1144 3043 1214 prophetas,
3090 1145 3380 1214 Aggtcum,
3424 1142 3767 1213 Zachariam,

2181 1236 2493 1292 Malachiam
2516 1278 2531 1303 ,
2574 1252 2670 1308 per
2710 1236 2851 1292 idem
2893 1245 3101 1306 tempus
3129 1236 3456 1291 liberationis
3483 1233 3670 1307 populi
3700 1248 3769 1293 ex

2183 1313 2501 1402 Babylonica
2532 1329 2786 1385 servitute
2815 1330 3029 1398 scripsit
3054 1331 3211 1383 etiam
3238 1328 3453 1395 Esdras,
3477 1329 3570 1400 qui
3597 1344 3769 1396 magis

2181 1436 2358 1475 rerum
2383 1429 2651 1491 gestarum
2676 1421 2903 1490 scriptor
2931 1429 3013 1476 est
3035 1420 3265 1487 habitus,
3291 1436 3448 1490 quam
3466 1420 3769 1492 propheta:

2182 1513 2335 1568 sicuti
2362 1521 2445 1568 est
2468 1523 2524 1573 et
2571 1512 2706 1573 liber
2728 1555 2744 1582 ,
2795 1514 2883 1584 qui
2914 1515 3209 1584 appellatur
3238 1515 3431 1570 Esther
3462 1532 3476 1569 :
3504 1515 3659 1584 cujus
3682 1529 3774 1570 res

2182 1614 2331 1676 gesta
2359 1605 2410 1659 iu
2436 1605 2644 1661 laudem
2678 1605 2771 1660 Dei
2798 1620 2905 1660 non
2937 1605 3093 1676 longe
3120 1605 3295 1661 abhis
3322 1607 3653 1677 temporibus
3684 1607 3773 1661 ἰιιιε

2183 1698 2431 1754 venitur:
2463 1699 2564 1753 nisi
2610 1696 2747 1754 forte
2787 1698 2985 1754 Esdras
3022 1699 3173 1754 ineo
3215 1698 3485 1755 Christum
3536 1698 3781 1770 prOphen

2184 1796 2326 1844 tassc
2360 1788 2731 1858 intelligendus
2756 1796 2867 1856 est,
2908 1787 3051 1859 quod
3091 1788 3230 1844 inter
3251 1788 3478 1859 juvenes
3506 1789 3774 1860 quosdam

2184 1888 2298 1936 orta
2322 1880 2618 1951 quaestione
2640 1922 2656 1946 ,
2696 1879 2827 1951 quid
2855 1880 3083 1951 amplius
3108 1880 3307 1943 valeret
3335 1881 3389 1935 in
3414 1881 3576 1936 rebus
3600 1896 3617 1947 ;
3647 1895 3777 1937 cum

2183 1987 2340 2043 reges
2382 1986 2518 2027 unus
2545 1972 2768 2027 dixisset
2792 2014 2808 2039 ,
2855 1971 2990 2028 alter
3016 1971 3198 2027 vinum
3223 2013 3238 2038 ,
3280 1973 3470 2027 tertius
3492 1972 3774 2039 mulieres,

2184 2078 2302 2133 qua:
2329 2063 2642 2134 plerumque
2664 2062 2880 2133 regibus
2904 2063 3267 2133 imperarent:
3298 2061 3438 2117 idem
3463 2071 3643 2118 tamen
3664 2072 3777 2118 ter-

2184 2155 2289 2209 tius
2324 2156 2599 2209 veritatem
2628 2171 2789 2226 super
2813 2155 2991 2210 omnia
3020 2154 3405 2210 demonstravit
3433 2170 3555 2211 esse
3583 2155 3776 2210 victri-

2183 2258 2301 2300 cem
2319 2245 2407 2314 (Ill
2426 2245 2628 2311 Eadm,
2652 2261 2730 2323 tu,
2751 2244 2784 2301 9
2803 2243 2963 2315 seqq.)
3000 2243 3098 2317 (a).
3120 2245 3373 2301 Consulto
3395 2253 3573 2301 autem
3598 2245 3778 2306 Evang

2183 2336 2340 2406 gclio,
2377 2335 2645 2391 Christum
2676 2335 3048 2407 cognoscimus
3077 2350 3200 2391 esse
3232 2336 3531 2393 veritatem.
3558 2335 3642 2391 Ab
3668 2335 3779 2397 hoc

2186 2434 2426 2496 tempore
2449 2427 2587 2496 apud
2628 2427 2840 2482 Judaeus
2868 2426 3117 2481 restituto
3162 2426 3359 2495 templo
3384 2466 3399 2491 ,
3445 2440 3552 2481 non
3589 2440 3773 2497 reges,

2184 2517 2280 2572 sed
2333 2519 2599 2587 principes
2648 2516 2866 2573 fuerunt
2912 2532 3081 2587 usque
3127 2516 3197 2572 ad
3241 2516 3610 2571 Aristobulum
3642 2516 3772 2588 (b):

2184 2623 2409 2678 quorum
2434 2608 2736 2678 supputatio
2775 2616 3073 2679 temporum
3101 2622 3207 2663 non
3238 2606 3291 2660 in
3322 2606 3613 2676 Scripturis
3640 2620 3775 2660 sano

2185 2702 2304 2767 etis,
2331 2716 2448 2770 quae
2478 2701 2746 2756 canonica:
2772 2700 3126 2771 appellantur,
3154 2698 3247 2754 sed
3265 2699 3317 2754 in
3343 2698 3462 2755 aliis
3479 2699 3772 2767 invenitur,

2185 2793 2239 2849 in
2277 2794 2468 2864 quibus
2510 2803 2635 2847 sunt
2661 2800 2716 2848 et
2749 2792 3171 2848 Machabmorum
3196 2790 3316 2845 libri
3345 2789 3414 2862 (c)
3440 2831 3455 2856 ,
3489 2805 3623 2861 quos
3661 2806 3775 2845 non

2184 2884 2375 2951 Judzei,
2407 2887 2498 2941 sed
2529 2886 2764 2940 Ecclesia
2791 2900 2887 2955 pro
2909 2882 3179 2939 canonicis
3202 2881 3384 2953 habet,
3407 2891 3626 2953 propter
3640 2898 3776 2953 quo-

2184 2980 2427 3038 rumdam
2457 2981 2747 3052 Martyrum
2790 2980 3068 3051 passiones
3101 2976 3446 3041 vehementes
3479 2987 3641 3047 atque
3670 2977 3776 3030 mi-

2184 3073 2379 3128 rabiles
2398 3114 2412 3139 ,
2438 3073 2529 3141 qui
2558 3085 2839 3142 antequam
2869 3072 3112 3127 Christus
3137 3072 3371 3125 venisset
3399 3071 3452 3124 in
3482 3083 3698 3125 carnem
3728 3069 3773 3137 ί,

2183 3180 2351 3236 usque
2380 3166 2444 3223 ad
2473 3176 2696 3220 mortem
2720 3180 2814 3235 pro
2839 3165 2932 3220 Dei
2975 3165 3090 3236 lege
3117 3171 3457 3223 certaverunt
3482 3206 3500 3239 ,
3538 3172 3595 3221 et
3621 3165 3770 3220 mala

2182 3260 2491 3331 gravissima
2512 3269 2670 3331 atque
2692 3259 2965 3319 horribilia
2987 3258 3337 3330 pertulerunt.

2185 3409 2412 3478 CAPUT
2471 3411 2738 3474 xxxvu.
2794 3442 2865 3455 -
2933 3411 3083 3477 Quod
3142 3413 3440 3484 prapltetica
3489 3413 3777 3467 auctoritas

2257 3503 2393 3574 omni
2434 3505 2631 3588 origine
2670 3504 2873 3576 gentilis
2913 3503 3253 3583 philosophia
3297 3504 3578 3560 inveniatur
3620 3505 3773 3558 anti-

2253 3611 2416 3665 quior.

2254 3724 2520 3798 Tempore
2546 3729 2705 3800 igitur
2727 3729 3116 3801 Prophetarum
3154 3738 3493 3798 nostrorum,
3537 3744 3773 3800 quorum

2178 3819 2289 3891 jam
2329 3821 2523 3891 scripta
2573 3821 2638 3876 ad
2679 3822 2918 3877 notitiam
2964 3822 3076 3877 fere
3117 3822 3353 3877 omnium
3382 3822 3616 3893 gentium
3644 3836 3774 3892 per—

2182 3922 2482 3979 venerunt,
2515 3912 2815 3993 philosophi
2841 3913 3077 3983 gentium
3108 3912 3344 3968 nondum
3389 3921 3582 3978 erant,
3629 3913 3724 3982 qui
3750 3915 3774 3946 '

2185 4002 2285 4058 hoc
2327 4006 2486 4058 etiam
2531 4007 2745 4061 nomine
2787 4016 3141 4073 vocarentur,
3198 4006 3338 4077 quod
3379 4007 3542 4075 cmpit
3591 4020 3621 4059 a
3660 4005 3774 4062 Sa-

2185 4095 2294 4151 mio
2352 4095 2685 4166 Pythagora,
2739 4097 2830 4166 qui
2880 4112 2947 4152 eo
2984 4106 3264 4169 tempore,
3306 4112 3412 4168 quo
3453 4096 3771 4152 Judarorum

2183 4194 2265 4246 est
2309 4186 2477 4241 soluta
2518 4186 2823 4255 captivitas,
2868 4189 3029 4257 coepit
3071 4188 3333 4243 excellere
3371 4196 3530 4258 atque
3559 4201 3738 4258 cogno

2184 4276 2261 4333 sci
2301 4276 2319 4346 (
2341 4275 2434 4356 cl).
2475 4276 2638 4333 Multo
2675 4293 2802 4350 ergo
2841 4279 3010 4349 magis
3061 4278 3240 4334 emteri
3290 4276 3589 4349 philosophi
3642 4288 3772 4347 post

2245 4462 2267 4557 Ξ
2755 4528 3092 4592 pervenerunt,
3103 4525 3174 4592 sic
3188 4524 3563 4592 prosequuntur,
3580 4520 3628 4568 et
3642 4516 3773 4568 ntul-

2182 4591 2232 4635 to
2252 4586 2404 4651 magis
2420 4596 2520 4650 post
2542 4586 2629 4638 eos
2642 4586 2835 4651 [uerunt
2857 4587 3125 4652 philosophi
3147 4586 3359 4650 gentium
3374 4616 3388 4643 ,
3414 4586 3515 4645 qui.

2249 4670 2323 4733 (τι)
2346 4674 2537 4722 Tertius
2577 4673 2701 4722 liber
2739 4672 2914 4731 Esdrrc,
2941 4672 2989 4719 in
3027 4683 3125 4733 quo
3153 4666 3494 4733 hinchistoria
3530 4662 3770 4733 habetur,

2183 4724 2550 4796 conti'netgesta
2574 4743 2689 4793 ante
2712 4726 2870 4782 Esdrte
2896 4724 2946 4780 et
2968 4724 3211 4796 Nrcliemize
3234 4728 3384 4796 libros
3402 4724 3774 4796 praecedentes;

2183 4795 2393 4857 ideoque
2413 4787 2538 4856 apud
2560 4788 2745 4845 Graecos
2767 4802 2819 4844 et
2840 4795 3099 4845 canonicus
3116 4798 3192 4857 est
3212 4798 3276 4857 et
3295 4787 3453 4838 Esdras
3474 4787 3776 4857 primtts._sb

2181 4844 2595 4930 Origén_e_citat_ur
2618 4844 2671 4907 ut
2682 4844 2966 4930 ‘canonic’us,
2993 4852 3316 4930 ttomilia’gin
3338 4844 3776 4930 J'usuejlath‘lth‘a;

2182 4906 2336 4978 nasio,
2363 4919 2485 4968 lihro
2519 4906 2551 4968 3
2585 4906 2750 4968 contra
2775 4906 2994 4978 Arianos;
3020 4929 3046 4962 τι
3069 4916 3316 4978 (:ypriano,
3352 4908 3556 4972 Epistola
3589 4906 3670 4978 Ἡ,
3710 4906 3777 4978 ad

2181 4967 2477 5042 Pompeium,
2495 4967 2545 5030 et
2568 4967 2690 5031 libro
2710 4981 2775 5029 de
2797 4967 3452 5042 singularitate'clerieoruin,
3469 4982 3575 5031 cap.
3599 4967 3654 5042 2|
3675 4982 3692 5027 ;
3721 4976 3780 5021 et

2183 5034 2473 5105 Augustinus
2496 5044 2686 5092 videtur
2710 5042 2787 5105 hic
2810 5034 3155 5105 noﬁgobscurd
3170 5050 3283 5105 eum
3306 5034 3600 5105 habere‘pro
3617 5041 3776 5105 c.1139:

2182 5090 2307 5161 5166,
2328 5090 2389 5175 ut
2416 5090 2517 5175 qui:
2539 5103 2831 5175 sententiam
2871 5103 2980 5164 ejus
3022 5098 3326 5162 prophetiam
3358 5095 3425 5145 de
3454 5090 3639 5142 Christo
3671 5090 3775 5141 dici

2245 5180 2326 5215 sse
2342 5166 2543 5228 judicet.
2577 5172 2823 5219 Cooust.
3694 5213 3708 5225 .

2245 5228 2317 5291 (b)
2350 5235 2561 5291 Hyrcano
2584 5226 2807 5291 Pontiliee
2830 5228 3018 5272 mortuo
3056 5220 3308 5291 sttocessit_
3322 5213 3778 5291 éristobunl‘us’epts

2180 5276 2323 5347 ﬁlius,
2346 5276 2429 5351 qui
2453 5290 2637 5349 primus
2655 5286 2876 5351 diadema
2896 5285 3117 5351 sumpsit,
3140 5293 3268 5333 anno
3291 5279 3381 5351 illi
3402 5286 3517 5328 ante
3533 5276 3778 5351 (bustum

2179 5336 2554 5413 natumﬂuctor
2575 5349 2830 5412 Josephus,
2853 5336 3199 5411 Antiquitatum
3217 5343 3516 5394 Judaicat'um
3541 5336 3665 5386 libro
3693 5337 3777 5397 ιδ,

2178 5411 2481 5536 ωῗὲίῗῖιῖέ
2484 5427 2604 5521 liii?
2605 5427 2653 5523 ’ξ
2678 5471 2742 5521 de
2754 5470 3289 5536 ADoctriua‘ghristiana,
3314 5480 3366 5517 ιι.
3393 5465 3472 5522 ιδ,
3518 5468 3571 5512 ct
3607 5458 3699 5509 lib.
3747 5460 3773 5511 ι

2179 5532 2345 5588 contra
2366 5535 2619 5596 Epistolam
2640 5533 2906 5596 Gaudentii,
2934 5547 2984 5581 ιι.
3006 5532 3085 5596 38.

2244 5597 2324 5660 (τί)
2357 5588 2645 5661 ι’ᾑτιιιαεοιηιιδ
2666 5588 2828 5646 ﬂoruit
2849 5594 3138 5661 Olympiade,
3155 5592 3298 5661 juvta
3322 5588 3589 5661 Diogenem
3616 5588 3779 5661 Laer-

2180 5642 2321 5720 uu‘rii;
2342 5642 3111 5721 ge'sgssiaaiiissmeassnas
3125 5642 3438 5721 iuiphrpnicﬁ
3451 5642 3510 5721 ad
3532 5645 3781 5721 οιιιιιιςξτι-

2180 5723 2292 5772 dem
2305 5712 2669 5783 'sexagEsimam
2693 5712 2886 5783 tertiam
2906 5717 3079 5783 refert,
3100 5726 3152 5783 et
3172 5716 3257 5765 lib.
3271 5714 3347 5783 _10
3367 5712 3431 5783 de
3456 5712 3782 5783 t’rmparatim

2184 5799 2248 5835 ne
2273 5774 2569 5848 evangélica,
2595 5796 2698 5846 cap.
2726 5781 2774 5845 4,
2798 5783 2961 5833 scribit
2983 5774 3214 5832 claruisse
3238 5774 3505 5842 Olympiade
3544 5786 3781 5837 sexage-
