4062 6488
536 354 645 414 599

536 470 628 539 qui
670 467 923 526 docendis
965 469 1157 528 litteris
1193 480 1503 556 praeessent,
1548 473 1695 543 prius
1732 491 1888 547 quam
1918 477 2111 532 divina:

542 562 679 634 legis
719 563 856 618 ullas
896 562 1100 619 litteras
1141 574 1380 618 nossent.
1427 563 1537 620 Hos
1583 566 1815 636 appellat
1843 568 2118 638 Scriptum

540 668 1092 725 τραμματσιισαγωγιῗς,
1124 654 1212 731 qui
1240 652 1402 713 latine
1428 654 1531 717 dici
1562 666 1784 725 possunt
1821 657 2119 714 litterarum

541 741 851 797 inductores
873 741 958 797 vel
999 741 1413 811 introductores,
1451 759 1517 801 eo
1546 745 1688 814 quod
1713 760 1805 800 eas
1844 746 2115 812 inducant,

541 831 599 887 id
622 840 706 888 est
731 832 1069 889 introducant
1088 833 1480 903 quodammodo
1509 834 1563 889 in
1587 835 1749 891 corda
1774 836 2115 903 discentium,

539 922 629 978 vel
653 922 707 978 in
733 938 824 978 cas
847 924 1023 994 potius
1049 924 1194 997 ipsos
1219 940 1361 997 quos
1381 926 1594 990 docent.
1623 927 1777 983 Nulla
1806 928 1965 999 igitur
1987 943 2118 1000 gens

538 1012 610 1070 de
651 1015 965 1086 antiquitate
1009 1016 1283 1088 sapientiae
1328 1031 1440 1073 suae
1486 1032 1647 1089 super
1689 1019 2025 1076 Patriarchas
2065 1027 2120 1076 et

538 1102 836 1175 Prophetas
874 1113 1123 1173 nostros,
1168 1108 1361 1179 quibus
1406 1109 1577 1166 inerat
1615 1108 1793 1165 divina
1837 1110 2116 1180 sapientia,

539 1196 646 1252 ulla
677 1212 737 1252 se
763 1199 998 1255 vanitate
1021 1182 1336 1268 iactaverit;
1381 1201 1593 1272 quando
1624 1217 1724 1259 nec
1748 1201 2012 1275 Egyptus
2039 1203 2121 1257 in-

538 1288 782 1355 venitur,
828 1306 946 1367 qua:
975 1291 1112 1346 solet
1155 1290 1289 1348 falso
1328 1302 1381 1349 et
1424 1293 1652 1353 inaniter
1679 1294 1746 1350 de
1772 1309 1987 1353 suarum
2018 1294 2119 1351 do-

542 1379 835 1440 ctrinarum
862 1382 1175 1452 antiquitate
1198 1384 1435 1454 gloriari,
1465 1386 1837 1458 qualicumque
1861 1388 2121 1458 sapientia

542 1484 640 1524 sua
684 1468 1111 1527 Patriarcharum
1160 1484 1462 1534 nostrorum
1511 1484 1753 1548 tempore
1799 1479 2122 1548 praevenisse

540 1563 878 1631 sapientiam.
931 1562 1114 1635 Neque
1163 1565 1305 1623 enim
1354 1566 1633 1638 quisquam
1684 1569 1863 1626 dicere
1908 1570 2125 1627 audebit

542 1652 866 1708 mirabilium
893 1654 1291 1727 disciplinarum
1320 1672 1415 1713 eos
1443 1659 1794 1728 peritissimos
1822 1660 2004 1727 fuisse,
2027 1677 2124 1717 an-

538 1750 751 1811 tequam
795 1743 998 1812 litteras
1041 1731 1303 1815 nossent,
1347 1747 1402 1802 id
1441 1758 1544 1816 est,
1587 1759 1873 1821 antequam
1918 1751 2014 1809 lsis
2057 1766 2123 1808 eo

542 1836 816 1905 venisset,
863 1850 1061 1907 easque
1104 1837 1176 1901 ibi
1226 1838 1517 1897 docuisset.
1567 1841 1686 1912 Ipsa
1729 1859 1892 1914 porro
1935 1860 2121 1901 eorum

539 1925 903 1983 memorabilis
933 1927 1195 1997 doctrina,
1242 1946 1361 2002 quae
1401 1933 1664 2004 appellata
1710 1945 1794 1991 est
1837 1936 2121 2006 sapientia,

541 2014 669 2089 quid
698 2027 812 2077 erat
847 2016 951 2082 nisi
993 2020 1225 2077 maxime
1264 2024 1587 2078 astronomia
1608 2064 1624 2091 ,
1655 2033 1710 2081 et
1737 2026 1781 2080 si
1810 2027 1937 2096 quid
1980 2027 2124 2083 aliud

542 2105 727 2167 talium
771 2107 1170 2179 disciplinarum
1215 2114 1384 2185 magis
1429 2114 1496 2169 ad
1547 2116 1845 2173 exercenda
1889 2118 2121 2189 ingenia,

538 2209 699 2271 quam
729 2196 796 2252 ad
840 2198 1216 2267 illuminandas
1243 2218 1372 2259 vera
1413 2204 1674 2275 sapientia
1713 2214 1921 2264 mentes
1946 2208 2126 2265 valere

541 2287 724 2343 solet?
769 2287 904 2355 Nam
941 2290 1083 2361 quod
1126 2292 1316 2349 attinet
1355 2293 1421 2349 ad
1450 2294 1876 2367 philosonhiam,
1909 2313 2028 2369 qua:
2066 2312 2126 2353 se

542 2378 741 2436 docere
766 2382 1049 2452 proﬁtetur
1090 2385 1322 2457 aliquid,
1355 2386 1497 2444 unde
1526 2390 1655 2445 ﬁant
1683 2390 1928 2447 homines
1958 2391 2121 2459 beati,

538 2471 680 2527 circa
707 2480 951 2544 tempora
981 2476 1250 2546 Mercurii,
1275 2493 1434 2549 quem
1461 2480 1868 2552 Trismegistum
1894 2497 2125 2541 vocave-

541 2572 691 2629 runt,
720 2566 774 2620 in
796 2566 901 2631 illis
927 2568 1087 2634 terris
1109 2568 1371 2641 ejusmodi
1397 2572 1570 2628 studia
1590 2573 1898 2633 claruerunt
1925 2593 1940 2630 :
1967 2574 2126 2646 longe

540 2653 758 2724 quidem
786 2663 911 2713 ante
949 2659 1221 2728 sapientes
1248 2662 1331 2719 vel
1374 2662 1718 2734 philosOphos
1744 2664 1997 2727 Grzeciaa.
2027 2666 2124 2724 sed

540 2734 719 2800 tamen
747 2754 869 2828 post
888 2746 1157 2815 Abraham
1178 2791 1193 2817 ,
1220 2760 1275 2806 et
1301 2750 1468 2820 Isaac,
1504 2762 1558 2809 et
1579 2754 1765 2823 Iacob,
1807 2764 1862 2812 et
1882 2756 2119 2829 Joseph;

541 2834 794 2893 nimirum
822 2839 985 2896 etiam
1014 2851 1136 2912 post
1174 2843 1346 2914 ipsum
1379 2844 1621 2917 Moysen.
1661 2848 1739 2904 Eo
1766 2851 1960 2922 quippe
1984 2860 2123 2907 tem-

541 2940 696 2997 pore,
739 2944 847 3000 quo
870 2929 1080 3004 Moyses
1123 2945 1282 2991 natus
1320 2945 1432 3001 est,
1472 2934 1639 2993 fuisse
1679 2942 1943 3010 reperitur
1975 2942 2126 2999 Atlas

541 3016 637 3073 ille
660 3034 886 3090 magnus
913 3023 1215 3096 astrologus
1233 3067 1248 3093 ,
1277 3026 1581 3085 Promethei
1612 3028 1777 3086 frater
1795 3072 1810 3097 ,
1851 3043 2126 3093 maternus

547 3124 679 3176 avus
704 3111 952 3179 Mercurii
978 3117 1226 3188 majoris,
1255 3119 1409 3191 cujus
1431 3134 1599 3192 nepos
1625 3120 1727 3181 fuit
1750 3121 2127 3197 Trismegistus

542 3203 646 3261 iSte
669 3203 959 3272 Mercurius
982 3211 1083 3280 (a).

543 3310 770 3375 CAPUT
813 3314 924 3377 XL.
952 3346 1024 3372 -τ-
1048 3316 1130 3373 De
1160 3317 1527 3391 ﬁyyptiorunt
1553 3322 1940 3379 mendacissima
1976 3325 2124 3380 vani-

614 3414 716 3462 tate
734 3446 756 3475 ,
779 3423 892 3477 quis
913 3410 1200 3478 antiquitati
1227 3412 1446 3471 scienth
1471 3429 1578 3470 autc
1603 3423 1802 3470 centum
1836 3415 1998 3471 millia
2025 3418 2123 3471 ad»

619 3499 792 3554 scribit
819 3516 1088 3558 annorum.

617 3591 839 3648 Frustra
882 3595 1059 3666 itaque
1100 3596 1387 3655 vanissima
1428 3601 1846 3672 prmsumptione
1885 3602 2126 3672 garriunt

544 3682 786 3754 quidam,
812 3684 1074 3757 dicentes,
1101 3704 1167 3743 ex
1195 3705 1300 3761 quo
1327 3692 1588 3747 rationem
1617 3693 1852 3750 siderum
1882 3708 2127 3765 compre-

545 3773 735 3833 hendit
773 3776 1073 3852 Egyptus,
1120 3783 1350 3853 amplius
1396 3799 1553 3854 quam
1603 3797 1816 3841 centum
1864 3802 2126 3843 annorum

547 3866 716 3927 millia
742 3870 1033 3928 numerari.
1076 3871 1132 3927 In
1163 3873 1354 3943 quibus
1376 3874 1520 3929 enim
1549 3874 1701 3930 libris
1739 3875 1899 3931 istum
1936 3891 2127 3933 nume-

544 3970 667 4015 rum
694 3958 1045 4030 collegerunt,
1071 3962 1164 4033 qui
1188 3978 1296 4018 non
1326 3964 1551 4019 multum
1580 3974 1705 4021 ante
1731 3979 1993 4022 annorum
2020 3968 2128 4024 duo

545 4046 715 4102 millia
741 4047 948 4105 litteras
976 4051 1230 4121 magistra
1271 4052 1410 4108 Iside
1453 4053 1794 4113 didicerunt?
1836 4054 1953 4110 Non
1982 4058 2126 4112 enim

547 4152 745 4207 parvus
768 4148 957 4196 auctor
978 4150 1063 4198 est
1086 4143 1141 4197 in
1168 4143 1388 4199 historia
1408 4143 1599 4212 Varro,
1630 4145 1719 4215 qui
1746 4146 1852 4201 hoc
1874 4146 2125 4218 prodidit,

548 4227 695 4296 quod
719 4242 755 4284 a
776 4228 1072 4286 litterarum
1110 4233 1272 4289 etiam
1297 4233 1599 4291 divinarum
1623 4236 1851 4292 veritate
1874 4252 1980 4294 non
2020 4240 2130 4297 dis-

545 4350 660 4402 pag.
678 4336 804 4410 ξι..
814 4346 944 4410 Q,_et
972 4340 1198 4410 clemens
1219 4343 1585 4410 Alexandrinus,
1600 4353 1912 4410 _Stromatum
1935 4346 2058 4398 libro
2082 4350 2131 4410 1,

678 4401 753 4461 23,
782 4402 935 4465 9153,
955 4405 1173 4470 scribunt
1194 4412 1355 4470 Mosen
1370 4401 1743 4470 primum'fuisse
1765 4408 2056 4470 sapientem,
2073 4401 2132 4461 ac

545 4459 1188 4528 litieras'e'tgrainmaticam
1218 4459 1422 4528 primum
1445 4467 1697 4518 tradidisse
1715 4459 1910 4526 Juda'eis,
1949 4459 2133 4523 Pittaci;

545 4535 635 4573 ces
655 4525 903 4587 accepisse
928 4539 956 4575 a
986 4525 1180 4584 Judaeis,
1202 4525 1232 4576 ἁ
1254 4526 1554 4577 Phteuicibus
1580 4535 1783 4578 Graecos.
1824 4525 2001 4579 Verum
2042 4540 2132 4579 au-

545 4586 791 4651 gustinus,t
812 4586 906 4651 hoc
926 4600 1024 4647 non
1038 4588 1271 4651 probans,
1288 4587 1410 4648 vult,
1446 4589 1987 4651 quemadmodumante
2008 4590 2131 4640 dilu-

547 4642 682 4694 vium
715 4642 813 4712 fuit
837 4642 1283 4712 lingua'hebraica,
1307 4651 1374 4699 ita
1397 4642 1543 4700 etiam
1585 4652 1809 4712 inventos
1843 4649 1995 4701 fuisse
2019 4651 2132 4701 cha-

546 4714 769 4756 racteres
799 4708 1071 4759 hebraicos.
1112 4708 1570 4760 lianc“sententiam
1609 4710 1894 4761 conﬁrmare
1936 4712 2128 4761 videtur

546 4767 678 4831 quod
693 4770 874 4834 _scri_bit
886 4771 1191 4834 _._Iosepbus,_
1214 4773 1881 4834 Antiquitatumgwdaicarum
1924 4771 2049 4823 libro
2082 4774 2127 4834 1,

545 4829 738 4894 ώνηδ,
775 4829 841 4879 de
878 4830 989 4894 ﬁliis
1024 4829 1422 4894 Seth'loqu'ens:
1457 4850 1479 4878 ι
1505 4832 1769 4882 Sideralem
1805 4834 2073 4892 scientiam,
2098 4829 2123 4880 ἦ

545 4893 720 4951 .nuuit,
747 4908 770 4938 ι
792 4898 844 4941 et
862 4891 1137 4943 caelestium
1159 4891 1327 4954 rerum
1361 4891 1683 4954 cognitionem
1709 4896 2125 4954 excogitaverunt.

552 4965 580 5000 ι
602 4958 667 5001 Ne
690 4960 852 5001 autem
873 4954 1075 5003 inventa
1096 4964 1184 5002 sua
1205 4966 1266 5003 ex
1289 4953 1537 5003 hominum
1560 4953 1729 5003 notitia
1759 4953 2127 5015 defaberentur,

552 5028 581 5061 ι
604 5019 655 5088 et
679 5015 813 5088 prius
846 5016 1082 5088 perirent.
1104 5027 1248 5088 quam
1279 5023 1709 5088 pernoscereutur,
1747 5018 1961 5065 scientes
2001 5027 2130 5088 prm-

555 5090 582 5121 a
602 5074 785 5137 duim
804 5074 1031 5125 Adamum
1052 5074 1296 5137 duplicem
1320 5075 1422 5123 fore
1443 5074 1772 5137 universalem
1795 5088 1971 5137 rerum,
1999 5074 2129 5127 inte-

555 5151 584 5182 ι
602 5136 766 5196 ritum,
812 5149 962 5186 unum
986 5135 1226 5194 incendio,
1252 5135 1459 5186 alterum
1480 5135 1680 5196 diluvio,
1701 5137 1924 5185 excitatis
1945 5136 2132 5187 duabus

556 5212 582 5242 ι
604 5195 865 5271 celumnis,
883 5199 1080 5271 utrique
1102 5209 1190 5270 sua
1211 5199 1408 5271 inventa
1428 5198 1779 5271 inscrii'vserunt
1803 5210 1815 5245 :
1840 5206 1911 5271 ut,
1937 5197 1994 5271 si_
2008 5196 2131 5271 late-

554 5272 581 5303 ι
604 5257 760 5330 ri'tiam
781 5252 1137 5330 dilhvi'odeleri
1157 5252 1685 5330 coptingeret,_lapidea
1706 5252 1958 5330 superstes
1981 5257 2132 5330 homi-

556 5334 582 5365 ι
605 5318 750 5389 nibus
765 5319 985 5389 discendi
999 5321 1183 5389 copiam
1206 5318 1414 5389 faceret,
1433 5327 1503 5389 _et
1533 5318 1644 5382 quae
1666 5318 1895 5389 inscripta
1914 5320 2134 5389 contine-

558 5397 584 5426 ι
606 5381 981 5454 uastissimis
1004 5378 1298 5454 exhiberet:
1324 5378 1512 5454 laridea
1533 5378 1677 5454 βοξτρ
1699 5378 2000 5454 solemnes!»
2016 5381 2135 5454 ipsis

559 5459 584 5486 ι
605 5440 779 5500 dicata,
800 5443 978 5491 nostris
1000 5444 1148 5492 etiam
1168 5440 1471 5505 temporibus
1507 5440 1670 5498 exstat
1700 5441 1753 5491 in
1775 5447 1908 5497 terra
1932 5440 2080 5503 Syria.
2102 5456 2126 5486 ο

648 5516 799 5553 υιυε.

549 5509 841 5636 Ἵιῗῧῖίὲε
864 5564 985 5613 vixit
1006 5576 1131 5614 anno
1153 5572 1267 5636 ante
1289 5561 1967 5636 Christum_[658,_secundum
1988 5567 2135 5612 Euse-

552 5624 715 5683 bium;
743 5633 898 5675 Moses
924 5638 1043 5677 vero
1064 5628 1274 5678 nascitur
1297 5641 1423 5677 anno
1461 5624 1581 5678 1609
1622 5634 1737 5676 ante
1771 5625 2027 5683 Christum,
2052 5636 2141 5672 au-

552 5694 691 5737 ctore
708 5687 1392 5758 Eugabio,_de_Prteparatjoue
1418 5687 1716 5758 evangelica,
1744 5686 1828 5758 lib.
1852 5686 1937 5758 10,.
1955 5697 2061 5756 cap.
2086 5684 2135 5758 tl,

554 5762 697 5811 pagg.
723 5747 832 5810 485,
860 5748 971 5799 481.
996 5750 1112 5803 uino
1132 5747 1194 5803 ab
1216 5750 1406 5803 Atlante
1429 5751 1487 5803 ad
1508 5747 1671 5809 Mosen
1694 5756 1807 5804 sunt
1830 5748 1942 5799 anni
1968 5747 2139 5810 viginti

556 5824 746 5877 novem.
772 5818 1006 5864 Lanatus.

1636 361 1723 418 DE
1762 362 2081 421 ClVltA'l’E
2123 364 2252 436 DEI,
2293 367 2351 425 S.
2394 369 2758 429 AUGUSTINI

2228 488 2400 535 sonat.
2445 482 2579 537 Cum
2622 484 2768 540 enim
2815 484 2883 541 ab
2923 485 3043 559 ipso
3089 490 3262 561 primo
3306 492 3542 566 homine,
3587 500 3680 573 qui
3722 512 3807 561 est

2224 571 2520 639 appellatus
2545 573 2714 629 Adam
2733 616 2748 641 ,
2780 576 3013 633 nondum
3041 593 3133 635 sex
3176 583 3340 638 millia
3369 571 3631 645 annorum
3657 605 3805 648 com-

2223 657 2499 728 pleantur,
2546 664 2812 733 quomodo
2857 682 2973 722 non.
3011 669 3099 724 isti
3145 670 3351 728 ridendi
3399 678 3595 746 potius,
3642 696 3806 750 quam

2223 748 2502 807 refellendi
2524 762 2667 821 sunt,
2694 756 2785 825 qui
2809 756 2878 813 de
2901 759 3073 828 spatio
3098 767 3398 831 temporum
3428 774 3534 821 tam
3559 748 3803 839 diversa,

2224 848 2279 895 et
2305 841 2426 896 huic
2451 844 2741 913 explorata:
2782 848 2994 904 veritati
3044 858 3153 905 tam
3180 856 3446 911 contraria
3476 860 3808 928 persuadere

2223 935 2526 990 conantur?
2554 936 2650 992 Cui
2674 938 2817 993 enim
2847 940 3039 997 melius
3065 944 3303 998 narranti
3330 949 3600 1015 prmterita
3625 950 3805 1005 credi—

2224 1037 2366 1089 mus,
2395 1039 2552 1093 quam
2580 1028 2669 1097 qui
2699 1029 2861 1083 etiam
2886 1030 3063 1087 futura
3086 1033 3351 1103 praedixit,
3374 1051 3492 1106 qua:
3516 1042 3805 1109 praasentia

2218 1111 2332 1183 jam
2369 1116 2652 1175 videmus?
2696 1120 2827 1177 Nam
2871 1130 2927 1178 et
2972 1124 3088 1194 ipsa
3133 1124 3508 1183 historicorum
3557 1131 3701 1186 inter
3744 1145 3805 1187 se

2224 1203 2553 1263 dissonantia
2573 1211 2779 1281 copiam
2802 1213 2957 1268 nobis
2978 1215 3197 1284 praebet,
3226 1227 3282 1271 ut
3302 1218 3353 1273 ei
3379 1220 3552 1288 potius
3578 1219 3806 1277 credere

2224 1294 2533 1368 debeamus,
2561 1302 2653 1372 qui
2680 1303 2892 1371 divinae,
2923 1320 3082 1376 quam
3122 1317 3385 1375 tenemus,
3412 1326 3518 1366 non
3543 1321 3807 1383 repugnat

2225 1385 2484 1445 historiae.
2530 1393 2697 1449 Porro
2733 1405 2910 1452 autem
2952 1398 3097 1454 cives
3127 1400 3303 1470 impiae
3330 1402 3558 1457 civitatis
3578 1444 3595 1469 ,
3623 1404 3804 1460 dimisi

2224 1494 2605 1554 usquequaque
2636 1500 2730 1554 per
2755 1495 2923 1541 terras
2941 1527 2957 1555 ,
2984 1503 3106 1544 cum
3132 1490 3312 1561 legunt
3336 1491 3674 1549 doctissimos
3701 1494 3803 1550 ho-

2225 1572 2427 1635 mines,
2455 1588 2681 1642 quorum
2707 1576 2904 1631 nullius
2929 1580 3317 1635 contemnenda
3347 1581 3587 1636 videatur
3614 1592 3804 1639 aucto-

2224 1661 2373 1729 ritas,
2406 1662 2546 1719 inter
2575 1677 2634 1720 se
2661 1664 2730 1721 de
2758 1667 2918 1722 rebus
2943 1670 3110 1739 gestis
3149 1670 3217 1725 ab
3248 1672 3420 1727 astatis
3446 1682 3647 1729 nostra:
3684 1689 3805 1731 me-

2225 1754 2393 1809 moria
2423 1757 2797 1814 remotissimis
2840 1759 3226 1830 discrepantes,
3264 1763 3350 1817 cui
3380 1764 3556 1833 potius
3581 1765 3805 1823 credere

2226 1842 2476 1913 debeant,
2500 1862 2606 1901 non
2630 1848 2924 1903 inveniunt.
2952 1849 3060 1906 Nos
3079 1865 3209 1907 vero
3232 1852 3289 1906 in
3314 1863 3509 1909 nostrae
3530 1856 3804 1926 religionis

2227 1933 2469 2001 historia,
2501 1935 2620 1991 fulti
2644 1938 2957 1996 auctoritate
2983 1939 3181 2007 divina,
3211 1942 3469 2013 quidquid
3496 1944 3547 1999 ei
3576 1945 3803 2012 resistit,

2226 2040 2332 2080 non
2358 2025 2664 2083 dubitamus
2688 2042 2809 2085 esse
2850 2029 3194 2086 falsissimum
3214 2072 3229 2098 ,
3256 2033 3659 2103 quomodolibet
3683 2048 3807 2092 sese

2227 2116 2457 2171 habeant
2481 2126 2673 2172 caztera
2703 2118 2760 2174 in
2787 2120 3133 2176 saecularibus
3157 2121 3382 2189 litteris;
3410 2138 3530 2194 quas
3554 2139 3652 2179 seu
3679 2139 3805 2180 vera

2226 2220 2322 2262 seu
2367 2207 2499 2264 falsa
2548 2210 2694 2276 sint,
2737 2211 2870 2267 nihil
2909 2214 3165 2269 momenti
3206 2213 3473 2282 aﬁ'erunt,
3517 2230 3623 2286 quo
3657 2223 3805 2273 recte

2227 2296 2487 2367 beateque
2515 2300 2775 2357 vivamus.

2224 2403 2451 2463 CAPUT
2496 2407 2631 2464 XLI.
2656 2440 2729 2451 —
2754 2411 2833 2467 De
2871 2413 3334 2484 philosOphicarum
3375 2416 3672 2487 opinionum
3699 2414 3804 2471 dis-

2296 2499 2613 2554 sensionibus
2629 2541 2642 2565 ,
2671 2510 2723 2555 et
2747 2504 3106 2559 canonioarum
3127 2504 3271 2577 apud
3294 2504 3574 2567 Ecclesium
3597 2521 3806 2565 cantar—

2298 2587 2385 2642 dia
2409 2588 2809 2661 Scripturarum.

2299 2719 2353 2774 1.
2381 2719 2453 2777 Ut
2478 2728 2656 2779 autem
2686 2723 2799 2795 jam
2824 2726 3180 2796 cognitionem
3208 2727 3519 2784 omittamus
3542 2727 3803 2798 historia,

2227 2809 2329 2881 ipsi
2368 2810 2689 2884 philos0phi,
2737 2830 2769 2870 a
2806 2817 3000 2887 quibus
3042 2816 3111 2872 ad
3153 2818 3253 2873 ista
3296 2818 3565 2890 progressi
3592 2834 3801 2888 sumus,

2226 2901 2321 2972 qui
2363 2917 2471 2958 non
2496 2903 2744 2960 videntur
2780 2905 3053 2963 laborasse
3099 2907 3153 2963 in
3195 2908 3385 2963 studiis
3411 2908 3525 2964 suis
3548 2950 3566 2977 ,
3611 2910 3716 2965 nisi
3750 2918 3809 2965 ut

2228 2992 2530 3057 invenirent
2573 2996 2843 3067 quomodo
2888 2998 3174 3055 vivendum
3218 3008 3363 3055 esset
3404 3000 3808 3058 accommodate
3847 3058 3854 3062 _

2226 3082 2297 3150 ad
2323 3083 2706 3143 beatitudinem
2734 3089 3146 3159 capessendam,
3174 3104 3269 3145 cur
3296 3089 3668 3146 dissenserunt
3693 3100 3748 3147 et
3774 3105 3808 3145 ι

2227 3176 2496 3246 magistris
2524 3178 2789 3249 discipuli,
2820 3190 2876 3237 et
2900 3182 3040 3237 inter
3068 3195 3129 3238 se
3153 3180 3523 3252 condiscipuli,
3552 3183 3654 3238 nisi
3682 3182 3809 3253 quia

2226 3276 2288 3334 ut
2316 3267 2561 3331 homines
2588 3269 2836 3331 humanis
2871 3272 3116 3329 sensibus
3150 3280 3207 3331 et
3236 3272 3484 3328 humanis
3517 3272 3809 3327 ratiocina-

2229 3357 2463 3415 tionibus
2500 3360 2600 3416 ista
2630 3363 2995 3432 quaesierunt?
3028 3362 3125 3435 [Ibi
3151 3363 3396 3434 quamvis
3424 3377 3543 3419 esse
3568 3362 3812 3433 potuerit

2229 3457 2285 3515 et
2319 3451 2552 3506 studium
2581 3452 2876 3522 gloriandi,
2917 3469 3029 3523 quo.
3054 3455 3277 3525 quisque
3303 3453 3416 3509 alio
3438 3452 3728 3522 sapientior
3752 3459 3810 3508 et

2228 3543 2439 3621 acutior
2465 3543 2634 3607 videri
2658 3546 2833 3617 cupit,
2864 3560 2963 3601 nec
2987 3546 3266 3603 sententia:
3291 3543 3681 3624 quodammodo
3707 3542 3809 3598 ad-

2229 3632 2404 3689 dictus
2444 3634 2634 3691 alienzn
2656 3676 2672 3702 ,
2716 3635 2810 3691 sed
2839 3637 2920 3695 sui
2950 3636 3211 3706 dogmatis
3239 3643 3295 3691 et
3320 3634 3585 3705 opinionis
3613 3634 3807 3697 inven-

2230 3733 2358 3780 tor:
2393 3734 2567 3781 tamen
2609 3734 2668 3781 ut
2695 3727 2979 3782 nonnullos
3006 3728 3091 3783 vel
3118 3727 3277 3786 etiam
3322 3726 3580 3795 plurimos
3619 3738 3808 3781 eorum

2229 3812 2395 3870 fuisse
2421 3814 2734 3881 concedam,
2762 3830 2896 3886 quos
2921 3831 2953 3871 a
2977 3816 3089 3871 suis
3123 3814 3429 3871 doctoribus
3455 3812 3540 3868 vel
3566 3810 3811 3871 discendi

2230 3909 2391 3964 sociis
2418 3923 2570 3962 amor
2597 3896 2847 3964 veritatis
2864 3907 3165 3978 abruperit,
3199 3916 3257 3960 ut
3295 3921 3391 3976 pro
3420 3921 3483 3961 ea
3510 3912 3808 3969 certarent,

2230 4013 2390 4068 quam
2428 3998 2706 4055 veritatem
2750 4007 3027 4068 putarent,
3068 3997 3181 4053 sive
3222 3997 3312 4051 illa
3351 4004 3525 4060 esset,
3558 3995 3673 4049 sive
3700 4008 3812 4049 non

2231 4098 2408 4154 esset;
2440 4089 2567 4160 quid
2592 4091 2721 4160 agit,
2744 4098 2836 4143 aut
2857 4102 2963 4159 quo
2986 4088 3071 4144 vel
3095 4101 3220 4157 qua.
3241 4095 3302 4142 ut
3326 4087 3394 4141 ad
3426 4084 3814 4141 beatitudinem

2232 4180 2598 4250 perveniatur,
2628 4180 2858 4234 humana
2887 4191 2947 4233 se
2976 4176 3198 4248 porrigit
3224 4175 3524 4241 infelicitas,
3554 4174 3600 4229 si
3627 4173 3816 4229 divina

2233 4288 2341 4327 non
2379 4272 2527 4328 ducit
2567 4271 2895 4327 auctoritas?
2941 4270 3179 4341 Denique
3222 4277 3470 4324 auctores
3506 4266 3717 4332 nostri,
3759 4265 3816 4320 in

2232 4364 2426 4435 quibus
2472 4378 2577 4427 non
2626 4362 2821 4428 frustra
2867 4375 3136 4417 sacrarum
3189 4359 3487 4414 litterarum
3532 4356 3718 4426 ﬁgitur
3761 4362 3820 4410 et

2232 4455 2549 4510 terminatur
2593 4467 2785 4520 canon,
2832 4452 2971 4511 absit
3009 4460 3067 4506 ut
3107 4451 3248 4505 inter
3288 4464 3349 4505 se
3387 4448 3562 4518 aliqua
3600 4446 3820 4500 ratione

2232 4544 2548 4600 dissentiant
2574 4544 2671 4614 (a).
2700 4541 2853 4597 Unde
2878 4556 2986 4596 non
3015 4541 3312 4606 immerito,
3340 4553 3463 4593 cum
3491 4537 3579 4590 illa
3607 4535 3822 4591 scribe—

2233 4642 2386 4701 rent,
2431 4634 2510 4689 eis
2540 4634 2708 4689 Deum
2732 4632 2819 4688 vel
2862 4646 2960 4702 per
2993 4646 3087 4687 eos
3130 4631 3363 4692 locutum
3383 4670 3398 4695 ,
3438 4643 3544 4684 non
3574 4628 3738 4697 pauci
3766 4626 3825 4682 in

2233 4724 2436 4780 scholis
2497 4732 2658 4793 atque
2713 4721 3002 4793 gymnasiis
3064 4720 3310 4790 litigiosis
3363 4715 3824 4788 disputationibus

2232 4814 2452 4884 garruli,
2496 4813 2591 4868 sed
2634 4814 2690 4867 in
2733 4815 2874 4882 agris
2923 4820 3081 4880 atque
3125 4810 3178 4863 in
3229 4808 3446 4863 urbibus
3474 4821 3596 4863 cum
3642 4804 3825 4859 doctis

2235 4914 2393 4975 atque
2433 4905 2661 4960 indoctis
2699 4912 2776 4959 tot
2804 4902 3040 4970 tantique
3083 4900 3263 4971 populi
3294 4896 3661 4954 crediderunt.
3713 4895 3828 4965 Ipsi

2235 5011 2366 5053 sane
2395 4996 2546 5066 pauci
2573 5010 2693 5051 esse
2720 4994 3038 5057 debuerunt,
3068 5005 3135 5045 ne
3165 4988 3505 5047 multitudine
3524 4986 3828 5042 vilesceret

2234 5085 2380 5158 quod
2409 5085 2662 5156 religione
2697 5099 2880 5139 earum
2909 5096 3035 5137 esse
3061 5088 3330 5150 oporteret
3361 5096 3375 5133 :
3407 5091 3506 5132 nec
3536 5085 3724 5131 tamen
3753 5075 3831 5129 ita

2235 5179 2427 5250 pauci,
2461 5184 2519 5230 ut
2544 5188 2727 5229 eorum
2757 5186 2866 5227 non
2904 5173 2974 5228 sit
3015 5169 3257 5231 miranda
3298 5165 3598 5228 consensio.
3634 5164 3833 5234 Neque

2238 5267 2381 5323 enim
2409 5266 2462 5320 in
2489 5262 2825 5319 multitudine
2844 5260 3306 5332 philosophorum,
3329 5258 3420 5328 qui
3444 5256 3629 5311 labore
3656 5255 3835 5311 etiam

2239 5356 2502 5414 litterario
2528 5363 2871 5410 monumenta
2892 5368 3108 5409 suorum
3130 5350 3439 5421 dogmatum
3461 5345 3833 5417 reliquerunt,

2303 5497 2375 5558 (α)
2398 5493 2798 5563 δῗρηιίοςίιιειὲυτ
2823 5503 2836 5540 ε
2861 5498 3039 5563 Omnes
3073 5482 3841 5563 Pbi'of'QP‘Ei._°E‘Z'E‘¥£PIE?SE:

2240 5543 2375 5620 saepe
2397 5543 2489 5606 sibi
2520 5553 2746 5624 contrarii
2762 5558 2924 5624 sunt;
2966 5543 3092 5624 sacri
3407 5543 3843 5624 mugissen-tiunt

2242 5603 2372 5669 ista;
2399 5603 2507 5666 ise-7:
2532 5603 2813 5678 philosonhi
2847 5603 3141 5678 dissentiunt
3170 5603 3300 5660 inter
3332 5620 3422 5665 se,
3456 5603 3845 5678 quiahognines

2243 5664 2484 5743 proclives
2504 5664 2617 5736 sunt
2634 5676 2693 5725 ad
2713 5664 2959 5743 errorem;
3117 5679 3345 5743 auctores
3362 5664 3843 5743 nunquamgigeg-

2243 5725 2373 5793 ﬁunt
2380 5725 2524 5790 inter
2542 5732 2598 5792 se
2614 5773 2629 5801 ,
2660 5738 2775 5802 quia
2808 5725 3001 5788 sanctus
3030 5734 3228 5796 Spiritus
3256 5743 3347 5783 ore
3377 5725 3549 5780 eorum
3589 5725 3841 5790 loquitur.

2247 5811 2477 5856 Lenones.
2915 5824 2925 5832 -
