4062 6482
283 350 374 408 σοι

286 467 432 522 facile
461 468 582 537 quis
613 469 908 538 invenerit,
941 471 1082 528 inter
1107 487 1240 543 quos
1278 484 1467 530 cuncta
1494 492 1612 547 qua:
1639 493 1858 535 sensere

289 561 608 614 conveniant
637 579 650 614 :
686 563 828 632 quod
859 565 1143 620 ostendere
1173 566 1274 621 hoc
1303 581 1464 636 Opere
1504 570 1717 640 longum
1759 581 1858 626 est.

348 649 400 704 2.
429 649 556 716 Quis
581 661 759 706 autem
785 662 946 708 secta:
967 653 1248 723 cujuslibet
1274 666 1458 712 auctor
1483 659 1560 712 sic
1582 670 1663 714 est
1688 661 1740 714 in
1768 661 1868 716 hac

281 739 628 796 dmmonicola
667 745 879 800 civitate
913 748 1235 816 approbatus
1256 789 1270 813 ,
1304 759 1360 802 ut
1387 753 1563 805 caeteri
1599 752 1868 821 improba-

281 845 481 900 rentur,
503 837 593 904 qui
621 835 828 890 diversa
852 847 904 891 et
928 839 1148 902 adversa
1177 844 1498 896 senserunt?
1523 843 1706 898 Nonne
1726 843 1866 914 apud

280 925 516 980 Athenas
545 936 600 980 et
631 927 875 997 Epicurei
906 930 1198 996 clarebant,
1230 943 1529 989 asserentes
1559 951 1644 988 res
1674 935 1867 988 Imma-

281 1030 372 1074 nas
410 1014 477 1068 ad
517 1015 741 1069 deorum
779 1031 958 1070 curaui
1003 1034 1106 1072 non
1141 1022 1440 1088 pertinere,
1471 1033 1524 1077 et
1551 1023 1748 1089 Stoici,
1776 1024 1866 1092 qui

280 1106 541 1161 contraria
571 1107 882 1172 sentientes,
914 1124 1006 1163 eas
1035 1111 1142 1179 regi
1181 1120 1338 1180 atque
1366 1115 1560 1168 muniri
1586 1115 1688 1168 diis
1713 1114 1865 1184 adju-

282 1197 484 1252 toribus
522 1206 682 1266 atque
719 1199 978 1252 tutoribus
1004 1200 1378 1270 disputabant?
1405 1203 1555 1258 Unde
1583 1208 1748 1259 miror
1774 1220 1868 1260 cur

281 1292 628 1360 Anaxagoras
658 1306 783 1345 reus
808 1291 978 1346 factus
1003 1295 1108 1359 sit,
1141 1295 1262 1364 quia
1292 1296 1456 1350 solem
1488 1312 1606 1351 esse
1630 1297 1761 1351 dixit
1787 1297 1867 1350 la-

280 1382 454 1451 pidem
484 1381 783 1445 ardentem.
812 1399 1011 1454 negans
1037 1385 1215 1455 utique
1243 1386 1426 1452 Deum,
1453 1403 1572 1442 cum
1601 1388 1652 1442 in
1680 1386 1867 1442 eadem

280 1473 493 1528 civitate
519 1473 685 1542 gloria
717 1473 952 1528 ﬂoruerit
984 1475 1263 1544 Epicurus,
1292 1477 1586 1547 vixeritque
1623 1492 1864 1544 securus,

280 1578 383 1618 non
432 1564 606 1617 solum
644 1564 812 1618 solem
844 1566 924 1619 vel
954 1566 1114 1620 ullum
1145 1567 1378 1622 siderum
1422 1569 1585 1624 Deum
1613 1585 1732 1624 esse
1760 1585 1866 1623 non

281 1655 510 1711 credens
528 1697 544 1722 ,
573 1658 666 1711 sed
697 1672 793 1712 nec
818 1657 1000 1712 Jovem
1022 1701 1037 1724 ,
1076 1674 1174 1714 nec
1211 1661 1372 1715 ullum
1403 1661 1621 1716 deorum
1650 1663 1868 1716 omnino

281 1748 335 1804 in
361 1749 565 1804 mundo
602 1749 840 1804 habitare
867 1751 1229 1816 contendens,
1266 1751 1332 1806 ad
1358 1767 1516 1822 quem
1554 1768 1740 1822 preces
1770 1752 1870 1806 lto-

281 1842 482 1895 minum
511 1843 1030 1914 supplicationesque
1059 1845 1386 1913 perveniant.
1426 1844 1614 1899 Nonne
1644 1844 1715 1897 ibi
1745 1843 1868 1897 Ari-

282 1935 487 2005 stippus
512 1935 565 1988 in
590 1937 858 2006 voluptate
878 1938 1115 2007 corporis
1135 1953 1398 1992 summum
1423 1939 1616 1992 bonum
1638 1952 1864 2008 ponens,

281 2025 348 2080 ibi
393 2027 745 2081 Antisthenes
791 2029 983 2084 virtute
1024 2030 1184 2083 animi
1236 2031 1407 2098 potius
1449 2030 1716 2084 hominem
1755 2029 1870 2084 ﬁeri

280 2117 493 2175 beatum
533 2133 847 2173 asseverans
871 2161 886 2184 ,
915 2120 1019 2175 duo
1061 2121 1358 2190 philosophi
1401 2121 1603 2176 nobiles
1631 2130 1685 2176 et
1712 2122 1869 2175 ambo

281 2211 566 2277 Socratici,
611 2213 662 2266 in
712 2222 817 2266 tam
865 2213 1089 2268 diversis
1133 2224 1292 2284 atque
1326 2217 1464 2269 inter
1495 2230 1554 2268 se
1590 2213 1870 2268 contrariis

282 2304 474 2358 ﬁnibus
502 2306 624 2358 vitae
647 2319 910 2360 summam
943 2305 1196 2371 locantes,
1229 2322 1454 2375 quorum
1483 2307 1640 2360 etiam
1671 2305 1759 2359 ille
1784 2305 1868 2358 fu-

279 2394 560 2464 giendam,
606 2396 707 2449 iste
743 2395 1211 2451 administrandam
1252 2397 1478 2466 sapienti
1515 2396 1724 2449 dicebat
1751 2409 1869 2450 esse

281 2488 701 2558 rempublicam,
745 2489 812 2543 ad
861 2503 1012 2543 suam
1052 2489 1275 2558 quisque
1323 2498 1520 2542 sectam
1563 2486 1870 2542 sectandam

281 2578 574 2649 discipulos
611 2580 1003 2649 congregabat?
1040 2580 1241 2650 Nempe
1281 2581 1450 2650 palam
1492 2581 1543 2633 in
1585 2580 1870 2648 conspicua

283 2681 336 2728 et
360 2673 638 2727 notissima
673 2673 899 2742 porticu,
935 2674 986 2727 in
1017 2673 1326 2744 gymnasiis,
1360 2674 1410 2726 in
1439 2672 1682 2736 hortulis,
1714 2672 1763 2724 in
1793 2670 1870 2724 Iov

283 2763 357 2818 cis
401 2763 630 2830 publicis
670 2779 732 2817 ac
769 2764 985 2832 privatis
1006 2804 1020 2829 ,
1050 2764 1357 2817 catervatim
1398 2778 1492 2831 pro
1523 2777 1615 2816 sua
1647 2762 1871 2831 quisque

283 2853 532 2923 opinione
559 2854 833 2908 certabant
864 2871 877 2908 :
905 2854 994 2908 alii
1024 2864 1328 2908 asserentes
1355 2869 1514 2910 unum
1537 2895 1552 2918 ,
1584 2853 1670 2906 alii
1711 2853 1870 2907 innu-

282 2945 568 2999 merabiles
613 2944 874 3008 mundos;
922 2944 1092 3012 ipsmn
1135 2953 1313 2997 autem
1359 2959 1520 2996 ttnum
1565 2943 1652 2996 alii
1694 2952 1871 2996 ortum

282 3049 432 3100 esse,
464 3035 558 3088 alii
584 3050 714 3089 vero
741 3035 946 3089 initium
975 3049 1080 3089 non
1114 3034 1344 3098 habere;
1375 3033 1464 3086 alii
1496 3033 1832 3087 interiturum
1852 3073 1868 3098 ,

284 3125 369 3180 alii
400 3140 623 3196 semper
663 3123 936 3190 futurum;
969 3125 1055 3178 alii
1089 3133 1264 3178 mente
1292 3124 1468 3177 divina
1489 3164 1504 3189 ,
1535 3124 1622 3177 alii
1651 3124 1870 3178 fortuitu

283 3227 333 3275 et
358 3217 574 3272 casibus
604 3217 687 3286 agi
718 3235 732 3273 :
757 3216 844 3270 alii
874 3216 1200 3270 immortales
1223 3230 1344 3270 esse
1370 3216 1592 3281 animas,
1619 3214 1708 3268 alii
1729 3229 1873 3269 mor-

285 3311 454 3376 tales;
487 3319 544 3365 et
581 3311 670 3380 qui
702 3309 1030 3364 immortales
1050 3352 1063 3374 ,
1091 3311 1180 3364 alii
1211 3310 1409 3364 revolvi
1440 3311 1491 3364 in
1520 3309 1752 3376 bestias,
1780 3309 1871 3364 alii

283 3418 621 3474 nequaquam
643 3420 658 3469 ;
681 3403 771 3473 qui
793 3419 920 3458 vero
945 3403 1218 3469 mortales,
1247 3404 1335 3457 alii
1364 3419 1486 3458 mox
1515 3403 1732 3458 interire
1754 3411 1872 3474 post

282 3510 514 3565 corpus,
558 3493 651 3548 alii
692 3494 867 3548 vivere
905 3494 1066 3560 etiam
1109 3503 1291 3563 postea
1331 3494 1414 3548 vel
1455 3494 1758 3563 paululum,
1788 3492 1872 3547 vel

284 3588 514 3654 diutius,
547 3603 655 3642 non
695 3595 867 3642 tamen
908 3603 1120 3658 semper
1151 3605 1164 3640 :
1197 3587 1285 3641 alii
1325 3587 1378 3640 in
1419 3602 1640 3655 corpore
1669 3586 1872 3640 consti-

285 3689 494 3736 tuentes
525 3680 687 3739 ﬁnetn
718 3679 864 3746 boni,
894 3681 982 3734 alii
1009 3681 1061 3735 in
1091 3679 1290 3744 animo,
1317 3679 1402 3732 alii
1433 3679 1484 3732 in
1514 3687 1755 3748 utroque,
1783 3679 1870 3732 alii

283 3773 618 3828 extrinsecus
657 3772 826 3842 posita
865 3773 1024 3826 etiam
1059 3771 1196 3826 bona
1233 3770 1298 3825 ad
1337 3770 1569 3824 animum
1601 3781 1650 3824 et
1679 3786 1872 3839 corpus

285 3863 545 3918 addentes
583 3881 596 3916 :
637 3863 727 3918 alii
773 3863 1017 3918 sensibus
1060 3863 1299 3932 corporis
1348 3877 1590 3930 semper,
1633 3862 1722 3914 alii
1759 3877 1872 3916 non

282 3970 518 4027 semper,
544 3956 635 4009 alii
664 3971 950 4024 nunquam,
982 3964 1226 4023 putantes
1251 3969 1368 4008 esse
1397 3953 1738 4008 credendum.
1765 3952 1872 4009 Has

284 4055 338 4102 et
364 4046 499 4101 alias
530 4061 669 4116 pene
699 4044 1111 4100 innumerabiles
1137 4044 1498 4099 dissensiones
1530 4044 1874 4112 philosopho-

285 4151 421 4202 rum,
453 4137 576 4207 quis
605 4152 834 4206 unquam
879 4137 1126 4207 populus,
1157 4137 1275 4206 quis
1305 4144 1541 4199 senatus,
1575 4151 1692 4202 qum
1725 4145 1874 4203 pote-

281 4237 390 4283 stas
419 4228 506 4283 vel
531 4227 762 4296 dignitas
787 4229 992 4298 publica
1024 4227 1200 4297 lmpiae
1227 4228 1454 4282 civitatis
1483 4226 1868 4295 dijudicandas,

281 4327 337 4375 et
360 4319 494 4374 alias
520 4319 821 4389 probandas
849 4335 912 4375 ac
950 4319 1304 4388 recipiendas,
1333 4319 1463 4372 alias
1495 4317 1872 4388 irnprobandas

282 4412 746 4482 repudiandasque
783 4413 1017 4478 curavit,
1045 4427 1108 4466 ac
1137 4427 1243 4465 non
1274 4411 1469 4480 passim
1499 4409 1614 4464 sine
1644 4410 1752 4463 ullo
1782 4411 1873 4478 ju-

282 4502 421 4558 dicio
449 4502 780 4572 confuseque
809 4503 992 4557 habuit
1021 4503 1074 4556 in
1105 4503 1310 4573 gremio
1335 4517 1432 4557 suo
1459 4511 1537 4557 tot
1561 4511 1872 4557 controver-

280 4596 390 4650 sias
414 4596 691 4650 hominum
718 4595 1106 4662 dissidentium,
1135 4611 1237 4650 non
1265 4595 1332 4651 de
1357 4596 1498 4666 agris
1525 4604 1577 4650 et
1604 4595 1868 4661 domibus,

282 4687 366 4741 vel
396 4701 733 4756 quacumque
759 4686 1061 4755 pecuniaria
1091 4688 1328 4750 ratione,
1360 4686 1452 4740 sed
1483 4685 1550 4740 de
1577 4685 1658 4739 his
1689 4685 1868 4750 rebus,

283 4779 476 4849 quibus
503 4788 596 4834 aut
621 4779 814 4832 misere
851 4779 1045 4832 vivitur
1079 4786 1170 4832 aut
1213 4778 1402 4834 beate?
1430 4778 1528 4832 Ubi
1559 4777 1658 4831 etsi
1697 4777 1872 4846 aliqua

281 4885 409 4925 vera
438 4871 782 4937 dicebantur,
811 4870 1000 4926 eadem
1025 4871 1254 4924 .licentia
1285 4868 1599 4924 dicebantur
1626 4878 1674 4922 et
1706 4868 1870 4932 falsa;

279 4975 504 5034 prorsus
533 4973 591 5018 ut
617 4979 720 5018 non
747 4962 944 5019 frustra
976 4965 1094 5018 talis
1121 4963 1310 5017 civitas
1336 4962 1617 5033 ninticum
1642 4959 1875 5014 vocabu-

285 5054 390 5110 lum
422 5055 712 5127 Babylonis
747 5057 1032 5126 acccperit.
1064 5056 1300 5127 Babylon
1330 5057 1524 5124 quippe
1552 5054 1872 5121 interpreta-

284 5155 370 5202 tur
391 5147 672 5214 Confusio,
699 5149 839 5218 quod
864 5165 960 5202 nos
977 5151 1086 5220 jam
1109 5149 1309 5203 dixisse
1331 5148 1673 5202 meminimus
1697 5145 1873 5214 (Libro

281 5238 377 5305 16,
408 5256 525 5310 cap.
554 5239 612 5305 4,
639 5249 686 5292 et
713 5239 892 5311 alibi).
929 5239 1037 5294 Nec
1076 5240 1298 5294 interest
1325 5237 1519 5293 diaboli
1555 5237 1694 5306 regis
1723 5235 1837 5305 ejus
1857 5275 1872 5301 ,

277 5346 442 5402 quam
495 5331 777 5387 contrariis
827 5332 964 5389 inter
1014 5346 1072 5387 se
1118 5331 1359 5386 rixentur
1407 5327 1706 5392 erroribus,
1741 5341 1876 5396 quos

277 5424 473 5480 merito
543 5423 728 5478 multae
801 5423 1066 5494 variaeque
1129 5421 1416 5494 impietatis
1485 5421 1687 5490 pariter
1747 5436 1875 5494 pos-

275 5513 439 5569 sidet.

356 5605 412 5660 3.
440 5605 510 5660 At
539 5618 667 5660 vero
704 5620 837 5677 gens
864 5605 953 5662 illa
974 5647 989 5673 ,
1018 5606 1107 5662 ille
1135 5606 1395 5677 populus,
1419 5605 1509 5660 illa
1534 5605 1720 5660 civitas
1744 5646 1760 5673 ,
1790 5605 1878 5660 illa

275 5698 604 5768 respublica,
635 5698 710 5752 illi
751 5699 1024 5767 Israelita‘,
1056 5701 1248 5770 quibus
1285 5698 1486 5754 credita
1519 5706 1642 5752 sunt
1670 5697 1879 5766 eloquia

276 5790 399 5857 Dei,
430 5791 577 5847 nullo
614 5789 772 5846 modo
803 5789 1292 5862 pseudOpmphetas
1323 5807 1441 5847 cum
1474 5789 1612 5846 veris
1640 5787 1882 5858 Prophe-

1480 358 1684 418 LIBER
1724 358 2018 420 DECIMUS
2053 364 2382 424 OCTAVUS.

3445 376 3548 434 602

1973 482 2041 537 tis
2065 483 2175 552 pari
2204 483 2416 539 licentia
2438 485 2454 516 ¹
2483 483 2874 541 confuderunt:
2899 485 2992 541 sed
3017 485 3308 542 concordes
3331 487 3468 543 inter
3488 504 3548 545 se

1966 582 2124 642 atque
2171 573 2224 627 in
2271 573 2416 628 nullo
2460 574 2868 642 dissentientes,
2917 591 3188 631 sacrarum
3232 578 3547 633 Litterarum

1967 677 2186 718 veraces
2211 663 2279 716 ab
2307 664 2385 717 eis
2414 666 2837 734 agnoscebantur
2860 677 2914 722 ct
2941 670 3256 724 tenebantur
3282 678 3544 724 auctores.

1969 751 2072 822 Ipsi
2097 753 2175 807 eis
2195 763 2346 807 erant
2366 754 2684 823 philosophi,
2710 756 2810 812 hoc
2831 765 2932 824 est,
2959 768 3224 812 amatores
3249 759 3543 826 sapientia),

1971 842 2069 912 ipsi
2100 843 2401 912 sapientes,
2431 844 2528 912 ipsi
2555 845 2816 913 theologi,
2845 846 2944 915 ipsi
2980 845 3254 916 prophetae
3273 887 3288 911 ,
3320 846 3419 914 ipsi
3447 847 3549 900 do-

1970 942 2147 988 ctores
2174 933 2449 1001 probitatis
2470 943 2630 1003 atque
2651 936 2878 1004 pietatis.
2903 936 3231 1006 Quicumque
3257 935 3548 990 secundum

1972 1023 2092 1078 illos
2121 1025 2294 1092 sapuit
2317 1033 2371 1079 et
2397 1025 2545 1089 vixit,
2577 1041 2683 1078 non
2725 1026 3012 1079 secundum
3044 1025 3307 1090 homines,
3339 1025 3432 1080 sed
3458 1039 3547 1080 se-

1971 1115 2204 1169 cundum
2227 1117 2412 1182 Deum,
2436 1117 2523 1185 qui
2546 1131 2640 1185 per
2658 1131 2751 1170 eos
2771 1115 2974 1170 locutus
2995 1125 3095 1182 est,
3123 1118 3296 1186 sapuit
3320 1126 3373 1171 et
3394 1117 3535 1169 vixit.

1974 1206 2048 1261 lbi
2075 1208 2119 1261 si
2148 1207 2472 1278 prohibitum
2503 1217 2585 1263 est
2613 1209 2948 1278 sacrilegium
2969 1250 2982 1274 ,
3011 1209 3149 1263 Deus
3177 1207 3466 1277 prohibuit.
3491 1203 3554 1262 Si

1971 1300 2169 1356 dictum
2195 1309 2294 1363 est,
2321 1299 2533 1354 Honora
2559 1309 2749 1370 patrem
2770 1311 2909 1353 tuum
2929 1309 2976 1354 et
3001 1308 3208 1353 matrem
3230 1309 3389 1366 tuam,
3412 1299 3552 1352 Deus

1967 1392 2144 1462 jussit.
2173 1392 2228 1446 Si
2257 1391 2454 1446 dictum
2483 1401 2565 1447 est
2585 1433 2598 1456 ,
2632 1390 2751 1446 Non
2785 1393 3107 1446 mwchaberis
3126 1433 3141 1457 ,
3185 1389 3306 1444 Non
3341 1390 3550 1444 homici-

1973 1483 2112 1535 dium
2137 1483 2310 1552 facies,
2348 1481 2469 1534 Non
2495 1482 2746 1550 furaberis
2776 1481 2972 1552 (Exod.
3011 1495 3106 1545 xx,
3136 1479 3336 1548 12-15).
3365 1487 3419 1533 et
3445 1493 3552 1532 ca:-

1974 1582 2086 1629 tera
2120 1574 2453 1643 hujusmodi,
2491 1589 2595 1627 non
2637 1574 2750 1627 haec
2795 1588 2890 1627 ora
2928 1573 3190 1637 humana,
3223 1572 3316 1625 sed
3343 1571 3553 1625 oracula

1973 1664 2148 1718 divina
2197 1664 2463 1718 fuderunt.
2509 1662 2772 1734 Quidquid
2820 1663 3123 1734 philosophi
3163 1663 3376 1732 quidam
3419 1663 3554 1716 inter

1973 1757 2104 1811 falsa
2128 1798 2144 1823 ,
2175 1773 2292 1826 quze
2321 1757 2520 1825 opinati
2547 1765 2702 1819 sunt,
2731 1771 2912 1810 verum
2943 1755 3124 1809 videre
3153 1749 3438 1823 potuerunt
3457 1792 3472 1818 ,
3503 1761 3556 1807 et

1973 1847 2256 1902 laboriosis
2304 1846 2747 1916 disputationibus
2797 1845 3122 1915 persuadere
3170 1845 3340 1898 moliti
3392 1852 3554 1910 sunt,

1974 1937 2114 2007 quod
2142 1938 2396 1991 mundum
2424 1938 2582 1991 istum
2616 1936 2799 1991 fecerit
2837 1937 3006 2002 Deus,
3033 1949 3262 2005 eumque
3292 1934 3404 2004 ipse
3434 1947 3558 2003 pro-

1972 2029 2368 2083 videntissimus
2396 2029 2751 2094 administret,
2781 2027 2848 2081 de
2878 2027 3156 2081 honestate
3184 2027 3457 2090 virtutum,
3489 2023 3559 2079 de

1973 2136 2155 2175 amore
2195 2121 2406 2190 patriar,
2447 2121 2514 2174 de
2553 2119 2655 2174 ﬁde
2694 2119 2976 2183 amicitizn,
3004 2119 3072 2172 de
3113 2117 3268 2172 bonis
3305 2115 3557 2186 operibus

1974 2222 2132 2282 atque
2161 2212 2408 2266 omnibus
2433 2211 2500 2264 ad
2527 2226 2703 2265 mores
2732 2211 2926 2280 probos
2957 2206 3344 2278 pertinentibus
3372 2205 3554 2268 rebus,

1975 2305 2215 2375 quamvis
2255 2305 2552 2358 nescientes
2591 2303 2657 2357 ad
2684 2318 2838 2371 quem
2871 2301 3030 2355 ﬁnem
3057 2309 3110 2355 et
3139 2315 3368 2370 quonam
3397 2297 3558 2352 modo

1973 2403 2155 2450 essent
2183 2395 2282 2448 ista
2312 2393 2488 2448 omnia
2528 2392 2827 2458 referenda,
2861 2391 3203 2460 propheticis,
3237 2389 3337 2444 hoc
3365 2396 3448 2443 est
3471 2388 3558 2442 di-

1973 2486 2113 2540 vinis
2149 2484 2396 2550 vocibus,
2427 2483 2667 2552 quamvis
2709 2497 2804 2551 per
2843 2482 3114 2548 homines,
3147 2481 3199 2535 in
3231 2480 3320 2534 illa
3347 2479 3560 2534 civitate

1975 2576 2170 2647 p0pulo
2196 2574 2564 2629 commendata
2593 2581 2735 2638 sunt,
2766 2588 2870 2625 non
2897 2572 3410 2641 argumentationum
3431 2584 3562 2623 con-

1975 2666 2358 2723 certationibus
2398 2665 2700 2728 inculcata;
2742 2671 2798 2716 ut
2837 2678 2944 2716 non
2985 2662 3216 2715 hominis
3258 2660 3558 2730 ingenium,

1975 2760 2066 2815 sed
2100 2760 2191 2813 Dei
2219 2757 2486 2828 eloquium
2516 2765 2858 2812 contemnere
2883 2754 3214 2822 formidaret,
3244 2754 3333 2824 qui
3359 2753 3448 2808 illa
3471 2765 3562 2807 co—

1974 2858 2272 2922 gnoscerct.

1975 3007 2200 3063 CAPUT
2239 3004 2398 3064 XLII.
2430 3034 2500 3049 -—-
2539 3003 2653 3071 Qua
2694 3002 3068 3072 dispensatione
3104 2999 3430 3070 providentia
3468 2997 3563 3053 Dei

2048 3099 2330 3168 Scriptum
2350 3111 2508 3149 sacra:
2537 3094 2725 3148 Veteris
2749 3091 3052 3145 Testamenti
3071 3107 3132 3144 ex
3152 3090 3347 3142 hebraza
3369 3090 3420 3141 in
3440 3103 3562 3158 grte-

2047 3206 2162 3244 cum
2198 3189 2449 3245 eloquium
2478 3185 2737 3240 translata:
2769 3185 2871 3238 sint
2891 3222 2907 3249 ,
2936 3192 2991 3236 ut
3019 3180 3264 3235 Gentibus
3284 3180 3562 3234 innotesce-

2045 3293 2176 3339 rent.

2047 3417 2155 3473 Has
2181 3429 2359 3470 sacras
2383 3412 2614 3468 Litteras
2642 3411 2799 3465 etiam
2833 3421 2969 3463 unus
2996 3405 3400 3461 Ptolemmorum
3420 3403 3442 3435 ’
3471 3417 3561 3458 re-

1975 3525 2098 3580 gum
2149 3506 2362 3578 Egypti
2419 3519 2578 3558 nosse
2634 3501 2836 3557 studuit
2883 3509 2938 3555 et
2988 3498 3204 3552 habere.
3257 3495 3389 3550 Nam
3439 3501 3561 3564 post

1976 3600 2262 3656 Alexandri
2303 3596 2637 3661 Macedonis,
2688 3594 2776 3662 qui
2811 3592 2970 3646 etiam
3022 3589 3239 3657 Magnus
3287 3585 3561 3652 cognomi-

1977 3704 2134 3750 natus
2175 3701 2288 3754 cst,
2337 3686 2854 3745 miriﬁcentissimam
2899 3683 3219 3748 minimeque
3261 3677 3562 3730 diuturnam

1978 3788 2300 3858 potentiam,
2331 3798 2431 3854 qua
2473 3781 2773 3834 universam
2814 3776 3024 3837 Asiam,
3067 3773 3174 3825 imo
3217 3783 3352 3838 pene
3391 3776 3562 3822 totum

1975 3879 2184 3942 orbem,
2209 3873 2395 3943 partim
2426 3871 2476 3924 vi
2503 3879 2556 3924 et
2583 3868 2764 3932 armis,
2811 3865 2999 3934 partim
3027 3871 3230 3916 terrore
3256 3859 3558 3928 subegerat,

1975 3968 2185 4040 quando
2215 3966 2353 4019 inter
2377 3973 2567 4018 cmtera
2597 3958 2830 4014 Orientis
2851 3957 2872 3987 ³
2899 3956 3055 4009 etiam
3086 3952 3321 4008 Iudaeam
3351 3951 3561 4018 ingres-

1975 4075 2067 4115 sus
2094 4055 2349 4120 obtinuit;
2382 4069 2446 4109 eo
2475 4061 2684 4108 mortuo
2721 4048 2944 4103 comites
2979 4045 3095 4114 ejus
3119 4085 3134 4109 ,
3176 4056 3296 4096 cum
3335 4051 3559 4108 regnum

1976 4151 2107 4207 illud
2146 4147 2531 4218 amplissimum
2578 4159 2682 4198 non
2727 4139 2942 4211 paciﬁce
2986 4137 3125 4191 inter
3165 4149 3224 4188 se
3261 4129 3562 4202 possessuri

1977 4244 2315 4306 divisissent,
2350 4239 2441 4294 sed
2470 4237 2640 4307 potius
2667 4235 3049 4302 dissipassent,
3077 4227 3230 4282 bellis
3258 4227 3434 4280 omnia
3462 4239 3560 4278 va-

1976 4335 2203 4396 staturi,
2247 4331 2562 4414 Ptolemaeos
2606 4341 2758 4395 rcges
2802 4324 2999 4377 habere
3046 4321 3208 4388 ccepit
3243 4317 3504 4388 Egyptus
3543 4331 3558 4369 :

1977 4439 2201 4496 quorum
2230 4407 2439 4492 primus
2459 4419 2584 4488 Lagi
2614 4418 2772 4479 ﬁlius,
2801 4414 2994 4468 multos
3021 4427 3085 4465 cx
3111 4408 3292 4464 Judtea
3322 4407 3560 4474 captivos
3578 4477 3650 4492 Μ

1978 4521 2029 4574 in
2061 4518 2349 4587 Egyptum
2392 4511 2679 4566 transtulit.
2725 4507 2856 4560 lluic
2893 4513 3071 4558 autem
3107 4499 3397 4554 succedens
3425 4497 3560 4552 alius

1977 4610 2294 4665 Ptolenncus
2314 4646 2328 4672 ,
2357 4603 2446 4672 qui
2485 4610 2567 4655 cst
2608 4597 2904 4668 appellatus
2933 4591 3312 4660 Philadelphus
3332 4629 3347 4655 ,
3376 4601 3561 4642 omnes

1977 4714 2112 4770 quos
2141 4699 2230 4751 ille
2257 4694 2550 4749 adduxerat
2577 4690 2904 4759 subjugatos,
2932 4686 3129 4740 liberos
3162 4682 3337 4738 redire
3367 4679 3560 4749 permi-

1977 4795 2045 4848 sit
2075 4810 2087 4846 :
2120 4791 2336 4858 insuper
2360 4797 2413 4842 et
2438 4785 2575 4839 dona
2601 4783 2744 4852 regia
2776 4782 2829 4837 in
2862 4780 3118 4846 templum
3159 4776 3252 4830 Dei
3281 4773 3442 4836 misit,
3473 4784 3562 4839 pe-

1977 4882 2195 4950 tivitque
2223 4880 2289 4934 ab
2316 4879 2571 4932 Eleazaro
2596 4883 2722 4927 tunc
2751 4870 3021 4940 pontiﬁce,
3051 4867 3163 4920 dari
3193 4865 3290 4918 sibi
3319 4861 3564 4929 Scriptu-

1978 4989 2084 5038 ras,
2112 4985 2243 5041 quas
2273 4968 2512 5039 profecto
2541 4964 2781 5020 audierat
2807 4961 2944 5016 fama
2975 4957 3295 5028 prmdicante
3324 4952 3560 5016 divinas;

1977 5074 2032 5119 et
2075 5063 2195 5118 ideo
2243 5059 2619 5128 concupiverat
2667 5054 2863 5108 habere
2907 5051 2959 5103 itt
3005 5045 3357 5107 bibliotheca,
3404 5055 3565 5110 quam

1980 5155 2363 5212 nobilissimam
2391 5150 2615 5204 fecerat.
2646 5146 2750 5200 llas
2779 5145 2826 5198 ei
2857 5157 2976 5196 cum
3016 5139 3157 5193 idem
3192 5134 3429 5206 pontifex
3461 5133 3563 5187 mi-

1979 5248 2137 5301 sisset
2167 5245 2424 5304 hebraeas,
2453 5248 2572 5310 post
2593 5238 2751 5292 etiam
2783 5236 2870 5289 ille
2900 5234 3216 5299 interpretes
3245 5225 3565 5298 postulavit;

1980 5346 2036 5392 et
2060 5336 2166 5390 dati
2197 5343 2318 5388 sunt
2356 5328 2690 5400 septuaginta
2729 5326 2834 5378 duo
2858 5365 2872 5387 ,
2911 5322 2979 5376 de
3021 5318 3242 5388 singulis
3286 5315 3568 5370 duodecim

1983 5426 2224 5483 tribubus
2253 5423 2367 5478 seni
2406 5421 2650 5476 homines
2669 5459 2684 5485 ,
2715 5417 2907 5486 lingua:
2939 5410 3210 5478 utriusque
3237 5403 3565 5469 doctissimi,

2051 5608 2068 5640 ι
2105 5611 2154 5654 ιη
2178 5601 2533 5663 manuscriptis.
2561 5597 2803 5663 parilitate
2827 5592 3050 5645 licentia’.

2049 5671 2068 5700 ³
2102 5652 2278 5715 omnes
2305 5652 2451 5726 prope
2474 5652 2601 5726 tussi,
2630 5659 2992 5710 I’tolonucorum
3023 5667 3040 5704 :
3066 5660 3117 5704 et
3137 5657 3430 5709 constanter,
3456 5652 3565 5698 Pto-

1989 5732 2196 5784 tmncus,
2239 5723 2362 5780 loco,
2391 5723 2684 5774 Ριοιεηιιυιιε.
2723 5783 2729 5784 γ
3355 5775 3363 5783 _
3404 5772 3433 5784 Δ,

2055 5794 2074 5824 ³
2109 5779 2243 5850 Εὐιίἱ,
2271 5779 2476 5838 Orientis
2500 5797 2662 5848 regna.
2688 5783 2850 5843 Abest,
2884 5792 3050 5843 regna,
3085 5792 3110 5827 a
3134 5779 3479 5835 manuscriptis.
