4062 6484
457 341 670 399 003.

1551 338 1638 393 DE
1676 337 1992 395 CIVITATE
2029 339 2159 403 DEI.
2199 338 2257 396 S.
2303 336 2677 398 AUGUSTINI

2784 395 2853 437 ,Ἰ
3630 343 3732 401 cci

452 458 686 519 δεδι-ωδ
706 455 909 514 scilicet
929 463 1089 528 atque
1107 468 1314 529 graecas
1338 453 1576 522 Quorum
1598 454 1965 525 interpretatio
1988 463 2046 509 ut
2145 452 2388 525 iudicant
2408 452 2794 524 praeferendum
2821 438 2991 529 siquia
3015 452 3117 509 etsi
3146 466 3253 508 non
3282 452 3337 508 in
3364 451 3445 508 eis
3473 468 3609 509 unus
3637 469 3737 525 ap-

455 549 807 621 Septuaginta
836 556 1084 613 vocetur,
1124 546 1235 616 jam
1272 544 1503 601 obtinuit
1527 544 1879 602 consuetudo.
1907 544 2047 600 Tra-

457 641 604 697 ditur
627 655 759 696 sane
788 649 894 695 tam
920 638 1219 694 mirabilem
1242 652 1305 693 ac
1332 637 1657 708 stupendum
1682 638 1944 709 pleneque
1968 637 2049 693 di-

459 732 640 788 vinum
669 733 723 787 in
750 745 938 787 eorum
968 729 1148 785 verbis
1173 727 1336 785 fuisse
1363 744 1685 787 consensum
1706 769 1721 794 ,
1748 736 1807 783 ut
1832 743 1954 784 cum
1979 727 2048 784 ad

461 819 567 877 hoc
599 835 732 891 opus
760 819 1048 889 separatim
1074 819 1269 890 singuli
1297 819 1534 875 sederint
1559 819 1670 889 (ita
1691 820 1833 875 enim
1862 833 2049 875 eorum

464 912 624 968 fidem
649 911 940 967 Ptolemmo
970 911 1170 981 placuit
1196 912 1545 982 explorare),
1586 912 1640 967 in
1678 912 1824 967 nullo
1852 910 2047 978 verbo,

462 1002 607 1075 quod
635 1001 778 1059 idem
805 1002 1134 1073 significaret
1160 1011 1215 1058 et
1243 1002 1570 1059 tantumdem
1613 1004 1851 1070 valeret,
1884 1002 1970 1059 vel
1997 1003 2052 1058 in

462 1094 754 1149 verborum
793 1094 982 1150 ordine
1006 1136 1023 1162 ,
1064 1095 1201 1150 alter
1239 1095 1307 1150 ab
1346 1094 1517 1151 altero
1552 1093 1882 1164 discreparet
1911 1109 1925 1145 :
1958 1092 2054 1174 sed

466 1194 715 1256 tanquam
745 1200 884 1242 unus
912 1195 1059 1242 esset
1080 1186 1346 1258 interpres
1364 1228 1380 1254 ,
1409 1186 1481 1242 ita
1506 1186 1647 1257 quod
1672 1200 1860 1241 omnes
1886 1185 2055 1241 inter-

463 1278 659 1347 pretati
698 1288 855 1345 sunt,
898 1293 1061 1334 unum
1099 1288 1215 1335 erat
1246 1296 1259 1332 :
1289 1280 1538 1349 quoniam
1579 1295 1638 1335 re
1664 1294 1788 1334 vera
1827 1278 2055 1348 Spiritus

465 1378 584 1426 erat
612 1386 748 1426 unus
776 1372 829 1426 in
860 1371 1108 1427 omnibus
1134 1372 1229 1443 (a).
1274 1372 1340 1427 Et
1375 1371 1498 1426 ideo
1534 1380 1642 1427 tam
1680 1370 1920 1426 mirabile
1960 1369 2056 1425 Dei

466 1476 663 1517 munus
686 1470 1026 1532 acceperant,
1050 1470 1108 1517 ut
1129 1463 1337 1517 illarum
1364 1462 1780 1532 Scripturarum,
1808 1476 1914 1516 non
1939 1470 2058 1515 tan-

467 1569 627 1624 quam
657 1554 1034 1622 humanarum,
1065 1555 1159 1609 sed
1187 1556 1326 1609 sicut
1363 1564 1536 1622 erant,
1570 1564 1823 1624 tanquam
1854 1554 2060 1608 divina-

466 1660 623 1711 rum,
663 1646 825 1701 etiam
875 1647 978 1701 isto
1018 1645 1180 1702 modo
1223 1647 1689 1702 commendaretur
1729 1646 2056 1713 auctoritas,

468 1734 754 1791 crcdituris
789 1736 1108 1807 quandoque
1147 1736 1392 1808 gentibus
1430 1736 1742 1807 profutura,
1773 1736 1913 1808 quod
1948 1736 2059 1807 jam

468 1824 712 1879 videmus
740 1824 1010 1880 effectum.

470 1914 695 1971 CAPUT
721 1914 902 1970 XLIII.
925 1946 998 1957 —
1016 1915 1096 1970 De
1122 1917 1421 1971 auctoritate
1451 1916 1792 1988 Septuaginta
1817 1917 2063 1987 interpre-

540 2017 669 2075 tum,
697 2024 829 2077 quae,
858 2009 998 2063 salvo
1038 2010 1229 2064 honore
1258 2009 1442 2065 hebrari
1468 2010 1594 2077 stili,
1619 2011 1850 2065 omnibus
1884 2010 1947 2064 sit
1977 2010 2062 2064 in-

543 2098 841 2167 terpretibus
866 2100 1204 2170 prmferenda.

542 2186 676 2241 Nam
705 2201 826 2241 cum
858 2186 1055 2243 fuerint
1083 2196 1138 2244 et
1161 2188 1251 2243 alii
1278 2188 1617 2258 interpretes,
1643 2188 1732 2257 qui
1758 2202 1823 2243 ex
1851 2186 2065 2243 hehrtea

472 2277 651 2349 lingua
680 2278 733 2333 in
755 2294 983 2349 grtecam
1011 2294 1163 2335 sacra
1193 2280 1277 2335 illa
1304 2280 1513 2349 eloquia
1538 2280 1941 2369 traqstulemnt,
1964 2279 2068 2333 sic-

473 2376 535 2424 ut
559 2369 753 2439 Aquila
771 2410 786 2435 ,
814 2368 1171 2441 Symmachus
1189 2410 1205 2437 ,
1232 2369 1566 2425 Theodotion
1587 2368 1768 2435 ;ISicut
1791 2370 1950 2425 etiam
1978 2368 2068 2424 illa

474 2468 559 2516 est
583 2459 973 2529 interpretatio,
1002 2461 1155 2529 cujus
1178 2468 1367 2515 auctor
1392 2474 1499 2515 non
1529 2469 1775 2531 apparet,
1798 2470 1852 2516 et
1876 2460 1946 2515 ob
1966 2460 2070 2516 hoc

476 2549 595 2604 sine
616 2549 832 2606 nomine
852 2549 1177 2618 interpretis,
1202 2549 1398 2617 Quinta
1417 2549 1581 2605 editio
1605 2557 1941 2620 nuncupatur
1960 2550 2066 2621 (b):

476 2637 616 2694 hanc
640 2647 818 2695 tamen
841 2654 960 2709 qua:
986 2636 1331 2710 Septuaginta
1357 2648 1459 2705 est,
1487 2648 1738 2710 tanquam
1766 2640 1879 2695 sola
1903 2650 2067 2709 esset,

476 2731 557 2787 sic
581 2730 785 2801 recepit
808 2730 1063 2796 Ecclesia,
1090 2745 1260 2801 eaque
1280 2739 1500 2787 utuntur
1518 2730 1690 2787 ϐτωεί
1714 2734 1893 2802 populi
1919 2732 2072 2788 Chri-

478 2822 661 2888 stiani,
683 2837 907 2892 quorum
932 2822 1170 2893 plerique
1189 2830 1369 2877 utrum
1390 2823 1492 2877 alia
1519 2823 1590 2877 sit
1606 2822 1779 2893 aliqua
1806 2824 2068 2894 ignorant.

479 2914 561 2971 Ex
596 2915 694 2971 hac
723 2915 1067 2987 Septuaginta
1112 2914 1550 2985 interpretatione
1577 2915 1737 2970 etiam
1772 2915 1827 2969 in
1855 2915 2073 2969 latinam

477 3008 712 3079 linguam
742 3008 1146 3079 interpretatum
1176 3016 1259 3063 est
1284 3007 1427 3077 quod
1467 3006 1721 3062 Ecclesiae
1758 3005 1962 3087 Latina:
1988 3015 2070 3062 te-

478 3109 610 3155 nent
650 3098 741 3171 (c).
787 3099 1042 3167 Quamvis
1084 3114 1189 3154 non
1234 3098 1464 3153 defuerit
1503 3097 1832 3167 temporibus
1875 3098 2074 3153 nostris

478 3192 759 3263 presbyter
783 3190 1158 3263 Hieronymus,
1185 3191 1347 3245 homo
1369 3189 1732 3255 doctissimus,
1755 3198 1812 3245 et
1832 3189 2072 3245 omnium

480 3278 642 3332 trium
672 3277 969 3347 linguarum
1003 3280 1242 3347 peritus,
1273 3275 1362 3346 qui
1401 3291 1509 3331 non
1537 3289 1605 3331 ex
1643 3289 1853 3346 graeco,
1882 3274 1976 3330 sed
2007 3290 2075 3331 ex

480 3367 697 3424 hchrtec
725 3369 777 3424 in
806 3368 1032 3424 latinum
1059 3367 1330 3439 eloquium
1358 3366 1576 3423 easdem
1605 3367 1914 3438 Scripturas
1940 3382 2074 3423 con-

481 3459 726 3515 verterit.
766 3457 873 3514 Sed
913 3457 1030 3530 ejus
1071 3465 1181 3512 tam
1221 3458 1516 3513 litteratum
1559 3456 1794 3512 laborem
1832 3456 2075 3526 quamvis

481 3547 651 3605 ιυάωἱ
689 3548 957 3603 fateantur
994 3562 1117 3604 esse
1143 3561 1388 3604 veracem
1414 3588 1429 3612 ,
1458 3546 1803 3617 Septuaginta
1832 3562 1959 3602 vero
1990 3547 2073 3600 in-

481 3648 744 3710 terpretes
771 3640 824 3695 in
851 3640 1034 3695 multis
1057 3655 1269 3696 errasse
1297 3638 1654 3705 contendant;
1684 3649 1861 3694 tamen
1892 3639 2076 3694 Eccle-

482 3730 578 3789 size
597 3729 791 3786 Christi
817 3730 1194 3786 tot'hominum
1219 3730 1546 3794 auctoritati,
1571 3729 1639 3784 ab
1664 3730 1922 3785 Eleazaro
1947 3739 2075 3785 tunc

485 3824 737 3897 pontifice
779 3823 848 3879 ad
894 3824 996 3880 hoc
1039 3831 1241 3879 tantum
1281 3838 1416 3895 cpus
1444 3825 1769 3888 electorum,
1804 3823 2074 3878 neminem

547 3955 621 4018 (a)
646 3954 855 4005 Aliorum
870 3961 1062 4018 Patrum
1087 3961 1140 4018 et
1163 3953 1370 4018 Philonis
1389 3955 1538 4018 Judaei
1557 3953 1688 4018 locos
1708 3953 1887 4018 dehae
1907 3966 1966 4003 re
1982 3952 2076 4018 eol-

484 4015 612 4080 legit
625 4024 888 4080 Coquaaus;
914 4015 1101 4080 aliquos
1122 4015 1278 4080 habes
1298 4017 1348 4080 in
1370 4015 1528 4080 notat)
1545 4016 1603 4080 ad
1622 4015 1737 4080 libri
1764 4015 1829 4064 de
1854 4016 2075 4080 Doctrina

483 4075 745 4127 Christiana
770 4077 971 4127 secundi
994 4075 1137 4138 caput
1164 4077 1239 4139 15,
1265 4075 1347 4126 vel
1372 4090 1421 4125 n.
1448 4076 1526 4135 2‘2,
1552 4077 1635 4139 ubi
1672 4078 1966 4139 Augustinus
1989 4088 2074 4139 ea-

484 4139 599 4189 dem
616 4139 786 4201 refert.
806 4136 1121 4201 Hieronymus
1146 4138 1213 4187 ihi
1235 4145 1543 4201 comparatus
1579 4138 1683 4187 haec
1704 4136 1811 4198 pro,
1840 4136 2074 4201 «Amenda-

493 4217 518 4261 ᾳ
540 4201 615 4248 cio
636 4215 659 4243 ι
690 4199 857 4254 habet,
884 4198 997 4261 quai
1018 4206 1204 4248 tantum
1239 4200 1290 4248 iu
1333 4198 1528 4261 modum
1548 4206 1843 4261 exornantur
1866 4199 1916 4246 in
1948 4198 2074 4249 libro

485 4259 552 4310 de
576 4261 777 4307 Historia
805 4259 1131 4322 translationis
1152 4260 1480 4322 Septuaginta,
1504 4261 1589 4322 qui
1611 4260 1705 4322 sub
1742 4260 1943 4307 Aristeas
1981 4272 2072 4322 no-

487 4322 619 4371 mine
642 4320 974 4370 circumfertur
990 4320 1265 4382 etJosepho
1279 4320 1584 4369 tribuebatur
1605 4320 1738 4382 dim.
1764 4325 1833 4368 De
1855 4332 1954 4381 quo
1977 4320 2072 4380 iam

485 4381 753 4432 Ludovicus
776 4383 919 4433 Vives
942 4395 959 4443 :7
987 4399 1010 4427 ι
1030 4379 1281 4443 Conﬁctus,
1308 4389 1363 4431 ut
1389 4388 1521 4443 puto,
1547 4379 2073 4443 ah‘aliquorecentio-

493 4460 519 4490 ι
540 4456 614 4492 re.
640 4458 663 4487 ι
687 4469 746 4479 -
765 4443 936 4504 Fabula
952 4442 1059 4493 haec
1078 4442 1142 4491 de
1166 4449 1311 4493 Lxxu
1329 4441 1683 4504 interpretibus
1699 4441 1977 4502 jamdudum
1995 4450 2074 4493 est

486 4505 553 4555 ab
576 4504 780 4553 eruditis
804 4502 1020 4565 explosa.
1064 4521 1088 4549 ι
1104 4511 1279 4554 (ἶΐέθῶ
1297 4502 1555 4565 versionis,
1579 4520 1602 4549 ι
1639 4503 1863 4565 inquiunt
1895 4509 2075 4564 Sange-

487 4565 715 4616 novefaui
740 4568 787 4613 in
806 4563 908 4615 suis
928 4565 1181 4623 Thesibus,
1209 4566 1291 4616 die
1308 4565 1370 4614 23
1386 4563 1510 4627 julii,
1538 4564 1676 4620 1704,
1705 4563 1730 4609 ἱ
1754 4577 1849 4612 non
1875 4576 1961 4613 eos
1983 4563 2072 4614 au-

495 4642 521 4673 c
541 4635 703 4677 ctores
722 4626 923 4675 dicimus
941 4638 1064 4677 quos
1098 4627 1313 4676 venditat
1336 4627 1602 4676 ementitus
1627 4632 1850 4675 Aristeas.
1882 4641 1905 4670 ι
1943 4633 2071 4675 nut-

495 4642 521 4673 c
541 4640 703 4677 ctores
722 4640 923 4675 (IlClmIlS
1008 4640 1064 4675 os
1098 4640 1313 4676 venditat
1336 4640 1602 4676 ementitus
1627 4640 1850 4675 πιείρας.
1882 4641 1905 4670 ι
1944 4640 2071 4675 tun-

485 4687 925 4739 nuums.—Aniles
941 4640 1154 4747 ﬁbulae,
1181 4688 1314 4737 nullo
1352 4689 1527 4738 idoneo
1559 4696 1759 4737 auctore
1796 4686 2016 4748 firmatis,
2042 4700 2072 4738 a

490 4750 667 4811 Judazis
690 4754 742 4797 et
762 4748 1037 4811 Christianis
1061 4751 1364 4811 excogimtaz.
1393 4756 1622 4798 ιηωπιι.

551 4808 623 4870 (b)
648 4807 827 4872 Aquila,
846 4808 991 4859 homo
1012 4807 1347 4860 semidudazus
1369 4816 1421 4859 et
1439 4809 1893 4867 senii-Christianus,
1918 4808 2071 4872 inter-

487 4870 812 4981 pretationem
843 4883 978 4920 suam
1002 4871 1153 4920 edidit
1172 4873 1265 4921 sub
1297 4872 1513 4930 Adriano,
1538 4874 1664 4921 circa
1703 4882 1881 4919 annum
1900 4870 2073 4920 Christi

520 4930 596 4981 50.
624 4939 731 4981 nost
753 4932 1061 4981 Septuaginta
1084 4932 1349 4981 editionem
1368 4931 1546 4981 elapsis
1568 4934 1706 4980 annis
1726 4930 1831 4981 plus
1848 4930 2073 4981 quadrin-

520 4930 596 4992 50,
624 4939 731 4994 post
753 4932 1061 4994 Septuaginta
1084 4932 1349 4994 editionem
1368 4931 1546 4994 elapsis
1568 4934 1707 4994 annis
1726 4930 1831 4992 plus
1843 4930 2073 4994 quadrin-

486 4991 669 5053 gentis.
690 4991 994 5057 Symmachus
1017 4992 1287 5057 [:roselytus
1306 4991 1555 5057 suamjsuh
1570 4991 1761 5057 Aurelio
1777 4991 1855 5057 vel
1882 4993 2071 5057 subse-

487 5066 611 5103 vero
631 5053 841 5117 scripsit,
864 5056 989 5103 circa
1012 5053 1193 5117 annum
1220 5055 1389 5104 Christi
1432 5054 1540 5104 200.
1577 5054 1892 5117 Theodotion,
1918 5053 2073 5117 primo

486 5114 758 5178 Marcionita
782 5125 834 5166 et
854 5123 1023 5177 postea
1037 5116 1248 5175 Judazus,
1267 5129 1403 5166 suam
1420 5122 1536 5164 ante
1557 5115 1887 5178 Symmachum
1908 5114 2072 5178 eonfef

486 5176 575 5239 cit,
594 5190 689 5225 non
713 5176 865 5239 longe
882 5189 911 5225 a
934 5184 1154 5238 tempore
1189 5178 1447 5237 Commodi,
1471 5176 1664 5239 circiter
1682 5188 1860 5225 annum
1899 5176 2072 5225 Christi

490 5236 602 5312 ξφ·
616 5243 761 5312 ἕψεις
783 5236 1090 5312 lingu-sumis
1116 5236 1439 5312 Epireayiuu
1460 5237 1681 5312 θιίοεφξθ
1695 5300 1705 5310 .
1719 5244 2074 5312 sesumam?

490 5254 602 5288 που.
629 5254 761 5287 nunc
783 5254 1090 5300 wgusunus,
1116 5254 1424 5350 Eglpuamulll
1460 5254 2073 5310 ωιοδίιυεβεευιιιεηνοδι

487 5298 1092 5372 ξῖᾳιωᾳὼιιωηωθωονρς,
1117 5313 1151 5372 o_
1204 5301 1253 5372 td
1290 5301 1505 5372 ΐρῐιδιιδιξ.
1518 5300 1647 5372 quod
1692 5313 1742 5370 l_ll
1764 5298 1990 5372 ttexaplts
2010 5299 2073 5348 ab

488 5362 703 5425 Origene
726 5362 878 5425 posita
902 5362 1187 5425 essetjuxta
1211 5363 1391 5425 Aquilae
1432 5362 1695 5412 editionem
1710 5362 1846 5423 “prior
1865 5369 2073 5425 Symma-

488 5420 590 5480 chi,
616 5427 669 5469 et
682 5420 1292 5486 posteriorTheodotionis
1330 5425 1494 5474 editio.
1543 5431 1683 5474 Porro
1716 5420 1911 5486 praeter
1930 5421 2075 5486 Quin-

489 5488 590 5530 tam
636 5480 910 5548 editionetn
936 5484 1181 5548 inventam
1218 5486 1547 5545 Hierichunte,
1593 5480 1831 5548 cujus'hie
1851 5484 2073 5548 meminit

489 5543 803 5605 Augustinus,
836 5542 1113 5605 celebratur
1151 5553 1205 5596 et
1238 5555 1379 5598 Sexta
1422 5542 1567 5597 editio
1610 5542 1808 5595 in'venta
1844 5542 2070 5604 Nicopoli,

488 5603 701 5667 utraque
722 5603 950 5667 Hexaplis
982 5605 1155 5656 iisdem
1176 5609 1496 5667 Origenianis,
1532 5613 1586 5657 ut
1607 5605 1789 5663 ferunt,
1812 5603 1984 5667 quinto
2020 5610 2074 5653 et

489 5660 766 5776 εῗέέῗυέοοο
788 5660 987 5717 inserta.
1019 5668 1111 5717 Sed
1140 5660 1285 5720 Sexta
1309 5668 1391 5721 illa
1427 5660 1693 5732 Augustino
1723 5660 1887 5730 ignota
1921 5664 2071 5716 fuisse

489 5738 699 5775 νιαθωιυ.

555 5788 628 5851 (ε)
662 5785 789 5838 Conf.
819 5785 903 5838 lib.
928 5787 959 5838 2
979 5788 1043 5839 de
1074 5799 1202 5843 Doct.
1228 5792 1416 5854 christ,
1441 5803 1489 5841 η.
1517 5786 1572 5839 2t
1602 5794 1653 5838 ct
1673 5798 1812 5851 seqq.

2152 522 2423 616 paruisset
2440 545 2691 616 Spiritus,
2718 522 3191 602 sin'e‘Jd—ubitatione
3212 544 3445 613 divinus,
3472 545 3570 602 sed
3598 522 3738 602 inter

2150 650 2212 694 se
2238 636 2400 693 verba
2429 637 2884 708 interpretationis
2911 651 3022 695 suae
3046 636 3389 708 Septuaginta
3415 637 3560 693 docti
3587 653 3739 701 more

2151 728 2429 785 hominum
2467 729 2848 795 contulissent,
2879 737 2940 785 ut
2980 728 3124 801 quod
3163 728 3455 800 placuisset
3490 730 3741 786 omnibus

2153 820 2256 877 hoc
2284 830 2555 887 maneret,
2587 822 2766 878 nullus
2802 822 2881 878 eis
2918 836 3055 877 unus
3089 822 3355 891 interpres
3381 821 3564 878 debuit
3590 832 3743 878 ante-

2152 912 2314 982 poni;
2342 926 2464 967 cum
2494 928 2623 968 vero
2648 920 2854 967 tantum
2884 912 2939 967 in
2965 911 3045 967 eis
3079 911 3289 981 signum
3317 911 3615 968 divinitatis
3643 927 3745 983 ap-

2154 1004 2366 1073 paruit,
2411 1002 2651 1074 profecto
2678 1005 2919 1075 quisquis
2948 1005 3082 1061 alius
3111 1004 3319 1060 illarum
3348 1004 3746 1074 Scripturarum

2155 1111 2221 1151 ex
2263 1096 2478 1152 hebrtea
2517 1098 2569 1152 in
2598 1097 2890 1168 quamlibet
2921 1099 3078 1153 aliam
3108 1097 3343 1170 linguam
3370 1098 3636 1168 interpres
3666 1106 3749 1153 est

2155 1203 2339 1255 verax,
2364 1198 2457 1244 aut
2480 1190 2727 1261 congruit
2746 1191 2848 1246 illis
2869 1191 3212 1262 Septuaginta
3235 1192 3637 1263 interpretibus,
3658 1199 3752 1246 aut

2158 1280 2203 1334 si
2229 1295 2523 1352 congruere
2546 1297 2652 1337 non
2682 1283 2911 1350 videtur,
2936 1283 3163 1339 altitudo
3187 1282 3259 1338 ibi
3290 1282 3600 1353 prophetica
3628 1282 3752 1338 esse

2158 1370 2423 1427 credenda
2463 1380 2564 1428 est.
2607 1372 2839 1444 Spiritus
2876 1374 3018 1430 enim
3056 1375 3148 1445 qui
3186 1374 3242 1429 in
3286 1373 3572 1445 Pr0phelis
3596 1382 3751 1439 erat,

2159 1464 2374 1535 quando
2398 1465 2488 1520 illa
2514 1466 2783 1533 dixerunt,
2814 1466 2953 1523 idem
2982 1468 3098 1538 ipse
3125 1476 3241 1523 erat
3263 1467 3421 1522 etiam
3447 1467 3500 1520 in
3526 1463 3759 1535 Septua-

2159 1557 2304 1628 ginta
2323 1559 2474 1624 viris,
2497 1559 2711 1629 quando
2736 1560 2826 1615 illa
2852 1561 3186 1631 interpretati
3212 1567 3337 1615 sunt
3360 1576 3374 1612 ε
3397 1558 3486 1629 qui
3511 1556 3757 1628 profecto

2160 1648 2477 1704 auctoritate
2524 1649 2703 1705 divina
2738 1658 2795 1705 et
2837 1650 2981 1704 aliud
3023 1650 3205 1705 dicere
3246 1648 3456 1719 potuit,
3494 1656 3758 1716 tanquam

2162 1738 2424 1809 propheta
2452 1740 2540 1796 ille
2568 1753 2853 1811 utrumque
2880 1741 3120 1807 dixisset,
3149 1741 3272 1811 quia
3298 1748 3585 1809 utrumque
3611 1737 3760 1792 idem

2162 1829 2393 1901 Spiritus
2416 1831 2647 1899 diceret;
2675 1841 2731 1888 et
2757 1833 2857 1887 hoc
2888 1832 3060 1903 ipsum
3090 1832 3265 1897 aliter,
3289 1838 3348 1885 ut
3371 1830 3413 1884 si
3438 1844 3543 1883 non
3565 1827 3760 1882 eadem

2163 1921 2357 1989 verba,
2391 1922 2531 1978 idem
2563 1932 2740 1980 tamen
2771 1938 2963 1979 sensus
2995 1923 3133 1977 bene
3172 1919 3587 1992 intelligentibus
3612 1918 3762 1973 dilu-

2164 2022 2437 2078 cesceret;
2468 2022 2525 2070 et
2551 2014 2750 2085 aliquid
2776 2014 3206 2085 praetermittere,
3235 2021 3290 2067 et
3313 2010 3511 2081 aliquid
3533 2009 3759 2076 addere,

2167 2114 2225 2158 ut
2264 2105 2426 2160 etiam
2467 2104 2594 2161 hinc
2635 2104 3011 2162 ostenderetur
3048 2119 3154 2159 non
3197 2103 3484 2158 humanam
3514 2101 3681 2155 fuisse
3708 2100 3762 2154 in

2167 2194 2263 2250 illo
2289 2211 2453 2267 opere
2481 2199 2813 2266 servitutem,
2837 2213 2996 2269 quam
3018 2197 3195 2253 verbis
3215 2195 3443 2253 debebat
3468 2194 3761 2263 interpres,

2168 2289 2264 2346 sed
2291 2290 2523 2345 divinam
2551 2292 2726 2363 potius
2755 2301 3095 2363 potestatem,
3119 2304 3240 2360 quae
3264 2296 3495 2344 mentem
3521 2285 3765 2357 replebat

2169 2392 2225 2439 et
2250 2382 2470 2454 regebat
2490 2384 2817 2455 interpretis.
2832 2363 3094 2439 {Nonnulli
3119 2390 3295 2437 autem
3317 2378 3531 2435 codices
3555 2390 3767 2447 graecos

2170 2476 2626 2546 interpretationis
2681 2476 3028 2546 Septuaginta
3082 2490 3148 2530 ex
3205 2472 3436 2530 hebraeis
3491 2470 3768 2527 codicibus

2171 2569 2536 2625 emendandos
2563 2577 2814 2640 putarunt
2846 2586 2861 2625 :
2888 2582 2989 2624 nec
3016 2577 3192 2623 tamen
3218 2566 3335 2621 ausi
3364 2571 3489 2620 sunt
3514 2561 3768 2618 detrahe-

2172 2677 2261 2730 re,
2289 2660 2432 2732 quod
2468 2661 2669 2718 hebrtei
2708 2677 2814 2716 non
2853 2660 3154 2725 habebant,
3196 2667 3252 2715 et
3286 2655 3634 2727 Septuaginta
3672 2669 3771 2725 po-

2172 2762 2428 2819 suerunt;
2458 2752 2553 2807 sed
2580 2753 2947 2808 tantummodo
2966 2750 3285 2807 addiderunt
3312 2764 3431 2821 quae
3456 2748 3509 2802 in
3537 2746 3771 2802 hebraeis

2174 2843 2418 2910 inventa,
2451 2843 2592 2914 apud
2630 2842 2974 2914 Septuaginta
3018 2856 3125 2897 non
3165 2850 3355 2906 erant;
3393 2853 3564 2909 eaque
3600 2836 3772 2907 signis

2174 2935 2491 3005 quibusdam
2518 2937 2572 2991 in
2598 2936 2872 2990 stellarum
2899 2934 3117 2990 modum
3145 2932 3299 2988 factis
3318 2974 3333 2999 ,
3363 2931 3432 2987 ad
3466 2931 3643 3001 capita
3671 2944 3769 2985 eo-

2175 3027 2422 3083 rumdem
2455 3042 2717 3083 .versuum
2758 3033 3117 3091 notaverunt,
3159 3039 3280 3095 quae
3308 3023 3459 3094 signa
3481 3021 3773 3077 asteriscos

2174 3127 2387 3173 vocant.
2419 3119 2511 3173 Illa
2539 3133 2668 3173 vero
2692 3113 2810 3187 quae
2840 3131 2944 3171 non
2975 3114 3171 3170 habent
3196 3114 3420 3181 hebrazi,
3448 3112 3652 3169 habent
3672 3126 3773 3166 au-

2176 3215 2285 3263 tem
2315 3207 2659 3279 Septuaginta
2679 3250 2695 3274 ,
2732 3205 2975 3262 similiter
3003 3204 3071 3259 ad
3096 3205 3270 3275 capita
3298 3217 3549 3259 versuum
3580 3204 3772 3273 jacen-

2179 3300 2322 3355 tibus
2353 3300 2607 3370 virgulis,
2642 3299 2781 3353 sicut
2824 3297 3130 3353 scribuntur
3167 3296 3371 3364 unciae,
3400 3296 3771 3367 signaverunt.

2178 3389 2246 3445 Et
2273 3390 2425 3445 multi
2447 3390 2658 3445 codices
2684 3391 2779 3444 has
2805 3396 2961 3444 notas
2985 3387 3244 3443 habentes
3268 3400 3647 3457 usquequaque
3668 3383 3777 3440 dif-

2176 3479 2278 3535 fusi
2308 3489 2433 3535 sunt
2460 3488 2516 3535 et
2543 3480 2691 3535 latini
2713 3481 2753 3534 ί.
2784 3479 2915 3547 Qua:
2953 3488 3133 3535 autem
3162 3493 3269 3533 non
3300 3477 3659 3548 praetermissa
3683 3472 3775 3531 vel

2176 3570 2356 3625 addita
2377 3612 2392 3635 ,
2421 3569 2517 3626 sed
2546 3570 2701 3627 aliter
2727 3570 2868 3626 dicta
2908 3579 3064 3636 sunt,
3095 3570 3209 3625 sive
3241 3570 3404 3625 alium
3442 3583 3657 3624 sensum
3687 3568 3774 3622 fa-

2177 3661 2323 3717 ciant
2346 3661 2507 3718 etiam
2545 3662 2721 3732 ipsum
2751 3676 2859 3717 non
2887 3660 3264 3716 abhorrentem
3284 3701 3300 3727 ,
3331 3660 3446 3715 sive
3473 3659 3576 3713 alio
3604 3657 3775 3713 modo

2178 3754 2427 3811 eumdem
2451 3768 2669 3811 sensum
2691 3754 2960 3824 explicare
2986 3761 3373 3821 monstrentur,
3401 3751 3506 3806 nisi
3529 3751 3776 3821 utrisque

2178 3843 2450 3899 codicibus
2488 3843 2745 3914 inspectis
2786 3850 3057 3913 nequeunt
3094 3842 3359 3912 reperiri._
3381 3841 3438 3898 Si
3476 3841 3669 3913 igitur,
3712 3847 3778 3895 ut

2178 3942 2410 4004 oportet,
2443 3934 2574 3989 nihil
2599 3933 2745 3989 aliud
2781 3935 3086 3989 intueamur
3112 3933 3164 3987 in
3194 3931 3483 4003 Scripturis
3511 3931 3636 3996 illis,
3665 3930 3775 3985 nisi

2177 4026 2303 4097 quid
2334 4041 2429 4097 per
2455 4025 2699 4082 homines
2722 4025 2918 4082 dixerit
2939 4025 3031 4081 Dei
3052 4024 3302 4095 Spiritus,
3325 4022 3579 4096 quidquid
3604 4030 3689 4077 est
3716 4021 3775 4076 in

2178 4117 2407 4174 hebraeis
2433 4118 2740 4183 codicibus,
2769 4126 2825 4173 et
2862 4132 2970 4172 non
3007 4124 3091 4173 est
3129 4114 3270 4187 apud
3314 4116 3633 4184 interpretes
3669 4111 3777 4167 Se—

2178 4208 2453 4279 ptuaginta
2477 4208 2651 4263 noluit
2675 4223 2737 4264 ea
2766 4224 2862 4278 per
2889 4207 3042 4275 istos,
3071 4205 3167 4263 sed
3200 4221 3294 4276 per
3323 4206 3442 4261 illos
3467 4203 3777 4274 Prophetas
3868 4272 3871 4273 ν

2181 4300 2273 4355 Dei
2312 4300 2545 4371 Spiritus
2571 4299 2774 4357 dicere.
2811 4298 3077 4370 Quidquid
3106 4312 3235 4354 vero
3261 4306 3345 4353 est
3369 4295 3509 4368 apud
3538 4295 3774 4365 Septua—

2176 4393 2321 4463 ginta
2341 4434 2358 4461 ,
2390 4392 2444 4446 in
2475 4391 2702 4447 hebrazis
2727 4400 2906 4446 autem
2933 4389 3207 4446 codicibus
3230 4402 3338 4444 non
3363 4395 3447 4443 est
3467 4426 3484 4453 ,
3514 4400 3612 4457 per
3633 4385 3775 4440 istos

2177 4498 2243 4539 ea
2274 4484 2494 4549 maluit,
2521 4497 2679 4553 quam
2709 4497 2806 4551 per
2833 4482 2987 4548 illos,
3020 4480 3164 4536 idem
3189 4480 3420 4552 Spiritus
3444 4477 3619 4532 dicere
3639 4515 3654 4542 ,
3684 4476 3775 4531 sic

2176 4576 2466 4632 ostendens
2491 4585 2745 4645 utrosque
2769 4575 2933 4630 fuisse
2964 4573 3271 4645 prophetas.
3301 4572 3409 4627 Isto
3434 4571 3575 4626 enim
3603 4568 3777 4623 modo

2177 4669 2279 4723 alia
2304 4684 2398 4738 per
2422 4668 2635 4734 Isaiam,
2657 4667 2758 4721 alia
2783 4682 2883 4739 per
2908 4666 3216 4731 Jeremiam,
3243 4664 3345 4719 alia
3374 4678 3470 4735 per
3497 4662 3659 4717 alium
3684 4670 3774 4715 at-

2175 4776 2281 4831 que
2317 4761 2480 4815 alium
2513 4759 2825 4830 prophetam
2847 4801 2863 4826 ,
2891 4759 2976 4815 vel
3002 4759 3157 4813 aliter
3178 4755 3366 4811 eadem
3404 4770 3502 4825 per
3537 4753 3674 4808 hunc
3697 4768 3774 4809 ac

2178 4867 2273 4922 per
2297 4851 2447 4906 illum
2476 4851 2628 4918 dixit,
2660 4858 2713 4905 ut
2738 4850 2925 4905 voluit.
2958 4847 3221 4917 Quidquid
3247 4860 3407 4917 porro
3426 4844 3564 4916 apud
3587 4852 3775 4899 utros-

2176 4959 2280 5014 que
2305 4943 2590 5010 invenitur,
2626 4956 2721 5011 per
2748 4951 3001 5011 utrosque
3025 4938 3206 4994 dicere
3233 4937 3403 4993 voluit
3437 4949 3574 4991 unus
3601 4944 3774 5005 atque

2177 5036 2317 5091 idem
2343 5036 2603 5106 Spiritus;
2632 5034 2724 5090 sed
2748 5034 2839 5100 ita,
2866 5042 2925 5088 ut
2950 5031 3027 5086 illi
3053 5028 3417 5101 praecederent
3438 5026 3773 5098 prophetau-

2175 5127 2276 5194 do,
2307 5128 2391 5182 isti
2420 5135 2773 5197 sequerentur
2807 5122 3116 5194 prophetice
3155 5122 3277 5177 illos
3313 5116 3713 5189 interpretando
3752 5134 3770 5172 :

2175 5218 2300 5289 quia
2342 5219 2481 5273 sicut
2526 5219 2580 5272 in
2624 5216 2731 5271 illis
2768 5229 2925 5282 vera,
2956 5222 3013 5270 et
3049 5211 3430 5270 concordantia
3464 5207 3774 5265 dicentibus

2178 5327 2316 5368 unus
2355 5312 2504 5383 pacis
2542 5310 2770 5381 Spiritus
2816 5307 2947 5372 fuit;
2978 5306 3057 5363 sic
3098 5314 3153 5363 et
3188 5306 3243 5361 in
3281 5304 3398 5361 istis
3432 5316 3539 5357 non
3576 5313 3774 5355 secum

2175 5402 2593 5471 conferentibus,
2626 5410 2681 5457 et
2708 5408 2884 5456 tamen
2913 5406 3165 5469 tanquam
3198 5411 3305 5452 uno
3332 5408 3428 5451 ore
3456 5399 3649 5449 cuncta
3674 5389 3773 5445 in-

2178 5497 2613 5568 terpretantibus,
2641 5495 2781 5553 idem
2807 5494 3040 5565 Spiritus
3065 5508 3202 5549 unus
3228 5487 3496 5562 apparuit.

2179 5779 2214 5831 b
2244 5719 2258 5751 ί
2283 5725 2422 5830 ιωινη
2440 5715 2594 5788 graxi
2612 5721 2657 5769 et
2690 5711 2843 5767 latini.
2868 5712 2984 5764 aditi
3010 5710 3090 5763 alii
3115 5716 3166 5763 et
3202 5705 3510 5769 manusuiptt
3542 5714 3639 5752 non
3671 5698 3772 5749 ha-

2216 5792 2280 5831 cu
2304 5814 2319 5831 .
2340 5793 2505 5831 m'wct.

2216 5792 2319 5841 cut,
2339 5793 2505 5848 φατι.
