4062 6478
244 345 344 404 605

243 501 467 560 CAPUT
497 502 687 560 XLIV.
709 533 782 548 —
809 503 948 573 Quid
973 502 1352 576 intelligendum
1383 502 1448 557 sit
1475 505 1538 556 de
1563 499 1825 556 Ninivita-

315 610 426 648 rum
451 595 670 662 excidio,
697 597 844 668 cujus
870 597 1180 651 denuntiatio
1207 595 1258 649 in
1283 593 1478 648 hebrteo
1493 590 1828 662 quadraginta

315 683 512 743 dierum
538 689 704 756 spatio
743 690 964 744 tenditur
981 729 999 760 ,
1027 690 1082 744 in
1109 687 1444 760 Septuaginta
1481 691 1644 739 autent
1673 682 1828 737 tridui

317 779 552 836 brevitate
576 778 912 834 concluditur.

315 907 416 964 Sed
459 911 536 964 ait
562 909 789 980 aliquis,
820 909 1096 976 Quomodo
1135 907 1298 962 sciam
1330 903 1454 976 quid
1493 904 1657 960 Jonas
1701 916 1827 972 pro-

243 1003 401 1074 pheta
425 1003 624 1058 dixerit
645 1001 909 1066 Ninivitis,
929 1010 1106 1056 utrum
1123 999 1392 1066 Triduum,
1415 1007 1462 1052 et
1485 996 1669 1050 Ninive
1694 1009 1830 1048 ever-

246 1104 410 1160 tetur;
439 1109 509 1148 an
529 1136 544 1158 ,
580 1094 929 1166 Quadraginta
949 1093 1053 1146 dies
1078 1092 1096 1163 (
1119 1091 1267 1146 Jones
1291 1106 1368 1158 ιιι,
1397 1087 1502 1160 4)?
1531 1087 1660 1154 Quis
1685 1085 1826 1140 enim

243 1200 348 1240 non
371 1185 550 1240 videat
580 1201 688 1240 non
709 1185 942 1254 potuisse
977 1191 1258 1254 utrumque
1279 1190 1401 1236 tunc
1419 1179 1523 1234 dici
1543 1193 1572 1232 a
1593 1175 1830 1246 PrOphe-

245 1283 318 1342 ta,
345 1276 438 1347 qui
467 1278 666 1332 missus
693 1276 865 1332 fuerat
892 1285 1091 1332 terrere
1116 1273 1523 1328 comminatione
1551 1269 1832 1324 imminen-

243 1367 312 1432 tis
337 1367 486 1422 exitii
526 1367 834 1434 civitatem?
877 1366 976 1421 Cui
1005 1366 1051 1420 si
1082 1365 1236 1420 tertio
1278 1365 1364 1418 die
1407 1362 1580 1416 fuerat
1623 1359 1829 1414 futurus

241 1458 528 1526 interitus,
581 1474 688 1514 non
727 1460 908 1528 utique
951 1445 1355 1528 quadragesimo
1399 1455 1521 1508 die:
1555 1453 1600 1508 si
1652 1459 1828 1504 autem

171 1579 178 1592 ι
244 1549 688 1621 quadragesimo,
732 1565 838 1604 non
903 1549 1083 1618 utique
1144 1547 1318 1602 tertio.
1382 1545 1434 1600 Si
1489 1559 1614 1614 ergo
1663 1557 1693 1596 a
1745 1556 1829 1596 me

243 1642 528 1711 quatritur,
557 1640 684 1710 quid
731 1639 918 1695 horum
962 1639 1124 1694 Jonas
1188 1637 1400 1702 dixerit,
1429 1635 1528 1690 hoc
1567 1641 1692 1704 puto
1736 1648 1830 1702 po-

245 1732 348 1786 titts
399 1731 545 1800 quod
601 1731 794 1800 legitur
845 1731 896 1785 in
953 1729 1202 1796 hebrazo,
1235 1727 1584 1798 Quadraginta
1609 1725 1736 1790 dies,
1782 1731 1829 1777 et

243 1821 431 1876 Ninire
459 1830 722 1876 evertetur.
743 1821 1085 1892 Septuaginta
1131 1821 1325 1892 quippe
1368 1820 1526 1888 longe
1569 1815 1828 1887 posterius

241 1912 574 1982 interpretati
596 1913 738 1970 aliud
757 1913 934 1969 dicere
955 1921 1256 1982 potuerunt,
1281 1911 1419 1982 quod
1441 1919 1612 1965 tamen
1629 1907 1694 1962 ad
1717 1921 1828 1962 rem

241 2005 556 2074 pertineret,
585 2013 640 2058 et
669 2003 720 2058 in
748 2019 908 2058 unum
937 2003 1287 2072 eamdemque
1315 2016 1526 2058 sensum
1544 2042 1557 2064 ,
1589 1998 1831 2070 quamvis

241 2092 342 2150 sub
365 2093 532 2148 altera
563 2093 981 2165 signiﬁcatione,
1015 2101 1385 2156 concurreret;
1415 2091 1830 2158 admoneretque

243 2182 524 2248 lectorem,
559 2189 780 2254 utraque
810 2188 1122 2238 auctoritate
1151 2199 1255 2236 non
1285 2189 1482 2250 spreta,
1515 2179 1581 2232 ab
1613 2177 1830 2232 historia

243 2291 364 2333 sese
389 2277 634 2332 attollere
663 2277 730 2331 ad
754 2291 815 2332 ea
849 2275 1200 2346 requirenda,
1243 2283 1458 2344 prepter
1485 2287 1601 2340 qua:
1629 2267 1830 2340 signiﬁ-

243 2369 413 2424 canda
443 2371 666 2426 historia
694 2371 804 2440 ipsa
835 2371 1130 2440 conscripta
1161 2377 1260 2422 est.
1293 2368 1451 2422 Gesta
1491 2377 1610 2420 sunt
1640 2365 1834 2434 quippe

243 2461 332 2516 illa
363 2461 416 2516 in
449 2460 643 2516 Ninive
683 2456 924 2525 civitate,
958 2460 1049 2514 sed
1076 2459 1272 2530 aliquid
1305 2459 1462 2514 etiam
1494 2455 1833 2526 signiﬁcave-

243 2561 389 2620 runt,
425 2553 564 2624 quod
597 2553 808 2606 modum
847 2553 986 2606 illius
1011 2552 1238 2605 civitatis
1268 2549 1489 2604 excedat
1517 2565 1530 2600 :
1558 2549 1692 2601 sicut
1743 2561 1834 2616 ge-

243 2653 388 2700 stum
429 2655 510 2700 est
534 2687 549 2709 ,
578 2645 716 2714 quod
749 2645 862 2714 ipse
900 2643 1166 2714 Propheta
1211 2643 1266 2696 in
1299 2651 1480 2696 ventre
1525 2639 1627 2694 ceti
1660 2639 1834 2693 triduo

245 2735 368 2800 fuit,
395 2747 448 2790 et
472 2745 646 2790 tamen
692 2737 852 2790 alium
893 2733 1208 2805 signiﬁcavit
1255 2733 1308 2786 in
1353 2729 1615 2802 profundo
1645 2727 1836 2784 inferni

245 2827 426 2881 triduo
455 2826 723 2892 futurum,
757 2827 844 2896 qui
887 2825 1142 2880 Dominus
1168 2831 1252 2878 est
1276 2823 1510 2878 omnium
1541 2821 1836 2892 Propheta-

243 2933 386 2976 rum.
417 2919 752 2990 Quapmpter
776 2920 819 2973 si
845 2937 937 2989 per
959 2919 1102 2972 illam
1126 2918 1392 2972 civitatem
1416 2923 1561 2971 recte
1581 2915 1838 2985 accipitur

243 3010 488 3066 Ecclesia
521 3010 755 3080 gentium
787 3009 1097 3080 prophetico
1123 3009 1340 3078 ﬁgurata
1365 3047 1380 3074 ,
1421 3021 1607 3062 eversa
1639 3005 1841 3059 scilicet

245 3117 350 3173 per
375 3103 768 3174 penitentiam,
793 3109 848 3156 ut
877 3101 1044 3171 qualis
1073 3099 1242 3154 fuerat
1263 3099 1372 3170 jam
1400 3113 1503 3154 non
1533 3107 1707 3162 esset;
1736 3095 1840 3152 hoc

245 3194 500 3265 quoniam
528 3209 622 3264 per
642 3193 906 3248 Christum
930 3192 1123 3246 factum
1151 3199 1231 3246 est
1251 3191 1302 3245 in
1321 3189 1558 3246 Ecclesia
1581 3188 1838 3260 gentium,

245 3286 404 3356 cujus
433 3285 524 3340 illa
548 3285 736 3342 Ninive
755 3286 971 3355 ﬁguram
987 3283 1225 3356 gerebat,
1244 3283 1355 3338 sive
1376 3299 1472 3354 per
1496 3283 1842 3352 quadraginta

247 3375 386 3443 dies,
417 3377 528 3432 sive
555 3377 917 3449 pertriduum,
941 3375 1213 3446 idem'ipse
1231 3374 1555 3446 signiﬁcatus
1580 3383 1661 3430 est
1689 3371 1847 3428 Chri-

247 3477 400 3532 stus;
431 3483 525 3537 per
565 3469 909 3540 quadraginta
947 3466 1182 3532 scilicet,
1211 3464 1334 3536 quia
1362 3473 1437 3522 tot
1478 3464 1592 3520 dies
1641 3464 1845 3534 peregit

247 3573 375 3623 cum
410 3559 680 3630 discipulis
708 3559 818 3612 suis
861 3567 979 3628 post
1006 3557 1484 3624 resurrectionem,
1516 3563 1570 3608 et
1605 3553 1844 3609 ascendit

247 3653 310 3710 in
339 3653 569 3718 emtum;
596 3667 694 3723 per
737 3651 966 3706 triduum
991 3663 1150 3716 vero,
1180 3649 1300 3720 quia
1345 3647 1432 3702 die
1463 3647 1620 3702 tertio
1663 3660 1846 3701 resur-

249 3747 396 3804 rexit
427 3763 440 3800 :
469 3755 716 3816 tanquam
759 3745 1012 3800 lectorem
1040 3741 1172 3798 nihil
1214 3739 1356 3796 aliud
1402 3755 1561 3810 quam
1611 3737 1848 3793 historia:

252 3849 438 3894 rerum
466 3845 733 3914 gestarum
765 3835 1025 3890 inhmrere
1051 3833 1370 3904 cupientem,
1402 3831 1470 3886 de
1490 3845 1676 3914 somno
1705 3829 1849 3884 exci-

254 3903 492 3982 taverinl
512 3907 852 3996 Septuaginta
879 3903 1214 3994 interpretes,
1239 3921 1506 3992 iidemque
1531 3903 1810 3992 l’rOphette
1828 3961 1846 3990 ,

251 4017 326 4074 ad
354 4017 790 4089 perscrutandam
815 4017 1142 4071 altitudinem
1169 4013 1482 4084 pr0phetim,
1512 4021 1566 4068 et
1590 4011 1850 4082 quodam-

253 4109 424 4188 modo
446 4109 676 4163 dixerint
704 4126 717 4160 :
749 4106 802 4160 ln
829 4106 1175 4176 quadraginta
1221 4103 1406 4158 diebus
1435 4103 1606 4173 ipsum
1637 4117 1846 4173 quaere,

253 4201 318 4258 in
345 4217 450 4273 quo
475 4211 530 4256 et
551 4199 782 4256 triduum
811 4199 1046 4270 potueris
1067 4199 1084 4228 ί
1115 4197 1380 4264 invenire;
1409 4195 1538 4251 illud
1579 4197 1630 4250 in
1661 4210 1849 4250 ascen-

255 4293 452 4357 sione,
479 4291 582 4346 hoc
625 4291 680 4346 in
723 4290 837 4360 ejus
885 4289 1278 4345 resurrectione
1323 4288 1580 4358 reperies.
1631 4287 1853 4357 Propter

255 4381 404 4454 quod
431 4391 656 4454 utroque
683 4397 904 4438 numero
931 4381 1212 4452 signiﬁcari
1233 4379 1734 4436 convenientissime
1759 4394 1856 4450 po-

259 4475 398 4540 tuit,
431 4489 656 4544 quorum
683 4489 844 4527 unum
875 4488 970 4542 per
1011 4473 1196 4527 Jonam
1230 4472 1582 4543 prophetam,
1627 4473 1852 4526 alterum

261 4577 364 4634 per
393 4563 735 4632 Septuaginta
765 4562 1112 4632 interpretum
1141 4561 1494 4631 prophetiam,
1519 4569 1696 4616 tamen
1719 4576 1853 4618 unus

259 4664 422 4724 atque
451 4655 590 4709 idem
615 4653 844 4724 Spiritus
869 4654 1018 4707 dixit.
1042 4651 1446 4722 Longitudinem
1469 4650 1633 4723 fugio,
1663 4661 1720 4706 ut
1747 4667 1854 4707 non

263 4751 384 4807 haec
431 4767 526 4821 per
553 4753 716 4806 multa
762 4749 1158 4816 demonstrem,
1191 4749 1241 4802 in
1283 4749 1471 4818 quibus
1500 4747 1568 4802 ab
1609 4747 1855 4802 hebraica

263 4842 494 4898 veritate
519 4851 772 4913 putantur
795 4840 1138 4910 Septuaginta
1177 4839 1493 4908 interpretes
1515 4837 1818 4906 discrepare
1834 4877 1850 4902 ,

263 4939 328 4987 et
351 4931 490 4986 bene
529 4931 782 4986 intellecti
827 4931 1166 4984 inveniuntur
1207 4943 1324 4982 esse
1364 4925 1671 4982 concordes.
1709 4925 1857 4981 Unde

261 5023 432 5078 etiam
457 5037 558 5094 ego
579 5037 678 5092 pro
720 5037 841 5076 meo
870 5021 1084 5078 modqu
1109 5019 1327 5090 vestigia
1367 5033 1596 5089 sequens
1625 5019 1856 5088 Aposto-

265 5113 470 5177 lorum,
497 5114 618 5184 quia
643 5123 694 5168 et
726 5113 825 5184 ipsi
876 5127 942 5167 ex
969 5113 1202 5180 utrisque
1220 5152 1234 5176 ,
1263 5111 1314 5165 id
1339 5119 1439 5176 est,
1467 5126 1532 5166 ex
1561 5109 1788 5164 hebraeis
1806 5117 1859 5164 et

265 5219 338 5259 ex
359 5203 724 5274 Septuaginta,
743 5203 1041 5259 testimonia
1059 5201 1364 5272 prophetica
1383 5207 1692 5272 posuerunt,
1717 5207 1860 5254 utra-

265 5309 379 5366 que
405 5299 720 5350 auctoritate
742 5295 993 5350 utendnm
1012 5295 1210 5365 putavi,
1233 5294 1480 5364 quoniam
1511 5301 1731 5362 utraque
1757 5306 1858 5346 una

265 5397 434 5456 atque
461 5389 640 5442 divina
666 5397 766 5443 est.
796 5387 900 5444 Sed
925 5387 1036 5459 jam
1065 5401 1182 5458 qua:
1208 5393 1432 5456 restant,
1461 5393 1518 5441 ut
1545 5399 1822 5458 possumus
1841 5425 1858 5456 ,

267 5495 649 5550 exsequamur.

346 5637 364 5669 ι
396 5639 470 5684 Stc
490 5641 594 5684 Mss.
621 5632 738 5684 Editi
759 5645 895 5694 vero,
918 5631 1110 5697 poteris.

1417 335 1620 396 LIBER
1645 327 1944 392 DECIMUS
1984 326 2203 385 001Ἂῖν
2214 328 2314 386 US.

3399 329 3506 386 606

1927 455 2154 513 CAPUT
2178 455 2337 512 XLV.
2363 485 2434 498 —
2461 455 2610 524 Quod
2638 463 2747 526 post
2769 449 3178 510 instaurationem
3197 447 3366 520 templi
3388 463 3505 518 pro-

2000 546 2176 617 phetas
2218 543 2391 598 Juda'i
2433 545 2611 598 habere
2637 543 2946 608 destiterint,
2973 549 3020 596 et
3052 539 3233 596 exinde
3260 553 3414 607 usque
3439 539 3504 590 ad

2001 634 2308 688 nativitatem
2325 633 2507 689 Christi
2524 635 2770 688 continuis
2786 632 3165 688 adversitatibus
3183 629 3283 684 sint
3305 628 3504 699 afﬂicti,

2000 734 2056 780 ut
2081 724 2374 795 probaretur
2399 725 2602 780 alterius
2628 724 2801 795 templi
2841 724 3223 794 ludiﬁcationem
3251 717 3511 791 praplteti-

2001 815 2073 868 cis
2092 813 2292 868 vocibus
2319 814 2474 883 fuisse
2500 815 2816 884 promissam.

2003 907 2056 960 l.
2086 905 2433 976 Posteaquam
2460 919 2590 974 gens
2617 903 2795 958 Judaea
2823 903 2984 973 capit
3019 917 3126 957 non
3151 899 3347 957 habere
3373 895 3509 952 Pro-

1932 997 2154 1067 phetas,
2201 997 2385 1066 procul
2430 995 2590 1050 dubio
2617 995 2848 1050 deterior
2875 993 3012 1050 facta
3058 1001 3172 1060 est,
3216 1006 3280 1046 eo
3310 986 3513 1044 scilicet

1935 1099 2203 1158 tempore,
2233 1105 2339 1158 quo
2364 1104 2422 1144 se
2450 1087 2696 1157 sperabat
2721 1088 3011 1141 instaurate
3035 1085 3229 1154 templo
3255 1089 3377 1152 post
3417 1094 3511 1134 ca-

1937 1182 2250 1250 ptivitatem,
2272 1196 2388 1249 qua:
2413 1179 2574 1232 fuitin
2601 1177 2909 1248 Babylonia,
2931 1175 3158 1229 futuram
3183 1187 3300 1227 esse
3323 1169 3510 1225 melius

1931 1289 2066 1328 rem.
2119 1271 2210 1327 Sic
2251 1273 2446 1342 quippe
2495 1269 2820 1340 intelligehat
2865 1267 3092 1336 pepulus
3130 1263 3218 1318 ille
3246 1259 3512 1326 carnalis,

1932 1363 2070 1434 quod
2113 1363 2522 1432 praenuntiatum
2568 1370 2647 1414 est
2693 1374 2786 1428 per
2813 1359 3061 1426 Aggteum
3093 1351 3402 1423 prophetam
3431 1349 3515 1402 di-

1931 1465 2162 1521 centem,
2189 1453 2380 1524 Magna
2405 1453 2497 1506 erit
2519 1451 2681 1524 gloria
2708 1449 2885 1503 domus
2915 1446 3057 1502 istius
3081 1443 3379 1504 novissimw,
3405 1439 3517 1508 plus

1931 1561 2082 1616 quam
2103 1546 2298 1616 primm.
2329 1541 2478 1612 Quod
2505 1542 2572 1594 de
2598 1557 2739 1594 novo
2767 1537 3108 1591 Testamento
3136 1531 3332 1586 dictum
3361 1542 3478 1582 esse
3498 1565 3516 1592 ,

1933 1637 2092 1710 paulo
2122 1635 2367 1705 superius
2396 1627 2799 1694 demonstravit,
2833 1627 2918 1681 ubi
2946 1625 3020 1679 ait
3040 1630 3225 1694 aperte
3251 1619 3520 1674 Christum

1932 1707 2266 1797 promittens,
2301 1723 2366 1777 Et
2392 1722 2593 1776 movebo
2619 1735 2789 1773 omnes
2813 1725 3000 1788 gentes,
3033 1723 3078 1767 et
3123 1713 3280 1766 veniet
3307 1707 3521 1762 Deside-

1933 1827 2073 1870 ratus
2091 1817 2282 1870 curratis
2293 1813 2519 1886 gentibus
2543 1811 2737 1886 (Aggwi
2751 1825 2808 1874 ιι,
2829 1809 2915 1873 10,
2936 1807 3016 1875 8).
3035 1805 3149 1872 Quo
3169 1803 3286 1855 loco
3301 1799 3522 1867 Septua-

1933 1907 2076 1977 ginta
2108 1907 2421 1974 interpretes
2457 1903 2618 1956 alium
2665 1913 2879 1955 sensum
2924 1895 3090 1965 magis
3124 1889 3336 1962 corpori
3363 1903 3520 1958 quam

1939 1999 2120 2070 capiti,
2148 1999 2250 2054 hoc
2279 2006 2391 2062 est,
2422 1995 2589 2064 magis
2629 1991 2879 2048 Ecclesire
2908 2004 3062 2060 quam
3091 1985 3301 2040 Christo
3329 1994 3522 2036 conve—

1933 2091 2166 2146 nientem
2193 2087 2499 2160 prophetica
2526 2085 2838 2142 auctoritate
2863 2081 3115 2136 dixerunt
3138 2095 3152 2132 :
3189 2074 3392 2130 Veniant
3413 2086 3522 2140 qua:

1936 2181 2090 2238 electa
2110 2191 2226 2238 sunt
2259 2179 2459 2234 Domini
2483 2179 2545 2234 de
2570 2177 2761 2231 cunctis
2789 2173 3037 2246 gentibus,
3066 2169 3118 2226 id
3145 2175 3226 2224 est
3253 2164 3519 2228 homines,

1937 2273 2003 2330 de
2019 2273 2209 2346 quibus
2225 2272 2340 2342 ipse
2357 2271 2512 2327 Jesus
2533 2269 2588 2324 in
2607 2267 2915 2338 Evangelio,
2938 2263 3108 2328 Mulli,
3129 2259 3316 2330 inquit,
3337 2255 3520 2320 vocati,

1937 2368 2086 2438 pauci
2107 2382 2218 2420 vero
2249 2365 2391 2418 electi
2417 2361 2639 2434 (Matth.
2665 2376 2794 2424 χιιι,
2828 2359 2894 2413 N
2913 2359 2953 2428 ).
2979 2354 3192 2410 Talibus
3217 2349 3356 2405 enim
3387 2347 3523 2402 elec-

1937 2460 2004 2514 tis
2029 2458 2299 2528 gentium,
2325 2456 2516 2510 domus
2559 2453 2652 2506 Dei
2679 2449 2968 2506 aediﬁcatur
2992 2462 3088 2518 per
3128 2443 3525 2496 Testamentum

1937 2567 2134 2606 novum
2153 2547 2412 2620 lapidibus
2435 2545 2587 2612 vivis,
2609 2544 2764 2611 longe
2781 2539 3074 2612 gloriosior,
3094 2549 3250 2605 quam
3274 2529 3526 2600 templum

1938 2643 2067 2698 illud
2095 2641 2213 2706 fuit,
2247 2638 2386 2710 quod
2416 2653 2444 2690 a
2471 2651 2596 2706 rege
2625 2633 2912 2688 Salomone
2938 2632 3297 2683 constructum
3325 2627 3406 2676 est
3428 2660 3442 2686 ,
3473 2624 3528 2671 et

1940 2746 2061 2806 post
2089 2733 2446 2804 captivitatem
2476 2729 2845 2784 instauratum.
2877 2722 3102 2790 Propter
3151 2716 3254 2770 hoc
3279 2728 3405 2784 ergo
3431 2725 3528 2766 nec

1939 2801 2231 2895 i’rophetas
2258 2839 2324 2878 ex
2356 2822 2446 2876 illo
2479 2831 2715 2888 tempore
2745 2813 2930 2868 habuit
2957 2811 3042 2865 illa
3069 2823 3229 2880 gens,
3258 2813 3312 2861 et
3353 2801 3528 2895 multis

1941 2893 2180 2972 cladibus
2207 2913 2402 2968 afﬂicta
2447 2919 2530 2967 est
2570 2909 2637 2963 ab
2677 2903 2988 2974 alienigenis
3023 2899 3267 2972 regibus,
3299 2893 3528 2968 ipsisque

1945 3009 2220 3072 Romanis,
2248 3022 2316 3062 ne
2341 3005 2476 3059 hanc
2501 2999 2680 3072 Αεεωὶ
2710 2997 3041 3070 prophetiam
3068 2993 3120 3047 in
3147 2991 3237 3046 illa
3265 2990 3528 3046 instaura-

1942 3103 2088 3160 tione
2117 3099 2300 3170 templi
2327 3097 2633 3168 opinaretur
2655 3090 2947 3161 impletam.

2013 3195 2069 3250 2.
2091 3193 2206 3249 Non
2231 3191 2398 3247 multo
2415 3189 2554 3243 enim
2583 3192 2704 3256 post
2729 3181 3042 3237 adveniente
3072 3173 3376 3232 Alexandro
3404 3170 3529 3226 sub-

1943 3289 2122 3360 iugata
2149 3296 2234 3342 est
2263 3281 2336 3356 (a)
2361 3300 2376 3350 ;
2406 3279 2620 3352 quando
2667 3275 2766 3332 etsi
2797 3273 2941 3329 nulla
2969 3271 3104 3324 facta
3155 3275 3238 3322 est
3283 3263 3528 3328 vastatio,

1945 3357 2194 3452 quoniam
2226 3392 2330 3432 non
2371 3381 2494 3430 sunt
2528 3370 2642 3426 ausi
2668 3368 2716 3423 ei
2747 3365 3016 3428 resistere,
3045 3369 3098 3417 et
3121 3359 3240 3414 ideo
3267 3357 3528 3452 placatum

1947 3443 2198 3530 facillime
2219 3468 2414 3526 subditi
2465 3469 2800 3534 receperunt,
2831 3471 2939 3512 non
2987 3461 3102 3510 erat
3159 3459 3334 3506 tamen
3360 3443 3530 3516 gloria

1947 3575 2095 3622 tanta
2109 3563 2298 3619 domus
2323 3560 2485 3621 illius,
2507 3563 2705 3626 quanta
2723 3551 2822 3606 fuit
2842 3551 2893 3604 in
2919 3559 3133 3603 suorum
3153 3555 3339 3612 regum
3367 3537 3532 3626 libera

1948 3663 2229 3729 potestate.
2261 3651 2474 3707 llostias
2511 3625 2640 3701 sane
2685 3639 2988 3698 Alexander
3019 3631 3308 3690 immolavit
3337 3629 3390 3682 in
3439 3625 3531 3680 Dei

1949 3727 2170 3814 templo,
2201 3757 2306 3797 non
2357 3738 2421 3794 ad
2452 3737 2565 3807 ejus
2589 3733 2790 3790 cultum
2820 3743 2944 3786 vera
2977 3727 3171 3798 pietate
3219 3731 3532 3814 conversus,

1951 3836 2046 3894 sed
2066 3807 2234 3904 impia
2265 3831 2499 3886 vanitate
2551 3841 2671 3882 cum
2725 3822 2828 3878 diis
2875 3833 2998 3874 eum
3045 3814 3192 3870 falsis
3243 3807 3530 3866 colendum

1951 3900 2167 3998 putans.-
2185 3921 2386 3978 Deinde
2417 3917 2736 3973 Ptolemmus
2765 3911 2916 3982 .Lagi
2973 3900 3328 3998 ﬁlius,_quod
3374 3912 3532 3998 supra

1955 3989 2268 4080 memoravi,
2295 4005 2720 4082 postAlexandri
2763 4011 2990 4058 mortem
3032 3989 3268 4082 captivos
3311 3989 3432 4082 inde
3479 3989 3534 4042 in

1955 4106 2242 4178 Egyptum
2273 4081 2558 4164 transtulit,
2605 4110 2739 4166 quos
2769 4093 2884 4161 ejus
2913 4098 3190 4144 successor
3211 4081 3536 4178 Ptolemaeus

1953 4171 2330 4264 Philadelphus
2389 4185 2890 4246 benevolentissime
2963 4178 3088 4233 inde
3141 4171 3392 4264 dimisit:
3439 4181 3536 4238 per

1953 4303 2111 4360 quem
2137 4261 2332 4340 factum
2355 4291 2453 4343 est,
2482 4277 2622 4349 quod
2639 4275 2796 4347 paulo
2811 4281 2936 4326 ante
2977 4264 3207 4326 narravi,
3231 4269 3289 4316 ut
3307 4261 3534 4328 Septua-

1955 4353 2098 4452 ginta
2116 4381 2464 4447 interpretum
2491 4372 2790 4440 Scripturas
2815 4365 3152 4418 haberemus.
3177 4353 3378 4410 Deinde
3403 4365 3536 4452 con-

1959 4440 2066 4529 :riti
2090 4481 2214 4526 sunt
2238 4440 2414 4534 bellis,
2441 4479 2564 4535 qua:
2613 4463 2668 4516 in
2715 4455 3136 4513 blaehabseorum
3175 4447 3336 4535 libris
3363 4440 3535 4510 expli-

1956 4571 2165 4620 cantur.
2189 4561 2317 4615 Post
2345 4533 2471 4610 haec
2489 4553 2626 4622 capti
2647 4565 2677 4604 a
2715 4562 2844 4616 rege
2869 4539 3204 4599 Alexandria:
3227 4533 3534 4622 Ptolemzeo,

1956 4617 2044 4724 qui
2069 4617 2153 4706 est
2176 4647 2469 4720 appellatus
2521 4617 2827 4710 Epiphanes
2872 4631 2976 4705 (b);
3003 4630 3127 4724 inde
3276 4617 3536 4724 antiocho

1957 4711 2084 4814 rege
2111 4711 2280 4812 Syria:
2307 4735 2488 4790 multis
2507 4741 2560 4788 et
2583 4727 2908 4803 gravissimis
2936 4723 3089 4778 malis
3107 4719 3172 4774 ad
3194 4715 3330 4772 idola
3352 4711 3534 4814 colen-

1957 4802 2329 4902 davconipulsi,
2357 4827 2720 4898 templumque
2745 4822 2928 4892 ipsum‘
2959 4816 3220 4902 repletum
3267 4802 3537 4871 sacrilegis

1959 4901 2427 4996 superstitionibus
2469 4917 2728 4990 gentium,
2780 4909 2922 4982 quod
2969 4917 3142 4962 tamen
3191 4901 3296 4996 dux
3347 4909 3534 4950 eorum

1961 4989 2362 5074 strenuissimus
2377 4989 2560 5076 ludas,
2579 5006 2672 5077 qui
2696 5003 2854 5060 etiam
2885 4995 3218 5053 Maehabaeus
3237 4989 3410 5077 dictus
3430 4993 3534 5077 est,

1963 5073 2212 5166 Antiochi
2259 5103 2482 5160 ducibus
2535 5073 2725 5170 pulsis,
2780 5091 2847 5146 ab
2893 5085 3037 5143 omni
3089 5081 3176 5137 illa
3227 5073 3540 5133 idololatria:

1961 5199 2412 5261 contaminatione
2427 5195 2696 5252 mundavit
2725 5189 2814 5260 (c).

2033 5297 2088 5351 5.
2119 5294 2230 5349 Non
2256 5299 2432 5346 autem
2455 5286 2624 5340 multo
2647 5289 2768 5352 post
2793 5275 3026 5333 Alcimus
3051 5269 3264 5342 quidam
3293 5267 3398 5334 per
3423 5276 3539 5316 am-

1964 5389 2240 5450 bitionem,
2299 5395 2420 5437 cum
2459 5394 2488 5432 a
2527 5387 2722 5445 genere
2768 5363 3080 5424 sacerdolali
3125 5367 3267 5414 esset
3315 5355 3538 5417 alienus,

1966 5479 2107 5552 quod
2136 5446 2286 5532 nefas
2314 5478 2446 5534 erat,
2471 5465 2706 5538 pontifex
2729 5461 2896 5516 factus
2909 5462 2991 5512 est
3017 5453 3116 5526 (ἀ).
3145 5446 3399 5518 llincjam
3423 5449 3542 5514 post

2031 5613 2084 5736 Sa
2136 5605 2388 5680 .tosephus,
2407 5603 2491 5652 lib.
2521 5601 2572 5672 lt
2601 5598 2754 5658 Antiq.
2775 5592 2900 5652 Jud.,
2923 5601 3028 5652 cap.
3053 5585 3102 5635 8.

2059 5612 2108 5736 bi
2140 5670 2269 5736 cont.
2295 5665 2480 5736 grandi,
2503 5663 2585 5736 hb.
2609 5655 3095 5736 ιΞε-,οξρξιῒι-...ΜΜΒ

2057 5627 2084 5662 a
2136 5612 2388 5680 Josephus,
2409 5612 2491 5652 tib.
2521 5612 2572 5649 tt
2601 5612 2754 5658 Anuq.
2775 5612 2900 5652 .tuu.,
2923 5612 3028 5652 cup.
3053 5612 3102 5635 ο.

2059 5675 2085 5724 b
2140 5670 2269 5720 Com.
2295 5665 2480 5724 eumd.,
2503 5663 2585 5712 lib.
2613 5659 2687 5718 12,
2713 5669 2817 5719 cap.
2841 5655 2888 5703 5.
3353 5665 3358 5668 ·

2057 5751 2082 5786 c
2138 5731 2274 5788 tbid.,
2299 5729 2386 5776 lib.
2411 5727 2494 5777 cit.
2518 5735 2655 5784 capp.
2680 5717 2776 5776 7,8
2794 5723 2846 5766 et
2867 5711 3202 5782 latachab._v1.
3489 5759 3516 5772 ῃ

2148 5801 2162 5842 t
2186 5789 2390 5844 noctiali.
2405 5801 2490 5848 vn,
2503 5791 2554 5836 et
2568 5781 2820 5850 Josephus,
2845 5777 2930 5829 lib.
2951 5774 3008 5828 12
3022 5779 3176 5835 Anu-.1.
3195 5766 3324 5830 Jud.,
3336 5775 3439 5826 cap.
3462 5759 3516 5810 to

2057 5751 2082 5786 ι’
2138 5737 2274 5788 ιιιιαη
2301 5737 2386 5776 ω).
2411 5737 2494 5777 CIL
2518 5737 2655 5784 capp.
2681 5737 2730 5776 ’l.
2745 5737 2776 5769 ο
2794 5737 2846 5766 et
2869 5737 2883 5762 ι
2905 5737 3122 5782 ιιιίιιῖιιυυ..
3143 5737 3202 5760 u.
3489 5759 3516 5772 ῃ

2034 5737 2113 5858 id
2148 5801 2162 5842 ι
2186 5789 2390 5844 ttaehab.
2405 5801 2490 5848 vn,
2503 5791 2554 5836 et
2568 5781 2820 5850 Jouephus,
2845 5777 2930 5829 lib.
2951 5774 3008 5828 ﬂ
3022 5779 3176 5835 Anu-.1.
3195 5766 3439 5830 Jud.,cap.
3462 5759 3537 5810 lo.
