4062 6526
486 377 591 436 607

487 507 658 549 annos
685 492 853 553 ferme
877 496 1274 571 quinquaginta,
1324 497 1380 555 in
1403 499 1596 571 quibus
1641 503 1719 558 eis
1767 511 1945 558 tamen
1967 516 2071 573 pax

488 598 597 640 non
625 584 742 652 fuit,
768 589 1009 657 quamvis
1037 589 1211 658 aliqua
1259 597 1314 645 et
1335 604 1588 660 prospere
1631 592 1911 662 gesserint,
1962 590 2078 662 pri-

489 692 611 734 mus
649 680 788 750 apud
816 694 912 736 eos
961 682 1298 738 Aristobulus
1333 693 1610 753 assumpto
1657 685 1976 754 diademate,
2020 694 2077 742 et

490 784 587 826 rex
614 779 668 826 et
691 774 926 843 pontifex
970 774 1140 830 factus
1166 785 1247 831 cst
1273 773 1373 848 (a).
1418 777 1587 832 Antea
1617 777 1833 849 quippe,
1857 793 1922 833 ex
1970 792 2077 848 quo

492 860 563 918 de
588 861 895 934 Babylonia:
941 866 1245 935 captivitate
1273 868 1475 923 reversi
1522 876 1663 934 sunt,
1718 869 2076 940 templumque

492 953 839 1011 instauratum
870 966 972 1025 est,
990 974 1097 1013 non
1119 975 1292 1031 reges,
1343 960 1438 1017 sed
1465 960 1628 1017 duces
1681 961 1766 1016 vel
1806 961 2075 1031 principes

490 1043 793 1102 habuerunt
816 1067 830 1104 :
852 1051 1093 1119 quamvis
1112 1061 1164 1107 et
1187 1053 1275 1123 qui
1293 1069 1385 1108 rex
1405 1061 1505 1118 est,
1524 1054 1689 1124 possit
1705 1053 1808 1109 dici
1833 1054 2079 1125 princeps

491 1150 524 1191 a
549 1137 847 1209 principatu
893 1141 1210 1211 imperandi,
1258 1152 1314 1198 et
1363 1144 1469 1199 dux
1496 1158 1561 1199 eo
1591 1144 1732 1214 quod
1784 1144 1855 1199 sit
1892 1143 2081 1198 ductor

493 1227 761 1283 exercitus
791 1245 810 1285 :
835 1230 930 1286 sed
958 1247 1064 1286 non
1088 1232 1340 1287 continuo
1369 1234 1687 1305 quicumque
1706 1234 1970 1303 principes
1995 1234 2081 1289 vel

492 1316 657 1373 duces
673 1328 816 1387 sunt,
835 1323 996 1376 etiam
1022 1337 1174 1394 reges
1200 1323 1302 1378 dici
1319 1333 1560 1394 possunt,
1593 1324 1736 1394 quod
1764 1324 1862 1378 iste
1876 1324 2082 1378 Aristo-

492 1407 650 1464 bulus
675 1408 788 1465 fuit.
820 1410 916 1466 Cui
946 1414 1199 1468 successit
1237 1413 1559 1483 Alexander,
1587 1414 1746 1469 etiam
1774 1413 1887 1483 ipse
1907 1429 1999 1469 rex
2026 1420 2082 1469 et

493 1500 758 1570 pontifex,
780 1500 870 1573 q'ui
894 1504 1177 1559 crudeliter
1197 1505 1250 1559 in
1276 1519 1403 1561 suos
1447 1520 1701 1574 regnasse
1725 1505 1949 1560 traditur
1977 1504 2078 1575 (ὁ).

494 1588 626 1646 Post
666 1591 805 1647 hunc
854 1608 987 1650 uxor
1039 1594 1155 1663 ejus
1199 1594 1499 1649 Alexandra
1550 1596 1731 1665 regina
1777 1595 2081 1651 Judznorum

495 1679 597 1736 fuit
620 1682 712 1755 (c),
740 1699 807 1739 ex
831 1685 979 1755 cujus
1031 1694 1270 1756 tempore
1302 1695 1357 1742 et
1385 1686 1636 1756 deinceps
1663 1688 1801 1743 mala
1831 1698 1953 1743 sunt
1988 1702 2083 1744 eos

496 1782 678 1828 secuta
702 1776 961 1845 graviora.
997 1774 1113 1832 Filii
1138 1779 1332 1848 quippe
1363 1779 1520 1848 hujus
1541 1779 1857 1834 Alexandrm
1873 1781 2082 1835 Aristo-

496 1861 653 1919 bulus
673 1873 727 1919 et
746 1864 1022 1937 Hyrcanus
1049 1868 1189 1922 inter
1212 1884 1271 1923 se
1299 1869 1365 1925 de
1393 1870 1617 1941 imperio
1628 1870 1960 1938 dimicantes,
1996 1873 2082 1927 vi-

496 1969 587 2011 res
607 1954 859 2012 adversus
887 1948 1230 2014 lsraeliticam
1262 1971 1475 2031 gentem
1502 1977 1862 2032 provocavere
1888 1963 2081 2019 Roma-

496 2063 611 2104 nas.
643 2050 919 2122 Hyrcanus
946 2068 1174 2125 namque
1200 2055 1268 2109 ab
1287 2056 1364 2110 eis
1398 2065 1581 2111 contra
1607 2055 1827 2112 fratrem
1844 2056 2087 2128 poposcit

494 2143 750 2199 auxilium
777 2144 857 2216 (ιι)
882 2145 1033 2201 Tune
1073 2146 1181 2216 jam
1206 2147 1375 2202 Roma
1404 2148 1775 2220 subjugaverat
1826 2149 2082 2217 Africam,

495 2235 870 2307 subjugaverat
897 2238 1178 2309 Graeciam,
1210 2241 1420 2313 lateque
1449 2242 1609 2296 etiam
1639 2242 1756 2296 aliis
1783 2241 1935 2298 orbis.
1958 2257 2085 2312 par-

497 2325 639 2381 tibus
668 2327 933 2398 imperans
955 2338 1206 2399 tanquam
1253 2343 1313 2385 se
1345 2331 1512 2400 ipsam
1538 2330 1682 2387 ferre
1718 2346 1827 2387 non
1873 2332 2085 2401 valens,

495 2429 594 2471 sua
618 2431 675 2472 se
695 2417 1086 2488 quodammodo
1107 2420 1467 2491 magnitudine
1495 2420 1743 2493 fregerat.
1764 2422 2089 2479 Pervenerat

496 2506 693 2577 quippe
717 2507 783 2563 ad
812 2509 1103 2566 seditiones
1141 2510 1464 2568 domesticas
1508 2528 1717 2585 graves,
1762 2522 1923 2584 atque
1960 2514 2085 2572 inde

496 2596 564 2652 ad
585 2598 724 2654 bella
751 2600 988 2665 socialia,
1021 2616 1252 2672 moxque
1294 2603 1491 2671 civilia,
1524 2611 1833 2675 tantumque
1857 2619 1916 2660 se
1937 2620 2087 2661 com-

495 2689 767 2746 minuerat
789 2700 952 2762 atque
978 2694 1275 2762 attriverat,
1297 2705 1357 2750 ut
1405 2695 1455 2750 ei
1477 2696 1762 2751 mutandus
1781 2697 2087 2768 reipublicae

497 2787 689 2847 status,
712 2796 818 2852 quo
840 2792 1111 2853 regeretur
1138 2785 1373 2856 regibus,
1427 2786 1748 2842 immineret.
1778 2787 2086 2859 ’Pompeius

497 2884 627 2941 ergo
651 2873 828 2943 populi
858 2873 1081 2929 Romani
1104 2876 1538 2946 prteclarissimus
1553 2878 1820 2949 princeps,
1846 2878 2086 2936 Iudaeam

497 2974 621 3016 eum
641 2963 881 3019 exercitu
899 2964 1170 3035 ingressus
1207 2967 1477 3024 civitatem
1505 2970 1668 3040 capit,
1710 2971 1969 3042 templum
1994 2988 2084 3028 re-

499 3062 665 3119 serat,
708 3067 815 3108 non
883 3054 1167 3111 devotione
1211 3058 1484 3127 supplicis,
1538 3059 1636 3114 sed
1686 3059 1807 3131 jure
1845 3061 2083 3130 victoris,

498 3151 555 3200 et
581 3142 648 3199 ad
678 3153 859 3201 saneta
887 3155 1213 3216 sanctorum,
1238 3163 1344 3220 quo
1387 3150 1490 3205 nisi
1540 3165 1805 3206 summum
1830 3153 2085 3210 sacerdo-

501 3243 612 3292 tem
634 3250 741 3292 non
760 3237 955 3294 licebat
979 3240 1194 3306 intrare,
1225 3255 1333 3295 non
1354 3249 1413 3296 ut
1432 3252 1735 3309 venerator,
1757 3245 1853 3300 sed
1878 3254 1936 3300 ut
1957 3260 2083 3316 pro-

500 3323 710 3381 fanator
758 3327 1004 3385 accedit:
1036 3329 1454 3401 contirmatoque
1499 3331 1729 3405 Hyrcani
1758 3335 2085 3404 pontificatu,

500 3424 557 3472 et
577 3416 869 3488 subjugatre
893 3419 1036 3489 genti
1079 3420 1329 3491 imposito
1368 3423 1591 3478 custode
1620 3424 1923 3496 Antipatro,
1954 3441 2088 3499 quos

503 3515 629 3563 tunc
658 3519 1029 3580 procuratores
1043 3512 1323 3579 vocabant,
1351 3513 1583 3569 vinetum
1602 3530 1783 3570 secum
1812 3517 2089 3572 Aristobu-

503 3597 615 3654 lum
633 3599 777 3657 ducit
805 3599 899 3674 (ε).
928 3601 1007 3656 Ex
1037 3602 1125 3657 illo
1151 3602 1321 3658 Judaei
1371 3604 1531 3660 etiam
1585 3606 1847 3661 tributarii
1892 3607 2091 3662 Roma-

502 3704 697 3746 norum
714 3706 832 3747 esse
856 3703 1153 3765 coeperunt.
1184 3695 1375 3751 Postea
1419 3696 1634 3753 Cassius
1665 3698 1734 3769 (f)
1761 3700 1918 3755 etiam
1952 3709 2089 3755 tem-

500 3780 650 3851 plum
679 3783 1007 3853 exspoliavit.
1063 3785 1264 3841 Deinde
1306 3796 1426 3857 post
1454 3802 1652 3857 paucos
1704 3803 1875 3844 annos
1925 3791 2086 3846 etiam

502 3872 769 3929 Herodem
798 3875 1148 3947 alienigenam
1187 3893 1364 3948 regem
1397 3879 1592 3937 habere
1625 3891 1954 3949 meruerunt,
1982 3898 2089 3953 quo

500 3975 756 4038 regnante
789 3976 941 4024 natus
970 3976 1052 4024 est
1096 3969 1339 4025 Christus
1381 3969 1481 4043 (g).
1523 3971 1642 4027 Jam
1687 3972 1829 4028 enim
1872 3982 2090 4030 venerat

590 4098 641 4163 ᾳ)
663 4098 795 4163 coni.
814 4113 961 4163 supra
981 4114 1088 4163 cap.
1113 4101 1194 4153 36.

588 4159 637 4229 lt)
658 4162 789 4229 conf.
813 4159 1092 4229 .tosephum,
1118 4164 1202 4212 lib.
1226 4163 1481 4229 i_5_Antiq.,
1507 4178 1612 4229 cap.
1642 4165 1717 4216 12.

592 4222 640 4286 ε)
675 4222 1095 4286 Josephus,'ibid.,
1118 4237 1224 4286 cap.
1252 4225 1329 4273 16.

632 4283 933 4360 Umerus
952 4284 1042 4360 1“?-
1066 4285 1141 4345 ην
1174 4283 1369 4360 saw-.5
1391 4292 1443 4360 et
1470 4299 1611 4360 seqq:

566 4343 635 4405 (e)
666 4343 855 4410 Factum
878 4345 968 4410 hac
997 4343 1359 4410 anno'seciihdo
1379 4343 1659 4410 Olympiadis
1683 4348 1788 4408 179,
1813 4350 2090 4404 consulibus

505 4403 658 4472 Marco
677 4403 830 4455 Tullio
841 4407 1081 4472 _Cic‘erone
1106 4409 1301 4472 etauio
1316 4403 1735 4472 antonio'Nepote,
1769 4403 1823 4460 ut
1843 4414 1987 4463 tradit
2014 4403 2092 4464 Jo-

506 4466 708 4527 sephus,
747 4469 1090 4578 Antiqsuitatum
1122 4468 1247 4519 libro
1285 4469 1360 4531 14,
1385 4482 1492 4534 cap.
1511 4471 1558 4535 4,
1585 4466 1693 4536 §'5;
1718 4466 1834 4523 ante
1855 4474 2091 4526 Christum

506 4536 671 4576 natum
692 4539 818 4578 anno
841 4528 871 4578 8
910 4568 919 4578 .
975 4536 1209 4578 meum.

505 4536 671 4576 natum
692 4539 818 4578 anno
841 4528 919 4579 63.
975 4536 1209 4580 meum.

569 4588 642 4653 (f_)
676 4595 815 4638 Forte
850 4589 1131 4653 legendum,
1172 4601 1411 4643 Crassus:
1434 4606 1544 4644 nam
1584 4596 1628 4645 is
1662 4608 1770 4645 cum
1808 4599 1860 4644 in
1894 4598 2092 4649 Parthos

505 4650 754 4717 tenderet,
766 4650 985 4712 spoliavit
996 4650 1230 4717 templum
1246 4654 1369 4706 8000
1390 4654 1600 4717 talentis,
1617 4657 1665 4705 id
1686 4666 1764 4706 est
1778 4657 1857 4713 45,
1874 4658 1983 4713 200.
1999 4661 2092 4711 000

506 4710 1115 4791 ξὶῃτίδὶιοεὲιῖαξ-[ηριξθξωῖ
1129 4716 1289 4791 Refert
1309 4717 1567 4791 Jose‘phus,
1588 4710 1928 4791 antiquitatum
1967 4710 2091 4791 libro

507 4771 586 4832 14,
609 4785 714 4834 cap.
748 4773 796 4820 7.
820 4780 930 4823 Haec
955 4782 1060 4824 aeta
1091 4784 1204 4827 sunt
1236 4790 1363 4827 anno
1397 4771 1460 4827 53
1493 4771 1607 4829 ante
1638 4771 1871 4829 Christum
1908 4789 2087 4833 natum.

505 4835 858 4903 g‘assiusvero.
885 4843 1070 4903 cgesare
1095 4840 1270 4903 occiso,
1295 4842 1431 4903 venit
1452 4841 1500 4888 in
1523 4841 1698 4903 Syriam
1720 4848 1772 4891 et
1802 4843 1981 4892 Judasae
2004 4846 2090 4894 tri-

506 4895 676 4944 butum
698 4896 953 4958 imperavit
972 4898 1065 4948 700
1087 4895 1391 4957 talentOrum,
1421 4902 1468 4949 id
1496 4895 1573 4952 est
1594 4903 2090 4963 3,780,0001ihrarum

505 4964 685 5028 nostra:
708 4965 955 5028 monetae;
982 4972 1108 5028 anno
1139 4968 1251 5010 ante
1285 4963 1521 5012 Christum
1542 4963 1621 5013 43.
1647 4971 1810 5014 Narrat
1836 4966 2088 5028 Josephus,

510 5017 685 5084 ibidem
708 5018 909 5084 cap._tt,
933 5017 957 5084 ς
979 5021 1027 5069 2.
1061 5028 1293 5073 uncum.

570 5081 642 5145 (g)
675 5081 1327 5150 Herodes_obt.inet‘regnum
1349 5084 1528 5134 Judtea:
1565 5098 1629 5136 ex
1652 5087 2089 5150 senatusconsulto,

514 5142 635 5191 ιιιὶο
655 5148 770 5191 ante
801 5142 1036 5194 Christum
1059 5145 1135 5196 40.
1165 5142 1379 5197 Christus
1419 5154 1561 5196 natus
1593 5161 1705 5198 esse
1727 5150 1941 5198 creditur
1962 5142 2090 5201 anno

511 5203 982 5267 quartoolympiadis
1013 5208 1121 5267 194,
1147 5212 1283 5259 Urbis
1305 5207 1508 5258 condita:
1530 5210 1638 5258 733.
1664 5211 1780 5260 Hine
1818 5223 1916 5259 aera
1955 5211 2091 5261 Chri-

513 5264 665 5313 stiana
686 5264 852 5324 incipit
868 5279 994 5316 anno
1016 5264 1244 5324 sequenti
1264 5270 1373 5320 754.
1398 5270 1490 5319 Sed
1509 5283 1682 5319 revera
1705 5279 1848 5321 natus
1870 5280 1947 5321 est
1963 5284 2091 5324 anno

513 5325 726 5395 secundo
760 5325 1043 5395 olympiadis
1064 5325 1173 5395 193,
1215 5330 1354 5395 paulo
1390 5339 1650 5395 antequam
1674 5332 1973 5395 consulatum
2014 5335 2090 5383 iu-

513 5366 641 5455 s...
662 5366 2091 5455 sibi;eraaag“;;a;ttamszt;;taao

516 5445 649 5519 trhis
665 5448 1000 5519 condit§e_748,
1040 5452 1086 5502 id
1128 5462 1206 5505 est
1226 5458 1443 5519 quinque
1464 5456 1619 5512 annis,
1643 5445 2091 5519 novemAmensibus

515 5513 566 5558 et
585 5514 777 5579 septem
794 5510 971 5579 diebus
987 5510 1106 5579 ante
1129 5510 1274 5579 seram
1304 5510 1572 5579 vulgarem.
1605 5510 1725 5579 Hinc
1757 5516 2091 5569 reformandus

509 5576 676 5618 auctor
699 5568 808 5642 libri
829 5575 915 5642 cui_
929 5575 1098 5642 titulus
1130 5586 1223 5642 est,
1251 5568 1470 5642 “41"de
1511 5576 1703 5642 ceriﬁer
1732 5578 1799 5630 les
1823 5579 1974 5639 dates,
2011 5568 2090 5631 cui

509 5642 611 5701 non
656 5639 857 5701 cautum
864 5698 873 5701 _
891 5634 992 5701 fuit
999 5637 1090 5701 _de
1132 5634 1320 5701 ratione
1350 5634 1687 5701 olympiadu'm.
1714 5649 1875 5690 annus
1915 5634 2090 5691 secun-

508 5691 904 5762 dus_olympiadis
939 5697 1030 5746 105
1063 5699 1244 5761 incepit
1274 5691 1447 5750 mense
1481 5691 1638 5762 "junio,
1673 5702 1799 5752 circa
1832 5701 2089 5753 solstitium

512 5755 763 5819 aestivum:
792 5767 912 5819 ergo
950 5769 1042 5807 sex
1080 5755 1277 5810 menses
1308 5762 1451 5811 istius
1484 5755 1688 5812 secundi
1724 5766 1835 5813 anni
1877 5762 2088 5813 nondum

511 5815 664 5886 elapsi
685 5815 1004 5886 e_rant._'Roma
1025 5828 1187 5869 autem
1204 5823 1391 5886 condita
1413 5822 1504 5873 fuit
1524 5836 1696 5874 mense
1719 5827 1922 5886 octobri,
1962 5836 2088 5874 anno

511 5880 655 5929 tertio
676 5878 953 5943 Olympiadis
976 5890 1149 5944 sextae,
1172 5884 1437 5936 secundum
1460 5888 1745 5947 'rarrutium,
1759 5878 2085 5953 quem'sequi-

1534 379 1624 437 DE
1662 379 1984 439 CIVITATE
2023 379 2160 452 DEI,
2199 380 2256 441 S.
2299 381 2662 442 AUGUSTINI

3653 388 3766 447 608

2179 503 2451 574 plenitudo
2473 501 2730 573 temporis
2753 499 3045 572 signiﬁcata
3095 500 3410 573 prophetico
3446 501 3646 575 Spiritu
3669 523 3773 577 per

2178 608 2241 649 os
2267 593 2579 663 patriarchae
2606 592 2791 659 Jacob,
2850 592 2937 647 ubi
2963 592 3038 646 ait
3066 611 3081 646 :
3114 590 3236 646 Non
3285 593 3483 662 deﬁciet
3529 596 3770 668 princeps

2178 699 2243 738 ea:
2263 683 2298 737 J
2303 683 2425 750 uda,
2448 699 2604 754 neque
2626 683 2732 738 dua:
2754 682 2816 736 de
2839 681 3111 749 femoribus
3148 684 3279 752 ejus,
3311 684 3470 738 donec
3492 687 3659 741 veniat
3682 688 3779 742 cui

2177 775 2451 845 repositum
2472 783 2566 843 est,
2592 785 2639 829 et
2663 774 2772 844 ipse
2814 776 3117 845 exspectatio
3166 776 3432 847 gentium(
3460 775 3585 831 Gen.
3614 794 3779 847 xux,

2181 865 2311 937 10).
2335 865 2452 921 Νοη
2477 882 2605 937 ergo
2629 865 2795 921 defuit
2821 866 3126 921 Iudaeorum
3173 867 3420 937 princeps
3440 884 3507 923 ex
3543 868 3777 938 Judaeis,

2182 973 2350 1027 usque
2379 957 2445 1011 ad
2475 958 2632 1013 istum
2666 956 2955 1024 Herodem,
2978 972 3135 1027 quem
3173 957 3402 1026 primum
3446 971 3782 1029 acceperunt

2183 1049 2534 1118 alienigenam
2565 1063 2765 1118 regem.
2796 1048 3027 1119 Tempus
3049 1062 3176 1118 ergo
3194 1047 3306 1118 jam
3325 1056 3461 1116 erat,
3484 1058 3541 1103 ut
3558 1050 3779 1106 veniret

2184 1138 2272 1195 ille
2300 1139 2385 1195 cui
2433 1139 2722 1210 repositum
2771 1147 2910 1204 erat,
2938 1136 3081 1208 quod
3131 1152 3270 1192 novo
3319 1138 3638 1208 promissum
3687 1146 3784 1195 est

2182 1228 2544 1295 Testamento,
2576 1237 2635 1283 ut
2661 1228 2775 1298 ipse
2803 1235 2947 1282 esset
2974 1227 3301 1296 exspectatio
3338 1227 3597 1296 gentium.
3624 1227 3779 1284 Fieri

2183 1331 2360 1376 autem
2382 1335 2488 1375 non
2511 1326 2710 1389 posset,
2738 1326 2797 1374 ut
2827 1326 3200 1387 exspectarent
3227 1326 3412 1387 gentes
3430 1332 3552 1371 eum
3574 1326 3776 1373 ventu-

2181 1428 2322 1478 rum,
2350 1413 2487 1469 sicut
2508 1427 2628 1467 eum
2653 1411 2923 1467 cernimus
2960 1409 3278 1479 exspectari,
3312 1418 3369 1465 ut
3398 1409 3580 1465 veniat
3605 1408 3674 1465 ad
3692 1411 3782 1464 fa-

2182 1504 2428 1559 ciendum
2455 1503 2711 1573 judicium
2742 1504 2796 1557 in
2818 1502 3061 1557 claritate
3095 1501 3368 1574 potentis,
3403 1500 3507 1556 nisi
3537 1501 3685 1569 prius
3716 1501 3779 1556 in

2181 1609 2305 1649 eum
2333 1594 2635 1659 crederent,
2661 1608 2783 1648 cum
2815 1592 2961 1647 venit
3000 1590 3068 1647 ad
3098 1590 3405 1662 patiendum
3440 1589 3696 1661 judicium
3717 1592 3781 1646 in

2184 1684 2484 1741 humilitate
2501 1684 2792 1754 patientiae.
3270 1752 3273 1755 _

2182 1776 2409 1834 CAPUT
2446 1776 2630 1832 XLVI.
2661 1806 2734 1817 —
2765 1774 2844 1830 De
2883 1784 3000 1831 ortu
3042 1774 3326 1831 Saluatoris
3363 1776 3545 1842 nostri,
3592 1791 3780 1831 secum

2254 1870 2378 1925 dum
2401 1870 2546 1940 quod
2563 1869 2781 1924 Verbum
2804 1884 2924 1922 caro
2945 1867 3136 1937 factum
3172 1875 3288 1933 est;
3310 1876 3357 1920 et
3380 1866 3442 1920 de
3460 1866 3780 1938 dispersione

2253 1960 2552 2017 Iudaeorum
2576 1976 2667 2032 per
2693 1975 2863 2015 omnes
2882 1968 3076 2030 gentes,
3119 1957 3248 2012 sicut
3295 1960 3460 2029 fuerat
3505 1956 3784 2028 praplteta-

2259 2060 2384 2105 tum.

2256 2142 2534 2214 Regnante
2560 2157 2689 2214 ergo
2716 2142 2931 2199 Herode
2959 2141 3014 2197 in
3057 2141 3262 2210 Judrea,
3319 2140 3461 2211 apud
3503 2141 3782 2199 Romanos

2186 2229 2366 2291 autem
2390 2234 2500 2306 jam
2523 2244 2727 2290 mutato
2753 2233 3065 2304 reipublicae
3087 2242 3250 2300 statu,
3279 2232 3574 2302 imperante
3595 2230 3782 2291 Caesa-

2185 2342 2246 2382 re
2269 2327 2529 2396 Augusto,
2545 2333 2599 2380 et
2623 2340 2720 2395 per
2738 2340 2861 2380 eum
2911 2325 3042 2379 orbe
3092 2331 3302 2394 pacato,
3330 2332 3485 2379 natus
3510 2331 3590 2377 est
3616 2321 3782 2378 Chrio

2187 2425 2303 2473 stus
2345 2415 2638 2473 secundum
2681 2415 3073 2487 prmcedentem
3124 2414 3459 2486 prophetiam
3497 2412 3781 2488 (lienam

2185 2527 2240 2582 v,
2261 2515 2298 2567 2
2329 2514 2348 2584 )
2374 2514 2427 2569 in
2452 2512 2764 2570 Bethlehem
2784 2511 2956 2580 Iudae,
2992 2510 3159 2567 homo
3175 2508 3487 2566 manifestus
3507 2524 3573 2564 ex
3595 2508 3781 2564 homi-

2186 2619 2258 2660 ne
2280 2606 2504 2676 virgine,
2533 2606 2678 2661 Deus
2722 2604 2964 2661 occultus
3008 2618 3073 2659 ex
3112 2602 3224 2664 Deo
3272 2601 3464 2658 Patre.
3494 2599 3586 2658 Sic
3630 2600 3780 2667 enim

2186 2695 2444 2766 propheta
2481 2696 2800 2765 pnndixerat
2846 2713 2860 2750 :
2892 2694 3024 2750 Ecce
3066 2695 3204 2765 virgo
3230 2694 3285 2749 in
3342 2701 3484 2747 utero
3524 2692 3780 2764 accipiet,

2185 2796 2235 2843 et
2251 2786 2411 2855 pariet
2434 2785 2631 2855 ﬁlium,
2668 2795 2721 2842 et.
2759 2784 3004 2842 uocabunt
3055 2801 3238 2839 nomen
3294 2784 3408 2854 ejus
3452 2782 3780 2849 Emmanuel,

2185 2876 2320 2948 quod
2339 2886 2409 2932 est
2429 2877 2834 2948 interpretatum,
2870 2874 3146 2930 Nobiscum
3169 2873 3307 2929 Deus
3339 2871 3361 2945 (
3385 2871 3515 2927 Isai.
3539 2888 3638 2942 vu,
3666 2875 3735 2929 14
3756 2890 3777 2940 ;

2187 2967 2376 3023 Matth.
2410 2982 2451 3035 ι,
2477 2967 2557 3028 25,
2582 2983 2598 3033 ;
2644 2966 2767 3021 Luc.
2790 2982 2829 3032 ι,
2852 2967 2967 3036 51).
2995 2964 3096 3034 Qui
3116 2972 3173 3021 ut
3199 2965 3255 3019 in
3278 2979 3339 3020 se
3372 2963 3780 3020 commendaret

2187 3061 2387 3129 Deum,
2410 3060 2667 3115 miracula
2722 3059 2888 3119 multa
2922 3058 3090 3125 fecit;
3136 3073 3209 3117 ex.
3252 3056 3446 3127 quibus
3493 3055 3779 3127 quaedam,

2186 3160 2441 3222 quantum
2466 3150 2532 3207 ad
2558 3166 2679 3207 eum
2721 3150 3118 3221 praedicandum
3148 3151 3277 3205 satis
3312 3164 3435 3205 esse
3452 3151 3626 3204 visum
3652 3156 3736 3204 est
3760 3188 3781 3217 ,
3880 3208 3881 3211 η

2188 3244 2461 3314 Scriptura
2488 3242 2794 3314 evangelica
2844 3242 3102 3298 continet.
3135 3240 3371 3311 Quorum
3397 3239 3629 3310 primum
3674 3247 3782 3306 est,

2158 3396 2167 3401 ,
2187 3334 2327 3405 quod
2355 3342 2462 3389 tam
2485 3334 2799 3389 mirabiliter
2815 3342 2970 3389 natus
2991 3341 3073 3389 est
3096 3351 3112 3389 :
3141 3333 3383 3387 ultimum
3404 3340 3605 3398 autem,
3635 3330 3785 3401 quod

2188 3414 2308 3482 cum
2336 3440 2434 3480 suo
2463 3425 2782 3481 resuscitato
2824 3439 2855 3478 a
2904 3423 3130 3479 mortuis
3178 3437 3406 3492 corpore
3451 3421 3695 3478 ascendit
3720 3422 3781 3477 in

2188 3517 2404 3573 ctelum.
2436 3515 2606 3571 Judaei
2632 3523 2830 3581 autem,
2849 3514 2940 3585 qui
2983 3529 3111 3570 eum
3148 3513 3479 3580 occiderunt,
3496 3519 3551 3567 et
3579 3511 3632 3566 in
3655 3526 3786 3571 eum

2187 3607 2408 3663 credere
2437 3606 2739 3671 noluerunt,
2773 3606 2897 3676 quia
2919 3604 3199 3674 oportebat
3223 3618 3345 3659 eum
3366 3603 3501 3657 mori
3520 3610 3577 3657 et
3598 3615 3787 3657 resur-

2187 3713 2335 3772 gere,
2364 3698 2554 3753 vastati
2597 3696 2860 3752 infelicius
2879 3710 2909 3750 a
2933 3693 3212 3763 Romanis,
3253 3693 3594 3764 funditusque
3624 3707 3653 3746 a
3682 3707 3787 3749 suo

2188 3804 2376 3861 regno,
2396 3788 2484 3843 ubi
2497 3788 2607 3859 jam
2634 3789 2712 3843 eis
2736 3788 3046 3858 alienigenae
3067 3786 3495 3850 dominabantur,
3523 3783 3787 3840 eradicati

2142 3922 2147 3927 .
2189 3880 2520 3952 dispersique
2546 3894 2642 3949 per
2664 3887 2831 3933 terras
2853 3876 3303 3949 (quandoquidem
3320 3877 3517 3946 ubique
3538 3888 3649 3930 non
3671 3874 3781 3929 de-

2188 3970 2383 4042 sunt),
2415 3986 2512 4042 per
2563 3970 2866 4040 Scripturas
2896 3985 3020 4025 suas
3042 3970 3060 4002 ί
3092 3969 3395 4025 testimonio
3450 3968 3609 4023 nobis
3655 3974 3788 4022 sunt

2188 4063 2494 4135 prephetias
2521 4076 2618 4117 nos
2638 4077 2744 4117 non
2766 4061 2992 4117 ﬁnxisse
3016 4061 3085 4117 de
3133 4061 3348 4117 Christo
3380 4077 3395 4128 ;
3447 4074 3581 4130 quas
3608 4059 3785 4131 pluri-

2188 4154 2467 4209 micorum
2496 4151 2918 4220 considerantes,
2955 4160 3010 4208 et
3037 4160 3162 4207 ante
3186 4151 3509 4222 passionem,
3539 4159 3596 4206 et
3610 4150 3790 4206 maxi-

2189 4259 2276 4298 me
2306 4253 2426 4314 post
2445 4243 2560 4313 ejus
2596 4245 3043 4299 resurrectionem
3088 4242 3430 4298 crediderunt
3454 4242 3507 4295 in
3535 4256 3683 4306 eum,
3714 4240 3791 4297 de

2189 4334 2381 4406 quibus
2406 4334 2715 4405 praedictum
2733 4344 2834 4400 est,
2860 4335 2921 4391 Si
2948 4335 3099 4405 fuerit
3117 4351 3354 4389 numerus
3374 4335 3599 4404 ﬁliorum
3614 4332 3792 4388 Israel

2189 4426 2319 4480 sicut
2343 4442 2498 4480 arena
2535 4427 2709 4493 maris,
2748 4427 2976 4494 reliquiae
3015 4426 3172 4481 salva:
3191 4426 3311 4495 ﬁent
3341 4423 3515 4496 (Isai.
3535 4440 3590 4490 x,
3635 4422 3711 4477 22
3739 4423 3790 4495 ).

2189 4514 2382 4571 Caeteri
2407 4530 2534 4571 vero
2555 4515 2805 4570 exeaeeati
2836 4525 2980 4582 sunt,
3018 4515 3087 4570 de
3113 4515 3305 4585 quibus
3330 4514 3642 4584 praedictum
3671 4521 3792 4582 est,

2190 4605 2314 4660 Fiat
2334 4623 2505 4661 mensa
2528 4623 2703 4661 eorum
2727 4623 2900 4660 coram
2924 4607 3049 4676 ipsis
3070 4607 3090 4639 ⁸
3106 4606 3160 4659 in
3188 4606 3442 4675 laqueum,
3471 4614 3519 4658 et
3547 4604 3601 4658 in
3620 4604 3787 4657 retri-

2189 4696 2462 4761 butionem,
2487 4706 2532 4751 et
2561 4698 2615 4751 in
2636 4696 2955 4751 scandalum.
3009 4692 3354 4750 Obscurentur
3396 4693 3530 4748 oculi
3573 4708 3786 4759 eorum,

2189 4808 2253 4846 ne
2297 4791 2497 4845 videant
2526 4805 2548 4856 ;
2582 4798 2627 4843 et
2654 4788 2860 4843 dorsum
2880 4787 3084 4842 illorum
3118 4802 3316 4855 semper
3343 4786 3550 4839 incurva
3580 4781 3796 4856 (Psal.

2190 4898 2349 4938 vam
2369 4922 2385 4949 ,
2413 4880 2485 4936 25
2505 4889 2550 4935 et
2573 4880 2643 4934 24
2670 4880 2709 4949 ).
2729 4877 2959 4933 Proinde
2984 4891 3105 4931 cum
3125 4875 3413 4945 Scripturis
3441 4873 3637 4929 nostris
3665 4886 3796 4929 non

2189 4974 2434 5039 credunt,
2463 4971 2798 5042 complentur
2825 4969 2879 5025 in
2920 4969 2998 5024 eis
3023 4983 3153 5034 suae,
3203 4982 3335 5038 quas
3387 4964 3516 5021 ε)ωεί
3543 4965 3740 5033 legunt
3775 4982 3794 5019 :

2190 5065 2292 5121 nisi
2318 5064 2455 5121 forte
2501 5063 2620 5133 quis
2666 5061 2860 5118 dixerit
2907 5060 3028 5115 illas
3076 5057 3384 5129 prophetias
3433 5054 3788 5111 Christianos

2191 5156 2409 5210 finxisse
2438 5154 2507 5209 de
2526 5152 2761 5219 Christo,
2792 5167 2910 5222 qua:
2940 5150 3157 5223 Sibyllae
3178 5149 3412 5212 nomine,
3435 5145 3520 5201 vel
3545 5145 3797 5200 aliorum

2190 5247 2552 5319 proferuntur,
2576 5244 2621 5299 si
2638 5260 2758 5315 qua:
2787 5250 2928 5308 sunt,
2958 5257 3078 5312 quae
3106 5255 3211 5295 non
3230 5239 3495 5312 pertinent
3519 5234 3583 5289 ad
3602 5248 3794 5304 popu—

2192 5340 2301 5396 lum
2326 5337 2629 5395 Judaeorum
2665 5334 2762 5405 (a).
2786 5333 2949 5389 Nobis
2977 5330 3193 5403 quidem
3224 5330 3327 5384 illa:
3348 5326 3633 5390 sufﬁciunt,
3656 5340 3805 5394 qua:

2190 5440 2269 5483 tur
2286 5438 2462 5480 Varro:
2488 5428 2601 5479 vide
2622 5427 2885 5477 Petavium.
2908 5425 2973 5475 de
2995 5424 3216 5474 Doctrina
3247 5427 3536 5483 temporum,
3576 5416 3714 5466 libro
3736 5417 3801 5479 9,

2317 5493 2395 5542 54.
2461 5497 2696 5539 laneum.
3104 5546 3117 5558 .

2309 5554 2422 5586 mliti
2475 5549 2713 5586 prndg'nm'
2748 5552 2868 5586 urnL
2907 5547 3115 5586 diem”:

2309 5540 2444 5615 Editi,
2463 5549 2713 5617 eradicati
2746 5552 2870 5617 sunt,
2907 5546 3208 5617 dispersique
3240 5556 3328 5617 per
3351 5551 3526 5617 terras.
3542 5540 3801 5617 Volturcio—

2188 5613 2385 5682 quidem
2424 5610 2595 5678 ubique
2628 5625 2723 5663 non
2758 5610 2955 5682 desunt,
2988 5610 3042 5660 et
3086 5622 3172 5673 per
3210 5610 3481 5671 scripturas
3510 5614 3643 5659 suas.
3679 5611 3800 5653 etc.

2183 5674 2526 5730 ilmendantur'
2536 5689 2599 5725 ex
2625 5674 2977 5733 manuscriptis.

2251 5742 2274 5774 ³
2303 5740 2552 5797 Omittunt,
2577 5744 2705 5799 Mss,
2726 5747 2891 5787 coram
2905 5733 3041 5797 ipsis.

2251 5823 2325 5885 (a)
2356 5821 2483 5888 Male
2500 5820 2905 5888 feriatihomines
2927 5819 3055 5888 inter
3092 5816 3268 5888 primos
3306 5812 3594 5862 Christianos
3627 5805 3803 5858 ﬁnxe-

2193 5879 2517 5936 ruitt'utacula
2538 5882 2816 5940 sibyllurtun
2838 5881 2900 5930 de
2924 5879 3123 5929 Christo.
3159 5886 3389 5927 LAHCHER.
