4062 6490
545 377 644 445 6M

540 512 626 559 cat
653 502 801 557 locus
829 500 947 556 iste.
989 497 1255 566 Quoniam
1287 492 1461 549 omnia
1491 492 1844 563 signiﬁcantia
1874 489 2121 544 videntur

540 592 934 665 quodammodo
971 605 1154 644 earum
1199 603 1398 653 rerum,
1443 599 1573 654 quas
1599 583 1930 654 signiﬁcant,
1959 579 2123 636 susti-

541 701 672 741 nere
710 698 965 755 personas
995 699 1009 735 :
1045 682 1179 735 sicut
1207 681 1406 734 dictum
1438 688 1520 734 est
1558 677 1626 731 ab
1656 676 1936 747 Apostolo,
1972 672 2126 728 Petra

541 784 648 830 erat
670 773 898 829 Christus
931 770 989 840 (I
1018 770 1134 824 Cor.
1163 786 1196 823 ιι
1219 811 1231 834 ,
1260 769 1293 824 4
1318 769 1335 838 )
1360 783 1374 834 ;
1420 768 1668 838 quoniam
1709 775 1857 836 petra
1905 765 1991 819 illa
2013 805 2026 831 ,
2057 763 2125 818 dc

541 878 642 934 qua
690 863 791 917 hoc
829 861 1027 917 dictum
1071 871 1188 924 est,
1233 859 1568 930 signiﬁcabat
1609 858 1791 928 utique
1828 853 2121 910 Christum.

540 953 709 1023 Major
734 962 817 1008 est
847 953 1025 1022 itaque
1045 951 1213 1022 gloria
1237 950 1427 1005 domus
1448 948 1606 1028 hujus
1630 951 1752 1003 novi
1774 944 2121 1012 Testamenti,

540 1058 698 1114 quam
747 1042 940 1097 domus
988 1042 1183 1111 prioris
1230 1041 1428 1096 veteris
1471 1038 1797 1094 Testamenti
1842 1056 1855 1092 :
1902 1046 1958 1092 et
2002 1045 2127 1090 tunc

541 1133 817 1204 apparebit
857 1132 1028 1201 major
1049 1174 1063 1198 ,
1094 1147 1213 1187 cum
1245 1131 1592 1186 dedicabitur.
1625 1129 1774 1184 Tunc
1801 1128 1943 1183 enim
1968 1127 2127 1181 veniet

541 1221 868 1278 Desideratus
894 1221 1084 1274 cunctis
1113 1220 1341 1291 gentibus
1370 1220 1566 1291 (Λειθωὶ
1600 1236 1672 1284 ιι,
1703 1217 1803 1290 8),
1832 1220 1969 1273 sicut
1997 1215 2129 1286 legi-

543 1320 633 1367 tur
675 1312 727 1366 in
758 1311 1004 1367 Hebraeo.
1052 1310 1184 1365 Nam
1237 1311 1382 1381 prius
1429 1311 1545 1379 ejus
1588 1310 1847 1364 adventus
1890 1308 2128 1363 nondum

544 1411 662 1461 erat
689 1403 1028 1458 desideratus
1063 1403 1308 1457 omnibus
1335 1403 1599 1472 gentibus.
1640 1401 1757 1456 Non
1798 1402 1939 1456 enim
1968 1414 2129 1470 quem

543 1494 802 1549 deberent
828 1491 1154 1557 desiderare,
1196 1492 1454 1559 sciebant,-
1486 1493 1536 1547 in
1566 1508 1722 1562 quem
1750 1508 1856 1546 non
1881 1491 2126 1547 credide-

544 1593 686 1640 rant.
728 1583 877 1638 Tunc
913 1583 1073 1637 etiam
1103 1583 1395 1637 secundum
1424 1581 1767 1653 Septuaginta
1809 1582 2130 1651 interpretes

545 1673 708 1746 (quia
754 1681 809 1728 et
849 1673 960 1742 ipse
1003 1673 1344 1743 prepheticus
1387 1688 1576 1729 sensus
1607 1672 1758 1744 est),
1797 1674 1993 1727 venient
2019 1681 2131 1741 qua:

545 1767 698 1821 electa
738 1773 853 1820 sunt
899 1763 1108 1818 Domini
1151 1765 1214 1819 de
1260 1765 1452 1819 cunctis
1499 1764 1748 1835 gentibus.
1797 1764 1948 1818 Tune
1985 1763 2129 1817 enim

543 1871 671 1914 vere
695 1870 800 1910 non
827 1855 1050 1910 venient-
1066 1855 1168 1909 nisi
1197 1856 1388 1922 electa,
1418 1856 1485 1910 de
1515 1855 1706 1925 quibus
1733 1853 1870 1908 dicit
1901 1855 2132 1923 Aposto-

544 1949 662 2014 lus,
691 1946 835 2003 Sicut
861 1947 1006 2018 elegit
1034 1963 1124 2001 nos
1152 1949 1205 2000 in
1229 1948 1340 2017 ipso
1368 1956 1487 2000 ante
1522 1947 1700 2001 mundi
1728 1946 2131 1999 constitutionem

537 2037 765 2109 '(Ephes.
793 2054 832 2105 ι,
857 2039 934 2109 4).
967 2037 1084 2108 Ipse
1109 2039 1302 2108 quippe
1325 2038 1668 2101 architectus,
1689 2036 1779 2106 qui
1801 2035 1952 2100 dixit,
1977 2034 2132 2088 Multi

543 2131 740 2200 vocati,
773 2133 924 2202 pauci
964 2138 1130 2186 autem
1170 2131 1308 2185 electi
1343 2131 1555 2202 (Matth.
1586 2145 1692 2184 χιιι
1713 2168 1728 2192 ,
1757 2129 1862 2200 14)
1885 2170 1900 2194 ,
1927 2143 2033 2182 non
2062 2128 2133 2184 de

545 2220 632 2278 his
658 2223 675 2254 ³
702 2222 791 2293 qui
821 2221 994 2277 vocati
1024 2222 1103 2277 sic
1129 2228 1411 2287 venerunt,
1444 2229 1503 2274 ut
1531 2220 1597 2274 de
1623 2220 1870 2275 convivio
1899 2219 2131 2289 projice-

546 2323 751 2380 rentur,
784 2313 879 2370 sed
908 2313 975 2368 de
1000 2312 1186 2368 electis
1212 2312 1675 2366 demonstraturus
1702 2319 1785 2365 est
1809 2309 2130 2365 aediﬁcatam

546 2404 804 2473 domum,
850 2420 968 2476 qua:
1010 2405 1213 2460 nullam
1253 2403 1514 2472 deinceps
1553 2401 1859 2457 formidabit
1899 2402 2129 2454 ruinam.

542 2495 700 2552 Nunc
724 2505 900 2551 autem
927 2537 942 2564 ,
982 2495 1197 2566 quando
1237 2503 1293 2550 et
1330 2494 1384 2548 hi
1415 2493 1621 2563 replent
1664 2493 1952 2558 ecclesias,
1998 2506 2133 2562 quos

549 2594 803 2658 tanquam
852 2588 906 2641 in
951 2602 1075 2642 area
1104 2586 1380 2642 ventilatio
1425 2585 1728 2656 separabit,
1777 2601 1883 2640 non
1914 2595 2135 2656 apparet

547 2686 697 2735 tanta
739 2677 909 2750 gloria
948 2678 1139 2734 domus
1184 2678 1380 2748 hujus,
1427 2686 1623 2749 quanta
1666 2688 1792 2733 tunc
1832 2678 2130 2749 apparebit,

547 2770 766 2843 quando
795 2771 1038 2843 quisquis
1065 2771 1139 2827 ibi
1168 2772 1290 2839 erit,
1318 2787 1531 2843 semper
1558 2772 1680 2828 erit.
1962 2790 1968 2795 '

551 2883 779 2941 CAPUT
819 2883 1008 2940 XLIX.
1035 2913 1108 2928 —
1132 2883 1212 2939 De
1238 2884 1509 2939 indiscreta
1535 2887 1556 2917 ³
1583 2882 2002 2954 multiplicatione
2030 2882 2134 2938 Ec-

619 2975 820 3043 clesite,
863 2992 962 3046 qua
1005 2976 1058 3030 in
1100 2975 1194 3030 hoc
1222 2976 1406 3031 seculo
1436 2977 1582 3030 multi
1619 2974 1820 3046 reprobi
1861 2975 2136 3029 miscentur

620 3069 809 3125 electis.

621 3178 681 3234 In
708 3179 811 3236 hoc
848 3193 977 3249 ergo
1015 3179 1250 3251 maligno
1289 3180 1520 3247 saeculo,
1548 3179 1603 3234 in
1629 3179 1714 3234 his
1741 3179 1928 3235 diebus
1957 3180 2132 3245 malis,

549 3269 639 3326 ubi
681 3284 776 3340 per
822 3269 1176 3327 humilitatem
1217 3280 1540 3342 praesentem
1587 3270 1818 3326 futuram
1864 3279 2137 3340 comparat

549 3362 788 3418 Ecclesia
813 3363 1208 3430 celsitudinem,
1235 3372 1291 3419 et
1319 3365 1568 3419 timorum
1598 3364 1827 3418 stimulis
1844 3403 1860 3432 ,
1887 3363 2135 3418 dolorum

549 3455 833 3510 tormentis
851 3496 868 3524 ,
897 3456 1138 3512 laborum
1167 3456 1427 3512 molestiis
1445 3499 1461 3525 ,
1492 3458 1844 3512 tentationum
1887 3457 2137 3527 periculis

549 3544 811 3611 eruditur,
858 3545 970 3600 sola
1011 3562 1106 3617 spe
1135 3546 1393 3617 gaudens,
1438 3546 1649 3618 quando
1693 3561 1878 3602 sanum
1919 3546 2134 3618 gaudet,

550 3635 708 3692 multi
748 3635 962 3706 reprobi
991 3638 1285 3694 miscentur
1328 3639 1517 3705 bonis;
1551 3647 1604 3694 et
1632 3639 1843 3708 utrique
1887 3649 2136 3709 tanquam

553 3730 608 3786 in
636 3745 887 3802 sagenam
916 3732 1275 3803 evangelicam
1317 3733 1638 3803 colliguntur
1677 3731 1802 3802 (Id.
1836 3748 1927 3786 xui
1946 3774 1962 3800 ,
1989 3733 2092 3805 47)
2118 3749 2132 3799 ;

550 3833 606 3879 ct
631 3825 683 3878 in
715 3824 817 3880 hoc
844 3825 1044 3880 mundo
1067 3867 1080 3891 ,
1112 3834 1359 3894 tanquam
1401 3826 1455 3879 in
1500 3824 1670 3890 mari,
1705 3825 1915 3894 utrique
1944 3824 2134 3878 inclusi

549 3913 756 3971 retibus
782 3915 1069 3971 indiscrete
1091 3925 1296 3983 natant,
1319 3915 1490 3972 donec
1510 3916 1848 3986 perveniatur
1872 3915 1938 3969 ad
1964 3916 2132 3981 littus,

549 4007 642 4062 ubi
672 4007 799 4063 mali
839 4017 1186 4078 segregentur
1213 4022 1245 4062 a
1283 4008 1471 4075 bonis,
1517 4018 1570 4063 et
1602 4008 1654 4064 in
1685 4008 1838 4063 bonis
1882 4016 2136 4078 tanquam

552 4097 609 4153 in
637 4098 837 4168 templo
861 4113 979 4163 suo,
1009 4100 1078 4154 sit
1099 4100 1239 4155 Deus
1265 4101 1442 4154 omnia
1471 4099 1523 4154 in
1547 4101 1793 4154 omnibus
1817 4100 1836 4172 (
1857 4100 1874 4153 ι
1897 4100 2014 4155 Cor.
2039 4116 2130 4168 xv,

474 4174 477 4175 ν
547 4186 664 4260 28).
696 4187 925 4243 Proinde
950 4203 1136 4242 vocem
1178 4204 1320 4243 nunc
1362 4190 1700 4258 agnoscimus
1744 4189 1860 4258 ejus
1903 4190 2132 4258 impleri,

549 4279 641 4350 qui
668 4278 986 4348 loquebatur
1015 4281 1070 4332 in
1101 4279 1331 4344 Psalmo,
1362 4289 1525 4350 atque
1549 4280 1779 4348 dicebat,
1803 4283 2132 4349 Annuntiavi,

548 4376 596 4422 et
626 4367 823 4422 locutus
847 4383 982 4434 sum,
1009 4368 1329 4438 multiplicati
1352 4379 1468 4424 sunt
1493 4387 1644 4439 super
1671 4388 1934 4426 numerum
1958 4373 2132 4443 (Psal.

548 4473 737 4523 χχχιιι,
768 4457 846 4532 6).
878 4459 990 4513 Hoc
1019 4463 1077 4514 tit
1105 4475 1265 4526 nunc,
1293 4476 1358 4514 ex
1390 4477 1494 4532 quo
1521 4463 1750 4532 primum
1783 4481 1878 4535 per
1905 4480 1966 4520 os
1996 4483 2133 4536 pra:-

549 4549 790 4606 cursoris
816 4551 896 4604 sui
925 4550 1168 4617 Joannis,
1198 4551 1390 4607 deinde
1413 4567 1508 4621 per
1533 4568 1595 4608 os
1619 4557 1891 4626 proprium
1923 4573 2132 4612 annun-

548 4639 724 4707 tiavit,
756 4648 811 4694 et
838 4640 1046 4695 locutus
1071 4650 1186 4708 est,
1217 4642 1398 4697 dicens
1418 4682 1434 4709 ,
1462 4643 1607 4715 Agite
1631 4647 1969 4716 paenitentiam
1987 4689 2001 4712 ,
2031 4666 2128 4718 ap-

550 4728 909 4801 propinquavit
955 4731 1087 4784 enim
1130 4748 1342 4802 regnum
1388 4734 1626 4788 certorum
1674 4735 1908 4807 (Matth.
1942 4755 2029 4806 ιιι,
2055 4739 2129 4805 2;

541 4821 624 4888 ἰν,
654 4820 766 4890 17).
796 4821 966 4891 Elegit
998 4820 1313 4890 discipulos,
1342 4839 1474 4894 quos
1499 4833 1553 4879 et
1578 4828 1859 4896 Apostolos
1884 4831 2131 4885 nomina-

546 4913 624 4968 vit
656 4911 810 4984 (Luc.
839 4929 909 4978 Vl,
937 4912 1049 4985 15),
1081 4912 1354 4969 humiliter
1396 4925 1568 4982 natos,
1610 4916 1976 4988 inhonoratos,
2009 4921 2134 4977 illit-

548 5015 789 5075 teratos;
840 5015 898 5062 ut
944 5007 1199 5079 quidquid
1253 5023 1503 5079 magnum
1548 5020 1730 5066 essent
1774 5021 1828 5067 et
1872 5012 2129 5082 lacerent,

548 5095 666 5169 ipse
689 5098 741 5152 in
768 5099 847 5153 eis
869 5108 1015 5154 esset
1052 5108 1108 5155 et
1152 5098 1376 5155 faceret.
1406 5099 1602 5155 Habuit
1630 5101 1768 5157 inter
1805 5117 1898 5158 eos
1943 5120 2128 5173 unum,

1633 373 1721 430 DE
1761 361 2079 430 CIVITA'I'E
2119 368 2250 440 DEI,
2293 370 2350 427 S.
2389 366 2752 428 AUGUSTINI

3885 322 3894 344 Ι

3703 374 3818 432 012

2231 501 2446 557 sperare
2487 489 2538 543 in
2583 489 2881 545 aeternitate
2909 487 3240 557 debeamus;
3280 498 3502 562 excepta
3531 490 3818 550 altitudine

2231 580 2549 634 sacramenti
2570 620 2584 640 ,
2613 594 2715 650 qua
2743 581 2957 651 sanguis
2997 581 3109 651 ejus
3136 583 3592 639 ineremissionem
3617 600 3818 654 pecca-

2233 679 2406 724 torum
2449 669 2594 726 fusus
2648 680 2750 727 est.
2800 672 3162 728 Conversatus
3191 682 3274 728 est
3302 674 3354 728 in
3401 683 3542 730 terra
3584 677 3822 745 quadra-

2231 763 2373 830 ginta
2397 762 2511 817 dies
2540 778 2659 818 cum
2687 764 2960 834 discipulis
2985 765 3124 828 suis,
3155 774 3315 836 atque
3350 767 3480 835 ipsis
3509 768 3822 826 videntibus

2230 851 2472 907 ascendit
2501 853 2552 910 in
2580 854 2798 920 caelum,
2827 863 2880 909 et
2911 865 3031 925 post
3054 855 3172 911 dies
3200 856 3384 912 decem
3416 858 3561 913 misit
3585 861 3817 929 promis-

2230 955 2349 997 sum
2378 942 2632 1014 Spiritum
2665 953 2908 1000 sanctum
2939 947 2955 978 ¹
2990 963 3004 999 :
3035 946 3185 1017 cujus
3214 947 3475 1003 venientis
3504 948 3558 1002 in
3595 964 3689 1005 eos
3723 951 3821 1021 qui

2232 1035 2608 1103 crediderant,
2651 1047 2776 1092 tunc
2805 1038 3014 1107 signum
3041 1047 3158 1092 erat
3186 1039 3476 1094 maximum
3504 1049 3558 1096 et
3584 1041 3816 1099 maxima

2232 1131 2595 1184 necessarium
2616 1171 2630 1195 ,
2661 1139 2719 1185 ut
2748 1131 3107 1201 unusquisque
3136 1147 3322 1186 eorum
3359 1132 3554 1203 linguis
3576 1135 3821 1191 omnium

2231 1220 2465 1290 gentium
2508 1220 2856 1290 loqueretur:
2887 1222 2957 1276 ita
2995 1221 3301 1294 signiﬁcans
3343 1225 3600 1281 unitatem
3625 1226 3826 1282 catho-

2234 1310 2352 1365 licae
2380 1311 2632 1366 Ecclesiae
2659 1327 2753 1382 per
2782 1327 2969 1368 omnes
2993 1322 3180 1384 gentes
3219 1316 3481 1383 futuram,
3508 1331 3571 1373 ac
3608 1317 3690 1374 sic
3714 1318 3827 1373 lin-

2233 1399 2350 1469 guis
2378 1400 2628 1455 omnibus
2656 1401 2976 1457 locuturant.

2232 1491 2458 1548 CAPUT
2509 1495 2669 1547 L.——
2708 1493 2791 1549 De
2842 1495 3198 1566 praedicatione
3239 1494 3537 1566 Evangelii,
3565 1514 3680 1568 qua:
3730 1513 3829 1568 per

2270 1585 2526 1654 passiones
2555 1587 2936 1656 prtedicantium
2963 1587 3150 1642 clarior
3171 1595 3218 1642 et
3245 1589 3490 1658 potentior
3515 1588 3651 1659 facta
3687 1600 3783 1645 est.

2308 1696 2509 1752 Deinde
2557 1697 2848 1752 secundum
2879 1699 3022 1753 illam
3051 1699 3412 1768 pmphetiam,
3457 1700 3540 1755 Eat
3569 1700 3698 1758 Sion
3739 1702 3829 1758 (es

2235 1787 2434 1857 prodiet
2456 1829 2472 1854 ,
2501 1797 2547 1841 et
2576 1790 2777 1842 verbum
2808 1789 3013 1843 Domini
3038 1807 3100 1845 es
3121 1789 3408 1845 Jerusalem
3437 1791 3587 1860 (Isai.
3615 1809 3686 1859 ιι,
3729 1794 3824 1864 5);

2234 1887 2289 1934 et
2313 1881 2602 1934 secundum
2633 1882 2796 1951 ipsius
2823 1883 3032 1937 Domini
3058 1881 3254 1938 Christi
3285 1884 3556 1952 praedicta,
3581 1886 3670 1940 ubi
3703 1895 3830 1958 post

2235 1972 2685 2028 resurrectionem
2727 1974 3063 2042 stupentibus
3107 1989 3230 2029 eum
3261 1975 3535 2045 discipulis
3563 1977 3673 2032 suis
3702 1995 3829 2048 αρει

2235 2063 2335 2115 ruit
2374 2079 2574 2117 sensum
2595 2074 2698 2129 ,-ut
2727 2064 3057 2136 intelligerent
3095 2065 3390 2136 Scripturas
3413 2107 3427 2131 ,
3451 2077 3496 2120 et
3539 2067 3666 2122 dixit
3707 2071 3780 2123 eis
3808 2111 3824 2136 ,

2239 2153 2492 2220 Quoniam
2529 2157 2600 2210 sic
2638 2157 2884 2227 scriptum
2923 2166 3031 2225 est,
3063 2167 3114 2212 et
3161 2159 3233 2213 sic
3279 2161 3539 2228 oportebat
3565 2159 3830 2216 Christum

2236 2249 2344 2318 pati
2367 2289 2382 2313 ,
2405 2257 2452 2301 et
2472 2264 2731 2320 resurgere
2757 2266 2789 2303 a
2815 2251 3025 2305 mortuis
3053 2252 3196 2305 tertio
3224 2252 3334 2316 die,
3363 2262 3411 2307 et
3455 2253 3723 2323 praedicari
3769 2256 3828 2309 in

2236 2338 2438 2392 nomine
2465 2339 2574 2409 ejus
2599 2341 2938 2410 pteniterttiam
2959 2351 3006 2394 et
3025 2342 3367 2395 remissionem
3393 2353 3706 2410 peccatorum
3731 2359 3830 2412 per

2238 2443 2408 2482 omnes
2436 2437 2605 2500 gentes
2629 2464 2646 2497 ,
2675 2430 3026 2500 incipientibus
3055 2430 3118 2485 ab
3159 2431 3444 2488 Jerusalem
3471 2433 3629 2507 (Luc.
3654 2451 3827 2502 xxrv,

2237 2520 2327 2586 46,
2355 2521 2445 2592 47)
2471 2538 2485 2586 ;
2516 2529 2570 2576 et
2595 2521 2681 2576 ubi
2705 2537 2888 2578 rursus
2914 2523 2991 2578 eis
3020 2523 3086 2580 de
3118 2524 3348 2579 adventu
3393 2524 3505 2594 ejus
3536 2527 3830 2581 novissimo

2236 2611 2628 2681 requirentibus
2657 2614 2968 2682 respondit,
3000 2624 3158 2684 atque
3182 2614 3289 2680 ait,
3317 2613 3437 2669 Non
3481 2624 3556 2670 est
3603 2627 3828 2672 vestrum

2237 2701 2366 2756 scire
2407 2709 2634 2772 tempora
2661 2705 2738 2758 vel
2773 2715 3023 2760 momenta
3053 2708 3072 2737 ³
3089 2747 3102 2770 ,
3127 2723 3239 2776 qua:
3263 2705 3420 2761 Pater
3446 2709 3610 2779 posuit
3636 2710 3688 2762 in
3732 2726 3829 2764 sua

2239 2801 2478 2862 potestate
2508 2809 2527 2848 :
2555 2794 2643 2850 sed
2665 2795 2918 2865 accipietis
2944 2798 3175 2850 virtutem
3203 2798 3428 2866 Spiritus
3455 2801 3618 2852 sancti
3645 2817 3830 2870 super-

2239 2885 2509 2938 venientem
2543 2885 2597 2938 in
2623 2900 2709 2940 vos
2733 2926 2746 2950 ,
2780 2895 2827 2940 et
2849 2888 2983 2940 eritis
3013 2889 3136 2940 mihi
3161 2898 3306 2944 testes
3344 2890 3396 2942 in
3430 2889 3751 2955 Jerusalem,
3781 2899 3829 2946 et

2237 2974 2290 3027 in
2322 2983 2424 3027 tota
2447 2974 2633 3030 Judcea
2660 2985 2707 3030 et
2737 2975 2975 3032 Samaria
2997 3018 3013 3046 ,
3044 2988 3091 3032 et
3116 2996 3269 3049 usque
3287 2981 3338 3033 in
3358 2981 3484 3048 ﬁnes
3513 2989 3661 3035 tam:
3691 2981 3828 3052 (Act.

2240 3081 2280 3132 ι,
2313 3066 2367 3133 7,
2396 3066 2450 3141 8)
2482 3085 2496 3122 :
2529 3067 2759 3138 primum
2795 3085 2854 3125 se
2898 3070 2965 3124 ab
2991 3070 3282 3127 Jerusalem
3319 3071 3524 3128 diﬁ‘udit
3565 3074 3828 3142 Ecclesia,

2239 3166 2436 3212 etcum
2466 3159 2518 3214 in
2545 3159 2726 3215 Iudaea
2749 3169 2906 3231 atque
2933 3161 3170 3218 Samaria
3202 3164 3412 3232 plurimi
3438 3164 3828 3234 credidissent,

2241 3257 2294 3303 et
2321 3249 2372 3303 in
2402 3250 2532 3306 alias
2567 3260 2754 3321 gentes
2781 3252 2909 3306 itum
2941 3262 3025 3308 est
3045 3295 3059 3320 ,
3083 3254 3161 3308 eis
3189 3255 3620 3310 annuntiantibus
3650 3256 3832 3311 Evam

2238 3338 2472 3408 gelium,
2521 3354 2655 3409 quos
2708 3343 2854 3410 ipse,
2907 3342 3045 3397 sicut
3097 3343 3411 3411 luminaria,
3455 3352 3507 3398 et
3546 3355 3836 3414 aptaverat

2239 3431 2437 3498 verbo,
2467 3438 2522 3487 et
2570 3433 2886 3487 accenderat
2923 3433 3120 3502 Spiritu
3171 3444 3373 3489 saneto.
3420 3435 3634 3490 Dixerat
3683 3439 3835 3492 enim

2239 3521 2349 3588 eis,
2385 3521 2560 3576 Nolite
2608 3524 2780 3577 timere
2817 3540 2902 3577 eos
2939 3525 3027 3595 qui
3065 3541 3249 3595 corpus
3293 3527 3526 3580 occidunt
3548 3568 3562 3592 ,
3603 3529 3834 3583 animam

2239 3625 2404 3668 autem
2430 3632 2529 3669 non
2557 3627 2764 3686 possunt
2790 3617 3013 3671 occidere
3039 3618 3246 3688 (Matth.
3272 3636 3324 3686 κ,
3352 3619 3470 3688 28).
3500 3621 3600 3688 Qui
3634 3631 3691 3675 ut
3735 3624 3834 3677 fri-

2238 3707 2347 3778 gidi
2369 3708 2558 3763 timore
2583 3722 2689 3763 non
2713 3718 2910 3776 essent,
2930 3710 3049 3780 igne
3070 3710 3342 3766 charitatis
3362 3711 3640 3767 ardebant.
3671 3714 3835 3768 Deni-

2239 3815 2343 3869 que
2375 3815 2469 3870 per
2495 3800 2656 3869 ipsos,
2691 3815 2796 3854 non
2824 3802 2992 3855 solum
3021 3801 3110 3872 qui
3140 3818 3262 3857 eum
3289 3813 3342 3858 et
3366 3812 3491 3858 ante
3517 3805 3829 3875 passionem

2241 3901 2295 3946 et
2323 3899 2444 3962 post
2467 3893 2916 3948 resurrectionem
2947 3893 3190 3948 viderant
3219 3903 3272 3949 et
3294 3893 3606 3960 audierant,
3639 3911 3834 3952 verum

2240 3987 2399 4040 etiam
2435 3997 2555 4055 post
2590 3987 2792 4041 obitum
2822 4003 3006 4042 eorum
3037 4003 3132 4057 per
3164 3997 3408 4059 posteros
3440 4003 3658 4050 eorum,
3690 3990 3835 4044 inter

2241 4077 2534 4132 horrendas
2557 4079 2952 4147 persecutiones
2977 4087 3031 4133 et
3062 4080 3238 4133 varios
3257 4079 3521 4133 cruciatus
3549 4094 3614 4133 ac
3640 4077 3834 4136 funera

2243 4179 2535 4240 martyrum
2582 4171 2926 4239 prmdicatum
2991 4180 3073 4226 est
3121 4180 3231 4225 toto
3273 4171 3402 4225 orbe
3445 4172 3833 4241 Evangelium,

2240 4272 2575 4319 contestanle
2622 4265 2730 4318 Deo
2773 4264 2937 4333 signis
2963 4305 2976 4328 ,
3010 4274 3063 4318 et
3103 4264 3326 4318 ostentis
3346 4303 3362 4329 ,
3393 4273 3446 4318 et
3471 4265 3635 4319 variis
3663 4267 3840 4320 virtu-

2241 4354 2380 4410 tibus
2402 4394 2418 4422 ,
2446 4364 2498 4409 et
2521 4355 2749 4425 Spiritus
2786 4355 2952 4409 sancti
2997 4354 3343 4410 muneribus:
3379 4361 3437 4408 ut
3463 4355 3643 4425 pepuli
3693 4371 3840 4426 gen-

2240 4448 2368 4502 tium
2395 4449 2674 4503 credentes
2714 4449 2764 4502 in
2796 4464 2914 4503 eum
2938 4489 2952 4513 ,
2984 4449 3071 4518 qui
3103 4463 3199 4518 pro
3238 4463 3423 4502 eorum
3458 4448 3839 4518 redemptione

2236 4541 2522 4597 cruciﬁxus
2549 4551 2630 4596 est
2647 4584 2662 4607 ,
2688 4541 2977 4596 christiano
3000 4553 3183 4596 amore
3210 4551 3594 4596 venerarentur
3613 4543 3842 4612 sangui-

2237 4645 2362 4687 nem
2405 4642 2741 4704 martyrum,
2798 4647 2954 4700 quem
2999 4631 3260 4686 diabolica
3305 4630 3486 4686 furore
3535 4630 3840 4699 fuderunt;

2240 4722 2445 4792 ipsique
2479 4737 2632 4792 reges
2655 4763 2670 4789 ,
2702 4737 2928 4792 quorum
2979 4720 3179 4791 legibus
3209 4721 3516 4776 vastabatur
3554 4721 3838 4792 Ecclesia,
3929 4779 3934 4782 _

2238 4815 2288 4870 ei
2312 4815 2512 4869 nomini
2545 4814 2831 4868 salubriter
2849 4812 3226 4878 subderentur,
3256 4811 3395 4882 quod
3431 4812 3498 4867 de
3534 4819 3678 4867 terra
3707 4827 3850 4868 cru-

2237 4905 2426 4962 dcliter
2445 4908 2652 4962 auferre
2678 4905 2850 4961 conati
2885 4913 3045 4970 sunt,
3071 4913 3125 4959 et
3149 4903 3314 4959 falsos
3352 4903 3482 4959 deos
3528 4903 3850 4972 inciperent

2236 4998 2521 5068 persequi,
2552 5012 2778 5067 quorum
2833 5009 2994 5052 causa
3049 4995 3280 5051 cultores
3322 4994 3417 5050 Dei
3453 4995 3565 5049 veri
3615 4993 3853 5051 fuerant

2235 5095 2388 5142 antea
2421 5087 2706 5156 persecuti.

548 5203 659 5258 quo
697 5189 837 5244 malo
864 5199 1020 5246 utens
1063 5190 1236 5260 bene,
1281 5201 1335 5247 et
1376 5206 1487 5248 suae
1524 5195 1790 5265 passionis
1815 5195 2131 5267 dispositum

546 5279 828 5350 impleret,
871 5291 926 5337 et
969 5281 1226 5339 Ecclesia:
1267 5298 1378 5339 suae
1422 5286 1820 5343 tolerandarum
1868 5291 2130 5346 malorum

546 5369 812 5443 praeberet
857 5373 1186 5442 exemplum.
1233 5373 1539 5444 Seminato,
1582 5385 1832 5448 quantum
1877 5394 1972 5449 per
2016 5380 2132 5451 ejus

547 5461 831 5531 oportebat
857 5464 1196 5532 praesentiam
1227 5465 1582 5535 corporalem,
1610 5479 1793 5524 sancto
1820 5469 2129 5541 Evangelio,

549 5565 738 5623 passus
762 5561 877 5622 est,
907 5564 1150 5611 mortuus
1181 5565 1285 5624 est,
1314 5557 1603 5613 resurrexit
1633 5575 1646 5612 :
1676 5561 1923 5630 passione
1947 5572 2131 5617 osten-

473 5688 479 5702 .
550 5642 686 5699 dens
725 5643 852 5713 quid
881 5645 1145 5702 sustinere
1169 5661 1270 5718 pro
1295 5649 1520 5705 veritate
1543 5692 1558 5718 ,
1587 5652 1976 5708 resurrectione
2004 5653 2131 5724 quid

611 5757 632 5832 ξ
663 5756 800 5832 sunt,
820 5769 915 5832 non
935 5757 999 5832 ge
1019 5757 1100 5832 his
1115 5759 1257 5832 dixit.
1281 5763 1445 5825 Abest,
1469 5763 1616 5827 dixit,
1642 5778 1671 5817 a
1693 5745 2044 5830 manuscnpds.

611 5821 632 5853 ι
663 5820 736 5870 sic
758 5827 864 5868 Mss.
887 5819 1004 5872 Editi
1026 5830 1208 5887 autem,
1235 5819 1435 5876 incerta;

2307 5199 2535 5257 CAPUT
2561 5199 2649 5253 LI.
2675 5227 2748 5240 --
2778 5199 2927 5267 Quod
2953 5201 3103 5276 etiam
3133 5218 3223 5271 per
3249 5200 3600 5254 lucreticorum
3629 5200 3857 5257 dissen-

2573 5293 2739 5346 siones
2766 5291 2892 5360 ﬁdes
2915 5291 3166 5345 catholica
3194 5292 3472 5345 roboretur.

2307 5405 2361 5460 1.
2401 5403 2601 5459 Videns
2622 5411 2796 5458 autem
2817 5402 3059 5457 diabolus
3083 5404 3276 5473 templa
3298 5403 3598 5457 dmmonum
3626 5400 3856 5474 deseri,

2237 5506 2290 5552 et
2316 5497 2370 5552 in
2399 5512 2594 5552 nomen
2625 5496 2898 5552 liberantis
2929 5495 3232 5551 Mediatoris
3259 5510 3473 5551 currere
3511 5510 3685 5565 genus
3731 5497 3858 5552 hu-

2238 5604 2454 5644 manum
2485 5629 2500 5656 ,
2530 5589 2808 5644 luereticos
2836 5588 3044 5656 movit,
3077 5587 3168 5658 qui
3216 5588 3315 5643 sub
3366 5587 3625 5642 vocabulo
3686 5589 3865 5647 chri-

2303 5771 2318 5800 ¹
2356 5769 2472 5818 Editi
2495 5768 2690 5828 addunt,
2718 5767 2875 5817 Patris
2895 5766 2973 5816 sui
2996 5781 3010 5818 :
3036 5780 3132 5816 non
3154 5775 3320 5818 autem
3345 5773 3542 5817 veteres
3564 5765 3707 5818 libri.

2303 5830 2332 5897 ’_
2353 5837 2406 5880 tu
2429 5839 2532 5881 Mss.
2555 5845 2651 5882 non
2675 5839 2769 5893 est,
2787 5831 2857 5881 vel
2875 5836 3126 5880 momenta.
