4062 6522
257 355 354 416 617

256 491 369 532 esse
399 481 646 528 nostrum
679 488 741 527 ex
771 488 863 528 ore
889 471 1142 528 Veritatis
1171 470 1467 527 audiamus.
1498 471 1644 538 Quos
1667 479 1841 526 tamen

256 568 338 622 alii
365 565 786 636 quadringentos
812 606 826 628 ,
873 564 964 618 alii
993 565 1350 634 quingentos,
1381 563 1468 617 alii
1493 563 1654 618 etiam
1699 561 1845 618 mille

255 660 322 714 ab
346 659 666 713 ascensione
698 657 905 712 Domini
933 663 1104 728 usque
1127 657 1191 711 ad
1223 656 1339 727 ejus
1368 657 1608 711 ultimum
1637 654 1703 710 ad
1716 671 1846 710 ven-

264 761 371 804 tum
401 747 662 818 campieri
691 763 848 819 posse
877 748 1148 803 dixerunt.
1177 747 1638 817 Quemadmodum
1663 757 1840 802 autem

256 846 481 914 quisQue
511 857 700 896 eorum
729 850 938 896 astruat
983 843 1290 910 Opinionem
1323 857 1494 908 suam,
1525 840 1740 910 longum
1767 846 1850 894 est

254 937 644 1000 demonstrare,
675 942 732 991 'et
757 951 862 989 non
891 934 1271 990 necessarium.
1299 933 1632 1003 Conjecturis
1656 933 1851 1003 quippe

255 1038 476 1084 utuntur
507 1024 782 1092 humanis,
812 1044 917 1082 non
949 1027 1018 1082 ab
1043 1031 1122 1083 eis
1152 1037 1356 1083 certum
1383 1026 1580 1098 aliquid
1607 1026 1674 1082 de
1703 1023 1850 1081 Scri-

255 1133 428 1194 pturzc
456 1121 736 1176 canonica:
764 1120 1082 1176 auctoritate
1120 1116 1411 1191 profertur.
1443 1121 1694 1176 Omnium
1723 1122 1850 1174 vero

254 1214 318 1269 dc
353 1217 452 1270 hac
482 1230 542 1269 re
589 1213 963 1268 calculantium
994 1213 1189 1284 digitos
1240 1214 1459 1269 resolvit
1487 1213 1559 1283 (α)
1593 1222 1648 1269 et
1694 1213 1847 1283 quie-

254 1321 406 1361 scere
428 1306 585 1376 jubet
631 1307 720 1361 iile
749 1306 835 1376 qui
868 1305 1026 1360 dicit:
1063 1304 1183 1360 Non
1213 1316 1285 1360 est
1308 1316 1527 1360 vestrum
1575 1307 1704 1360 scire
1732 1314 1854 1358 tem-

254 1404 399 1469 pora,
431 1415 547 1468 qua:
577 1397 733 1452 Pater
756 1399 808 1452 in
831 1414 924 1453 sua
954 1399 1120 1468 posuit
1146 1407 1410 1468 potestate.

320 1488 378 1542 2.
419 1487 530 1544 Sed
559 1489 674 1544 lucc
703 1489 824 1558 quia
871 1489 1178 1558 evangelica
1207 1489 1471 1544 sententia
1499 1495 1622 1555 est,
1652 1487 1848 1543 mirum

259 1594 370 1634 non
419 1589 502 1633 est
532 1595 637 1632 non
682 1593 741 1632 ra
776 1593 1051 1648 repressos
1098 1578 1262 1634 fuisse
1305 1579 1528 1634 deorum
1570 1579 1856 1634 multorum

255 1668 623 1740 falsorumque
649 1672 903 1735 cultores,
935 1671 1220 1739 quominus
1249 1671 1510 1741 fingerent
1551 1669 1857 1726 dmmonum

255 1763 570 1832 reSponSis,
622 1775 758 1831 quos
803 1768 1052 1830 tauquam
1109 1761 1241 1816 deos
1305 1763 1530 1828 colunt,
1576 1759 1859 1818 definitum

257 1859 378 1911 esse
403 1861 604 1924 qttauto
627 1863 866 1922 tempore
895 1869 1144 1908 mansura
1167 1864 1312 1910 esset
1334 1846 1522 1925 religio
1547 1855 1854 1911 christiana.

257 1940 390 2000 Cum
421 1936 566 2005 enim
590 1943 853 2009 viderent,
883 1951 979 1998 nec
1007 1954 1084 1998 tot
1109 1944 1374 2015 tantisdue
1403 1937 1862 2014 persecutionibus

257 2051 377 2091 eam
425 2035 665 2106 potuisse
712 2036 985 2097 consumi,
1017 2035 1111 2089 sed
1142 2035 1226 2090 his
1275 2035 1454 2106 potius
1494 2036 1629 2090 mira
1684 2037 1864 2092 incre-

259 2139 444 2184 menta
478 2129 794 2199 sumpsisse,
827 2128 1264 2198 escogitaverunt
1289 2129 1470 2183 nescio
1497 2143 1632 2198 quos
1664 2143 1858 2184 versus

259 2233 488 2290 graecos,
521 2217 772 2289 tanquam
800 2219 1098 2273 consulenti
1129 2211 1374 2285 cuidam,
1420 2217 1602 2273 divino
1633 2219 1854 2274 oraculo

260 2313 495 2378 effusos,
520 2310 611 2366 ubi
643 2301 910 2367 Christum
941 2310 1156 2381 quidem
1187 2311 1254 2365 ab
1283 2311 1441 2381 hujus
1483 2317 1732 2382 tanduam
1782 2325 1863 2366 sa.

259 2404 466 2474 crilegii
497 2403 726 2459 crimine
772 2402 972 2457 faciunt
1019 2403 1392 2468 innocentem;
1423 2401 1638 2458 Petrum
1683 2411 1864 2457 autem

265 2489 554 2552 maleficiis
593 2495 782 2550 fecisse
811 2488 826 2526 ¹
857 2493 1218 2564 subjungunt,
1269 2491 1325 2548 ut
1361 2493 1628 2548 coleretur
1669 2493 1867 2549 Christi

260 2603 457 2643 nomen
479 2593 578 2658 per
601 2594 866 2641 trecentos
887 2587 1157 2655 sexaginta
1196 2583 1428 2654 quinque
1456 2597 1646 2647 annos,
1675 2583 1868 2640 deinde

259 2679 532 2748 completo
563 2684 860 2732 memorato
882 2683 1106 2730 numero
1135 2690 1420 2740 annorum,
1449 2676 1565 2730 sine
1595 2691 1744 2730 mora
1769 2691 1862 2729 su-

261 2777 435 2825 meret
466 2769 628 2823 finem
659 2767 753 2840 (b).
802 2769 845 2823 0
869 2761 1144 2822 hominum
1175 2768 1335 2823 corda
1376 2765 1652 2823 doctorum
1679 2760 1692 2823 l
1720 2784 1752 2823 ο
1784 2769 1866 2822 itt-

257 2861 409 2932 genia
440 2861 672 2915 litterata
702 2861 722 2890 ²
752 2859 906 2929 digna
954 2858 1175 2913 credere
1220 2859 1317 2914 ista
1361 2857 1428 2914 de
1465 2857 1701 2927 Christo,
1751 2874 1869 2928 qua:

260 2953 486 3007 credere
517 2967 624 3005 non
651 2950 812 3005 vultis
853 2951 906 3005 in
936 2949 1204 3004 Christum
1223 2991 1238 3013 ,
1268 2949 1407 3018 quod
1439 2950 1552 3020 ejus
1577 2949 1870 3019 discipulus

258 3042 450 3098 Petrus
477 3042 546 3097 ab
567 3057 634 3096 eo
661 3041 890 3111 magicas
907 3049 1057 3104 artes
1090 3055 1192 3094 non
1221 3040 1461 3094 didicerit
1482 3083 1495 3101 .
1524 3039 1617 3094 sed
1646 3040 1760 3111 ipso
1789 3040 1872 3094 in-

260 3144 490 3189 nocente
517 3143 694 3188 tamen
722 3133 836 3202 ejus
859 3132 1129 3186 maleficus
1156 3130 1314 3186 fuerit
1335 3131 1356 3162 ⁸
1386 3146 1684 3203 nomenque
1708 3132 1867 3201 illius,

259 3242 418 3296 quam
449 3232 631 3292 suum,
656 3225 756 3281 coli
785 3225 1032 3280 maluerit
1057 3223 1274 3294 magicis
1291 3225 1490 3279 artibus
1509 3224 1638 3288 suis,
1667 3226 1872 3296 magnis

261 3315 537 3372 laboribus
580 3326 636 3372 et
663 3315 911 3384 periculis
935 3315 1067 3381 suis,
1115 3325 1388 3384 postremo
1414 3318 1576 3370 etiam
1602 3315 1866 3372 effusione

264 3408 546 3480 sanguinis
569 3408 649 3462 sui
675 3401 687 3462 !
721 3407 774 3462 Si
806 3405 995 3462 Petrus
1024 3401 1298 3464 malclicns
1324 3405 1448 3460 fecit
1469 3448 1483 3470 ,
1513 3415 1569 3460 ut
1594 3405 1869 3462 Christum

259 3500 338 3555 sic
355 3501 606 3570 diligeret
633 3500 896 3564 mundus;
923 3499 1048 3569 quid
1081 3498 1202 3552 fecit
1234 3498 1491 3554 innocens
1513 3497 1751 3554 Christus
1769 3540 1783 3561 ,
1817 3508 1875 3554 ut

259 3599 382 3647 etim
403 3595 485 3648 sic
514 3583 761 3662 diligeret
779 3590 1005 3646 Petrus?
1031 3586 1411 3660 Respondeant
1434 3590 1594 3661 igitur
1617 3591 1713 3660 ipsi
1745 3591 1869 3658 sibi,

269 3693 326 3738 et
355 3684 400 3738 si
435 3693 700 3754 possunt,
746 3680 1042 3753 intelligant
1085 3682 1170 3735 illa
1216 3688 1446 3750 superna
1481 3681 1647 3751 gratia
1676 3672 1872 3736 factum

265 3790 424 3841 esse,
475 3781 536 3830 ut
577 3783 796 3846 propter
835 3784 1088 3829 a~tcrnam
1124 3774 1284 3827 vitam
1317 3767 1582 3829 Christum
1631 3773 1876 3844 diligeret

259 3868 529 3929 mundus,
563 3883 664 3939 qua
717 3867 883 3937 gratia
918 3869 1112 3921 factum
1161 3874 1275 3929 est,
1305 3875 1362 3919 ut
1388 3875 1446 3919 ct
1472 3873 1689 3936 propter
1718 3876 1875 3922 icter-

257 3972 386 4013 nam
436 3958 602 4012 vitam
653 3958 721 4012 ab
751 3959 842 4012 illo
873 3954 1234 4027 accipiendam
1271 3964 1326 4012 et
1369 3971 1534 4026 usque
1573 3956 1638 4011 ad
1667 3965 1874 4028 tempo-

257 4051 461 4106 rariam
515 4060 743 4106 tnortcm
796 4066 892 4120 pro
943 4050 1036 4104 illo
1089 4049 1387 4120 patiendam
1429 4048 1748 4105 ‘Christum
1793 4049 1875 4106 di-

257 4144 454 4214 ligeret
508 4144 720 4199 Petrus.
757 4142 954 4198 Deinde
997 4143 1080 4197 isti
1119 4143 1188 4197 dii
1228 4143 1316 4212 qui
1347 4149 1507 4209 sunt,
1537 4143 1624 4212 qui
1654 4154 1877 4212 possunt

253 4234 363 4289 ista
401 4234 728 4305 prtedicere,
773 4251 871 4290 nec
915 4244 1140 4305 possunt
1180 4244 1458 4299 avertere,
1507 4236 1579 4289 ita
1625 4251 1875 4290 succunt-
1941 4259 1950 4266 ·

250 4325 454 4382 bentes
475 4327 567 4382 uni
590 4325 852 4393 malefico,
894 4336 947 4382 ct
983 4327 1069 4380 uni
1097 4326 1287 4381 sceleri
1319 4327 1547 4397 magico,
1579 4342 1686 4398 quo
1712 4336 1872 4398 puer,

252 4430 316 4476 ut
367 4419 588 4484 dicunt,
624 4419 903 4474 anniculus
954 4417 1194 4485 occisus,
1239 4425 1298 4474 et
1326 4411 1650 4488 dilaniatus,
1690 4429 1743 4475 et
1769 4419 1876 4476 ritu

251 4511 473 4566 nefario
516 4513 758 4582 sepultus
819 4519 902 4566 est
959 4511 1062 4582 (c),
1115 4520 1170 4564 ut
1214 4521 1416 4565 sectam
1468 4510 1567 4565 sibi
1614 4511 1870 4568 adversa-

249 4604 398 4658 riam
422 4614 528 4656 tam
557 4604 762 4671 prolim
785 4611 1024 4673 tempore
1046 4602 1440 4665 convalescere,
1477 4610 1552 4656 tot
1581 4611 1874 4659 tantarum.

321 4695 340 4725 ⁸
383 4695 457 4743 sic
487 4689 675 4756 aliquot
697 4693 1025 4756 manuscripti.
1053 4699 1108 4742 At
1131 4692 1266 4750 editi,
1291 4689 1531 4756 maleﬁcia
1547 4691 1736 4754 fecisse.

317 4757 342 4824 ξ
385 4751 803 4824 ξιιηδριίρλιίιίρηιξ
827 4751 956 4824 I.ov.,
981 4753 1330 4824 litterularum,
1358 4751 1461 4824 pro,
1487 4751 1714 4824 litterata:

319 4822 345 4848 ³
383 4818 523 4874 aliti,
545 4818 654 4878 ejus
675 4815 942 4880 discipulus
963 4814 1212 4880 mleﬁcus
1243 4813 1409 4880 fuerit.
1450 4815 1616 4876 Abest,
1654 4813 1872 4880 discipu-

244 4877 350 4940 lus,
382 4891 413 4927 a
436 4877 792 4940 manuscriptis.

317 4936 346 4972 ‘
382 4941 543 4990 codex
572 4936 1015 4998 358(capiendam.
1102 4946 1160 4988 at.

312 5002 399 5064 (α)
422 5009 491 5051 De
514 5004 708 5064 ratione
728 4998 894 5063 digitis
909 5000 1351 5064 oornputaudividc
1375 4999 1683 5064 Herodotum,
1708 4998 1794 5050 lib.
1821 5000 1870 5062 6,

237 5061 458 5126 cap—63
501 5077 516 5124 ;
541 5063 763 5126 Plinium,
785 5061 1032 5126 ‘uistorige
1042 5061 1280 5126 naturalis
1319 5063 1441 5126 libro
1462 5063 1551 5122 5i,
1579 5075 1684 5126 φρ.
1709 5065 1767 5123 Ἱι
1791 5061 1873 5112 Ju-

238 5123 512 5186 venalem,
537 5127 687 5174 satira
713 5124 788 5182 10,
818 5139 948 5174 vers.
974 5123 1095 5182 248;
1121 5123 1444 5173 Alexandrum
1482 5126 1546 5173 ab
1565 5123 1869 5186 Alexandro,

237 5185 341 5236 lib.
379 5187 425 5245 1,
449 5201 558 5248 cap.
589 5187 666 5245 14,
688 5199 798 5248 pag.
823 5186 929 5235 114.
954 5192 1188 5234 ιλιιυιιειι.

313 5249 403 5310 (b)
429 5246 662 5298 Barbnius
685 5246 776 5297 hoc
813 5251 970 5310 refert
1012 5250 1071 5295 ad
1111 5260 1291 5296 annum
1330 5247 1514 5310 Domini
1549 5248 1659 5296 513.
1707 5246 1870 5298 simile

231 5309 419 5358 habes
457 5310 708 5358 oraculum
752 5321 780 5358 a
825 5309 1034 5371 quodam
1071 5321 1258 5371 pagano
1295 5309 1549 5371 conti-tum
1585 5310 1710 5370 apud
1757 5317 1869 5358 Proh

228 5347 710 5434 ἕὲι-ῖιηῖῦἓῖίὲἓ
737 5347 1256 5434 ἅυξίῖτῖςῖίᾇὶῆὸίῖξίἷιὶὲῖ
1293 5347 1774 5434 ἕῖίίῗ

312 5433 402 5495 (c)
434 5431 731 5495 Infanticidia
754 5432 906 5495 solita
921 5433 1060 5493 obiici
1083 5431 1364 5495 Christianis
1381 5433 1598 5495 ostendit
1617 5431 1873 5495 Tertullia-

227 5493 346 5544 nus
374 5493 428 5543 in
448 5493 780 5557 Apologetico,
801 5494 944 5556 paulo
965 5501 1076 5556 post
1099 5493 1310 5553 initium,
1331 5495 1411 5542 ubi
1436 5493 1481 5541 id
1501 5496 1688 5541 crimen
1713 5493 1869 5542 falsis-

225 5559 441 5606 simum
480 5556 631 5618 atque
674 5556 1142 5618 impatientissimum
1181 5562 1373 5617 purgat.
1413 5564 1692 5618 Quanquam
1739 5564 1871 5604 una.

225 5619 480 5682 phqges
537 5616 592 5668 et
631 5619 924 5682 Pepuziani,
983 5616 1079 5663 dtto
1125 5616 1371 5682 hominum
1417 5631 1602 5682 genera
1659 5617 1866 5666 [Heresis

224 5677 553 5752 hqﬁprimis
567 5677 770 5742 perdita:
793 5692 850 5750 ac
884 5680 1179 5752 desperatae,
1205 5680 1398 5727 infantis
1421 5677 1660 5752 tenellum
1691 5692 1790 5734 cor;
1811 5692 1870 5728 us

223 5742 396 5792 soliti
422 5749 669 5804 erantper
683 5743 841 5790 omnia
853 5746 1070 5789 membra
1086 5752 1438 5804 compunger_e,
1466 5748 1518 5788 ut
1536 5742 1606 5787 sic
1625 5751 1866 5800 expresso

224 5804 509 5865 sanguine
555 5802 710 5853 farina
747 5810 1110 5860 ntaseraretur,
1139 5802 1235 5865 qua
1279 5802 1794 5865 obnﬂcerentpauem
1817 5804 1867 5865 in

220 5862 578 5916 Eucharistiaz
602 5879 760 5920 usum,
781 5872 835 5913 ut
857 5865 1149 5926 Augustinus
1158 5862 1333 5915 'narrat
1355 5866 1405 5914 in
1429 5866 1551 5914 tibr-o
1573 5862 1636 5913 de
1659 5863 1866 5914 lucrosi-

222 5931 368 5991 διιεῖ,
409 5927 524 5977 btet.
551 5927 616 5991 95
637 5935 691 5976 et
712 5926 789 5975 '27.
817 5933 924 5974 wn.
953 5933 1104 5976 Vtvt-zs.

555 5990 786 6051 Sascr.
837 5993 1112 6050 Auacsr.
1161 5988 1296 6050 VII.

1463 353 1664 410 LIBER
1704 348 1996 409 DECIMUS
2031 348 2371 422 QCTAVUS.

1951 485 2056 542 que
2084 473 2507 541 persecutionum
2536 472 2827 530 horrendas
2851 473 3189 532 crudelitates
3210 518 3225 543 ,
3276 493 3380 532 non
3408 467 3540 534 resi-

1955 564 2145 620 stendo
2169 565 2260 619 sed
2291 557 2539 635 patiendo
2561 579 2818 637 superare
2843 608 2857 634 ,
2894 571 2949 624 et
2974 564 3040 623 ad
3071 581 3289 624 suorum
3317 569 3538 624 sitnnla-

1954 661 2189 722 Cro‘rum,
2222 655 2558 725 templorum,
2593 663 2864 714 sacrorum
2889 700 2905 725 ,
2935 659 3273 715 oraculorum
3302 662 3543 716 eversio-

1955 771 2077 811 nem
2107 756 2386 826 pervenire
2413 757 2962 826 pertuitterent?Quis
2991 764 3262 828 postremo
3285 767 3368 815 est
3384 757 3540 824 deus,

1955 846 2061 904 mn
2091 857 2271 904 noster
2299 849 2498 920 utique,
2526 849 2618 905 sed
2647 851 2904 921 ipsorum,
2931 851 3019 922 qui
3049 853 3128 907 vel
3159 852 3368 908 illectus
3399 852 3547 908 tanto

1955 938 2159 994 scelere
2179 933 2260 994 vel
2284 936 2540 1009 impulsus
2561 950 2642 994 est
2663 941 2758 994 ista
2783 940 3061 1011 prtestare‘t
3081 942 3192 998 Nan
3217 943 3360 998 enim
3385 943 3547 998 alicui

1956 1018 2184 1084 darmoni
2212 1071 2227 1095 ,
2255 1030 2348 1085 sed
2370 1029 2474 1086 deo
2501 1030 2683 1086 dicunt
2712 1032 2786 1087 ἱΙΙι
2811 1049 2996 1089 versus
3033 1034 3149 1090 haec
3187 1034 3403 1090 Petrum
3431 1045 3550 1092 arte

1957 1120 2158 1265 magilra
2185 1121 2454 1178 definisse.
2483 1121 2665 1178 Talem
2693 1122 2852 1179 deum
2880 1123 3074 1182 habent
3093 1167 3111 1196 ,
3155 1127 3244 1198 qui
3273 1127 3545 1183 Christum

1957 1213 2062 1265 nOn
2111 1211 2308 1265 tabent.

1957 1213 2062 1266 nun
2093 1211 2308 1267 habent.

1959 1323 2186 1380 CAPUT
2235 1315 2368 1381 LIV.
2423 1356 2494 1366 —
2544 1314 2624 1382 De
2647 1317 2942 1384 stultissimo
2985 1319 3248 1386 mendacio
3307 1318 3524 1404 Pagano

2034 1430 2145 1466 rum
2169 1454 2184 1480 ,
2215 1432 2312 1485 quo
2339 1416 2667 1472 christianum
2693 1420 2988 1490 religione»:
3015 1437 3116 1474 non
3147 1423 3278 1475 ultra
3305 1432 3551 1478 trecentos

2034 1507 2296 1576 sexaginta
2321 1508 2541 1578 quinque
2563 1525 2725 1564 annos
2749 1526 3042 1564 mansuram
3071 1528 3178 1565 esse
3201 1512 3477 1580 ﬁnxerunt.

2037 1617 2088 1671 1.
2113 1601 2238 1672 Ιιαὲο
2262 1627 2420 1688 atque
2451 1618 2755 1689 hujusmodi
2785 1622 2950 1677 multa
2977 1623 3312 1692 colligerem,
3344 1624 3387 1678 si
3421 1638 3553 1678 nono

1964 1709 2089 1766 dum
2117 1727 2288 1766 annus
2317 1713 2430 1782 ipse
2457 1715 2740 1770 transisset
2763 1757 2776 1779 ,
2808 1733 2966 1786 quem
2996 1717 3257 1772 divinatio
3287 1720 3406 1772 ficta
3435 1733 3555 1789 pro-

1966 1802 2151 1868 misit,
2181 1812 2235 1858 et
2259 1801 2480 1874 decepta
2509 1805 2717 1860 vanitas
2745 1807 2989 1861 credidit.
3023 1809 3154 1861 Cmn
3203 1825 3330 1862 vero
3355 1825 3420 1863 ex
3449 1823 3556 1878 quo

1967 1894 2198 1949 nominis
2226 1892 2426 1950 Christi
2476 1895 2649 1949 cultus
2675 1912 2769 1966 per
2797 1897 2912 1966 ejus
2942 1898 2996 1952 in
3024 1913 3186 1954 carne
3209 1901 3557 1970 prasentiam

1966 1997 2019 2042 et
2041 2002 2136 2057 per
2176 1988 2464 2057 Apostolos
2504 1989 2774 2045 institutus
2809 1999 2931 2057 est,
2975 2000 3101 2046 ante
3142 1991 3345 2062 aliquot
3385 2007 3557 2048 annos

1967 2080 2092 2133 anni
2139 2081 2360 2134 trecenti
2413 2081 2686 2151 sexaginta
2761 2081 2996 2152 quinque
3068 2083 3320 2152 completi
3393 2084 3506 2140 sint

1967 2171 2092 2241 quid
2125 2171 2264 2225 aliud
2293 2172 2605 2242 quatrimus,
2633 2171 2773 2227 unde
2797 2173 2895 2227 ista
2923 2173 3124 2228 falsitas
3149 2175 3466 2230 refellatur?
3487 2174 3557 2232 Ut

1968 2262 2112 2317 enim
2147 2262 2198 2316 in
2225 2263 2422 2317 Christi
2455 2263 2726 2319 nativitate
2751 2264 2906 2332 hujus
2935 2265 3010 2319 rei
3058 2282 3162 2320 non
3191 2281 3449 2335 ponamus
3477 2268 3560 2321 in-

1976 2354 2149 2419 itium,
2181 2355 2304 2423 quia
2335 2353 2510 2410 infans
2534 2364 2588 2409 et
2633 2371 2764 2426 puer
2790 2356 3082 2426 discipulos
3129 2374 3232 2412 non
3284 2358 3555 2426 habebat,

1971 2453 2150 2501 tamen
2179 2445 2391 2516 quando
2422 2447 2619 2503 habere
2647 2450 2831 2519 cmpit,
2865 2451 3048 2520 procul
3079 2451 3240 2506 dubio
3259 2461 3382 2507 tunc
3408 2453 3561 2508 inuo-

1972 2538 2074 2592 tuit
2117 2556 2210 2609 per
2264 2540 2380 2609 ejus
2435 2542 2767 2608 corporalem
2822 2545 3160 2612 prmsentiam
3217 2544 3457 2600 doctrina
3507 2555 3563 2601 et

1972 2629 2159 2698 religio
2189 2630 2498 2697 christiana,
2529 2630 2579 2684 id
2610 2639 2692 2685 est
2717 2672 2732 2697 ,
2765 2635 3112 2702 posteaquam
3145 2633 3196 2687 in
3222 2631 3388 2689 fluvio
3439 2633 3564 2690 Jor-

1972 2717 2110 2773 dune
2141 2720 2438 2775 ministerio
2466 2720 2687 2775 Joannis
2715 2731 2798 2776 est
2852 2722 3168 2791 baptizatus.
3198 2723 3424 2792 Propter
3463 2724 3566 2778 hoc

1973 2810 2115 2864 enim
2144 2810 2210 2864 de
2243 2812 2330 2864 illo
2361 2812 2639 2881 prophetia
2671 2811 2758 2866 illa
2786 2822 3141 2881 praecesserat
3167 2854 3180 2877 ,
3213 2813 3566 2870 Dominabitur

1972 2919 2005 2955 α
2029 2903 2160 2956 mari
2190 2918 2346 2972 usque
2373 2904 2441 2956 ad
2467 2921 2606 2957 mare
2631 2945 2646 2970 ,
2679 2914 2727 2958 et
2747 2921 2778 2956 a
2817 2906 3029 2975 ﬂamine
3054 2919 3209 2977 usque
3235 2907 3304 2960 ad
3331 2911 3568 2964 terminos

1974 2995 2109 3048 orbis
2135 3004 2283 3048 terrm
2309 2993 2481 3061 (Paul.
2517 3005 2642 3050 Lxxr
2668 3036 2684 3061 ,
2717 2996 2793 3067 8).
2829 2996 2934 3051 Sed
2979 2998 3231 3067 quoniam
3261 2999 3567 3070 priusquam

1975 3099 2164 3156 passus
2189 3095 2335 3140 esset
2360 3097 2413 3140 et
2442 3088 2821 3141 resnrrexisset
2847 3103 2877 3141 a
2911 3088 3134 3142 mortuis
3162 3120 3178 3153 ,
3210 3090 3446 3143 nonduin
3497 3091 3565 3143 ηδ

1973 3175 2072 3234 des
2100 3178 2344 3233 omnibus
2372 3177 2541 3232 fuerat
2566 3180 2818 3244 dciiuiL‘t;
2849 3179 2902 3234 in
2948 3181 3340 3236 resurrectione
3370 3184 3567 3252 quippe

1976 3269 2171 3326 Christi
2197 3269 2414 3324 definita
2442 3279 2523 3324 est
2553 3270 2696 3341 (nam
2733 3272 2811 3325 sic
2841 3273 3114 3340 apostolus
3143 3272 3338 3327 Paulus
3393 3275 3565 3328 Athe-

1977 3363 2250 3418 niensibus
2308 3362 2540 3432 loquitur
2583 3363 2769 3418 direns
2797 3405 2810 3427 ,
2843 3362 2962 3416 lam
2992 3373 3126 3417 nunc
3154 3366 3424 3419 annuntiat
3468 3365 3567 3420 Ito-

1976 3453 2194 3506 minibus
2219 3495 2234 3518 ,
2262 3469 2434 3508 omnes
2478 3454 2658 3522 ubique
2709 3466 2858 3524 agere
2900 3455 3278 3524 paenitentiam,
3319 3473 3380 3510 eo
3429 3457 3566 3526 quod

1976 3546 2150 3599 statuit
2179 3545 2331 3612 diem,
2353 3543 2588 3616 judicare
2617 3545 2783 3599 orbem
2813 3547 2863 3599 in
2885 3549 3134 3616 mquitule,
3161 3547 3212 3600 in
3237 3549 3362 3611 viro,
3391 3549 3444 3602 in
3465 3565 3565 3618 quo

1977 3637 2202 3704 deﬁnivit
2249 3637 2400 3705 [idem
2430 3638 2660 3689 ontnibus
2687 3678 2702 3700 ,
2748 3639 3052 3691 resuscitans
3093 3640 3237 3691 illuni
3280 3655 3312 3692 a
3357 3641 3567 3692 mortuis

1977 3726 2109 3801 [Αει.
2139 3744 2244 3782 xvu
2267 3771 2281 3794 ,
2310 3728 2379 3784 '50
2403 3739 2452 3782 et
2482 3727 2594 3800 51])
2625 3747 2638 3782 :
2673 3731 2861 3783 melius
2892 3731 2942 3784 in
2973 3731 3070 3784 hac
3101 3733 3396 3800 quaestione
3443 3733 3564 3787 sol-

1977 3822 2144 3876 venda
2178 3821 2298 3876 inde
2328 3822 2532 3875 inititnn
2585 3823 2879 3884 sumimus;
2913 3829 3204 3891 przt'sertitn
3253 3829 3373 3896 quia
3435 3836 3563 3881 tunc

1977 3911 2132 3966 datus
2158 3921 2239 3966 est
2263 3911 2422 3966 etiam
2452 3913 2679 3981 Spiritus
2718 3917 2956 3979 sanctits,
2989 3915 3127 3968 sicut
3157 3932 3276 3968 Ctltli
3303 3916 3414 3970 dari
3449 3926 3566 3986 post

1979 4008 2422 4062 resurrertiouem
2450 4006 2648 4061 Christi
2689 4009 2971 4077 oportebat
3019 4009 3067 4061 in
3097 4024 3156 4062 ea
3209 4010 3423 4064 civitate
3451 4050 3467 4074 ,
3499 4025 3567 4067 cx

1978 4115 2079 4169 qua
2111 4098 2292 4152 debuit
2319 4099 2550 4167 incipere
2577 4100 2660 4154 lex
2694 4099 2925 4153 secunda
2951 4141 2966 4165 ,
3000 4099 3100 4154 hoc
3130 4109 3217 4155 est
3240 4101 3560 4156 Testamen-

1981 4199 2090 4244 tum
2119 4206 2333 4244 novum.
2355 4189 2527 4243 Prima
2550 4191 2691 4243 enim
2723 4191 2818 4244 fuit
2850 4204 2915 4244 et
2947 4203 3127 4245 monte
3154 4191 3279 4246 Sina
3307 4209 3399 4262 per
3413 4194 3565 4266 Moy-

1979 4293 2076 4338 seu
2103 4324 2119 4350 ,
2164 4283 2306 4353 quod
2333 4283 2732 4337 Testamentum
2766 4293 2983 4337 vocatur
3009 4295 3181 4337 vetns.
3217 4285 3289 4339 De
3340 4284 3438 4340 hac
3467 4302 3568 4341 au-

1979 4380 2086 4428 tem
2108 4388 2226 4442 qua:
2255 4387 2350 4442 per
2376 4371 2646 4427 Christum
2693 4371 2866 4426 danda
2894 4381 3010 4427 erat
3041 4413 3055 4435 ,
3085 4373 3394 4440 pra'dictum
3440 4388 3516 4429 est
3545 4416 3563 4444 ,

1980 4462 2064 4518 Ea:
2091 4463 2218 4518 Sion
2247 4463 2444 4533 prodiet
2471 4464 2554 4516 lca:
2575 4504 2589 4525 ,
2617 4477 2665 4516 et
2708 4462 2906 4516 verbum
2939 4461 3142 4516 Domini
3173 4479 3235 4516 ex
3277 4462 3568 4520 Jerusalem

1978 4555 2132 4625 (Isai.
2183 4571 2256 4617 tt,
2288 4547 2364 4626 3).
2391 4541 2545 4609 Unde
2595 4564 2648 4608 et
2694 4554 2806 4622 ipse
2835 4569 2930 4623 per
2959 4570 3147 4608 omnes
3198 4559 3385 4624 gentes
3432 4557 3572 4612 dixit.

1976 4647 2252 4720 priedicari
2297 4657 2548 4717 oportere
2578 4647 2630 4700 in
2669 4646 2882 4702 nomine
2911 4658 3009 4701 suo
3049 4649 3438 4717 ptﬁnitentiam,
3469 4651 3567 4706 sed

1979 4749 2155 4795 tamen
2185 4737 2562 4809 incipientibus
2614 4737 2683 4792 ab
2729 4737 3024 4794 Jerusalem
3077 4737 3229 4809 (an.
3271 4755 3419 4805 χειν,
3449 4740 3566 4811 47).

1977 4833 2050 4889 Ibi
2077 4848 2204 4902 ergo
2229 4843 2453 4887 exorans
2481 4840 2564 4886 est
2586 4829 2744 4901 hujus
2773 4832 3004 4887 nominis
3025 4831 3219 4897 cultus,
3250 4841 3305 4885 ttt
3335 4832 3385 4886 in
3409 4832 3568 4888 Chri-

1975 4937 2118 4982 stum
2148 4925 2330 4980 Jesum
2360 4965 2374 4988 ,
2397 4924 2488 4995 qui
2515 4925 2800 4979 crucifixus
2854 4921 3026 4978 fuerat
3066 4933 3121 4977 et
3148 4934 3521 4978 resurreserat
3544 4963 3562 4991 ,

1975 5016 2286 5072 crederetur
2317 5032 2329 5068 :
2362 5015 2432 5069 ibi
2461 5015 2577 5070 haec
2624 5013 2758 5071 fidas
2805 5024 2911 5068 tam
2943 5013 3238 5084 insignibus
3288 5013 3450 5068 initiis
3481 5015 3567 5069 in-

1975 5108 2308 5174 canduit‘,ut
2330 5108 2533 5176 aliquot
2563 5107 2836 5160 hominum
2865 5105 3027 5159 millia
3057 5105 3108 5158 in
3137 5103 3334 5158 Christi
3362 5120 3560 5162 nomen

1975 5198 2205 5255 mirabili
2253 5198 2534 5253 alacritate
2559 5212 2813 5252 conversa
2833 5230 2850 5263 ,-
2881 5195 3108 5251 venditis
3152 5195 3264 5251 suis
3313 5197 3473 5253 rebus
3502 5205 3563 5255 ut

1974 5291 2160 5361 egenis
2185 5282 2627 5344 distribuerentur
2651 5329 2666 5354 ,
2697 5287 2971 5357 pr0posito
2999 5296 3186 5342 sancto
3210 5295 3264 5342 et
3291 5287 3566 5346 ardentis-

1974 5383 2107 5437 sima
2129 5381 2387 5437 charitate
2412 5379 2477 5433 ad
2525 5387 2892 5449 paupertatem
2919 5377 3274 5432 voluntariam
3318 5381 3566 5450 pervcni-

1975 5481 2124 5537 rcut,
2155 5482 2312 5542 atque
2355 5471 2495 5525 inter
2547 5471 2833 5525 frementes
2862 5478 2916 5524 et
2957 5469 3270 5539 sanguinem
3319 5472 3563 5528 sitientes

1973 5563 2185 5619 Judmos
2213 5605 2228 5629 ,
2257 5575 2315 5617 se
2346 5577 2512 5632 usque
2550 5561 2616 5615 ad
2649 5568 2872 5614 mortem
2924 5575 3019 5630 pro
3063 5561 3287 5615 veritate
3307 5570 3516 5616 certare
3543 5600 3559 5628 ,

1975 5674 2086 5713 non
2166 5664 2368 5709 armata
2419 5654 2650 5723 potentia
2697 5695 2712 5719 ,
2767 5652 2862 5708 sed
2944 5654 3247 5724 potentiore
3311 5655 3564 5724 patientia

1974 5745 2491 5821 prmpararentJloc
2537 5746 2581 5801 si
2634 5746 2792 5800 nullis
2838 5746 3058 5817 magicis
3105 5744 3311 5800 artibus
3364 5744 3561 5798 factum

2038 5860 2068 5969 ³1
2090 5864 2218 5969 lion,
2251 5855 2450 5908 incaluit
2479 5868 2497 5909 :
2535 5855 2940 5906 dissentientibus
2974 5855 3118 5905 editis
3153 5855 3260 5904 aliis
3307 5859 3355 5903 et
3397 5865 3562 5901 manu.

2038 5934 2100 5969 ru
2125 5933 2182 5969 ts.

1973 5926 2182 5983 scriptis.

2051 6051 2064 6059 .
2823 5977 3118 6059 (rinam
