4062 6514
235 457 326 518 ωε
1035 441 1040 448 ’
1489 449 1689 508 LIBER
1729 447 2026 506 DECIMUS
2061 427 2306 507 nones.

3411 439 3516 508 ceu

235 583 2920 610 ww

939 709 1418 820 LIBER
1491 700 2199 832 DECIMUS
2274 700 2840 811 NOJV'US.

233 910 284 954 ιιι
332 915 433 968 quo
467 902 536 954 de
579 903 754 968 ﬁnibus
781 904 971 968 utriusq

971 913 1038 950 ue
1073 900 1281 950 civitatis
1299 931 1314 958 ,
1363 905 1578 958 terrenae.
1617 905 1675 942 ac
1691 889 1928 958 celestis,
1957 887 2252 958 disputa-tur.
2275 891 2607 958 necensentur
2627 886 2692 958 de
2715 887 2951 958 honorum
2983 897 3038 942 et
3076 887 3522 958 malorum__ﬂullms

303 949 562 1030 opinioues
579 949 990 1030 ﬁnitissimis;
1002 949 1094 1025 qui
1106 949 1456 1030 beatitudinem
1473 959 1526 1030 in
1545 955 1640 1030 hac
1649 955 1754 1030 viui
1772 949 2665 1030 ωςετεμίρεξξἱ-ιὲὶέῖὲξιτῖ-Ῡρεξξξξεξξξιξ
2677 949 2788 1030 :Lqpi
2805 950 2916 1030 dum
2932 953 3186 1030 operosius
3205 951 3518 1030 refelluntur,

297 1007 1492 1089 iiii};Eiuéigiéélgiufgetﬁﬁiiwarm
1515 1015 1766 1067 beatitudo
1787 1021 1840 1062 et
1865 1018 1959 1075 pax
1975 1007 2203 1074 quamam
2225 1011 2306 1069 sit',
2338 1007 2558 1076 qualisve
2581 1009 2660 1059 hic
2681 1007 2869 1070 haberi,
2907 1007 2988 1062 vel
3011 1014 3060 1062 in
3083 1011 3298 1064 futurum
3331 1007 3522 1078 sperari

297 1091 468 1153 possit,
503 1089 880 1140 demonstratur.

1851 1203 1900 1245 ο

239 1323 470 1389 CAPUT
509 1292 796 1386 PRlirlUll.
837 1327 908 1368 ὲ-
957 1301 1104 1392 Quod
1152 1323 1206 1378 in
1248 1321 1542 1395 'quwstione,
1584 1333 1734 1388 quam
1769 1316 1832 1369 de

313 1409 500 1480 ﬁnibus
527 1401 772 1462 bonorum
809 1415 856 1461 et
882 1405 1130 1458 malorum
1163 1400 1512 1472 philosophica
1553 1395 1831 1464 disputatio

311 1501 591 1566 uentilauit,
624 1501 865 1553 ducentas
886 1497 1136 1566 octoginta
1160 1503 1206 1547 et
1231 1501 1341 1546 octo
1365 1499 1526 1546 aestas
1552 1504 1660 1544 esse
1688 1501 1834 1558 posse

319 1591 489 1646 Varro
517 1591 844 1662 perspexerit.

315 1685 372 1740 l.
409 1684 674 1752 Quoniam
704 1682 770 1736 de
796 1680 1024 1736 civitatis
1049 1678 1348 1748 utriusque,
1375 1683 1601 1730 terrena:
1631 1669 1835 1726 scilicet

242 1787 299 1832 et
325 1774 583 1840 cmicstis,
613 1771 805 1828 debilis
837 1771 1029 1826 finibus
1055 1771 1304 1838 deinceps
1331 1767 1458 1821 mihi
1481 1765 1632 1820 video
1653 1762 1835 1832 dispu-

244 1866 502 1931 tandum;
535 1865 682 1935 prius
701 1861 1012 1934 exponenda
1039 1871 1180 1926 sunt,
1203 1867 1456 1931 quantum
1480 1847 1658 1926 operis
1679 1853 1834 1922 hujus

245 1955 573 2012 terminandi
599 1957 733 2010 ratio
763 1957 978 2024 patitur,
1009 1961 1320 2022 argumenta
1353 1949 1679 2014 mortalium,
1713 1947 1833 2014 qui-

245 2049 348 2102 bus
371 2049 476 2104 sibi
499 2048 596 2118 ipsi
630 2045 1010 2102 beatitudinem
1041 2043 1215 2098 facere
1243 2043 1294 2097 in
1324 2043 1480 2112 hujus
1505 2039 1626 2094 vitae
1655 2035 1836 2094 infeli-

243 2141 408 2196 citate
437 2138 608 2194 moliti
638 2145 779 2200 sunt,
808 2146 862 2190 ut
897 2137 964 2190 ab
1000 2149 1182 2190 eorum
1211 2133 1370 2188 rebus
1407 2129 1558 2184 vanis
1583 2143 1704 2197 spes
1737 2141 1834 2180 no-

246 2245 356 2288 stra
381 2233 510 2304 quid
533 2231 764 2294 differat,
793 2245 950 2300 quam
977 2229 1116 2282 Deus
1137 2227 1289 2280 nobis
1312 2223 1477 2288 dedit,
1508 2231 1558 2277 et
1585 2237 1672 2275 res
1699 2220 1832 2288 ipsa,

249 2327 352 2380 hoc
397 2335 482 2380 est
513 2339 637 2378 vera
675 2321 944 2377 beatitudo
970 2335 1126 2390 quam
1167 2317 1334 2380 dabit,
1375 2329 1480 2369 non
1513 2319 1714 2368 tantum
1744 2315 1838 2363 au-

244 2417 500 2472 ctoritate
535 2416 736 2482 divina,
777 2413 871 2468 sed
909 2411 1144 2466 adhibita
1183 2407 1343 2464 etiam
1373 2403 1597 2470 ratione,
1625 2401 1835 2474 qualem

247 2520 470 2580 propter
509 2509 752 2563 infideles
787 2519 1072 2578 possumus
1107 2503 1386 2566 adhibere,
1432 2499 1714 2554 clarescat.
1763 2497 1837 2552 De

246 2601 446 2656 finibus
467 2600 610 2654 enim
639 2599 898 2654 bonorum
924 2604 977 2650 ct
1001 2593 1262 2648 malorum
1293 2592 1455 2646 multa
1496 2599 1549 2645 et
1577 2587 1836 2656 multipli-

246 2695 386 2747 citer
410 2691 554 2746 inter
580 2705 640 2746 se
665 2686 966 2759 philosophi
1003 2685 1374 2755 disputarunt:
1402 2695 1560 2752 quam
1591 2678 1840 2750 qumstio-

245 2793 376 2838 nem
420 2781 651 2836 maxima
701 2781 990 2834 intentione
1033 2783 1330 2841 versantes,
1377 2773 1620 2828 invenire
1661 2769 1836 2825 conati

245 2885 374 2932 Sunt
407 2874 536 2944 quid
577 2872 776 2928 efficiat
815 2869 1088 2924 hominem
1123 2868 1358 2923 beatum.
1409 2857 1540 2918 Illud
1579 2863 1722 2918 enim
1757 2869 1841 2916 est

245 2965 516 3022 ﬁnisboni
545 2964 736 3028 iuiStri,
761 2974 979 3034 propter
999 2959 1139 3030 quod
1162 2957 1456 3030 appetenda
1479 2965 1602 3012 sunt
1621 2963 1835 3022 caatera,

243 3059 422 3128 ipsum
467 3064 646 3110 autem
695 3061 910 3124 prepter
953 3053 1186 3120 seipsqu
1213 3067 1226 3102 :
1253 3057 1308 3103 et
1353 3047 1482 3102 illud
1523 3048 1642 3100 linis
1687 3043 1836 3112 mali,

245 3160 468 3222 propter
491 3147 634 3219 quod
665 3146 870 3201 vitanda
903 3153 1026 3200 sunt
1045 3152 1260 3207 cattcra,
1305 3142 1475 3209 ipsum
1503 3151 1680 3194 autem
1711 3146 1838 3208 pro-

245 3250 370 3310 pter
405 3254 468 3294 se
499 3239 692 3308 ipsum.
730 3235 914 3291 Finem
943 3251 1070 3303 ergo
1121 3233 1242 3286 boni
1283 3245 1424 3284 nunc
1454 3229 1698 3292 dicimus,
1731 3241 1840 3284 non

245 3349 356 3402 quo
377 3339 750 3392 consumatur,
796 3336 854 3382 ut
883 3341 988 3380 non
1027 3325 1116 3390 sit,
1157 3323 1250 3376 sed
1289 3336 1395 3392 quo
1428 3320 1752 3390 perficiatur,
1782 3313 1842 3372 ut

245 3427 466 3496 plenum
501 3425 572 3478 sit
597 3439 612 3488 ;
643 3430 698 3476 et
723 3422 880 3474 finem
911 3418 1056 3482 mali,
1089 3431 1194 3470 non
1219 3430 1326 3482 quo
1349 3429 1468 3468 esse
1489 3412 1714 3474 desinat,
1743 3409 1840 3466 sed

243 3532 352 3588 quo
391 3531 566 3585 usque
595 3513 836 3568 nocendo
875 3509 1150 3581 perducat.
1183 3507 1344 3562 Fines
1373 3507 1548 3574 itaque
1576 3504 1662 3560 isti
1691 3512 1838 3571 sunt,

243 3623 515 3666 summum
555 3607 776 3667 bonum,
804 3614 856 3658 et
895 3616 1161 3656 suuunum
1191 3599 1410 3652 malum.
1439 3595 1516 3650 De
1541 3593 1732 3665 quibus
1759 3595 1840 3650 in-

242 3698 548 3762 veniendis,
573 3703 732 3766 atque
753 3695 804 3748 in
834 3690 932 3748 hac
955 3695 1060 3746 vita
1083 3695 1292 3744 summo
1313 3689 1451 3742 bono
1472 3685 1838 3756 adipiscendo,

241 3789 463 3844 vitando
502 3795 684 3842 autem
725 3799 933 3840 summo
963 3783 1126 3846 malo,
1159 3779 1403 3844 multum,
1432 3777 1570 3830 sicut
1604 3776 1732 3838 dixi,
1763 3775 1840 3829 la;

241 3883 597 3944 boraverunt,
636 3879 726 3950 qui
771 3877 1005 3932 studium
1051 3872 1323 3942 sapientia:
1367 3869 1422 3924 in
1463 3868 1619 3938 hujus
1655 3867 1839 3922 saeculi

237 3975 480 4030 'vauitate
527 3970 752 4044 profeSsi
791 3975 954 4024 sunt:
984 3979 1084 4020 nec
1121 3975 1295 4018 tamen
1343 3973 1458 4025 eos,
1484 3960 1724 4030 quamvis
1753 3958 1838 4014 di-

237 4065 418 4120 versis
442 4073 693 4118 errantes
721 4059 894 4114 modis
921 4065 1126 4112 natura:
1155 4054 1308 4108 limes
1326 4053 1375 4106 in
1406 4059 1609 4106 tantum
1636 4051 1704 4104 ab
1732 4051 1790 4104 iti
1813 4080 1834 4092 -

238 4173 378 4212 nere
403 4155 648 4210 veritatis
677 4153 892 4208 deviare
923 4147 1186 4219 permisit,
1215 4155 1272 4200 ut
1305 4161 1410 4200 non
1439 4143 1528 4198 alii
1557 4143 1608 4198 in
1635 4143 1832 4208 animo,

235 4249 336 4302 alii
367 4249 418 4302 in
461 4261 716 4314 corpore,
747 4243 834 4296 alii
865 4242 915 4295 iu
959 4249 1185 4309 utroque
1215 4237 1346 4292 fines
1383 4235 1641 4290 bonorum
1671 4249 1836 4303 pone-

235 4345 368 4394 rent
393 4349 446 4392 et
475 4337 764 4390 malorum.
795 4331 872 4386 Ex
901 4347 1004 4402 qua
1049 4330 1310 4398 tripartita
1339 4327 1483 4380 velut
1509 4325 1836 4396 generalium

233 4431 626 4488 distributione
673 4435 960 4489 sectarum,
1017 4423 1226 4478 Marcus
1271 4419 1440 4474 Varro
1487 4419 1539 4474 in
1589 4417 1724 4474 libro
1772 4418 1838 4472 de

231 4523 596 4593 Philosophia
629 4531 734 4575 tam
781 4519 998 4573 multam
1035 4517 1342 4586 dogmatum
1389 4512 1700 4567 varietatem
1729 4510 1840 4564 dili-

231 4627 436 4688 genter
459 4627 518 4672 et
541 4613 812 4669 subtiliter
841 4617 1107 4664 scrutatus
1125 4604 1380 4668 advertit,
1411 4611 1469 4656 ut
1493 4602 1558 4656 ad
1581 4601 1839 4656 ducentas

228 4705 516 4775 octoginta
557 4713 684 4758 octo
711 4709 906 4764 sectas,
943 4713 1048 4752 non
1072 4711 1190 4766 quae
1211 4695 1322 4764 jam
1359 4701 1559 4758 eSSent,
1600 4690 1694 4746 sed
1719 4705 1838 4762 quin

227 4813 368 4854 esse
403 4803 646 4867 possent,
691 4791 952 4846 adhibens
991 4783 1246 4858 quasdam
1291 4783 1638 4849 differentias,
1686 4779 1840 4836 facil-

223 4890 374 4946 lime
405 4887 730 4968 perveniret.

303 4983 370 5037 2.
417 4979 568 5047 Quod
599 4986 656 5032 ut
693 4964 928 5030 breviter
959 4970 1260 5036 ostendam,
1307 4967 1429 5022 inde
1467 4971 1675 5036 oportet
1703 4963 1840 5034 inci-‘-

223 5073 420 5144 piam,
447 5069 591 5140 quod
631 5069 748 5136 ipse
791 5063 1040 5128 advertit,
1085 5071 1140 5116 et
1165 5061 1342 5130 posuit
1381 5057 1434 5112 iu
1471 5059 1605 5112 libro
1631 5069 1840 5110 memo-

217 5173 362 5219 rato
395 5169 666 5231 :quatuor
691 5172 811 5212 esse
840 5153 1104 5225 qumdam,
1146 5161 1266 5220 qua:
1304 5149 1549 5203 homines
1577 5147 1692 5202 sine
1720 5149 1838 5200 ma-

215 5254 440 5325 gistro,
471 5251 588 5304 sine
615 5249 724 5302 ullo
742 5247 1000 5302 doctrina:
1037 5239 1380 5306 adminiculo,
1421 5238 1538 5292 sine
1576 5233 1839 5292 industria

215 5345 320 5400 vel
349 5349 480 5397 arte
503 5337 743 5406 vivendi,
781 5351 900 5406 quae
935 5336 1103 5390 virtus
1127 5329 1342 5396 dicitur,
1385 5337 1440 5385 et.
1467 5327 1649 5400 procul
1677 5327 1839 5382 dubio

213 5435 498 5500 discitur,
523 5431 676 5488 velut
714 5427 1028 5484 naturaliter
1053 5430 1341 5494 appetunt;
1369 5430 1460 5476 aut
1485 5419 1837 5490 voluptatem,

209 5544 338 5601 qua
363 5521 766 5581 delectabiliter
793 5527 1036 5574 movetur
1058 5512 1301 5584 corporis
1326 5517 1550 5576 sensus;
1579 5519 1670 5562 aut
1698 5507 1843 5601 quie-

209 5599 376 5686 tem,
419 5633 520 5688 qua
566 5616 629 5671 fit
666 5621 724 5670 ut
767 5612 966 5668 nullam
1007 5603 1308 5663 molestiam
1346 5604 1568 5674 quisque
1600 5599 1842 5670 corporis

209 5715 518 5788 patiatur;
567 5715 662 5762 aut
708 5715 1004 5770 utramque,
1050 5711 1208 5769 quam
1255 5705 1432 5750 tamen
1479 5709 1584 5791 uno
1624 5705 1840 5791 nomine

205 5785 544 5872 voluptatis
571 5798 834 5868 Epicurus
867 5791 1137 5862 appellat;
1163 5798 1254 5842 aut
1275 5785 1638 5841 univcrsaliter
1667 5785 1837 5853 prima

203 5907 483 5959 naturae,
515 5892 567 5945 in
606 5888 798 5960 quibus
838 5893 893 5942 et
919 5883 1034 5939 haec
1065 5889 1210 5948 sunt,
1250 5887 1306 5934 et
1339 5877 1462 5946 alia,
1499 5875 1582 5932 vel
1612 5873 1664 5930 in
1713 5885 1838 5929 cor-

1943 1327 2090 1382 pore,
2111 1319 2168 1366 ut
2195 1303 2554 1364 membrorum
2583 1303 2878 1380 integritas,
2923 1317 2976 1363 ct
3002 1297 3145 1364 salus
3182 1317 3340 1380 atque
3370 1313 3522 1366 inco-

1939 1405 2148 1458 hunitas
2176 1405 2327 1473 ejus;
2357 1403 2438 1458 v‘el
2461 1405 2511 1456 in
2535 1403 2734 1468 animo,
2767 1413 2822 1456 ut
2849 1413 2972 1456 sunt
3000 1417 3061 1456 ea
3090 1417 3207 1472 quae
3226 1401 3310 1456 vel
3338 1419 3520 1474 parva,

1939 1498 2022 1552 vel
2071 1512 2257 1566 magna
2303 1497 2356 1549 in
2403 1496 2676 1548 hominum
2727 1491 3069 1564 reperiuntur
3113 1493 3358 1564 ingeniis.
3399 1495 3523 1551 llac

1941 1582 2100 1659 igitur
2139 1589 2387 1656 quatuor,
2443 1585 2492 1640 id
2533 1595 2634 1648 cst,
2681 1587 2949 1654 VOlUjllﬂS,
2995 1585 3170 1655 quies,
3217 1589 3524 1655 utrumque,

1941 1681 2112 1750 prima
2145 1687 2370 1742 natum,
2401 1677 2474 1730 ita
2507 1685 2628 1730 sunt
2667 1675 2718 1729 in
2746 1675 2920 1741 nobis,
2953 1683 3008 1730 ut
3037 1673 3120 1730 vel
3147 1675 3336 1742 virtus,
3367 1691 3528 1746 quam

1941 1782 2124 1843 postea
2157 1771 2399 1824 doctrina
2443 1770 2648 1834 inserit,
2695 1779 2910 1839 propter
2939 1769 3055 1824 haec
3097 1771 3392 1840 appetenda
3435 1770 3536 1832 sit,‘

1941 1874 2037 1920 aut
2086 1865 2184 1920 ista
2229 1873 2449 1936 propter
2495 1865 2764 1928 virtutem,
2813 1861 2905 1917 aut
2954 1871 3176 1934 utraque
3214 1871 3432 1933 propter
3469 1877 3528 1918 se

1943 1957 2055 2026 ipSa
2087 1975 2101 2012 :
2129 1973 2190 2012 ac
2234 1973 2328 2025 per
2376 1955 2476 2010 llOC
2521 1955 2656 2010 fiunt
2695 1953 2820 2010 hinc
2858 1953 3136 2011 duodecim
3183 1965 3343 2010 secta:
3386 1971 3530 2026 :per

1941 2049 2080 2102 hanc
2106 2048 2246 2103 enim
2287 2047 2546 2102 rationem
2588 2047 2808 2115 singulm
2841 2047 3196 2118 triplicamur;
3229 2047 3370 2118 q'tiod
3396 2063 3522 2104 cum

1943 2137 1994 2192 in
2025 2153 2126 2192 una
2155 2137 2619 2204 demonstravero,
2650 2137 2866 2192 difficile
2903 2153 3008 2192 non
3031 2139 3131 2192 erit
3161 2139 3212 2194 id
3243 2139 3292 2193 in
3317 2141 3528 2194 creteris

1943 2229 2200 2283 invenire.
2241 2229 2372 2284 Cutu
2411 2243 2541 2300 ergo
2581 2229 2828 2300 voluptas
2866 2230 3106 2300 corporis
3144 2231 3306 2284 animi
3347 2231 3527 2285 virtuti

1943 2323 2034 2375 aut
2073 2317 2335 2385 subditur,
2365 2331 2454 2376 aut
2497 2319 2800 2392 praefertur,
2843 2333 2934 2375 aut
2963 2323 3222 2391 jungitur,
3267 2323 3526 2392 tripartite

1943 2412 2178 2466 variatur
2213 2411 2520 2467 diversitate
2567 2417 2853 2466 sectarum.
2899 2411 3154 2466 Subditur
3195 2421 3373 2466 autem
3415 2412 3530 2466 vir-

1944 2501 2066 2567 tuti,
2115 2501 2328 2570 quando
2371 2503 2426 2556 in
2483 2518 2636 2556 usum
2681 2503 2892 2556 "virtutis
2937 2509 3243 2558 assumitur.
3293 2501 3532 2559 Pertinet

1943 2594 2139 2663 quippe
2168 2591 2232 2646 ad
2258 2587 2466 2647 virtutis
2493 2589 2770 2658 ofilcium,’
2797 2601 2851 2647 et
2879 2594 3056 2648 vivere
3084 2593 3288 2662 patriae,
3327 2603 3376 2646 et
3407 2609 3532 2665 pro~

1945 2691 2065 2752 pter
2091 2684 2314 2752 patrima
2345 2683 2482 2738 filios
2525 2699 2807 2752 procreare
2839 2701 2850 2737 :
2880 2699 3106 2754 quorum
3139 2694 3382 2739 neutrum
3415 2684 3532 2740 fieri

1945 2783 2121 2844 potest
2165 2775 2282 2829 sine
2329 2775 2573 2845 corporis
2617 2776 2908 2845 voluptate.
2954 2775 3085 2830 Nam
3131 2778 3248 2832 sine
3289 2777 3376 2830 illa
3431 2791 3534 2832 nec

1944 2866 2097 2920 cibus
2128 2875 2388 2936 potusque
2431 2865 2680 2933 sumitur,
2713 2875 2770 2920 ut
2807 2867 3054 2932 vivatur;
3082 2875 3182 2922 nec
3223 2867 3534 2922 concumbi-

1947 2967 2054 3024 tur,
2099 2967 2157 3010 ut
2193 2959 2466 3027 generatio
2512 2967 2852 3028 propagetur.
2899 2959 3028 3014 Cum
3083 2975 3212 3014 vero
3249 2961 3536 3030 prmfcrtur

1945 3047 2146 3114 virtuti,
2177 3049 2288 3117 ipsa
2312 3049 2580 3118 appetitur
2611 3059 2829 3118 propter
2853 3065 2912 3104 se
2939 3051 3129 3119 ipsam,
3159 3051 3326 3106 vinus
3350 3062 3532 3106 autem

1945 3139 2262 3193 assumenda
2299 3141 2536 3194 creditur
2577 3149 2794 3210 propter
2835 3139 3002 3208 illam,
3055 3141 3104 3195 id
3148 3153 3253 3207 est,
3299 3153 3359 3196 ut
3400 3143 3533 3200 nihil

1947 3229 2118 3284 virtus
2150 3235 2290 3300 agat,
2317 3231 2416 3284 nisi
2443 3231 2509 3285 ad
2538 3232 2970 3301 coasequendam
2995 3231 3078 3287 vel
3107 3235 3528 3289 conservandam

1945 3323 2184 3390 corporis
2218 3323 2543 3391 voluptatem
2573 3341 2584 3376 :
2613 3339 2732 3394 qua:
2768 3323 2876 3378 vita
2903 3324 3158 3380 deformis
3184 3335 3267 3380 est
3291 3326 3528 3396 quidem.

1945 3415 2144 3486 quippe
2174 3415 2260 3470 ubi
2294 3416 2461 3470 virtus
2507 3417 2670 3472 servit
2702 3417 2934 3474 domina:
2962 3419 3257 3490 voluptati;
3287 3422 3532 3491 quamvis

1947 3507 2092 3560 nullo
2117 3507 2276 3562 modo
2307 3507 2420 3562 ha'c
2447 3507 2672 3562 dicenda
2699 3509 2768 3564 sit
2799 3511 2968 3566 virtus
2997 3529 3012 3565 :
3038 3512 3131 3566 sed
3164 3519 3340 3566 tamen
3367 3513 3528 3567 etiam

1947 3595 2048 3650 ista
2081 3595 2354 3651 horribilis
2387 3599 2658 3668 turpitudo
2683 3601 2942 3669 quesdam
2971 3601 3315 3672 philotophos
3341 3615 3528 3672 patro-

1948 3703 2046 3744 nos
2065 3699 2118 3744 et
2145 3689 2461 3746 defensores
2487 3707 2612 3745 suos
2641 3693 2842 3748 habuit.
2876 3694 3068 3748 Virtuti
3098 3710 3260 3764 porro
3283 3696 3529 3765 voluptas
3591 3739 3600 3752 .

1942 3779 2200 3850 jungitur,
2235 3781 2448 3852 quando
2477 3793 2666 3837 neutra
2696 3799 2878 3839 earum
2909 3793 3126 3855 prOpter
3159 3781 3405 3852 alteram,
3434 3787 3530 3842 sed

1948 3879 2164 3940 propter
2193 3885 2252 3925 se
2281 3872 2423 3941 ipsas
2449 3873 2628 3927 innuba:
2655 3885 2994 3943 appetuntur.
3033 3877 3366 3948 Quapropter
3394 3878 3532 3932 sicut

1944 3963 2192 4032 voluptas
2225 3965 2308 4018 vel
2338 3965 2571 4028 subdita,
2603 3968 2686 4020 vel
2719 3967 2957 4036 prmlata,
2988 3969 3070 4024 vel
3107 3969 3292 4039 juncta
3323 3971 3526 4036 virtuti,

1945 4063 2053 4107 tres
2091 4064 2266 4108 sectas
2311 4053 2462 4120 facit;
2513 4057 2581 4110 ita
2608 4057 2777 4126 quies,
2809 4057 2878 4112 ita
2921 4069 3221 4130 utrumque,
3252 4061 3322 4114 ita
3355 4062 3526 4130 prima

1943 4155 2147 4200 naturae
2185 4145 2318 4200 alias
2349 4155 2525 4202 ternas
2569 4149 2905 4206 Inveniuntur
2947 4151 3186 4210 efficere.
3223 4151 3329 4208 Pro
3349 4153 3530 4209 varie-

1943 4242 2052 4290 tate
2075 4237 2271 4307 quippe
2304 4237 2654 4295 humanarum
2683 4223 2992 4310 opinionum
3035 4242 3214 4297 virtuti
3243 4244 3530 4314 aliquando

1943 4328 2263 4390 subdantur,
2287 4331 2572 4402 aliquando
2599 4331 2966 4401 praeferuntur,
2993 4333 3279 4402 aliquando
3293 4336 3528 4406 jungun-

1943 4425 2047 4485 tur;
2077 4435 2140 4474 ac
2165 4421 2242 4476 sic
2279 4421 2346 4475 ad
2385 4422 2764 4478 duodenarium
2807 4433 3068 4480 sectarum
3109 4439 3386 4482 numerum
3415 4437 3528 4496 per»

1941 4513 2169 4566 venitur.
2212 4513 2316 4568 Sed
2360 4513 2460 4569 iste
2487 4517 2698 4584 quoque
2742 4531 2998 4572 numerus
3034 4515 3334 4588 duplicatur
3369 4519 3526 4573 adhis

1944 4605 2048 4658 bita
2077 4621 2175 4658 una
2201 4605 2520 4671 differentia,
2549 4605 2761 4660 socialis
2793 4607 3041 4664 videlicet
3077 4611 3200 4665 vitae
3232 4630 3244 4665 :
3274 4613 3524 4682 quoniam

1943 4695 2182 4765 quisquis
2199 4707 2433 4750 sectatur
2448 4697 2676 4767 aliquam
2696 4698 2918 4752 istarum
2933 4699 3216 4756 duodecim
3233 4708 3524 4759 sectarum.

1944 4789 2180 4856 profecto
2220 4797 2312 4842 aut
2353 4801 2568 4860 propter
2607 4805 2666 4845 se
2709 4800 2914 4846 tantum
2957 4791 3009 4848 id
3053 4795 3181 4865 agit,
3229 4801 3322 4848 aut
3367 4794 3528 4849 etiam

1943 4889 2162 4950 propter
2189 4881 2414 4947 socium,
2439 4883 2523 4936 cui
2551 4881 2711 4939 debet
2739 4883 2843 4940 hoc
2882 4885 3014 4942 velle
3043 4885 3183 4956 quod
3225 4887 3345 4940 sibi.
3375 4885 3524 4954 Quo-

1942 4974 2083 5029 circa
2120 4973 2400 5028 duodecim
2437 4985 2560 5029 sunt
2585 4990 2794 5042 eorum,
2840 4979 2930 5048 qui
2971 4987 3186 5048 pmpter
3218 4991 3284 5032 se
3319 4986 3524 5032 tantum

1944 5080 2373 5136 unamquamque
2413 5065 2694 5121 tenendam
2727 5077 2943 5138 putant;
2993 5075 3047 5121 et
3090 5069 3208 5122 alia:
3245 5067 3526 5125 duodecim

1945 5175 2151 5225 eorum,
2179 5159 2268 5229 qui
2297 5174 2400 5213 nou
2427 5160 2599 5214 solum
2631 5169 2847 5230 propter
2873 5173 2932 5213 se
2959 5159 3038 5213 sic
3067 5159 3148 5214 vel
3181 5161 3260 5215 sic
3291 5161 3526 5231 philoso-

1945 5250 2216 5321 phandum
2264 5265 2385 5304 esse
2425 5247 2740 5312 decernunt,
2784 5248 2875 5302 sed
2915 5248 3074 5302 etiam
3117 5261 3332 5321 propter
3368 5251 3526 5320 alios,

1945 5359 2167 5414 quorum
2204 5343 2400 5398 bonum
2432 5349 2690 5412 appetunt
2724 5341 2859 5396 sicut
2889 5355 3066 5395 suum.
3105 5341 3198 5398 lla:
3237 5354 3413 5400 autem
3449 5361 3532 5401 se-

1945 5447 2046 5492 cta:
2086 5437 2266 5507 viginti
2305 5441 2532 5505 quatuor
2575 5435 2765 5490 iterum
2802 5435 3162 5505 geminantur,
3200 5436 3378 5492 addita
3419 5439 3529 5494 dif-

1946 5529 2168 5585 ferentia
2193 5545 2256 5583 εχ
2285 5525 2614 5582 Academicis
2639 5528 2790 5583 novis
2815 5526 2912 5601 (η),
2943 5538 2996 5584 et
3019 5529 3152 5584 fiunt
3177 5531 3526 5602 quadraginta

1945 5633 2085 5678 octo.
2120 5620 2332 5676 illartun
2378 5622 2574 5691 quippe
2611 5620 2796 5690 viginti
2835 5631 3061 5690 quatuor
3103 5637 3529 5694 unamquamque

1945 5727 2208 5773 sci-tarum
2251 5723 2423 5784 potest
2448 5713 2669 5782 quisque
2703 5713 2782 5768 sic
2826 5721 3009 5770 tenere
3039 5729 3100 5771 ac
3136 5715 3423 5772 defendere
3469 5723 3524 5768 ut

2008 5873 2080 5937 (α)
2107 5869 2204 5921 vid.
2231 5866 2372 5931 paul)
2390 5864 2541 5929 infra,
2565 5879 2612 5916 ιι.
2637 5867 2682 5920 5.
