4062 6492
508 412 617 470 6‘25

510 536 732 593 certam,
762 518 1210 596 quemadmodum
1240 513 1594 572 defenderunt
1619 511 1807 579 Stoici,
1829 509 1971 583 quod
2003 508 2102 562 ho-

512 617 673 674 minis
712 618 932 681 bonum,
983 626 1088 684 quo
1134 608 1322 664 beatus
1365 615 1527 672 esset,
1572 606 1623 660 in
1671 603 1832 660 animi
1876 608 2106 657 tantum-

513 710 676 766 modo
703 708 896 763 virtute
934 704 1253 760 consisteret
1282 715 1298 753 :
1327 704 1502 769 potest
1543 698 1676 752 alius
1727 705 1785 751 ut
1823 695 2104 758 incertam,

513 804 655 857 sicut
678 797 1038 857 defenderunt
1076 792 1379 849 Academici
1419 790 1564 857 novi,
1592 787 1732 860 quod
1764 787 1844 842 eis
1868 786 1971 842 etsi
1996 799 2105 839 non

514 908 746 962 certum,
781 906 955 949 tamen
996 890 1291 948 verisimile
1320 887 1619 943 videbatur.
1649 884 1845 956 Viginti
1867 886 2107 954 'quatuor

513 1003 645 1060 ergo
671 987 804 1043 fiunt
836 1001 933 1057 per
963 1000 1080 1052 eos,
1115 984 1204 1054 qui
1233 996 1327 1037 eas
1354 980 1506 1036 velut
1527 987 1701 1034 certas
1728 987 1946 1048 promer
1969 974 2109 1030 veri-

516 1091 703 1146 tatem,
746 1087 801 1134 et
826 1077 946 1132 alia:
987 1074 1171 1146 viginti
1215 1080 1442 1142 quatuor
1470 1086 1568 1141 per
1606 1083 1721 1135 eos,
1764 1068 1853 1138 qui
1892 1067 2104 1122 easdem

513 1173 759 1246 quamvis
788 1171 1019 1226 incertas
1059 1175 1277 1238 propter
1319 1161 1835 1220 verisimilitudinem
1881 1174 2110 1230 sequen-

514 1266 610 1320 das
639 1272 841 1329 putant.
876 1261 1103 1325 Rursus,
1136 1257 1259 1328 quia
1286 1268 1711 1325 unamquamque
1738 1253 1957 1308 istarum
1988 1265 2110 1320 qua-

517 1357 761 1428 dmginta
801 1364 924 1411 octo
962 1361 1226 1408 sectarum
1262 1356 1440 1421 potest
1464 1346 1686 1417 quisque
1730 1343 1879 1415 sequi
1926 1341 2109 1397 habitu

516 1460 836 1505 cancrorum
876 1442 1336 1515 philosophorum,
1370 1441 1602 1508 itemque
1631 1444 1806 1507 potest
1846 1435 1983 1489 alius
2015 1436 2110 1488 ha-

516 1541 633 1597 bitu
658 1538 1003 1611 Cynicorum,
1029 1550 1094 1591 cx
1119 1532 1220 1589 hac
1245 1529 1404 1587 etiam
1429 1528 1729 1585 differentia
1750 1526 2107 1597 duplicantur,

519 1642 575 1689 ει
616 1630 902 1701 nonaginta
931 1643 1025 1684 sex
1067 1625 1219 1680 fiunt.
1260 1621 1464 1679 Deinde
1493 1621 1616 1691 quia
1646 1634 1831 1675 earum
1873 1616 2111 1688 singulas

515 1745 759 1802 quasque
799 1733 867 1783 ita
900 1724 1035 1781 tueri
1073 1722 1315 1777 homines
1341 1727 1563 1793 possunt
1603 1725 1762 1787 atque
1804 1713 2021 1777 sectari,
2056 1719 2113 1767 ut

517 1830 613 1878 aut
647 1822 870 1877 otiosam
897 1817 1118 1889 diligant
1144 1816 1326 1881 vitam,
1355 1813 1497 1868 sicut
1533 1811 1585 1865 hi
1621 1809 1711 1879 qui
1742 1805 2112 1862 tantummodo

518 1913 711 1971 studiis
746 1910 1004 1967 doctrina:
1050 1921 1236 1962 vacare
1276 1904 1557 1960 voluerunt
1596 1909 1755 1971 atque
1798 1898 2109 1961 valuerunt;

520 2014 614 2059 aut
639 2004 992 2074 negotiosam,
1034 1999 1173 2055 sicut
1200 1997 1252 2052 hi
1290 1996 1379 2066 qui
1423 2009 1543 2049 cum
1583 1989 2109 2064 philosopharentur,

521 2106 700 2153 tamen
738 2092 1201 2149 administratione
1229 2086 1534 2157 reipublica:
1562 2082 1912 2155 regendisque
1951 2080 2113 2136 rebus

520 2186 768 2242 humanis
805 2181 1197 2254 occupatissimi
1236 2178 1482 2243 fuerunt;
1512 2186 1604 2231 aut
1644 2190 1714 2230 ex
1753 2185 1979 2244 utroque
2018 2185 2113 2240 ge-

519 2294 655 2335 nere
684 2284 1054 2346 temperatam,
1099 2272 1237 2328 sicut
1275 2270 1327 2324 hi
1366 2270 1456 2340 qui
1490 2268 1682 2339 partim
1723 2266 1935 2322 erudito
1978 2263 2111 2331 otio,

521 2366 715 2443 partim
746 2371 1050 2426 necessario
1078 2366 1312 2437 negotio,
1343 2362 1658 2418 alternantia
1689 2361 1809 2415 γίιεε
1842 2374 1955 2413 sua:
1981 2367 2115 2413 tem-

520 2480 652 2537 pora
684 2463 984 2518 tribuerunt
1009 2477 1023 2512 :
1049 2469 1265 2530 propter
1289 2456 1383 2509 has
1407 2453 1733 2509 differentias
1756 2461 1929 2521 potest
1950 2449 2112 2505 etiam

521 2553 781 2624 triplicari
839 2564 1095 2606 numerus
1142 2550 1246 2602 istc
1286 2554 1574 2609 sectarum,
1629 2551 1683 2598 et
1734 2541 1802 2596 ad
1850 2541 2115 2596 duCcntas

522 2636 795 2715 octoginta
822 2653 945 2698 octo
975 2639 1211 2712 perduci.

596 2740 654 2796 '5.
695 2737 819 2792 Haec
843 2737 912 2792 de
942 2733 1192 2789 Varronis
1219 2730 1376 2796 lihro,
1401 2738 1656 2800 quantum
1687 2725 1855 2797 potui,
1886 2723 2116 2781 breviter

522 2845 588 2887 ac
611 2827 842 2885 dilucide
868 2826 1044 2898 posui,
1074 2824 1367 2880 sententias
1394 2822 1511 2891 ejus
1537 2820 1671 2875 meis
1698 2819 1972 2889 explicans
1998 2822 2117 2874 ver-

522 2922 629 2979 his.
655 2918 934 2988 Quomodo
975 2927 1157 2972 autem
1200 2912 1445 2970 refutatis
1487 2911 1697 2967 ca-teris
1732 2926 1889 2964 unam
1912 2910 2114 2983 ’eligat,

522 3029 686 3086 quam
718 3011 833 3067 vult
861 3025 981 3066 esse
1008 3008 1450 3064 Academicorum
1476 3016 1740 3070 veterum,
1768 3017 1902 3074 quos
1929 3017 1959 3055 a
1997 3002 2117 3057 Pla-

523 3116 653 3162 tone
695 3104 963 3159 institutos
1012 3115 1185 3171 usque
1231 3098 1298 3153 ad
1344 3098 1718 3159 Polemonem,
1769 3094 1859 3165 qui
1908 3094 1976 3149 ah
2022 3094 2117 3150 illo

523 3207 746 3270 quartus
784 3195 900 3265 ejus
936 3192 1175 3249 scholam
1223 3190 1411 3253 tenuit,
1460 3203 1580 3259 qua:
1617 3184 1935 3242 Academia‘
1975 3183 2117 3239 dicta

523 3301 629 3354 est,
675 3289 928 3345 habuisse
965 3296 1110 3342 certa
1148 3284 1395 3354 dogmata
1427 3281 1537 3335 vult
1567 3279 1771 3343 videri;
1822 3286 1878 3333 ct
1915 3276 1986 3332 ob
2014 3275 2118 3332 hoc

524 3380 805 3451 distinguit
833 3378 901 3432 ab
940 3375 1276 3433 Academicis
1318 3373 1489 3437 novis,
1529 3371 1718 3441 quilias
1764 3369 1965 3424 incerta
1995 3376 2120 3424 sunt

524 3475 726 3540 omnia,
767 3470 910 3544 quod
953 3467 1303 3541 philostiphiae
1342 3479 1512 3537 genus
1560 3466 1629 3518 ab
1673 3462 1911 3517 Arcesila
1956 3461 2121 3531 cmpit

527 3580 841 3624 successore
860 3563 1166 3620 Polemonis
1185 3559 1293 3632 (a);
1323 3572 1547 3635 eamque
1585 3562 1805 3618 sectam,
1840 3553 1892 3608 id
1919 3562 2002 3608 est
2032 3566 2121 3607 ve-

525 3669 701 3716 terum
751 3654 1228 3718 Academicorum,
1280 3650 1423 3706 sicut
1463 3647 1799 3702 dubitatione
1853 3645 1923 3698 ita
1975 3642 2118 3698 omni

470 3730 482 3743 ’
524 3764 712 3807 errore
750 3762 933 3804 carere
969 3745 1281 3810 arbitretur,
1326 3743 1540 3812 longum
1580 3747 1664 3794 est
1692 3754 1789 3809 per
1825 3736 2002 3791 omnia
2034 3735 2121 3791 de-

526 3855 829 3901 monstrare
854 3858 868 3894 :
899 3855 1001 3896 nec
1030 3849 1206 3893 tamen
1245 3835 1390 3891 omni
1416 3849 1486 3890 ex
1530 3842 1681 3903 parte
1708 3846 1794 3886 res
1827 3828 2120 3884 omittenda

525 3945 630 3993 est.
661 3935 920 3990 ltemovet
944 3945 1072 4001 ergo
1094 3929 1241 3999 prius
1267 3926 1383 3981 illas
1411 3938 1599 3980 omnes
1623 3921 1972 3984 diti‘erentias,
2000 3933 2121 3990 qua:

527 4039 812 4082 numerum
850 4022 1272 4092 multiplicavere
1296 4025 1560 4073 sectarum
1591 4031 1604 4068 :
1633 4029 1765 4084 quas
1791 4012 1911 4067 ideo
1939 4027 2121 4066 remo-

526 4114 727 4172 vendas
757 4123 927 4185 putat,
966 4113 1089 4183 quia
1134 4125 1241 4165 non
1284 4110 1337 4162 in
1384 4108 1464 4162 eis
1491 4115 1575 4161 est
1600 4104 1721 4159 finis
1762 4103 1906 4157 boui.
1936 4101 2119 4172 Neque

527 4206 674 4262 cnim
698 4204 969 4260 existimat
988 4203 1148 4257 ullam
1173 4197 1526 4271 philosophia:
1561 4204 1762 4250 sectam
1789 4208 1909 4249 esse
1936 4193 2124 4248 dicen-

528 4296 677 4363 dam,
703 4310 823 4366 qua:
851 4308 954 4348 non
984 4308 1050 4347 eo
1079 4292 1239 4345 distet
1263 4305 1292 4343 a
1328 4288 1558 4349 ozeteris,
1585 4285 1726 4357 quod
1756 4286 1998 4340 diversos
2025 4285 2121 4339 ha-

527 4388 653 4444 beat
675 4387 809 4442 fines
837 4386 1097 4441 honorum
1124 4392 1178 4437 et
1206 4380 1485 4451 malorum.
1508 4375 1946 4447 Quandoquidem
1977 4375 2120 4430 nulla

530 4490 617 4537 est
648 4479 849 4535 homini
886 4492 1044 4533 causa
1076 4471 1510 4547 philosophandi,
1539 4469 1644 4524 nisi
1672 4479 1731 4524 ut
1769 4468 1959 4523 beatus
2002 4467 2071 4522 sit
2101 4484 2117 4521 :

533 4570 680 4643 quod
717 4577 897 4624 autem
928 4567 1144 4622 beatum
1171 4563 1318 4629 facit,
1351 4562 1466 4634 ipse
1505 4569 1590 4616 est
1629 4558 1748 4614 tinis
1771 4557 1894 4612 boni
1926 4575 1941 4612 :
1972 4557 2119 4612 nulla

528 4674 615 4719 est
642 4662 801 4734 igitur
819 4674 979 4715 causa
1006 4653 1434 4729 philoSOphandi,
1465 4652 1565 4708 nisi
1592 4650 1713 4705 finis
1735 4648 1861 4705 honi
1890 4665 1910 4702 ι
1934 4664 2121 4719 quam-

534 4754 723 4809 obrem
763 4767 882 4822 quae
909 4750 1111 4804 nullum
1140 4747 1265 4802 honi
1304 4746 1463 4800 tinent
1493 4752 1749 4801 sectatur.
1778 4741 1919 4795 nulla
1946 4739 2122 4810 philo-

530 4845 736 4917 sophiae
774 4851 919 4900 secta
948 4839 1172 4897 dicenda
1209 4845 1310 4893 est.
1342 4835 1475 4892 Cum
1503 4830 1631 4905 ergo
1656 4832 1912 4904 qumritur
1935 4830 2003 4886 de
2039 4844 2123 4886 so-

530 4914 656 4994 ciali
682 4938 812 5006 vita,
856 4946 1033 4992 utrum
1081 4933 1153 4988 sit
1199 4928 1426 4987 tenenda
1475 4927 1723 4997 sapienti,
1755 4933 1815 4980 ut
1853 4914 2134 4981 summum'

529 5032 752 5097 bonum,
781 5044 888 5102 quo
914 5028 974 5084 fit
1001 5026 1161 5082 homo
1189 5025 1398 5088 beatus,
1426 5022 1500 5076 ita
1536 5021 1669 5076 velit
1704 5029 1759 5075 et
1785 5027 1935 5073 curet
1962 5019 2119 5073 amici

530 5123 637 5191 sui,
667 5118 1111 5193 quemadmodum
1157 5130 1336 5179 suum,
1376 5127 1445 5168 an
1472 5126 1582 5167 sua:
1608 5108 1975 5164 tantummodo
2005 5108 2123 5164 hea-

535 5211 780 5269 titudinis
819 5223 979 5266 causa
1025 5206 1186 5263 faciat
1230 5201 1488 5275 quidquid
1531 5200 1690 5265 facit;
1742 5214 1848 5253 non
1892 5197 1961 5253 de
2007 5199 2123 5268 ipso

533 5317 749 5361 summo
777 5300 920 5357 bono
943 5298 1168 5371 quaestio
1188 5304 1290 5360 est,
1324 5293 1416 5350 sed
1446 5292 1516 5349 de
1548 5288 1873 5346 assumenda
1904 5289 1988 5344 vel
2016 5280 2135 5344 non.

534 5392 859 5452 assumenda
890 5391 1038 5448 socio
1064 5389 1133 5445 ad
1160 5388 1317 5460 hujus
1348 5386 1804 5458 participationem
1834 5382 1981 5447 boni,
2014 5397 2122 5437 non

537 5496 762 5560 propter
797 5499 857 5541 se
883 5483 1080 5556 ipsum,
1119 5481 1215 5538 sed
1256 5487 1472 5552 prepter
1509 5476 1756 5533 eumdem
1801 5474 2025 5541 socium,
2068 5482 2125 5530 ut

535 5583 657 5655 ejus
681 5580 824 5635 bono
863 5578 937 5633 ita
976 5575 1226 5647 gaudeat,
1266 5573 1407 5629 sicut
1438 5570 1635 5643 gaudet
1678 5582 1796 5624 suo.
1837 5565 1968 5622 item
2000 5582 2123 5623 cum

536 5671 794 5744 qua-ritur
833 5667 903 5724 de
931 5664 1264 5724 Academicis
1300 5663 1479 5733 novis,
1518 5660 1711 5735 quibus
1755 5659 1957 5716 incerta
1999 5665 2126 5715 sunt

606 5809 621 5840 ³
660 5804 826 5856 Plures
847 5810 974 5859 Mss,
997 5798 1295 5850 Academico.

600 5870 680 5935 (α)
697 5868 827 5919 conf.
848 5857 999 5915 cicer.
1025 5863 1109 5913 lib.
1134 5859 1259 5910 3‘de
1278 5865 1425 5919 Ol'at.,
1448 5869 1552 5920 cap.
1582 5857 1658 5906 £8.

1582 398 1671 455 DE
1709 394 2030 454 CIVITATE
2072 390 2205 459 DEI,
2247 392 2304 450 S.
2348 392 2707 451 AUGUSTI!“

3692 396 3800 455 624

2213 509 2413 572 munia,
2456 520 2630 563 u'rum
2660 510 2730 563 ita
2770 508 2879 565 sint
2918 523 3005 562 res
3036 508 3316 574 habenda),
3364 507 3417 563 in
3456 508 3649 582 quibus
3673 510 3801 581 phi-

2212 599 2600 670 losophandum
2642 609 2744 668 est,
2774 615 2863 667 an,
2912 598 3046 654 sicut
3084 598 3202 655 aliis
3234 598 3569 670 philosophis
3598 601 3811 671 placuit-

2219 701 2393 748 certas
2436 706 2529 749 eas
2558 692 2756 749 habere
2797 688 3121 758 debeamus;
3153 707 3259 747 non
3302 692 3561 763 qumritur
3585 694 3712 765 quid
3743 695 3802 750 in

2214 783 2342 839 boni
2370 783 2475 841 fine
2507 784 2820 841 sectandum
2851 784 2941 849 sit,
2973 784 3067 839 sed
3107 783 3176 840 de
3212 784 3378 855 ipsius
3401 785 3525 840 boni
3548 786 3799 854 veritate,

2213 875 2356 947 quod
2382 876 2692 931 sectandam
2732 876 2960 944 videtur,
2994 886 3170 931 utrum
3206 876 3296 943 sit,
3333 891 3524 941 necne,
3556 876 3805 933 dubitan-

2214 966 2379 1024 dum:
2413 968 2514 1023 hoc
2538 975 2641 1034 est,
2689 978 2746 1023 ut
2772 967 2824 1023 id
2856 968 3063 1038 planius
3103 967 3343 1038 eloquar,
3387 978 3564 1024 utrum
3608 970 3682 1026 ita
3708 985 3805 1026 se-

2212 1060 2466 1116 etandum
2504 1061 2595 1128 sit,
2635 1069 2691 1115 ut
2735 1061 2825 1131 qui
2861 1068 3115 1125 sectatur,
3140 1060 3284 1116 dicat
3319 1075 3438 1116 esse
3477 1074 3698 1127 verum;
3729 1079 3804 1120 an

2214 1153 2307 1219 ita,
2339 1154 2514 1224 utqui
2550 1163 2805 1219 sectatur,
2832 1153 2977 1209 dicat
2999 1170 3185 1209 verum
3221 1155 3319 1210 sibi
3357 1155 3549 1223 videri,
3588 1159 3805 1213 etiamsi

2214 1242 2351 1299 forte
2376 1245 2446 1299 sit
2477 1244 2702 1311 falsum;
2732 1252 2909 1300 tamen
2934 1254 3158 1316 uterque
3183 1255 3417 1301 sectetur
3447 1263 3609 1302 unum
3639 1256 3808 1318 atque

2215 1337 2356 1394 idem
2396 1339 2615 1393 bonum.
2644 1330 2701 1393 In
2733 1338 2820 1393 illa
2845 1339 3005 1393 etiam
3044 1337 3346 1394 differentia
3371 1344 3490 1409 qua:
3518 1331 3810 1395 adhibetur
3865 1335 3876 1347 ’

2214 1444 2279 1485 ex
2305 1427 2486 1484 habito
2529 1438 2583 1485 et
2620 1427 3005 1485 consuetudine
3029 1427 3372 1502 Cynicorum,
3414 1446 3519 1485 non
3545 1432 3810 1502 quarritur

2214 1522 2458 1592 quisnam
2500 1522 2573 1576 sit
2613 1519 2737 1576 finis
2764 1521 2912 1586 boni,
2951 1521 3045 1576 sed
3088 1534 3265 1576 utrum
3308 1522 3360 1576 in
3404 1522 3495 1577 illo
3523 1522 3709 1579 habitu
3750 1532 3808 1579 et

2215 1612 2600 1668 consuetudine
2645 1613 2719 1668 sit
2762 1612 3045 1669 vivendum
3087 1614 3158 1680 ei,
3197 1613 3290 1684 qui
3340 1630 3523 1669 verum
3568 1624 3808 1670 sectatur

2215 1704 2435 1771 bonmu,
2466 1704 2738 1773 quodlibet
2764 1704 2812 1761 ei
2843 1720 3030 1760 verum
3063 1704 3305 1759 videatur
3346 1720 3467 1761 esse
3507 1715 3667 1776 atque
3708 1718 3807 1761 se-

2215 1795 2487 1851 ctandum.
2520 1796 2757 1866 Denique
2786 1794 3023 1861 fuerunt,
3067 1796 3155 1866 qui
3199 1811 3320 1851 cum
3359 1795 3568 1851 diversa
3606 1812 3807 1868 seque-

2217 1895 2401 1943 rentur
2449 1889 2584 1943 bona
2627 1888 2826 1956 linalia,
2875 1882 2963 1944 alii
3008 1889 3279 1953 virtutem,
3319 1878 3409 1943 alii
3450 1888 3806 1959 voluptatem,

2214 1979 2461 2036 eumdem
2491 1990 2665 2035 tamen
2706 1980 2944 2035 habitum
2971 1990 3022 2035 et
3061 1980 3496 2036 consuetudinem
3529 1981 3807 2050 tenebant,

2216 2088 2281 2128 ex
2313 2089 2416 2143 qua
2437 2072 2453 2104 ί
2483 2072 2668 2143 Cynici
2697 2073 3123 2143 appellabantur.
3150 2072 3224 2127 Ita
3255 2072 3382 2127 illud
3412 2072 3667 2143 quidquid
3696 2082 3807 2139 est,

2218 2165 2359 2220 unde
2406 2164 2705 2234 philosOphi
2744 2164 2928 2236 Cynici
2968 2164 3344 2220 discernuntur
3384 2179 3414 2218 a
3455 2164 3687 2227 caeteris,
3736 2164 3808 2220 ad

2216 2255 2523 2326 eligendum
2572 2270 2636 2310 ac
2684 2254 2975 2311 tenendum
3017 2255 3235 2315 bonum.
3270 2271 3378 2325 quo
3408 2254 3547 2309 hcati
3582 2254 3805 2322 fierent,

2217 2348 2402 2419 utique
2436 2347 2512 2402 nil
2538 2346 2766 2402 valebat.
2797 2346 2932 2401 Nam
2963 2346 3009 2401 si
3042 2346 3246 2417 aliquid
3272 2346 3338 2401 ad
3365 2346 3465 2401 hoc
3497 2346 3805 2412 interesset,

2218 2440 2459 2512 profecto
2485 2439 2624 2495 idem
2665 2438 2879 2495 habitus
2912 2439 3160 2494 eumdem
3187 2430 3348 2493 finem
3387 2437 3539 2508 sequi
3565 2447 3805 2508 cogeret,

2216 2542 2270 2589 et
2296 2531 2544 2587 diversus
2569 2529 2782 2586 habitus
2803 2529 3052 2586 eumdem
3081 2530 3229 2600 sequi
3253 2522 3414 2583 linem
3443 2543 3549 2583 non
3579 2528 3806 2583 sineret.

2218 2646 2444 2703 CAPUT
2482 2645 2546 2701 ll.
2575 2676 2644 2687 —
2676 2644 2961 2712 Quomcdo,
2991 2643 3195 2698 remotis
3223 2643 3452 2697 omnibus
3480 2640 3807 2709 differentiis,

2287 2757 2403 2812 qua
2438 2757 2541 2794 non
2573 2750 2742 2804 secuta,
2770 2740 2857 2793 sed
2882 2737 3181 2809 quaestiones
3207 2744 3346 2803 sunt,
3386 2735 3455 2789 ad
3496 2736 3809 2805 tripertitam

2289 2819 2474 2888 summi
2513 2830 2629 2885 boni
2670 2830 3013 2898 deﬁnitionem
3067 2826 3230 2882 Varro
3268 2826 3545 2898 perveniat,
3588 2841 3808 2897 quorum

2291 2935 2459 2979 tamen
2480 2939 2584 2978 una
2609 2922 2674 2979 sit
2706 2922 2958 2994 eligenda.

2292 3036 2349 3091 In
2382 3036 2552 3092 tribus
2578 3050 2790 3106 quoque
2835 3034 2942 3090 illis
2984 3034 3108 3089 vita:
3129 3033 3434 3104 generibus,
3466 3044 3576 3089 uno
3600 3033 3808 3090 scilicet

2220 3140 2326 3183 non
2347 3128 2602 3197 segniter,
2648 3126 2744 3182 sed
2784 3127 2836 3180 in
2866 3126 3317 3195 contemplatione
3344 3125 3426 3181 vel
3461 3125 3810 3195 inquisitione

2220 3219 2461 3275 veritatis
2489 3220 2684 3284 otioso,
2713 3218 2883 3272 altero
2911 3217 2962 3271 in
2984 3216 3232 3287 gerendis
3256 3216 3419 3272 rebus
3440 3215 3685 3270 humanis
3711 3233 3812 3271 nea

2219 3310 2451 3383 gotioso,
2500 3312 2662 3364 tertio
2706 3322 2771 3363 ex
2813 3317 3040 3378 utroque
3075 3321 3274 3377 genere
3318 3316 3628 3375 temperato,
3676 3321 3812 3361 cum

2222 3400 2479 3472 quaeritur
2506 3399 2633 3469 quid
2659 3398 2851 3453 horum
2888 3398 2959 3453 sit
2997 3397 3174 3468 potius
3197 3397 3519 3467 eligendum,
3545 3411 3655 3451 non
3684 3397 3813 3452 linis

2222 3493 2348 3549 boni
2373 3493 2530 3547 habet
2550 3490 2970 3546 controversiam
2993 3506 3008 3555 ;
3035 3488 3132 3544 sed
3158 3488 3280 3559 quid
3304 3487 3490 3543 horum
3520 3487 3681 3541 trium
3706 3486 3815 3542 dif-

2225 3586 2516 3642 ﬁcultatem
2566 3583 2652 3639 vel
2696 3582 3001 3639 facilitatem
3044 3581 3231 3636 atterat
3267 3579 3335 3635 ad
3370 3579 3810 3651 consequendum

2223 3679 2309 3734 vel
2341 3677 2678 3733 retinendum
2702 3674 2861 3729 tinem
2890 3674 3035 3741 boni,
3069 3672 3121 3728 id
3161 3674 3214 3728 in
3240 3673 3340 3727 ista
3365 3673 3660 3743 quastione
3684 3686 3809 3727 ver-

2224 3776 2393 3824 satur.
2425 3767 2572 3822 Finis
2595 3766 2738 3821 enim
2779 3764 2928 3829 boni,
2954 3778 3077 3818 cum
3113 3762 3180 3816 ad
3215 3777 3337 3816 eum
3365 3762 3592 3831 quisque
3617 3776 3810 3830 perve-

2224 3860 2383 3923 nerit,
2413 3858 2653 3928 protinus
2692 3856 2905 3910 beatum
2934 3853 3079 3908 facit.
3118 3853 3173 3907 ln
3199 3852 3310 3907 otio
3334 3861 3511 3906 autem
3551 3852 3809 3918 litterato,

2225 3954 2306 4008 vel
2339 3954 2390 4007 in
2432 3951 2643 4021 negotio
2669 3949 2901 4019 publico,
2930 3946 3014 4001 vel
3035 3945 3249 4017 quando
3286 3953 3569 4014 utrumque
3606 3944 3815 3998 vicibus

2225 4047 2419 4117 agitur,
2445 4060 2552 4100 non
2577 4042 2831 4099 continuo
2849 4040 3077 4111 quisque
3104 4039 3292 4093 beatus
3316 4046 3420 4092 est.
3443 4036 3591 4091 Multi
3614 4035 3816 4105 quippe

2226 4137 2279 4192 in
2312 4136 2549 4207 quolibet
2575 4134 2765 4189 horum
2803 4133 2960 4187 trium
2994 4139 3214 4201 possunt
3252 4129 3451 4191 vivere,
3480 4127 3611 4183 etin
3642 4141 3815 4197 appe-

2226 4229 2388 4284 tendo
2418 4226 2543 4282 boni
2566 4226 2671 4280 line
2689 4240 2794 4296 quo
2820 4223 2879 4277 fit
2917 4222 3080 4277 homo
3107 4220 3313 4285 beatus,
3352 4233 3555 4274 errare.
3586 4218 3705 4273 Alia
3733 4225 3818 4273 est

2226 4320 2386 4391 igitur
2413 4319 2637 4390 qumstio
2661 4319 2729 4372 de
2773 4315 2969 4370 finibus
2997 4315 3258 4368 bonorum
3300 4321 3355 4367 et
3382 4310 3665 4376 malorum,
3695 4325 3818 4380 qua

2224 4424 2655 4483 unamquamque
2684 4407 3126 4479 philos0phorum
3167 4412 3366 4460 sectam
3398 4402 3563 4457 facit:
3597 4412 3653 4458 et
3695 4402 3821 4457 alia

2229 4514 2357 4563 sunt
2385 4504 2712 4576 qumstiones
2738 4500 2805 4556 de
2833 4498 3016 4554 sociali
3042 4498 3172 4562 vita,
3214 4496 3284 4551 de
3311 4496 3650 4551 cunctatione
3679 4496 3824 4549 Aca-

2226 4599 2580 4662 demicorum,
2609 4595 2677 4651 de
2704 4593 2897 4650 vestitu
2933 4603 2989 4647 et
3012 4591 3152 4646 victu
3179 4588 3521 4659 Cynicorum,
3548 4586 3615 4641 de
3646 4587 3824 4644 tribus

2227 4694 2355 4747 vitte
2376 4691 2684 4764 generibus,
2712 4686 2907 4754 otioso,
2939 4694 3179 4749 actuoso,
3211 4693 3267 4738 et
3295 4697 3361 4736 ex
3387 4690 3616 4750 utroque
3638 4679 3825 4734 modi-

2229 4786 2421 4852 ticato;
2449 4799 2669 4855 quarum
2698 4780 2843 4836 nulla
2872 4789 2975 4845 est,
3007 4778 3061 4833 in
3099 4792 3202 4848 qua
3229 4776 3298 4832 de
3327 4775 3585 4830 bonorum
3612 4782 3669 4828 et
3697 4788 3826 4827 ma-

2228 4879 2403 4934 lorum
2454 4875 2645 4931 finibus
2684 4872 3006 4942 disputatur.
3055 4866 3283 4924 Proinde
3327 4865 3577 4936 quoniam
3607 4863 3828 4919 Marcus

2228 4968 2399 5024 Varro
2428 4967 2526 5022 has
2573 4975 2799 5036 quatuor
2822 4950 3084 5017 adhibens
3122 4959 3471 5020 differentias.
3504 4956 3555 5011 id
3596 4964 3700 5021 est,
3751 4968 3829 5012 ex

2228 5061 2335 5116 vita
2363 5057 2565 5122 sociali,
2606 5072 2671 5112 ex
2700 5053 3033 5110 Academicis
3059 5052 3229 5117 novis,
3262 5067 3326 5105 ex
3355 5048 3586 5121 Cynicis,
3618 5063 3685 5102 ex
3714 5047 3834 5102 isto
3884 5051 3905 5068 ⁶

2228 5152 2351 5205 vitae
2398 5162 2594 5219 genere
2625 5145 2890 5216 tripartito
2935 5143 3000 5198 ad
3044 5152 3220 5197 sectas
3244 5141 3500 5195 ducentas
3545 5137 3833 5207 octoginta

2229 5254 2351 5300 octo
2372 5242 2638 5313 pervenit,
2667 5247 2726 5296 et
2749 5238 2795 5293 si
2825 5253 2943 5308 qua:
2969 5236 3089 5291 alia:
3115 5243 3338 5306 possunt
3362 5230 3612 5287 similiter
3632 5227 3831 5297 adjici;

2229 5338 2450 5394 remotis
2486 5335 2565 5390 eis
2598 5331 2868 5396 omnibus,
2909 5329 3161 5399 quoniam
3202 5326 3268 5382 de
3306 5323 3563 5380 sectando
3605 5335 3838 5377 summo

2231 5433 2373 5488 bono
2400 5428 2599 5485 nullam
2629 5428 2860 5485 inferunt
2882 5424 3255 5498 qumstiouem,
3286 5429 3339 5475 et
3365 5419 3488 5473 idco
3514 5425 3675 5472 secta:
3719 5431 3841 5473 nec

2231 5532 2378 5591 sunt,
2407 5536 2506 5577 nec
2528 5519 2780 5576 vocandae
2809 5525 2949 5583 sunt,
2981 5517 3047 5570 ad
3074 5515 3191 5569 illas
3214 5511 3518 5578 duodecim,
3543 5510 3596 5564 in
3623 5509 3844 5578 quibus

2231 5615 2489 5690 quaeritur
2515 5611 2641 5684 quid
2682 5612 2751 5667 sit
2788 5591 2986 5667 bonum
3030 5605 3282 5668 hominis,
3312 5617 3418 5673 quo
3462 5608 3714 5655 assccuto
3770 5602 3848 5657 fit

2232 5712 2442 5773 beatus,
2474 5716 2533 5763 ut
2557 5722 2623 5763 ex
2649 5702 2727 5761 eis
2756 5718 2915 5758 unam
2959 5715 3160 5766 veram,
3192 5707 3415 5754 czeteras
3436 5693 3604 5750 falsas
3631 5701 3847 5749 osten-

2296 5850 2314 5881 ι
2347 5848 2421 5896 ste
2442 5849 2549 5892 uss.
2571 5838 2688 5889 Editi
2711 5843 2894 5895 autem,
2916 5844 2980 5884 ea:
3004 5842 3115 5896 quo.
