  <div class='ocr_page' id='page_1' title='image "/cluster/home/n/w/nwhite01/storage/ocr_20150623/41/hvd.32044015706344/318.png"; bbox 0 0 4062 6480; ppageno 0'>
   <div class='ocr_carea' id='block_1_1' title="bbox 251 373 356 434">
    <p class='ocr_par' dir='ltr' id='par_1_1' title="bbox 251 373 356 434">
     <span class='ocr_line' id='line_1_1' title="bbox 251 373 356 434; baseline 0 -9"><span class='ocrx_word' id='word_1_1' title='bbox 251 373 356 434; x_wconf 76' lang='lat'><strong>625</strong></span> 
     </span>
    </p>
   </div>
   <div class='ocr_carea' id='block_1_2' title="bbox 255 480 1836 559">
    <p class='ocr_par' dir='ltr' id='par_1_2' title="bbox 255 480 1836 559">
     <span class='ocr_line' id='line_1_2' title="bbox 255 480 1836 559; baseline 0.006 -25"><span class='ocrx_word' id='word_1_2' title='bbox 255 480 343 534; x_wconf 88' lang='lat' dir='ltr'><strong>dat</strong></span> <span class='ocrx_word' id='word_1_3' title='bbox 367 493 511 545; x_wconf 91' lang='lat' dir='ltr'><strong>esse,</strong></span> <span class='ocrx_word' id='word_1_4' title='bbox 565 481 868 536; x_wconf 67' lang='lat' dir='ltr'><strong>revertitur.</strong></span> <span class='ocrx_word' id='word_1_5' title='bbox 904 482 1035 539; x_wconf 71' lang='lat' dir='ltr'><strong>Nam</strong></span> <span class='ocrx_word' id='word_1_6' title='bbox 1069 497 1271 544; x_wconf 84' lang='lat' dir='ltr'><strong>remoto</strong></span> <span class='ocrx_word' id='word_1_7' title='bbox 1323 503 1415 546; x_wconf 85' lang='lat' dir='ltr'><strong>ttto</strong></span> <span class='ocrx_word' id='word_1_8' title='bbox 1448 491 1712 559; x_wconf 71' lang='lat' dir='ltr'><strong>tripartito</strong></span> <span class='ocrx_word' id='word_1_9' title='bbox 1741 504 1836 559; x_wconf 88' lang='lat' dir='ltr'><strong>ge-</strong></span> 
     </span>
    </p>
   </div>
   <div class='ocr_carea' id='block_1_3' title="bbox 257 573 1845 647">
    <p class='ocr_par' dir='ltr' id='par_1_3' title="bbox 257 573 1845 647">
     <span class='ocr_line' id='line_1_3' title="bbox 257 573 1845 647; baseline 0.007 -21"><span class='ocrx_word' id='word_1_10' title='bbox 257 587 384 627; x_wconf 87' lang='lat' dir='ltr'><strong>nere</strong></span> <span class='ocrx_word' id='word_1_11' title='bbox 416 573 563 640; x_wconf 74' lang='lat' dir='ltr'><strong>vitm,</strong></span> <span class='ocrx_word' id='word_1_12' title='bbox 609 574 728 629; x_wconf 73' lang='lat' dir='ltr'><strong>dum</strong></span> <span class='ocrx_word' id='word_1_13' title='bbox 754 587 929 645; x_wconf 87' lang='lat' dir='ltr'><strong>partes</strong></span> <span class='ocrx_word' id='word_1_14' title='bbox 957 581 1114 647; x_wconf 82' lang='lat' dir='ltr'><strong>hujus</strong></span> <span class='ocrx_word' id='word_1_15' title='bbox 1138 584 1340 635; x_wconf 90' lang='lat' dir='ltr'><strong>numeri</strong></span> <span class='ocrx_word' id='word_1_16' title='bbox 1381 581 1754 646; x_wconf 86' lang='lat' dir='ltr'><strong>detrahuntur,</strong></span> <span class='ocrx_word' id='word_1_17' title='bbox 1789 590 1845 642; x_wconf 84' lang='lat' dir='ltr'><strong>et</strong></span> 
     </span>
    </p>
   </div>
   <div class='ocr_carea' id='block_1_4' title="bbox 256 667 1845 735">
    <p class='ocr_par' dir='ltr' id='par_1_4' title="bbox 256 667 1845 735">
     <span class='ocr_line' id='line_1_4' title="bbox 256 667 1845 735; baseline 0.008 -17"><span class='ocrx_word' id='word_1_18' title='bbox 256 674 420 719; x_wconf 66' lang='lat' dir='ltr'><strong>sectas</strong></span> <span class='ocrx_word' id='word_1_19' title='bbox 441 667 730 735; x_wconf 79' lang='lat' dir='ltr'><strong>nonaginta</strong></span> <span class='ocrx_word' id='word_1_20' title='bbox 758 683 850 722; x_wconf 80' lang='lat' dir='ltr'><strong>sex</strong></span> <span class='ocrx_word' id='word_1_21' title='bbox 879 679 1172 724; x_wconf 79' lang='lat' dir='ltr'><strong>remanent.</strong></span> <span class='ocrx_word' id='word_1_22' title='bbox 1197 670 1419 726; x_wconf 76' lang='lat' dir='ltr'><strong>Remota</strong></span> <span class='ocrx_word' id='word_1_23' title='bbox 1450 689 1576 727; x_wconf 89' lang='lat' dir='ltr'><strong>vero</strong></span> <span class='ocrx_word' id='word_1_24' title='bbox 1595 673 1845 730; x_wconf 81' lang='lat' dir='ltr'><strong>differen-</strong></span> 
     </span>
    </p>
   </div>
   <div class='ocr_carea' id='block_1_5' title="bbox 257 757 1846 840">
    <p class='ocr_par' dir='ltr' id='par_1_5' title="bbox 257 757 1846 840">
     <span class='ocr_line' id='line_1_5' title="bbox 257 757 1846 840; baseline 0.011 -31"><span class='ocrx_word' id='word_1_25' title='bbox 257 757 326 810; x_wconf 89' lang='lat' dir='ltr'><strong>tia</strong></span> <span class='ocrx_word' id='word_1_26' title='bbox 369 772 436 811; x_wconf 77' lang='lat' dir='ltr'><strong>ex</strong></span> <span class='ocrx_word' id='word_1_27' title='bbox 483 757 702 828; x_wconf 84' lang='lat' dir='ltr'><strong>Cynicis</strong></span> <span class='ocrx_word' id='word_1_28' title='bbox 737 760 937 828; x_wconf 83' lang='lat' dir='ltr'><strong>addita,</strong></span> <span class='ocrx_word' id='word_1_29' title='bbox 988 763 1054 818; x_wconf 89' lang='lat' dir='ltr'><strong>ad</strong></span> <span class='ocrx_word' id='word_1_30' title='bbox 1094 765 1368 820; x_wconf 91' lang='lat' dir='ltr'><strong>dimidium</strong></span> <span class='ocrx_word' id='word_1_31' title='bbox 1415 767 1744 840; x_wconf 85' lang='lat' dir='ltr'><strong>rediguntur,</strong></span> <span class='ocrx_word' id='word_1_32' title='bbox 1790 779 1846 826; x_wconf 83' lang='lat' dir='ltr'><strong>et</strong></span> 
     </span>
    </p>
   </div>
   <div class='ocr_carea' id='block_1_6' title="bbox 253 847 1842 930">
    <p class='ocr_par' dir='ltr' id='par_1_6' title="bbox 253 847 1842 930">
     <span class='ocr_line' id='line_1_6' title="bbox 253 847 1842 930; baseline 0.01 -30"><span class='ocrx_word' id='word_1_33' title='bbox 253 847 610 917; x_wconf 77' lang='lat' dir='ltr'><strong>quadraginta</strong></span> <span class='ocrx_word' id='word_1_34' title='bbox 660 859 784 906; x_wconf 94' lang='lat' dir='ltr'><strong>octo</strong></span> <span class='ocrx_word' id='word_1_35' title='bbox 824 853 976 908; x_wconf 85' lang='lat' dir='ltr'><strong>fiunt.</strong></span> <span class='ocrx_word' id='word_1_36' title='bbox 1026 855 1345 912; x_wconf 70' lang='lat' dir='ltr'><strong>[tuleramus</strong></span> <span class='ocrx_word' id='word_1_37' title='bbox 1388 859 1546 914; x_wconf 88' lang='lat' dir='ltr'><strong>etiam</strong></span> <span class='ocrx_word' id='word_1_38' title='bbox 1591 860 1731 930; x_wconf 91' lang='lat' dir='ltr'><strong>quod</strong></span> <span class='ocrx_word' id='word_1_39' title='bbox 1777 876 1842 916; x_wconf 81' lang='lat' dir='ltr'><strong>ex</strong></span> 
     </span>
    </p>
   </div>
   <div class='ocr_carea' id='block_1_7' title="bbox 254 939 1844 1023">
    <p class='ocr_par' dir='ltr' id='par_1_7' title="bbox 254 939 1844 1023">
     <span class='ocr_line' id='line_1_7' title="bbox 254 939 1844 1023; baseline 0.009 -29"><span class='ocrx_word' id='word_1_40' title='bbox 254 939 592 996; x_wconf 79' lang='lat' dir='ltr'><strong>Academicis</strong></span> <span class='ocrx_word' id='word_1_41' title='bbox 621 945 776 999; x_wconf 89' lang='lat' dir='ltr'><strong>novis</strong></span> <span class='ocrx_word' id='word_1_42' title='bbox 803 945 1101 1004; x_wconf 86' lang='lat' dir='ltr'><strong>adhibitum</strong></span> <span class='ocrx_word' id='word_1_43' title='bbox 1131 958 1234 1016; x_wconf 90' lang='lat' dir='ltr'><strong>est,</strong></span> <span class='ocrx_word' id='word_1_44' title='bbox 1265 965 1449 1006; x_wconf 87' lang='lat' dir='ltr'><strong>rursus</strong></span> <span class='ocrx_word' id='word_1_45' title='bbox 1475 951 1692 1007; x_wconf 92' lang='lat' dir='ltr'><strong>dimidia</strong></span> <span class='ocrx_word' id='word_1_46' title='bbox 1723 969 1844 1023; x_wconf 90' lang='lat' dir='ltr'><strong>pars</strong></span> 
     </span>
    </p>
   </div>
   <div class='ocr_carea' id='block_1_8' title="bbox 252 1035 1844 1114">
    <p class='ocr_par' dir='ltr' id='par_1_8' title="bbox 252 1035 1844 1114">
     <span class='ocr_line' id='line_1_8' title="bbox 252 1035 1844 1114; baseline 0.01 -29"><span class='ocrx_word' id='word_1_47' title='bbox 252 1043 520 1100; x_wconf 87' lang='lat' dir='ltr'><strong>remanet,</strong></span> <span class='ocrx_word' id='word_1_48' title='bbox 573 1035 624 1093; x_wconf 98' lang='lat' dir='ltr'><strong>id</strong></span> <span class='ocrx_word' id='word_1_49' title='bbox 677 1047 758 1091; x_wconf 89' lang='lat' dir='ltr'><strong>est</strong></span> <span class='ocrx_word' id='word_1_50' title='bbox 791 1038 972 1108; x_wconf 80' lang='lat' dir='ltr'><strong>viginti</strong></span> <span class='ocrx_word' id='word_1_51' title='bbox 1017 1051 1265 1110; x_wconf 83' lang='lat' dir='ltr'><strong>quatuor.</strong></span> <span class='ocrx_word' id='word_1_52' title='bbox 1307 1043 1380 1097; x_wconf 85' lang='lat' dir='ltr'><strong>De</strong></span> <span class='ocrx_word' id='word_1_53' title='bbox 1405 1044 1586 1098; x_wconf 84' lang='lat' dir='ltr'><strong>sociali</strong></span> <span class='ocrx_word' id='word_1_54' title='bbox 1633 1061 1844 1114; x_wconf 85' lang='lat' dir='ltr'><strong>quoque</strong></span> 
     </span>
    </p>
   </div>
   <div class='ocr_carea' id='block_1_9' title="bbox 239 1123 1842 1198">
    <p class='ocr_par' dir='ltr' id='par_1_9' title="bbox 239 1123 1842 1198">
     <span class='ocr_line' id='line_1_9' title="bbox 239 1123 1842 1198; baseline 0.01 -22"><span class='ocrx_word' id='word_1_55' title='bbox 239 1123 354 1180; x_wconf 80' lang='lat' dir='ltr'><strong>&#39;vita</strong></span> <span class='ocrx_word' id='word_1_56' title='bbox 406 1127 551 1195; x_wconf 90' lang='lat' dir='ltr'><strong>quod</strong></span> <span class='ocrx_word' id='word_1_57' title='bbox 603 1134 1194 1198; x_wconf 89' lang='lat' dir='ltr'><strong>acccsserat,similitcr</strong></span> <span class='ocrx_word' id='word_1_58' title='bbox 1220 1134 1507 1198; x_wconf 87' lang='lat' dir='ltr'><strong>auferatur,</strong></span> <span class='ocrx_word' id='word_1_59' title='bbox 1558 1135 1842 1192; x_wconf 86' lang='lat' dir='ltr'><strong>duodecim</strong></span> 
     </span>
    </p>
   </div>
   <div class='ocr_carea' id='block_1_10' title="bbox 248 1220 1842 1300">
    <p class='ocr_par' dir='ltr' id='par_1_10' title="bbox 248 1220 1842 1300">
     <span class='ocr_line' id='line_1_10' title="bbox 248 1220 1842 1300; baseline 0.007 -29"><span class='ocrx_word' id='word_1_60' title='bbox 248 1228 373 1272; x_wconf 81' lang='lat' dir='ltr'><strong>sunt</strong></span> <span class='ocrx_word' id='word_1_61' title='bbox 401 1220 644 1292; x_wconf 71' lang='lat' dir='ltr'><strong>reliqum,</strong></span> <span class='ocrx_word' id='word_1_62' title='bbox 667 1237 796 1293; x_wconf 87' lang='lat' dir='ltr'><strong>quas</strong></span> <span class='ocrx_word' id='word_1_63' title='bbox 824 1224 922 1276; x_wconf 88' lang='lat' dir='ltr'><strong>ista</strong></span> <span class='ocrx_word' id='word_1_64' title='bbox 963 1226 1280 1292; x_wconf 80' lang='lat' dir='ltr'><strong>dtlTercntia,</strong></span> <span class='ocrx_word' id='word_1_65' title='bbox 1314 1237 1373 1282; x_wconf 88' lang='lat' dir='ltr'><strong>ut</strong></span> <span class='ocrx_word' id='word_1_66' title='bbox 1399 1227 1584 1300; x_wconf 79' lang='lat' dir='ltr'><strong>viginti</strong></span> <span class='ocrx_word' id='word_1_67' title='bbox 1614 1237 1842 1294; x_wconf 84' lang='lat' dir='ltr'><strong>quatuor</strong></span> 
     </span>
    </p>
   </div>
   <div class='ocr_carea' id='block_1_11' title="bbox 248 1309 1842 1386">
    <p class='ocr_par' dir='ltr' id='par_1_11' title="bbox 248 1309 1842 1386">
     <span class='ocr_line' id='line_1_11' title="bbox 248 1309 1842 1386; baseline 0.007 -23"><span class='ocrx_word' id='word_1_68' title='bbox 248 1309 466 1376; x_wconf 86' lang='lat' dir='ltr'><strong>fierent,</strong></span> <span class='ocrx_word' id='word_1_69' title='bbox 500 1312 888 1382; x_wconf 68' lang='lat' dir='ltr'><strong>duplicaverat.</strong></span> <span class='ocrx_word' id='word_1_70' title='bbox 920 1315 994 1369; x_wconf 85' lang='lat' dir='ltr'><strong>De</strong></span> <span class='ocrx_word' id='word_1_71' title='bbox 1022 1316 1103 1369; x_wconf 92' lang='lat' dir='ltr'><strong>ltis</strong></span> <span class='ocrx_word' id='word_1_72' title='bbox 1127 1332 1254 1386; x_wconf 85' lang='lat' dir='ltr'><strong>ergo</strong></span> <span class='ocrx_word' id='word_1_73' title='bbox 1274 1317 1553 1372; x_wconf 88' lang='lat' dir='ltr'><strong>duodecim</strong></span> <span class='ocrx_word' id='word_1_74' title='bbox 1588 1318 1716 1372; x_wconf 84' lang='lat' dir='ltr'><strong>nihil</strong></span> <span class='ocrx_word' id='word_1_75' title='bbox 1738 1319 1842 1376; x_wconf 90' lang='lat' dir='ltr'><strong>dici</strong></span> 
     </span>
    </p>
   </div>
   <div class='ocr_carea' id='block_1_12' title="bbox 247 1406 1843 1480">
    <p class='ocr_par' dir='ltr' id='par_1_12' title="bbox 247 1406 1843 1480">
     <span class='ocr_line' id='line_1_12' title="bbox 247 1406 1843 1480; baseline 0.008 -27"><span class='ocrx_word' id='word_1_76' title='bbox 247 1409 447 1469; x_wconf 86' lang='lat' dir='ltr'><strong>potest,</strong></span> <span class='ocrx_word' id='word_1_77' title='bbox 495 1417 592 1458; x_wconf 87' lang='lat' dir='ltr'><strong>cur</strong></span> <span class='ocrx_word' id='word_1_78' title='bbox 639 1415 800 1457; x_wconf 75' lang='lat' dir='ltr'><strong>secta:</strong></span> <span class='ocrx_word' id='word_1_79' title='bbox 847 1421 949 1459; x_wconf 92' lang='lat' dir='ltr'><strong>non</strong></span> <span class='ocrx_word' id='word_1_80' title='bbox 995 1406 1103 1459; x_wconf 90' lang='lat' dir='ltr'><strong>sint</strong></span> <span class='ocrx_word' id='word_1_81' title='bbox 1155 1407 1433 1462; x_wconf 65' lang='lat' dir='ltr'><strong>habendae.</strong></span> <span class='ocrx_word' id='word_1_82' title='bbox 1481 1407 1620 1464; x_wconf 83' lang='lat' dir='ltr'><strong>Nihil</strong></span> <span class='ocrx_word' id='word_1_83' title='bbox 1648 1410 1843 1480; x_wconf 78' lang='lat' dir='ltr'><strong>quippe</strong></span> 
     </span>
    </p>
   </div>
   <div class='ocr_carea' id='block_1_13' title="bbox 246 1491 1844 1568">
    <p class='ocr_par' dir='ltr' id='par_1_13' title="bbox 246 1491 1844 1568">
     <span class='ocr_line' id='line_1_13' title="bbox 246 1491 1844 1568; baseline 0.008 -23"><span class='ocrx_word' id='word_1_84' title='bbox 246 1491 390 1545; x_wconf 84' lang='lat' dir='ltr'><strong>aliud</strong></span> <span class='ocrx_word' id='word_1_85' title='bbox 423 1493 476 1547; x_wconf 94' lang='lat' dir='ltr'><strong>in</strong></span> <span class='ocrx_word' id='word_1_86' title='bbox 511 1494 590 1548; x_wconf 89' lang='lat' dir='ltr'><strong>eis</strong></span> <span class='ocrx_word' id='word_1_87' title='bbox 619 1497 896 1564; x_wconf 63' lang='lat' dir='ltr'><strong>quarritur,</strong></span> <span class='ocrx_word' id='word_1_88' title='bbox 943 1513 1099 1568; x_wconf 90' lang='lat' dir='ltr'><strong>quam</strong></span> <span class='ocrx_word' id='word_1_89' title='bbox 1130 1498 1262 1554; x_wconf 89' lang='lat' dir='ltr'><strong>fines</strong></span> <span class='ocrx_word' id='word_1_90' title='bbox 1289 1500 1550 1554; x_wconf 87' lang='lat' dir='ltr'><strong>bonorunt</strong></span> <span class='ocrx_word' id='word_1_91' title='bbox 1591 1511 1646 1556; x_wconf 92' lang='lat' dir='ltr'><strong>et</strong></span> <span class='ocrx_word' id='word_1_92' title='bbox 1676 1503 1844 1558; x_wconf 86' lang='lat' dir='ltr'><strong>malo-</strong></span> 
     </span>
    </p>
   </div>
   <div class='ocr_carea' id='block_1_14' title="bbox 247 1585 1844 1662">
    <p class='ocr_par' dir='ltr' id='par_1_14' title="bbox 247 1585 1844 1662">
     <span class='ocr_line' id='line_1_14' title="bbox 247 1585 1844 1662; baseline 0.008 -25"><span class='ocrx_word' id='word_1_93' title='bbox 247 1600 386 1638; x_wconf 92' lang='lat' dir='ltr'><strong>rum.</strong></span> <span class='ocrx_word' id='word_1_94' title='bbox 417 1585 656 1641; x_wconf 83' lang='lat' dir='ltr'><strong>Inventis</strong></span> <span class='ocrx_word' id='word_1_95' title='bbox 672 1598 848 1642; x_wconf 87' lang='lat' dir='ltr'><strong>autem</strong></span> <span class='ocrx_word' id='word_1_96' title='bbox 872 1589 1131 1644; x_wconf 90' lang='lat' dir='ltr'><strong>bonorum</strong></span> <span class='ocrx_word' id='word_1_97' title='bbox 1160 1590 1369 1658; x_wconf 86' lang='lat' dir='ltr'><strong>finibus,</strong></span> <span class='ocrx_word' id='word_1_98' title='bbox 1396 1593 1632 1662; x_wconf 91' lang='lat' dir='ltr'><strong>profecto</strong></span> <span class='ocrx_word' id='word_1_99' title='bbox 1658 1609 1688 1649; x_wconf 92' lang='lat' dir='ltr'><strong>e</strong></span> <span class='ocrx_word' id='word_1_100' title='bbox 1714 1610 1844 1649; x_wconf 91' lang='lat' dir='ltr'><strong>con-</strong></span> 
     </span>
    </p>
   </div>
   <div class='ocr_carea' id='block_1_15' title="bbox 247 1676 1839 1738">
    <p class='ocr_par' dir='ltr' id='par_1_15' title="bbox 247 1676 1839 1738">
     <span class='ocr_line' id='line_1_15' title="bbox 247 1676 1839 1738; baseline 0.006 -9"><span class='ocrx_word' id='word_1_101' title='bbox 247 1676 411 1731; x_wconf 77' lang='lat' dir='ltr'><strong>trario</strong></span> <span class='ocrx_word' id='word_1_102' title='bbox 440 1685 570 1733; x_wconf 81' lang='lat' dir='ltr'><strong>sunt</strong></span> <span class='ocrx_word' id='word_1_103' title='bbox 617 1679 898 1733; x_wconf 90' lang='lat' dir='ltr'><strong>malorum.</strong></span> <span class='ocrx_word' id='word_1_104' title='bbox 929 1679 1022 1734; x_wconf 72' lang='lat' dir='ltr'><strong>He</strong></span> <span class='ocrx_word' id='word_1_105' title='bbox 1072 1691 1246 1736; x_wconf 90' lang='lat' dir='ltr'><strong>autem</strong></span> <span class='ocrx_word' id='word_1_106' title='bbox 1292 1691 1349 1737; x_wconf 92' lang='lat' dir='ltr'><strong>ut</strong></span> <span class='ocrx_word' id='word_1_107' title='bbox 1392 1684 1519 1738; x_wconf 86' lang='lat' dir='ltr'><strong>fiant</strong></span> <span class='ocrx_word' id='word_1_108' title='bbox 1559 1685 1839 1738; x_wconf 72' lang='lat' dir='ltr'><strong>duodecim</strong></span> 
     </span>
    </p>
   </div>
   <div class='ocr_carea' id='block_1_16' title="bbox 246 1767 1834 1844">
    <p class='ocr_par' dir='ltr' id='par_1_16' title="bbox 246 1767 1834 1844">
     <span class='ocr_line' id='line_1_16' title="bbox 246 1767 1834 1844; baseline 0.006 -24"><span class='ocrx_word' id='word_1_109' title='bbox 246 1774 450 1832; x_wconf 57' lang='lat' dir='ltr'><strong>secta,</strong></span> <span class='ocrx_word' id='word_1_110' title='bbox 505 1767 592 1821; x_wconf 90' lang='lat' dir='ltr'><strong>illa</strong></span> <span class='ocrx_word' id='word_1_111' title='bbox 639 1779 866 1838; x_wconf 87' lang='lat' dir='ltr'><strong>quatuor</strong></span> <span class='ocrx_word' id='word_1_112' title='bbox 913 1771 1284 1840; x_wconf 89' lang='lat' dir='ltr'><strong>triplicantur,</strong></span> <span class='ocrx_word' id='word_1_113' title='bbox 1339 1773 1604 1842; x_wconf 88' lang='lat' dir='ltr'><strong>voluptas,</strong></span> <span class='ocrx_word' id='word_1_114' title='bbox 1663 1775 1834 1844; x_wconf 88' lang='lat' dir='ltr'><strong>quies,</strong></span> 
     </span>
    </p>
   </div>
   <div class='ocr_carea' id='block_1_17' title="bbox 246 1862 1840 1936">
    <p class='ocr_par' dir='ltr' id='par_1_17' title="bbox 246 1862 1840 1936">
     <span class='ocr_line' id='line_1_17' title="bbox 246 1862 1840 1936; baseline 0.008 -25"><span class='ocrx_word' id='word_1_115' title='bbox 246 1866 557 1928; x_wconf 87' lang='lat' dir='ltr'><strong>utrumque,</strong></span> <span class='ocrx_word' id='word_1_116' title='bbox 587 1870 640 1914; x_wconf 92' lang='lat' dir='ltr'><strong>et</strong></span> <span class='ocrx_word' id='word_1_117' title='bbox 691 1862 859 1931; x_wconf 90' lang='lat' dir='ltr'><strong>prima</strong></span> <span class='ocrx_word' id='word_1_118' title='bbox 901 1872 1124 1928; x_wconf 78' lang='lat' dir='ltr'><strong>naturze,</strong></span> <span class='ocrx_word' id='word_1_119' title='bbox 1171 1881 1290 1934; x_wconf 74' lang='lat' dir='ltr'><strong>qua:</strong></span> <span class='ocrx_word' id='word_1_120' title='bbox 1317 1866 1628 1936; x_wconf 87' lang='lat' dir='ltr'><strong>primigenia</strong></span> <span class='ocrx_word' id='word_1_121' title='bbox 1672 1867 1840 1923; x_wconf 73' lang='lat' dir='ltr'><strong>Varro</strong></span> 
     </span>
    </p>
   </div>
   <div class='ocr_carea' id='block_1_18' title="bbox 247 1950 1838 2031">
    <p class='ocr_par' dir='ltr' id='par_1_18' title="bbox 247 1950 1838 2031">
     <span class='ocr_line' id='line_1_18' title="bbox 247 1950 1838 2031; baseline 0.008 -30"><span class='ocrx_word' id='word_1_122' title='bbox 247 1958 406 2004; x_wconf 84' lang='lat' dir='ltr'><strong>vocat</strong></span> <span class='ocrx_word' id='word_1_123' title='bbox 438 1951 536 2021; x_wconf 85' lang='lat' dir='ltr'><strong>(a).</strong></span> <span class='ocrx_word' id='word_1_124' title='bbox 570 1950 694 2006; x_wconf 67' lang='lat' dir='ltr'><strong>[late</strong></span> <span class='ocrx_word' id='word_1_125' title='bbox 724 1953 918 2027; x_wconf 86' lang='lat' dir='ltr'><strong>quippe</strong></span> <span class='ocrx_word' id='word_1_126' title='bbox 947 1964 1176 2031; x_wconf 83' lang='lat' dir='ltr'><strong>quatuor</strong></span> <span class='ocrx_word' id='word_1_127' title='bbox 1201 1954 1327 2014; x_wconf 83' lang='lat' dir='ltr'><strong>dum</strong></span> <span class='ocrx_word' id='word_1_128' title='bbox 1378 1956 1683 2030; x_wconf 82' lang='lat' dir='ltr'><strong>singillatim</strong></span> <span class='ocrx_word' id='word_1_129' title='bbox 1730 1959 1838 2012; x_wconf 82' lang='lat' dir='ltr'><strong>vir-</strong></span> 
     </span>
    </p>
   </div>
   <div class='ocr_carea' id='block_1_19' title="bbox 246 2041 1836 2119">
    <p class='ocr_par' dir='ltr' id='par_1_19' title="bbox 246 2041 1836 2119">
     <span class='ocr_line' id='line_1_19' title="bbox 246 2041 1836 2119; baseline 0.007 -25"><span class='ocrx_word' id='word_1_130' title='bbox 246 2041 342 2094; x_wconf 89' lang='lat' dir='ltr'><strong>tuti</strong></span> <span class='ocrx_word' id='word_1_131' title='bbox 364 2042 657 2112; x_wconf 85' lang='lat' dir='ltr'><strong>aliquando</strong></span> <span class='ocrx_word' id='word_1_132' title='bbox 685 2044 1008 2114; x_wconf 87' lang='lat' dir='ltr'><strong>subduutur,</strong></span> <span class='ocrx_word' id='word_1_133' title='bbox 1039 2056 1096 2104; x_wconf 91' lang='lat' dir='ltr'><strong>ut</strong></span> <span class='ocrx_word' id='word_1_134' title='bbox 1121 2063 1223 2101; x_wconf 91' lang='lat' dir='ltr'><strong>non</strong></span> <span class='ocrx_word' id='word_1_135' title='bbox 1255 2056 1472 2118; x_wconf 84' lang='lat' dir='ltr'><strong>propter</strong></span> <span class='ocrx_word' id='word_1_136' title='bbox 1500 2065 1558 2104; x_wconf 88' lang='lat' dir='ltr'><strong>se</strong></span> <span class='ocrx_word' id='word_1_137' title='bbox 1586 2050 1718 2119; x_wconf 90' lang='lat' dir='ltr'><strong>ipsa,</strong></span> <span class='ocrx_word' id='word_1_138' title='bbox 1743 2051 1836 2108; x_wconf 84' lang='lat' dir='ltr'><strong>sed</strong></span> 
     </span>
    </p>
   </div>
   <div class='ocr_carea' id='block_1_20' title="bbox 245 2135 1836 2209">
    <p class='ocr_par' dir='ltr' id='par_1_20' title="bbox 245 2135 1836 2209">
     <span class='ocr_line' id='line_1_20' title="bbox 245 2135 1836 2209; baseline 0.008 -23"><span class='ocrx_word' id='word_1_139' title='bbox 245 2142 470 2204; x_wconf 90' lang='lat' dir='ltr'><strong>pr0pter</strong></span> <span class='ocrx_word' id='word_1_140' title='bbox 519 2135 754 2190; x_wconf 86' lang='lat' dir='ltr'><strong>officium</strong></span> <span class='ocrx_word' id='word_1_141' title='bbox 801 2137 1010 2192; x_wconf 90' lang='lat' dir='ltr'><strong>virtutis</strong></span> <span class='ocrx_word' id='word_1_142' title='bbox 1044 2140 1342 2209; x_wconf 89' lang='lat' dir='ltr'><strong>appetenda</strong></span> <span class='ocrx_word' id='word_1_143' title='bbox 1392 2140 1690 2207; x_wconf 91' lang='lat' dir='ltr'><strong>videantur,</strong></span> <span class='ocrx_word' id='word_1_144' title='bbox 1734 2144 1836 2198; x_wconf 85' lang='lat' dir='ltr'><strong>ali-</strong></span> 
     </span>
    </p>
   </div>
   <div class='ocr_carea' id='block_1_21' title="bbox 231 2223 1836 2302">
    <p class='ocr_par' dir='ltr' id='par_1_21' title="bbox 231 2223 1836 2302">
     <span class='ocr_line' id='line_1_21' title="bbox 231 2223 1836 2302; baseline 0.01 -27"><span class='ocrx_word' id='word_1_145' title='bbox 231 2223 462 2292; x_wconf 84' lang='lat' dir='ltr'><strong>quando</strong></span> <span class='ocrx_word' id='word_1_146' title='bbox 512 2225 886 2295; x_wconf 61' lang='lat' dir='ltr'><strong>praeferuntur,</strong></span> <span class='ocrx_word' id='word_1_147' title='bbox 943 2237 1000 2283; x_wconf 94' lang='lat' dir='ltr'><strong>ut</strong></span> <span class='ocrx_word' id='word_1_148' title='bbox 1050 2247 1157 2285; x_wconf 91' lang='lat' dir='ltr'><strong>non</strong></span> <span class='ocrx_word' id='word_1_149' title='bbox 1207 2239 1425 2301; x_wconf 86' lang='lat' dir='ltr'><strong>propter</strong></span> <span class='ocrx_word' id='word_1_150' title='bbox 1471 2247 1530 2287; x_wconf 89' lang='lat' dir='ltr'><strong>se</strong></span> <span class='ocrx_word' id='word_1_151' title='bbox 1577 2233 1710 2302; x_wconf 92' lang='lat' dir='ltr'><strong>ipsa,</strong></span> <span class='ocrx_word' id='word_1_152' title='bbox 1741 2235 1836 2290; x_wconf 92' lang='lat' dir='ltr'><strong>sed</strong></span> 
     </span>
    </p>
   </div>
   <div class='ocr_carea' id='block_1_22' title="bbox 247 2317 1834 2389">
    <p class='ocr_par' dir='ltr' id='par_1_22' title="bbox 247 2317 1834 2389">
     <span class='ocr_line' id='line_1_22' title="bbox 247 2317 1834 2389; baseline 0.009 -21"><span class='ocrx_word' id='word_1_153' title='bbox 247 2324 468 2385; x_wconf 87' lang='lat' dir='ltr'><strong>propter</strong></span> <span class='ocrx_word' id='word_1_154' title='bbox 494 2317 608 2372; x_wconf 56' lang='lat' dir='ltr'><strong>huic</strong></span> <span class='ocrx_word' id='word_1_155' title='bbox 637 2319 978 2389; x_wconf 88' lang='lat' dir='ltr'><strong>adipiscenda</strong></span> <span class='ocrx_word' id='word_1_156' title='bbox 1009 2323 1091 2376; x_wconf 86' lang='lat' dir='ltr'><strong>vel</strong></span> <span class='ocrx_word' id='word_1_157' title='bbox 1135 2324 1499 2383; x_wconf 88' lang='lat' dir='ltr'><strong>conservanda</strong></span> <span class='ocrx_word' id='word_1_158' title='bbox 1531 2329 1834 2384; x_wconf 85' lang='lat' dir='ltr'><strong>necessaria</strong></span> 
     </span>
    </p>
   </div>
   <div class='ocr_carea' id='block_1_23' title="bbox 247 2408 1835 2489">
    <p class='ocr_par' dir='ltr' id='par_1_23' title="bbox 247 2408 1835 2489">
     <span class='ocr_line' id='line_1_23' title="bbox 247 2408 1835 2489; baseline 0.01 -30"><span class='ocrx_word' id='word_1_159' title='bbox 247 2408 420 2462; x_wconf 86' lang='lat' dir='ltr'><strong>virtus</strong></span> <span class='ocrx_word' id='word_1_160' title='bbox 449 2418 684 2478; x_wconf 84' lang='lat' dir='ltr'><strong>putetur,</strong></span> <span class='ocrx_word' id='word_1_161' title='bbox 710 2412 995 2482; x_wconf 90' lang='lat' dir='ltr'><strong>aliquando</strong></span> <span class='ocrx_word' id='word_1_162' title='bbox 1029 2413 1288 2485; x_wconf 85' lang='lat' dir='ltr'><strong>jungitur,</strong></span> <span class='ocrx_word' id='word_1_163' title='bbox 1322 2424 1377 2470; x_wconf 89' lang='lat' dir='ltr'><strong>ut</strong></span> <span class='ocrx_word' id='word_1_164' title='bbox 1404 2427 1621 2488; x_wconf 89' lang='lat' dir='ltr'><strong>propter</strong></span> <span class='ocrx_word' id='word_1_165' title='bbox 1641 2433 1700 2474; x_wconf 93' lang='lat' dir='ltr'><strong>se</strong></span> <span class='ocrx_word' id='word_1_166' title='bbox 1723 2420 1835 2489; x_wconf 83' lang='lat' dir='ltr'><strong>ipsa</strong></span> 
     </span>
    </p>
   </div>
   <div class='ocr_carea' id='block_1_24' title="bbox 244 2499 1836 2578">
    <p class='ocr_par' dir='ltr' id='par_1_24' title="bbox 244 2499 1836 2578">
     <span class='ocr_line' id='line_1_24' title="bbox 244 2499 1836 2578; baseline 0.007 -24"><span class='ocrx_word' id='word_1_167' title='bbox 244 2508 289 2554; x_wconf 86' lang='lat' dir='ltr'><strong>et</strong></span> <span class='ocrx_word' id='word_1_168' title='bbox 323 2499 517 2568; x_wconf 89' lang='lat' dir='ltr'><strong>virtus,</strong></span> <span class='ocrx_word' id='word_1_169' title='bbox 546 2512 599 2556; x_wconf 90' lang='lat' dir='ltr'><strong>et</strong></span> <span class='ocrx_word' id='word_1_170' title='bbox 631 2503 728 2557; x_wconf 91' lang='lat' dir='ltr'><strong>ista</strong></span> <span class='ocrx_word' id='word_1_171' title='bbox 761 2505 1056 2575; x_wconf 89' lang='lat' dir='ltr'><strong>appetenda</strong></span> <span class='ocrx_word' id='word_1_172' title='bbox 1086 2506 1406 2574; x_wconf 88' lang='lat' dir='ltr'><strong>credantur;</strong></span> <span class='ocrx_word' id='word_1_173' title='bbox 1435 2511 1836 2578; x_wconf 85' lang='lat' dir='ltr'><strong>quaternarium</strong></span> 
     </span>
    </p>
   </div>
   <div class='ocr_carea' id='block_1_25' title="bbox 245 2596 1836 2666">
    <p class='ocr_par' dir='ltr' id='par_1_25' title="bbox 245 2596 1836 2666">
     <span class='ocr_line' id='line_1_25' title="bbox 245 2596 1836 2666; baseline 0.009 -20"><span class='ocrx_word' id='word_1_174' title='bbox 245 2608 529 2648; x_wconf 88' lang='lat' dir='ltr'><strong>numerum</strong></span> <span class='ocrx_word' id='word_1_175' title='bbox 565 2596 777 2665; x_wconf 86' lang='lat' dir='ltr'><strong>triplum</strong></span> <span class='ocrx_word' id='word_1_176' title='bbox 823 2598 1085 2666; x_wconf 90' lang='lat' dir='ltr'><strong>reddunt,</strong></span> <span class='ocrx_word' id='word_1_177' title='bbox 1141 2610 1195 2655; x_wconf 90' lang='lat' dir='ltr'><strong>et</strong></span> <span class='ocrx_word' id='word_1_178' title='bbox 1237 2600 1303 2655; x_wconf 89' lang='lat' dir='ltr'><strong>ad</strong></span> <span class='ocrx_word' id='word_1_179' title='bbox 1345 2600 1628 2658; x_wconf 89' lang='lat' dir='ltr'><strong>duodecim</strong></span> <span class='ocrx_word' id='word_1_180' title='bbox 1664 2613 1836 2660; x_wconf 77' lang='lat' dir='ltr'><strong>sectas</strong></span> 
     </span>
    </p>
   </div>
   <div class='ocr_carea' id='block_1_26' title="bbox 244 2685 1834 2762">
    <p class='ocr_par' dir='ltr' id='par_1_26' title="bbox 244 2685 1834 2762">
     <span class='ocr_line' id='line_1_26' title="bbox 244 2685 1834 2762; baseline 0.011 -25"><span class='ocrx_word' id='word_1_181' title='bbox 244 2685 584 2754; x_wconf 85' lang='lat' dir='ltr'><strong>perveniunt.</strong></span> <span class='ocrx_word' id='word_1_182' title='bbox 620 2688 698 2743; x_wconf 78' lang='lat' dir='ltr'><strong>Ex</strong></span> <span class='ocrx_word' id='word_1_183' title='bbox 730 2689 831 2744; x_wconf 90' lang='lat' dir='ltr'><strong>illis</strong></span> <span class='ocrx_word' id='word_1_184' title='bbox 861 2699 1037 2746; x_wconf 85' lang='lat' dir='ltr'><strong>autem</strong></span> <span class='ocrx_word' id='word_1_185' title='bbox 1067 2703 1294 2762; x_wconf 90' lang='lat' dir='ltr'><strong>quatuor</strong></span> <span class='ocrx_word' id='word_1_186' title='bbox 1332 2695 1492 2750; x_wconf 81' lang='lat' dir='ltr'><strong>rebus</strong></span> <span class='ocrx_word' id='word_1_187' title='bbox 1523 2694 1694 2752; x_wconf 84' lang='lat' dir='ltr'><strong>Varro</strong></span> <span class='ocrx_word' id='word_1_188' title='bbox 1725 2706 1834 2754; x_wconf 86' lang='lat' dir='ltr'><strong>tres</strong></span> 
     </span>
    </p>
   </div>
   <div class='ocr_carea' id='block_1_27' title="bbox 244 2777 1831 2858">
    <p class='ocr_par' dir='ltr' id='par_1_27' title="bbox 244 2777 1831 2858">
     <span class='ocr_line' id='line_1_27' title="bbox 244 2777 1831 2858; baseline 0.008 -28"><span class='ocrx_word' id='word_1_189' title='bbox 244 2777 398 2844; x_wconf 84' lang='lat' dir='ltr'><strong>tollit,</strong></span> <span class='ocrx_word' id='word_1_190' title='bbox 435 2777 760 2848; x_wconf 87' lang='lat' dir='ltr'><strong>voluptatem</strong></span> <span class='ocrx_word' id='word_1_191' title='bbox 793 2782 1016 2848; x_wconf 89' lang='lat' dir='ltr'><strong>scilicet,</strong></span> <span class='ocrx_word' id='word_1_192' title='bbox 1063 2794 1116 2838; x_wconf 92' lang='lat' dir='ltr'><strong>et</strong></span> <span class='ocrx_word' id='word_1_193' title='bbox 1143 2785 1396 2854; x_wconf 80' lang='lat' dir='ltr'><strong>quietem,</strong></span> <span class='ocrx_word' id='word_1_194' title='bbox 1427 2795 1481 2841; x_wconf 87' lang='lat' dir='ltr'><strong>et</strong></span> <span class='ocrx_word' id='word_1_195' title='bbox 1511 2796 1831 2858; x_wconf 89' lang='lat' dir='ltr'><strong>utrumque:</strong></span> 
     </span>
    </p>
   </div>
   <div class='ocr_carea' id='block_1_28' title="bbox 245 2867 1833 2946">
    <p class='ocr_par' dir='ltr' id='par_1_28' title="bbox 245 2867 1833 2946">
     <span class='ocr_line' id='line_1_28' title="bbox 245 2867 1833 2946; baseline 0.009 -27"><span class='ocrx_word' id='word_1_196' title='bbox 245 2881 345 2920; x_wconf 93' lang='lat' dir='ltr'><strong>non</strong></span> <span class='ocrx_word' id='word_1_197' title='bbox 377 2867 523 2937; x_wconf 88' lang='lat' dir='ltr'><strong>quod</strong></span> <span class='ocrx_word' id='word_1_198' title='bbox 550 2883 643 2922; x_wconf 91' lang='lat' dir='ltr'><strong>eas</strong></span> <span class='ocrx_word' id='word_1_199' title='bbox 672 2869 956 2940; x_wconf 84' lang='lat' dir='ltr'><strong>improbet,</strong></span> <span class='ocrx_word' id='word_1_200' title='bbox 987 2872 1078 2927; x_wconf 90' lang='lat' dir='ltr'><strong>sed</strong></span> <span class='ocrx_word' id='word_1_201' title='bbox 1108 2874 1248 2944; x_wconf 92' lang='lat' dir='ltr'><strong>quod</strong></span> <span class='ocrx_word' id='word_1_202' title='bbox 1280 2875 1592 2946; x_wconf 89' lang='lat' dir='ltr'><strong>primigenia</strong></span> <span class='ocrx_word' id='word_1_203' title='bbox 1621 2877 1708 2932; x_wconf 79' lang='lat' dir='ltr'><strong>illa</strong></span> <span class='ocrx_word' id='word_1_204' title='bbox 1734 2892 1833 2932; x_wconf 88' lang='lat' dir='ltr'><strong>na-</strong></span> 
     </span>
    </p>
   </div>
   <div class='ocr_carea' id='block_1_29' title="bbox 246 2959 1834 3038">
    <p class='ocr_par' dir='ltr' id='par_1_29' title="bbox 246 2959 1834 3038">
     <span class='ocr_line' id='line_1_29' title="bbox 246 2959 1834 3038; baseline 0.01 -29"><span class='ocrx_word' id='word_1_205' title='bbox 246 2967 374 3011; x_wconf 60' lang='lat' dir='ltr'><strong>tura:</strong></span> <span class='ocrx_word' id='word_1_206' title='bbox 396 2968 454 3012; x_wconf 90' lang='lat' dir='ltr'><strong>et</strong></span> <span class='ocrx_word' id='word_1_207' title='bbox 486 2959 810 3036; x_wconf 85' lang='lat' dir='ltr'><strong>voluptatem</strong></span> <span class='ocrx_word' id='word_1_208' title='bbox 843 2964 892 3016; x_wconf 93' lang='lat' dir='ltr'><strong>in</strong></span> <span class='ocrx_word' id='word_1_209' title='bbox 925 2979 986 3020; x_wconf 87' lang='lat' dir='ltr'><strong>se</strong></span> <span class='ocrx_word' id='word_1_210' title='bbox 1031 2964 1280 3032; x_wconf 88' lang='lat' dir='ltr'><strong>habeant,</strong></span> <span class='ocrx_word' id='word_1_211' title='bbox 1315 2977 1368 3022; x_wconf 88' lang='lat' dir='ltr'><strong>et</strong></span> <span class='ocrx_word' id='word_1_212' title='bbox 1395 2969 1649 3038; x_wconf 89' lang='lat' dir='ltr'><strong>quietem.</strong></span> <span class='ocrx_word' id='word_1_213' title='bbox 1696 2970 1834 3038; x_wconf 89' lang='lat' dir='ltr'><strong>Quid</strong></span> 
     </span>
    </p>
   </div>
   <div class='ocr_carea' id='block_1_30' title="bbox 243 3053 1834 3130">
    <p class='ocr_par' dir='ltr' id='par_1_30' title="bbox 243 3053 1834 3130">
     <span class='ocr_line' id='line_1_30' title="bbox 243 3053 1834 3130; baseline 0.011 -28"><span class='ocrx_word' id='word_1_214' title='bbox 243 3063 366 3118; x_wconf 83' lang='lat' dir='ltr'><strong>ergo</strong></span> <span class='ocrx_word' id='word_1_215' title='bbox 388 3065 529 3121; x_wconf 88' lang='lat' dir='ltr'><strong>opus</strong></span> <span class='ocrx_word' id='word_1_216' title='bbox 556 3062 721 3108; x_wconf 79' lang='lat' dir='ltr'><strong>estex</strong></span> <span class='ocrx_word' id='word_1_217' title='bbox 753 3053 837 3109; x_wconf 90' lang='lat' dir='ltr'><strong>bis</strong></span> <span class='ocrx_word' id='word_1_218' title='bbox 865 3055 1072 3112; x_wconf 88' lang='lat' dir='ltr'><strong>duabus</strong></span> <span class='ocrx_word' id='word_1_219' title='bbox 1100 3059 1198 3113; x_wconf 88' lang='lat' dir='ltr'><strong>tria</strong></span> <span class='ocrx_word' id='word_1_220' title='bbox 1230 3060 1472 3130; x_wconf 69' lang='lat' dir='ltr'><strong>quaedam</strong></span> <span class='ocrx_word' id='word_1_221' title='bbox 1499 3061 1702 3130; x_wconf 87' lang='lat' dir='ltr'><strong>facere,</strong></span> <span class='ocrx_word' id='word_1_222' title='bbox 1729 3063 1834 3120; x_wconf 91' lang='lat' dir='ltr'><strong>duo</strong></span> 
     </span>
    </p>
   </div>
   <div class='ocr_carea' id='block_1_31' title="bbox 245 3142 1834 3225">
    <p class='ocr_par' dir='ltr' id='par_1_31' title="bbox 245 3142 1834 3225">
     <span class='ocr_line' id='line_1_31' title="bbox 245 3142 1834 3225; baseline 0.011 -31"><span class='ocrx_word' id='word_1_223' title='bbox 245 3142 492 3208; x_wconf 79' lang='lat' dir='ltr'><strong>scilicet,</strong></span> <span class='ocrx_word' id='word_1_224' title='bbox 547 3143 674 3199; x_wconf 90' lang='lat' dir='ltr'><strong>dum</strong></span> <span class='ocrx_word' id='word_1_225' title='bbox 725 3145 1032 3218; x_wconf 86' lang='lat' dir='ltr'><strong>singillatim</strong></span> <span class='ocrx_word' id='word_1_226' title='bbox 1081 3160 1407 3221; x_wconf 84' lang='lat' dir='ltr'><strong>appetuntur</strong></span> <span class='ocrx_word' id='word_1_227' title='bbox 1451 3155 1694 3225; x_wconf 78' lang='lat' dir='ltr'><strong>voluptas</strong></span> <span class='ocrx_word' id='word_1_228' title='bbox 1741 3165 1834 3211; x_wconf 84' lang='lat' dir='ltr'><strong>aut</strong></span> 
     </span>
    </p>
   </div>
   <div class='ocr_carea' id='block_1_32' title="bbox 241 3233 1832 3320">
    <p class='ocr_par' dir='ltr' id='par_1_32' title="bbox 241 3233 1832 3320">
     <span class='ocr_line' id='line_1_32' title="bbox 241 3233 1832 3320; baseline 0.014 -35"><span class='ocrx_word' id='word_1_229' title='bbox 241 3233 409 3303; x_wconf 89' lang='lat' dir='ltr'><strong>quies,</strong></span> <span class='ocrx_word' id='word_1_230' title='bbox 459 3245 512 3288; x_wconf 91' lang='lat' dir='ltr'><strong>et</strong></span> <span class='ocrx_word' id='word_1_231' title='bbox 543 3237 778 3303; x_wconf 87' lang='lat' dir='ltr'><strong>tertium,</strong></span> <span class='ocrx_word' id='word_1_232' title='bbox 824 3254 944 3294; x_wconf 92' lang='lat' dir='ltr'><strong>cum</strong></span> <span class='ocrx_word' id='word_1_233' title='bbox 972 3241 1142 3298; x_wconf 68' lang='lat' dir='ltr'><strong>ambrc</strong></span> <span class='ocrx_word' id='word_1_234' title='bbox 1168 3243 1362 3312; x_wconf 87' lang='lat' dir='ltr'><strong>simul;</strong></span> <span class='ocrx_word' id='word_1_235' title='bbox 1402 3248 1832 3320; x_wconf 84' lang='lat' dir='ltr'><strong>quandoquidem</strong></span> 
     </span>
    </p>
   </div>
   <div class='ocr_carea' id='block_1_33' title="bbox 243 3327 1830 3408">
    <p class='ocr_par' dir='ltr' id='par_1_33' title="bbox 243 3327 1830 3408">
     <span class='ocr_line' id='line_1_33' title="bbox 243 3327 1830 3408; baseline 0.013 -29"><span class='ocrx_word' id='word_1_236' title='bbox 243 3327 405 3394; x_wconf 85' lang='lat' dir='ltr'><strong>prima</strong></span> <span class='ocrx_word' id='word_1_237' title='bbox 457 3339 665 3384; x_wconf 63' lang='lat' dir='ltr'><strong>natura:</strong></span> <span class='ocrx_word' id='word_1_238' title='bbox 712 3341 764 3386; x_wconf 91' lang='lat' dir='ltr'><strong>et</strong></span> <span class='ocrx_word' id='word_1_239' title='bbox 794 3330 959 3401; x_wconf 89' lang='lat' dir='ltr'><strong>ipsas,</strong></span> <span class='ocrx_word' id='word_1_240' title='bbox 1009 3343 1064 3390; x_wconf 90' lang='lat' dir='ltr'><strong>et</strong></span> <span class='ocrx_word' id='word_1_241' title='bbox 1107 3347 1302 3406; x_wconf 74' lang='lat' dir='ltr'><strong>prmter</strong></span> <span class='ocrx_word' id='word_1_242' title='bbox 1332 3339 1474 3408; x_wconf 90' lang='lat' dir='ltr'><strong>ipsas</strong></span> <span class='ocrx_word' id='word_1_243' title='bbox 1513 3342 1618 3397; x_wconf 85' lang='lat' dir='ltr'><strong>alia</strong></span> <span class='ocrx_word' id='word_1_244' title='bbox 1665 3344 1830 3400; x_wconf 89' lang='lat' dir='ltr'><strong>multa</strong></span> 
     </span>
    </p>
   </div>
   <div class='ocr_carea' id='block_1_34' title="bbox 242 3419 1832 3506">
    <p class='ocr_par' dir='ltr' id='par_1_34' title="bbox 242 3419 1832 3506">
     <span class='ocr_line' id='line_1_34' title="bbox 242 3419 1832 3506; baseline 0.013 -34"><span class='ocrx_word' id='word_1_245' title='bbox 242 3419 590 3474; x_wconf 87' lang='lat' dir='ltr'><strong>contineant?</strong></span> <span class='ocrx_word' id='word_1_246' title='bbox 623 3422 696 3477; x_wconf 91' lang='lat' dir='ltr'><strong>De</strong></span> <span class='ocrx_word' id='word_1_247' title='bbox 726 3423 896 3478; x_wconf 91' lang='lat' dir='ltr'><strong>tribus</strong></span> <span class='ocrx_word' id='word_1_248' title='bbox 925 3441 1054 3496; x_wconf 87' lang='lat' dir='ltr'><strong>ergo</strong></span> <span class='ocrx_word' id='word_1_249' title='bbox 1084 3429 1249 3484; x_wconf 90' lang='lat' dir='ltr'><strong>sectis</strong></span> <span class='ocrx_word' id='word_1_250' title='bbox 1275 3431 1323 3485; x_wconf 93' lang='lat' dir='ltr'><strong>ei</strong></span> <span class='ocrx_word' id='word_1_251' title='bbox 1352 3433 1525 3501; x_wconf 90' lang='lat' dir='ltr'><strong>placet</strong></span> <span class='ocrx_word' id='word_1_252' title='bbox 1548 3434 1832 3506; x_wconf 83' lang='lat' dir='ltr'><strong>diligenter</strong></span> 
     </span>
    </p>
   </div>
   <div class='ocr_carea' id='block_1_35' title="bbox 242 3512 1830 3594">
    <p class='ocr_par' dir='ltr' id='par_1_35' title="bbox 242 3512 1830 3594">
     <span class='ocr_line' id='line_1_35' title="bbox 242 3512 1830 3594; baseline 0.013 -31"><span class='ocrx_word' id='word_1_253' title='bbox 242 3523 353 3564; x_wconf 87' lang='lat' dir='ltr'><strong>esse</strong></span> <span class='ocrx_word' id='word_1_254' title='bbox 383 3512 748 3582; x_wconf 90' lang='lat' dir='ltr'><strong>tractandum,</strong></span> <span class='ocrx_word' id='word_1_255' title='bbox 794 3531 1038 3586; x_wconf 78' lang='lat' dir='ltr'><strong>quamam</strong></span> <span class='ocrx_word' id='word_1_256' title='bbox 1085 3519 1156 3574; x_wconf 91' lang='lat' dir='ltr'><strong>sit</strong></span> <span class='ocrx_word' id='word_1_257' title='bbox 1197 3521 1372 3590; x_wconf 87' lang='lat' dir='ltr'><strong>potius</strong></span> <span class='ocrx_word' id='word_1_258' title='bbox 1400 3523 1664 3594; x_wconf 84' lang='lat' dir='ltr'><strong>eligenda.</strong></span> <span class='ocrx_word' id='word_1_259' title='bbox 1709 3527 1830 3584; x_wconf 84' lang='lat' dir='ltr'><strong>Non</strong></span> 
     </span>
    </p>
   </div>
   <div class='ocr_carea' id='block_1_36' title="bbox 240 3601 1831 3686">
    <p class='ocr_par' dir='ltr' id='par_1_36' title="bbox 240 3601 1831 3686">
     <span class='ocr_line' id='line_1_36' title="bbox 240 3601 1831 3686; baseline 0.013 -32"><span class='ocrx_word' id='word_1_260' title='bbox 240 3601 375 3655; x_wconf 87' lang='lat' dir='ltr'><strong>enim</strong></span> <span class='ocrx_word' id='word_1_261' title='bbox 411 3617 596 3656; x_wconf 84' lang='lat' dir='ltr'><strong>veram</strong></span> <span class='ocrx_word' id='word_1_262' title='bbox 631 3604 745 3672; x_wconf 89' lang='lat' dir='ltr'><strong>plus</strong></span> <span class='ocrx_word' id='word_1_263' title='bbox 767 3621 923 3676; x_wconf 91' lang='lat' dir='ltr'><strong>quam</strong></span> <span class='ocrx_word' id='word_1_264' title='bbox 957 3625 1115 3664; x_wconf 91' lang='lat' dir='ltr'><strong>unam</strong></span> <span class='ocrx_word' id='word_1_265' title='bbox 1141 3626 1266 3665; x_wconf 85' lang='lat' dir='ltr'><strong>vera</strong></span> <span class='ocrx_word' id='word_1_266' title='bbox 1296 3615 1430 3667; x_wconf 90' lang='lat' dir='ltr'><strong>ratio</strong></span> <span class='ocrx_word' id='word_1_267' title='bbox 1459 3630 1579 3672; x_wconf 92' lang='lat' dir='ltr'><strong>esse</strong></span> <span class='ocrx_word' id='word_1_268' title='bbox 1613 3619 1831 3686; x_wconf 84' lang='lat' dir='ltr'><strong>permit-</strong></span> 
     </span>
    </p>
   </div>
   <div class='ocr_carea' id='block_1_37' title="bbox 242 3689 1830 3778">
    <p class='ocr_par' dir='ltr' id='par_1_37' title="bbox 242 3689 1830 3778">
     <span class='ocr_line' id='line_1_37' title="bbox 242 3689 1830 3778; baseline 0.014 -35"><span class='ocrx_word' id='word_1_269' title='bbox 242 3689 315 3754; x_wconf 91' lang='lat' dir='ltr'><strong>tit,</strong></span> <span class='ocrx_word' id='word_1_270' title='bbox 341 3691 462 3746; x_wconf 80' lang='lat' dir='ltr'><strong>sive</strong></span> <span class='ocrx_word' id='word_1_271' title='bbox 493 3691 548 3746; x_wconf 92' lang='lat' dir='ltr'><strong>in</strong></span> <span class='ocrx_word' id='word_1_272' title='bbox 578 3692 660 3748; x_wconf 93' lang='lat' dir='ltr'><strong>his</strong></span> <span class='ocrx_word' id='word_1_273' title='bbox 688 3693 860 3751; x_wconf 87' lang='lat' dir='ltr'><strong>tribus</strong></span> <span class='ocrx_word' id='word_1_274' title='bbox 888 3698 977 3762; x_wconf 91' lang='lat' dir='ltr'><strong>sit,</strong></span> <span class='ocrx_word' id='word_1_275' title='bbox 1005 3701 1118 3755; x_wconf 88' lang='lat' dir='ltr'><strong>sive</strong></span> <span class='ocrx_word' id='word_1_276' title='bbox 1146 3701 1341 3756; x_wconf 89' lang='lat' dir='ltr'><strong>alicubi</strong></span> <span class='ocrx_word' id='word_1_277' title='bbox 1367 3703 1516 3771; x_wconf 88' lang='lat' dir='ltr'><strong>alibi,</strong></span> <span class='ocrx_word' id='word_1_278' title='bbox 1544 3706 1684 3777; x_wconf 87' lang='lat' dir='ltr'><strong>quod</strong></span> <span class='ocrx_word' id='word_1_279' title='bbox 1709 3717 1830 3778; x_wconf 87' lang='lat' dir='ltr'><strong>post</strong></span> 
     </span>
    </p>
   </div>
   <div class='ocr_carea' id='block_1_38' title="bbox 239 3784 1827 3864">
    <p class='ocr_par' dir='ltr' id='par_1_38' title="bbox 239 3784 1827 3864">
     <span class='ocr_line' id='line_1_38' title="bbox 239 3784 1827 3864; baseline 0.013 -29"><span class='ocrx_word' id='word_1_280' title='bbox 239 3784 561 3842; x_wconf 74' lang='lat' dir='ltr'><strong>videbimus.</strong></span> <span class='ocrx_word' id='word_1_281' title='bbox 587 3787 804 3843; x_wconf 87' lang='lat' dir='ltr'><strong>Interim</strong></span> <span class='ocrx_word' id='word_1_282' title='bbox 822 3789 887 3844; x_wconf 90' lang='lat' dir='ltr'><strong>de</strong></span> <span class='ocrx_word' id='word_1_283' title='bbox 904 3789 986 3845; x_wconf 88' lang='lat' dir='ltr'><strong>his</strong></span> <span class='ocrx_word' id='word_1_284' title='bbox 1005 3792 1172 3848; x_wconf 91' lang='lat' dir='ltr'><strong>tribus</strong></span> <span class='ocrx_word' id='word_1_285' title='bbox 1192 3795 1459 3864; x_wconf 88' lang='lat' dir='ltr'><strong>quomodo</strong></span> <span class='ocrx_word' id='word_1_286' title='bbox 1482 3813 1637 3851; x_wconf 91' lang='lat' dir='ltr'><strong>unam</strong></span> <span class='ocrx_word' id='word_1_287' title='bbox 1656 3798 1827 3857; x_wconf 85' lang='lat' dir='ltr'><strong>Varro</strong></span> 
     </span>
    </p>
   </div>
   <div class='ocr_carea' id='block_1_39' title="bbox 236 3875 1824 3955">
    <p class='ocr_par' dir='ltr' id='par_1_39' title="bbox 236 3875 1824 3955">
     <span class='ocr_line' id='line_1_39' title="bbox 236 3875 1824 3955; baseline 0.009 -25"><span class='ocrx_word' id='word_1_288' title='bbox 236 3875 412 3947; x_wconf 83' lang='lat' dir='ltr'><strong>eligat,</strong></span> <span class='ocrx_word' id='word_1_289' title='bbox 439 3886 701 3948; x_wconf 86' lang='lat' dir='ltr'><strong>quantum</strong></span> <span class='ocrx_word' id='word_1_290' title='bbox 729 3879 961 3936; x_wconf 81' lang='lat' dir='ltr'><strong>breviter</strong></span> <span class='ocrx_word' id='word_1_291' title='bbox 985 3892 1275 3954; x_wconf 90' lang='lat' dir='ltr'><strong>aperteque</strong></span> <span class='ocrx_word' id='word_1_292' title='bbox 1312 3900 1616 3955; x_wconf 83' lang='lat' dir='ltr'><strong>possumus,</strong></span> <span class='ocrx_word' id='word_1_293' title='bbox 1648 3888 1824 3944; x_wconf 91' lang='lat' dir='ltr'><strong>disse-</strong></span> 
     </span>
    </p>
   </div>
   <div class='ocr_carea' id='block_1_40' title="bbox 235 3969 1824 4048">
    <p class='ocr_par' dir='ltr' id='par_1_40' title="bbox 235 3969 1824 4048">
     <span class='ocr_line' id='line_1_40' title="bbox 235 3969 1824 4048; baseline 0.008 -27"><span class='ocrx_word' id='word_1_294' title='bbox 235 3980 438 4024; x_wconf 86' lang='lat' dir='ltr'><strong>ramus.</strong></span> <span class='ocrx_word' id='word_1_295' title='bbox 467 3969 587 4024; x_wconf 75' lang='lat' dir='ltr'><strong>lsta:</strong></span> <span class='ocrx_word' id='word_1_296' title='bbox 616 3986 809 4042; x_wconf 89' lang='lat' dir='ltr'><strong>nempe</strong></span> <span class='ocrx_word' id='word_1_297' title='bbox 835 3981 948 4028; x_wconf 90' lang='lat' dir='ltr'><strong>tres</strong></span> <span class='ocrx_word' id='word_1_298' title='bbox 971 3983 1131 4030; x_wconf 76' lang='lat' dir='ltr'><strong>secta:</strong></span> <span class='ocrx_word' id='word_1_299' title='bbox 1157 3976 1226 4033; x_wconf 91' lang='lat' dir='ltr'><strong>ita</strong></span> <span class='ocrx_word' id='word_1_300' title='bbox 1257 3977 1411 4042; x_wconf 79' lang='lat' dir='ltr'><strong>fiunt,</strong></span> <span class='ocrx_word' id='word_1_301' title='bbox 1439 3992 1560 4031; x_wconf 94' lang='lat' dir='ltr'><strong>cum</strong></span> <span class='ocrx_word' id='word_1_302' title='bbox 1605 3978 1686 4032; x_wconf 88' lang='lat' dir='ltr'><strong>vel</strong></span> <span class='ocrx_word' id='word_1_303' title='bbox 1713 3979 1824 4048; x_wconf 87' lang='lat' dir='ltr'><strong>pri-</strong></span> 
     </span>
    </p>
   </div>
   <div class='ocr_carea' id='block_1_41' title="bbox 235 4064 1825 4140">
    <p class='ocr_par' dir='ltr' id='par_1_41' title="bbox 235 4064 1825 4140">
     <span class='ocr_line' id='line_1_41' title="bbox 235 4064 1825 4140; baseline 0.009 -28"><span class='ocrx_word' id='word_1_304' title='bbox 235 4073 314 4112; x_wconf 87' lang='lat' dir='ltr'><strong>ma</strong></span> <span class='ocrx_word' id='word_1_305' title='bbox 341 4068 558 4115; x_wconf 77' lang='lat' dir='ltr'><strong>natura:</strong></span> <span class='ocrx_word' id='word_1_306' title='bbox 577 4071 800 4132; x_wconf 89' lang='lat' dir='ltr'><strong>propter</strong></span> <span class='ocrx_word' id='word_1_307' title='bbox 823 4064 1199 4136; x_wconf 83' lang='lat' dir='ltr'><strong>virtutem,vel</strong></span> <span class='ocrx_word' id='word_1_308' title='bbox 1222 4067 1391 4123; x_wconf 91' lang='lat' dir='ltr'><strong>virtus</strong></span> <span class='ocrx_word' id='word_1_309' title='bbox 1418 4079 1634 4139; x_wconf 88' lang='lat' dir='ltr'><strong>pr0pter</strong></span> <span class='ocrx_word' id='word_1_310' title='bbox 1654 4070 1825 4140; x_wconf 83' lang='lat' dir='ltr'><strong>prima</strong></span> 
     </span>
    </p>
   </div>
   <div class='ocr_carea' id='block_1_42' title="bbox 233 4153 1820 4231">
    <p class='ocr_par' dir='ltr' id='par_1_42' title="bbox 233 4153 1820 4231">
     <span class='ocr_line' id='line_1_42' title="bbox 233 4153 1820 4231; baseline 0.008 -27"><span class='ocrx_word' id='word_1_311' title='bbox 233 4161 460 4219; x_wconf 64' lang='lat' dir='ltr'><strong>natura,</strong></span> <span class='ocrx_word' id='word_1_312' title='bbox 487 4153 570 4207; x_wconf 89' lang='lat' dir='ltr'><strong>vel</strong></span> <span class='ocrx_word' id='word_1_313' title='bbox 589 4163 835 4224; x_wconf 88' lang='lat' dir='ltr'><strong>utraque,</strong></span> <span class='ocrx_word' id='word_1_314' title='bbox 859 4155 911 4210; x_wconf 91' lang='lat' dir='ltr'><strong>id</strong></span> <span class='ocrx_word' id='word_1_315' title='bbox 937 4167 1041 4223; x_wconf 87' lang='lat' dir='ltr'><strong>est,</strong></span> <span class='ocrx_word' id='word_1_316' title='bbox 1069 4158 1306 4214; x_wconf 88' lang='lat' dir='ltr'><strong>etvirtus</strong></span> <span class='ocrx_word' id='word_1_317' title='bbox 1330 4168 1385 4216; x_wconf 94' lang='lat' dir='ltr'><strong>ct</strong></span> <span class='ocrx_word' id='word_1_318' title='bbox 1405 4161 1573 4231; x_wconf 85' lang='lat' dir='ltr'><strong>prima</strong></span> <span class='ocrx_word' id='word_1_319' title='bbox 1595 4171 1820 4230; x_wconf 60' lang='lat' dir='ltr'><strong>natura),</strong></span> 
     </span>
    </p>
   </div>
   <div class='ocr_carea' id='block_1_43' title="bbox 232 4245 1179 4319">
    <p class='ocr_par' dir='ltr' id='par_1_43' title="bbox 232 4245 1179 4319">
     <span class='ocr_line' id='line_1_43' title="bbox 232 4245 1179 4319; baseline 0.012 -25"><span class='ocrx_word' id='word_1_320' title='bbox 232 4253 453 4313; x_wconf 88' lang='lat' dir='ltr'><strong>propter</strong></span> <span class='ocrx_word' id='word_1_321' title='bbox 480 4260 542 4302; x_wconf 85' lang='lat' dir='ltr'><strong>se</strong></span> <span class='ocrx_word' id='word_1_322' title='bbox 570 4245 683 4316; x_wconf 90' lang='lat' dir='ltr'><strong>ipsa</strong></span> <span class='ocrx_word' id='word_1_323' title='bbox 713 4255 836 4303; x_wconf 89' lang='lat' dir='ltr'><strong>sunt</strong></span> <span class='ocrx_word' id='word_1_324' title='bbox 862 4249 1179 4319; x_wconf 84' lang='lat' dir='ltr'><strong>expetenda.</strong></span> 
     </span>
    </p>
   </div>
   <div class='ocr_carea' id='block_1_44' title="bbox 227 4345 1820 4423">
    <p class='ocr_par' dir='ltr' id='par_1_44' title="bbox 227 4345 1820 4423">
     <span class='ocr_line' id='line_1_44' title="bbox 227 4345 1820 4423; baseline 0.009 -15"><span class='ocrx_word' id='word_1_325' title='bbox 227 4345 459 4413; x_wconf 73' lang='lat' dir='ltr'><strong>CAPUT</strong></span> <span class='ocrx_word' id='word_1_326' title='bbox 498 4356 586 4412; x_wconf 88' lang='lat' dir='ltr'><strong>Ill.</strong></span> <span class='ocrx_word' id='word_1_327' title='bbox 616 4387 689 4398; x_wconf 95' lang='lat'><strong></strong></span> <span class='ocrx_word' id='word_1_328' title='bbox 728 4358 804 4416; x_wconf 86' lang='lat' dir='ltr'><strong>De</strong></span> <span class='ocrx_word' id='word_1_329' title='bbox 830 4361 987 4415; x_wconf 74' lang='lat' dir='ltr'><strong>tribus</strong></span> <span class='ocrx_word' id='word_1_330' title='bbox 1024 4363 1169 4416; x_wconf 72' lang='lat' dir='ltr'><strong>sectis</strong></span> <span class='ocrx_word' id='word_1_331' title='bbox 1196 4380 1447 4418; x_wconf 71' lang='lat' dir='ltr'><strong>summum</strong></span> <span class='ocrx_word' id='word_1_332' title='bbox 1482 4365 1701 4422; x_wconf 72' lang='lat' dir='ltr'><strong>hominis</strong></span> <span class='ocrx_word' id='word_1_333' title='bbox 1727 4367 1820 4423; x_wconf 82' lang='lat' dir='ltr'><strong>bo-</strong></span> 
     </span>
    </p>
   </div>
   <div class='ocr_carea' id='block_1_45' title="bbox 291 4452 1816 4530">
    <p class='ocr_par' dir='ltr' id='par_1_45' title="bbox 291 4452 1816 4530">
     <span class='ocr_line' id='line_1_45' title="bbox 291 4452 1816 4530; baseline 0.007 -26"><span class='ocrx_word' id='word_1_334' title='bbox 291 4466 420 4504; x_wconf 82' lang='lat' dir='ltr'><strong>num</strong></span> <span class='ocrx_word' id='word_1_335' title='bbox 462 4452 822 4519; x_wconf 48' lang='lat' dir='ltr'><strong>querentibus,</strong></span> <span class='ocrx_word' id='word_1_336' title='bbox 861 4470 1014 4523; x_wconf 83' lang='lat' dir='ltr'><strong>quam</strong></span> <span class='ocrx_word' id='word_1_337' title='bbox 1043 4454 1329 4526; x_wconf 81' lang='lat' dir='ltr'><strong>eligendam</strong></span> <span class='ocrx_word' id='word_1_338' title='bbox 1381 4454 1541 4512; x_wconf 73' lang='lat' dir='ltr'><strong>Varro</strong></span> <span class='ocrx_word' id='word_1_339' title='bbox 1586 4457 1816 4530; x_wconf 80' lang='lat' dir='ltr'><strong>deniat,</strong></span> 
     </span>
    </p>
   </div>
   <div class='ocr_carea' id='block_1_46' title="bbox 291 4546 1820 4616">
    <p class='ocr_par' dir='ltr' id='par_1_46' title="bbox 291 4546 1820 4616">
     <span class='ocr_line' id='line_1_46' title="bbox 291 4546 1820 4616; baseline 0.007 -18"><span class='ocrx_word' id='word_1_340' title='bbox 291 4561 344 4598; x_wconf 70' lang='lat' dir='ltr'><strong>se</strong></span> <span class='ocrx_word' id='word_1_341' title='bbox 382 4561 513 4600; x_wconf 70' lang='lat' dir='ltr'><strong>neu:</strong></span> <span class='ocrx_word' id='word_1_342' title='bbox 542 4547 723 4601; x_wconf 74' lang='lat' dir='ltr'><strong>veteris</strong></span> <span class='ocrx_word' id='word_1_343' title='bbox 751 4546 1063 4614; x_wconf 66' lang='lat' dir='ltr'><strong>Academiae,</strong></span> <span class='ocrx_word' id='word_1_344' title='bbox 1091 4548 1340 4604; x_wconf 81' lang='lat' dir='ltr'><strong>Antiocho</strong></span> <span class='ocrx_word' id='word_1_345' title='bbox 1369 4560 1592 4616; x_wconf 81' lang='lat' dir='ltr'><strong>auctore,</strong></span> <span class='ocrx_word' id='word_1_346' title='bbox 1620 4563 1820 4608; x_wconf 72' lang='lat' dir='ltr'><strong>senten-</strong></span> 
     </span>
    </p>
   </div>
   <div class='ocr_carea' id='block_1_47' title="bbox 293 4645 442 4689">
    <p class='ocr_par' dir='ltr' id='par_1_47' title="bbox 293 4645 442 4689">
     <span class='ocr_line' id='line_1_47' title="bbox 293 4645 442 4689; baseline 0.02 -3"><span class='ocrx_word' id='word_1_347' title='bbox 293 4645 419 4689; x_wconf 73' lang='lat' dir='ltr'><strong>tiam</strong></span> <span class='ocrx_word' id='word_1_348' title='bbox 427 4674 442 4689; x_wconf 78' lang='grc' dir='ltr'><strong></strong></span> 
     </span>
    </p>
   </div>
   <div class='ocr_carea' id='block_1_48' title="bbox 294 4746 1817 4825">
    <p class='ocr_par' dir='ltr' id='par_1_48' title="bbox 294 4746 1817 4825">
     <span class='ocr_line' id='line_1_48' title="bbox 294 4746 1817 4825; baseline 0.009 -25"><span class='ocrx_word' id='word_1_349' title='bbox 294 4747 345 4800; x_wconf 80' lang='lat' dir='ltr'><strong>l.</strong></span> <span class='ocrx_word' id='word_1_350' title='bbox 388 4746 535 4814; x_wconf 87' lang='lat' dir='ltr'><strong>Quid</strong></span> <span class='ocrx_word' id='word_1_351' title='bbox 578 4763 707 4819; x_wconf 89' lang='lat' dir='ltr'><strong>ergo</strong></span> <span class='ocrx_word' id='word_1_352' title='bbox 746 4750 968 4806; x_wconf 86' lang='lat' dir='ltr'><strong>istorum</strong></span> <span class='ocrx_word' id='word_1_353' title='bbox 1001 4751 1159 4806; x_wconf 78' lang='lat' dir='ltr'><strong>trium</strong></span> <span class='ocrx_word' id='word_1_354' title='bbox 1200 4751 1272 4807; x_wconf 88' lang='lat' dir='ltr'><strong>sit</strong></span> <span class='ocrx_word' id='word_1_355' title='bbox 1298 4767 1483 4809; x_wconf 87' lang='lat' dir='ltr'><strong>verum</strong></span> <span class='ocrx_word' id='word_1_356' title='bbox 1521 4761 1681 4825; x_wconf 85' lang='lat' dir='ltr'><strong>atque</strong></span> <span class='ocrx_word' id='word_1_357' title='bbox 1725 4771 1817 4814; x_wconf 88' lang='lat' dir='ltr'><strong>se-</strong></span> 
     </span>
    </p>
   </div>
   <div class='ocr_carea' id='block_1_49' title="bbox 226 4839 1813 4917">
    <p class='ocr_par' dir='ltr' id='par_1_49' title="bbox 226 4839 1813 4917">
     <span class='ocr_line' id='line_1_49' title="bbox 226 4839 1813 4917; baseline 0.006 -23"><span class='ocrx_word' id='word_1_358' title='bbox 226 4839 477 4895; x_wconf 84' lang='lat' dir='ltr'><strong>ctandum</strong></span> <span class='ocrx_word' id='word_1_359' title='bbox 500 4882 516 4907; x_wconf 93' lang='lat'><strong>,</strong></span> <span class='ocrx_word' id='word_1_360' title='bbox 552 4841 656 4896; x_wconf 89' lang='lat' dir='ltr'><strong>isto</strong></span> <span class='ocrx_word' id='word_1_361' title='bbox 702 4844 862 4898; x_wconf 91' lang='lat' dir='ltr'><strong>modo</strong></span> <span class='ocrx_word' id='word_1_362' title='bbox 906 4845 1230 4915; x_wconf 88' lang='lat' dir='ltr'><strong>persuadere</strong></span> <span class='ocrx_word' id='word_1_363' title='bbox 1276 4856 1522 4904; x_wconf 86' lang='lat' dir='ltr'><strong>conatur.</strong></span> <span class='ocrx_word' id='word_1_364' title='bbox 1554 4848 1813 4917; x_wconf 86' lang='lat' dir='ltr'><strong>Primum,</strong></span> 
     </span>
    </p>
   </div>
   <div class='ocr_carea' id='block_1_50' title="bbox 220 4935 1814 5010">
    <p class='ocr_par' dir='ltr' id='par_1_50' title="bbox 220 4935 1814 5010">
     <span class='ocr_line' id='line_1_50' title="bbox 220 4935 1814 5010; baseline 0.009 -25"><span class='ocrx_word' id='word_1_365' title='bbox 220 4935 335 5001; x_wconf 86' lang='lat' dir='ltr'><strong>quia</strong></span> <span class='ocrx_word' id='word_1_366' title='bbox 366 4949 644 4988; x_wconf 89' lang='lat' dir='ltr'><strong>summum</strong></span> <span class='ocrx_word' id='word_1_367' title='bbox 667 4935 865 4991; x_wconf 90' lang='lat' dir='ltr'><strong>bonum</strong></span> <span class='ocrx_word' id='word_1_368' title='bbox 893 4937 947 4992; x_wconf 92' lang='lat' dir='ltr'><strong>in</strong></span> <span class='ocrx_word' id='word_1_369' title='bbox 971 4938 1305 5009; x_wconf 86' lang='lat' dir='ltr'><strong>philosophia</strong></span> <span class='ocrx_word' id='word_1_370' title='bbox 1333 4957 1437 4996; x_wconf 92' lang='lat' dir='ltr'><strong>non</strong></span> <span class='ocrx_word' id='word_1_371' title='bbox 1459 4941 1688 5010; x_wconf 86' lang='lat' dir='ltr'><strong>arboris,</strong></span> <span class='ocrx_word' id='word_1_372' title='bbox 1706 4959 1814 4999; x_wconf 92' lang='lat' dir='ltr'><strong>non</strong></span> 
     </span>
    </p>
   </div>
   <div class='ocr_carea' id='block_1_51' title="bbox 219 5025 1816 5105">
    <p class='ocr_par' dir='ltr' id='par_1_51' title="bbox 219 5025 1816 5105">
     <span class='ocr_line' id='line_1_51' title="bbox 219 5025 1816 5105; baseline 0.008 -26"><span class='ocrx_word' id='word_1_373' title='bbox 219 5026 452 5093; x_wconf 84' lang='lat' dir='ltr'><strong>pecoris,</strong></span> <span class='ocrx_word' id='word_1_374' title='bbox 483 5041 590 5080; x_wconf 90' lang='lat' dir='ltr'><strong>non</strong></span> <span class='ocrx_word' id='word_1_375' title='bbox 617 5025 726 5092; x_wconf 88' lang='lat' dir='ltr'><strong>dei,</strong></span> <span class='ocrx_word' id='word_1_376' title='bbox 764 5028 856 5083; x_wconf 87' lang='lat' dir='ltr'><strong>sed</strong></span> <span class='ocrx_word' id='word_1_377' title='bbox 885 5028 1115 5086; x_wconf 89' lang='lat' dir='ltr'><strong>hominis</strong></span> <span class='ocrx_word' id='word_1_378' title='bbox 1139 5032 1416 5102; x_wconf 68' lang='lat' dir='ltr'><strong>qumritur,</strong></span> <span class='ocrx_word' id='word_1_379' title='bbox 1445 5033 1572 5104; x_wconf 92' lang='lat' dir='ltr'><strong>quid</strong></span> <span class='ocrx_word' id='word_1_380' title='bbox 1597 5034 1666 5088; x_wconf 90' lang='lat' dir='ltr'><strong>sit</strong></span> <span class='ocrx_word' id='word_1_381' title='bbox 1701 5035 1816 5105; x_wconf 89' lang='lat' dir='ltr'><strong>ipse</strong></span> 
     </span>
    </p>
   </div>
   <div class='ocr_carea' id='block_1_52' title="bbox 217 5113 1812 5196">
    <p class='ocr_par' dir='ltr' id='par_1_52' title="bbox 217 5113 1812 5196">
     <span class='ocr_line' id='line_1_52' title="bbox 217 5113 1812 5196; baseline 0.01 -28"><span class='ocrx_word' id='word_1_382' title='bbox 217 5113 398 5182; x_wconf 88' lang='lat' dir='ltr'><strong>homo,</strong></span> <span class='ocrx_word' id='word_1_383' title='bbox 427 5117 781 5187; x_wconf 69' lang='lat' dir='ltr'><strong>quaerendum</strong></span> <span class='ocrx_word' id='word_1_384' title='bbox 807 5127 974 5190; x_wconf 78' lang='lat' dir='ltr'><strong>putat.</strong></span> <span class='ocrx_word' id='word_1_385' title='bbox 991 5122 1164 5178; x_wconf 86' lang='lat' dir='ltr'><strong>Sentit</strong></span> <span class='ocrx_word' id='word_1_386' title='bbox 1187 5123 1384 5195; x_wconf 89' lang='lat' dir='ltr'><strong>quippe</strong></span> <span class='ocrx_word' id='word_1_387' title='bbox 1410 5125 1463 5180; x_wconf 93' lang='lat' dir='ltr'><strong>in</strong></span> <span class='ocrx_word' id='word_1_388' title='bbox 1484 5127 1600 5196; x_wconf 85' lang='lat' dir='ltr'><strong>ejus</strong></span> <span class='ocrx_word' id='word_1_389' title='bbox 1625 5137 1812 5185; x_wconf 85' lang='lat' dir='ltr'><strong>natura</strong></span> 
     </span>
    </p>
   </div>
   <div class='ocr_carea' id='block_1_53' title="bbox 212 5205 1812 5292">
    <p class='ocr_par' dir='ltr' id='par_1_53' title="bbox 212 5205 1812 5292">
     <span class='ocr_line' id='line_1_53' title="bbox 212 5205 1812 5292; baseline 0.01 -32"><span class='ocrx_word' id='word_1_390' title='bbox 212 5205 318 5262; x_wconf 85' lang='lat' dir='ltr'><strong>duo</strong></span> <span class='ocrx_word' id='word_1_391' title='bbox 344 5223 474 5264; x_wconf 69' lang='lat' dir='ltr'><strong>ease</strong></span> <span class='ocrx_word' id='word_1_392' title='bbox 499 5210 768 5280; x_wconf 65' lang='lat' dir='ltr'><strong>quaedam,</strong></span> <span class='ocrx_word' id='word_1_393' title='bbox 795 5226 990 5284; x_wconf 88' lang='lat' dir='ltr'><strong>corpus</strong></span> <span class='ocrx_word' id='word_1_394' title='bbox 1013 5224 1066 5270; x_wconf 91' lang='lat' dir='ltr'><strong>et</strong></span> <span class='ocrx_word' id='word_1_395' title='bbox 1089 5215 1320 5271; x_wconf 87' lang='lat' dir='ltr'><strong>animam</strong></span> <span class='ocrx_word' id='word_1_396' title='bbox 1349 5235 1362 5272; x_wconf 89' lang='lat'><strong>:</strong></span> <span class='ocrx_word' id='word_1_397' title='bbox 1395 5227 1447 5273; x_wconf 91' lang='lat' dir='ltr'><strong>et</strong></span> <span class='ocrx_word' id='word_1_398' title='bbox 1483 5220 1670 5274; x_wconf 92' lang='lat' dir='ltr'><strong>horum</strong></span> <span class='ocrx_word' id='word_1_399' title='bbox 1691 5224 1812 5292; x_wconf 89' lang='lat' dir='ltr'><strong>qui-</strong></span> 
     </span>
    </p>
   </div>
   <div class='ocr_carea' id='block_1_54' title="bbox 210 5299 1810 5383">
    <p class='ocr_par' dir='ltr' id='par_1_54' title="bbox 210 5299 1810 5383">
     <span class='ocr_line' id='line_1_54' title="bbox 210 5299 1810 5383; baseline 0.011 -30"><span class='ocrx_word' id='word_1_400' title='bbox 210 5299 330 5356; x_wconf 87' lang='lat' dir='ltr'><strong>dem</strong></span> <span class='ocrx_word' id='word_1_401' title='bbox 377 5301 615 5358; x_wconf 89' lang='lat' dir='ltr'><strong>duorum</strong></span> <span class='ocrx_word' id='word_1_402' title='bbox 645 5305 837 5362; x_wconf 87' lang='lat' dir='ltr'><strong>melius</strong></span> <span class='ocrx_word' id='word_1_403' title='bbox 863 5319 985 5362; x_wconf 90' lang='lat' dir='ltr'><strong>esse</strong></span> <span class='ocrx_word' id='word_1_404' title='bbox 1011 5309 1242 5364; x_wconf 85' lang='lat' dir='ltr'><strong>animam</strong></span> <span class='ocrx_word' id='word_1_405' title='bbox 1287 5310 1560 5382; x_wconf 82' lang='lat' dir='ltr'><strong>longeque</strong></span> <span class='ocrx_word' id='word_1_406' title='bbox 1585 5323 1810 5383; x_wconf 63' lang='lat' dir='ltr'><strong>praesta-</strong></span> 
     </span>
    </p>
   </div>
   <div class='ocr_carea' id='block_1_55' title="bbox 209 5387 1810 5464">
    <p class='ocr_par' dir='ltr' id='par_1_55' title="bbox 209 5387 1810 5464">
     <span class='ocr_line' id='line_1_55' title="bbox 209 5387 1810 5464; baseline 0.012 -22"><span class='ocrx_word' id='word_1_407' title='bbox 209 5387 369 5448; x_wconf 85' lang='lat' dir='ltr'><strong>bilius</strong></span> <span class='ocrx_word' id='word_1_408' title='bbox 397 5393 624 5448; x_wconf 90' lang='lat' dir='ltr'><strong>omnino</strong></span> <span class='ocrx_word' id='word_1_409' title='bbox 645 5409 751 5450; x_wconf 90' lang='lat' dir='ltr'><strong>non</strong></span> <span class='ocrx_word' id='word_1_410' title='bbox 778 5395 1018 5464; x_wconf 88' lang='lat' dir='ltr'><strong>dubitat;</strong></span> <span class='ocrx_word' id='word_1_411' title='bbox 1047 5399 1142 5453; x_wconf 85' lang='lat' dir='ltr'><strong>sed</strong></span> <span class='ocrx_word' id='word_1_412' title='bbox 1161 5408 1339 5455; x_wconf 84' lang='lat' dir='ltr'><strong>utrum</strong></span> <span class='ocrx_word' id='word_1_413' title='bbox 1364 5401 1540 5457; x_wconf 89' lang='lat' dir='ltr'><strong>anima</strong></span> <span class='ocrx_word' id='word_1_414' title='bbox 1582 5403 1695 5459; x_wconf 89' lang='lat' dir='ltr'><strong>sola</strong></span> <span class='ocrx_word' id='word_1_415' title='bbox 1738 5405 1810 5462; x_wconf 88' lang='lat' dir='ltr'><strong>sit</strong></span> 
     </span>
    </p>
   </div>
   <div class='ocr_carea' id='block_1_56' title="bbox 209 5479 1802 5568">
    <p class='ocr_par' dir='ltr' id='par_1_56' title="bbox 209 5479 1802 5568">
     <span class='ocr_line' id='line_1_56' title="bbox 209 5479 1802 5568; baseline 0.013 -34"><span class='ocrx_word' id='word_1_416' title='bbox 209 5479 397 5553; x_wconf 82' lang='lat' dir='ltr'><strong>homo,</strong></span> <span class='ocrx_word' id='word_1_417' title='bbox 441 5495 501 5539; x_wconf 85' lang='lat' dir='ltr'><strong>ut</strong></span> <span class='ocrx_word' id='word_1_418' title='bbox 531 5485 604 5540; x_wconf 86' lang='lat' dir='ltr'><strong>ita</strong></span> <span class='ocrx_word' id='word_1_419' title='bbox 633 5487 705 5542; x_wconf 87' lang='lat' dir='ltr'><strong>sit</strong></span> <span class='ocrx_word' id='word_1_420' title='bbox 747 5489 798 5543; x_wconf 90' lang='lat' dir='ltr'><strong>ei</strong></span> <span class='ocrx_word' id='word_1_421' title='bbox 837 5503 1034 5560; x_wconf 90' lang='lat' dir='ltr'><strong>corpus</strong></span> <span class='ocrx_word' id='word_1_422' title='bbox 1074 5500 1324 5563; x_wconf 86' lang='lat' dir='ltr'><strong>tanquam</strong></span> <span class='ocrx_word' id='word_1_423' title='bbox 1365 5509 1534 5565; x_wconf 88' lang='lat' dir='ltr'><strong>equus</strong></span> <span class='ocrx_word' id='word_1_424' title='bbox 1571 5498 1739 5568; x_wconf 91' lang='lat' dir='ltr'><strong>equiti</strong></span> <span class='ocrx_word' id='word_1_425' title='bbox 1762 5500 1802 5554; x_wconf 82' lang='grc'><strong>.</strong></span> 
     </span>
    </p>
   </div>
   <div class='ocr_carea' id='block_1_57' title="bbox 207 5569 1800 5653">
    <p class='ocr_par' dir='ltr' id='par_1_57' title="bbox 207 5569 1800 5653">
     <span class='ocr_line' id='line_1_57' title="bbox 207 5569 1800 5653; baseline 0.013 -28"><span class='ocrx_word' id='word_1_426' title='bbox 207 5569 386 5643; x_wconf 83' lang='lat' dir='ltr'><strong>Eques</strong></span> <span class='ocrx_word' id='word_1_427' title='bbox 416 5577 566 5632; x_wconf 90' lang='lat' dir='ltr'><strong>enim</strong></span> <span class='ocrx_word' id='word_1_428' title='bbox 591 5591 698 5634; x_wconf 92' lang='lat' dir='ltr'><strong>non</strong></span> <span class='ocrx_word' id='word_1_429' title='bbox 728 5578 889 5636; x_wconf 91' lang='lat' dir='ltr'><strong>homo</strong></span> <span class='ocrx_word' id='word_1_430' title='bbox 916 5589 972 5636; x_wconf 93' lang='lat' dir='ltr'><strong>et</strong></span> <span class='ocrx_word' id='word_1_431' title='bbox 999 5595 1188 5653; x_wconf 87' lang='lat' dir='ltr'><strong>equus,</strong></span> <span class='ocrx_word' id='word_1_432' title='bbox 1212 5583 1307 5638; x_wconf 87' lang='lat' dir='ltr'><strong>sed</strong></span> <span class='ocrx_word' id='word_1_433' title='bbox 1328 5584 1474 5644; x_wconf 86' lang='lat' dir='ltr'><strong>solus</strong></span> <span class='ocrx_word' id='word_1_434' title='bbox 1499 5586 1660 5643; x_wconf 88' lang='lat' dir='ltr'><strong>homo</strong></span> <span class='ocrx_word' id='word_1_435' title='bbox 1680 5599 1800 5645; x_wconf 88' lang='lat' dir='ltr'><strong>est:</strong></span> 
     </span>
    </p>
   </div>
   <div class='ocr_carea' id='block_1_58' title="bbox 262 5711 1802 5790">
    <p class='ocr_par' dir='ltr' id='par_1_58' title="bbox 262 5711 1802 5790">
     <span class='ocr_line' id='line_1_58' title="bbox 262 5711 1802 5790; baseline 0.01 -31"><span class='ocrx_word' id='word_1_436' title='bbox 262 5711 285 5790; x_wconf 62' lang='grc' dir='ltr'><strong></strong></span> <span class='ocrx_word' id='word_1_437' title='bbox 317 5713 673 5790; x_wconf 48' lang='lat' dir='ltr'><strong>nienineditis</strong></span> <span class='ocrx_word' id='word_1_438' title='bbox 699 5713 908 5790; x_wconf 81' lang='lat' dir='ltr'><strong>a_ddit_t_tr,</strong></span> <span class='ocrx_word' id='word_1_439' title='bbox 933 5719 1265 5790; x_wconf 2' lang='lat' dir='ltr'><strong>querendum;</strong></span> <span class='ocrx_word' id='word_1_440' title='bbox 1285 5726 1420 5786; x_wconf 80' lang='lat' dir='ltr'><strong>putat</strong></span> <span class='ocrx_word' id='word_1_441' title='bbox 1448 5735 1467 5776; x_wconf 85' lang='lat'><strong><em>:</em></strong></span> <span class='ocrx_word' id='word_1_442' title='bbox 1502 5737 1589 5786; x_wconf 88' lang='lat' dir='ltr'><strong>pro</strong></span> <span class='ocrx_word' id='word_1_443' title='bbox 1623 5738 1721 5790; x_wconf 88' lang='lat' dir='ltr'><strong>quo</strong></span> <span class='ocrx_word' id='word_1_444' title='bbox 1753 5725 1802 5775; x_wconf 89' lang='lat' dir='ltr'><strong>in</strong></span> 
     </span>
    </p>
   </div>
   <div class='ocr_carea' id='block_1_59' title="bbox 201 5772 1284 5840">
    <p class='ocr_par' dir='ltr' id='par_1_59' title="bbox 201 5772 1284 5840">
     <span class='ocr_line' id='line_1_59' title="bbox 201 5772 1284 5840; baseline 0.012 -22"><span class='ocrx_word' id='word_1_445' title='bbox 201 5774 306 5840; x_wconf 71' lang='lat' dir='ltr'><strong>Mss.</strong></span> <span class='ocrx_word' id='word_1_446' title='bbox 320 5772 636 5840; x_wconf 78' lang='lat' dir='ltr'><strong>relinquitur</strong></span> <span class='ocrx_word' id='word_1_447' title='bbox 658 5772 1057 5840; x_wconf 77' lang='lat' dir='ltr'><strong>subaudiendum,</strong></span> <span class='ocrx_word' id='word_1_448' title='bbox 1085 5781 1284 5834; x_wconf 74' lang='lat' dir='ltr'><strong>dubitat.</strong></span> 
     </span>
    </p>
   </div>
   <div class='ocr_carea' id='block_1_60' title="bbox 261 5835 1792 5914">
    <p class='ocr_par' dir='ltr' id='par_1_60' title="bbox 261 5835 1792 5914">
     <span class='ocr_line' id='line_1_60' title="bbox 261 5835 1792 5914; baseline 0.014 -33"><span class='ocrx_word' id='word_1_449' title='bbox 261 5835 336 5898; x_wconf 81' lang='grc' dir='ltr'><strong>()</strong></span> <span class='ocrx_word' id='word_1_450' title='bbox 367 5837 471 5886; x_wconf 81' lang='lat' dir='ltr'><strong>\id.</strong></span> <span class='ocrx_word' id='word_1_451' title='bbox 493 5835 650 5888; x_wconf 74' lang='lat' dir='ltr'><strong>Cicer.</strong></span> <span class='ocrx_word' id='word_1_452' title='bbox 678 5839 762 5890; x_wconf 87' lang='lat' dir='ltr'><strong>lib.</strong></span> <span class='ocrx_word' id='word_1_453' title='bbox 785 5840 896 5893; x_wconf 60' lang='lat' dir='ltr'><strong>de</strong></span> <span class='ocrx_word' id='word_1_454' title='bbox 921 5835 1129 5910; x_wconf 66' lang='lat' dir='ltr'><strong>Finibus,</strong></span> <span class='ocrx_word' id='word_1_455' title='bbox 1145 5860 1248 5910; x_wconf 91' lang='lat' dir='ltr'><strong>cap.</strong></span> <span class='ocrx_word' id='word_1_456' title='bbox 1281 5849 1351 5911; x_wconf 86' lang='lat' dir='ltr'><strong>ll,</strong></span> <span class='ocrx_word' id='word_1_457' title='bbox 1382 5855 1430 5900; x_wconf 81' lang='lat' dir='ltr'><strong>et</strong></span> <span class='ocrx_word' id='word_1_458' title='bbox 1450 5847 1532 5900; x_wconf 84' lang='lat' dir='ltr'><strong>lib.</strong></span> <span class='ocrx_word' id='word_1_459' title='bbox 1557 5851 1604 5914; x_wconf 77' lang='lat'><strong>5,</strong></span> <span class='ocrx_word' id='word_1_460' title='bbox 1624 5851 1792 5914; x_wconf 78' lang='lat' dir='ltr'><strong>cep.7.</strong></span> 
     </span>
    </p>
   </div>
   <div class='ocr_carea' id='block_1_61' title="bbox 1461 373 2279 432">
    <p class='ocr_par' dir='ltr' id='par_1_61' title="bbox 1461 373 2279 432">
     <span class='ocr_line' id='line_1_61' title="bbox 1461 373 2279 432; baseline 0.002 -2"><span class='ocrx_word' id='word_1_461' title='bbox 1461 375 1660 430; x_wconf 75' lang='lat' dir='ltr'><strong>LIBER</strong></span> <span class='ocrx_word' id='word_1_462' title='bbox 1705 373 2001 430; x_wconf 75' lang='lat' dir='ltr'><strong>DECIMUS</strong></span> <span class='ocrx_word' id='word_1_463' title='bbox 2037 375 2279 432; x_wconf 65' lang='lat' dir='ltr'><strong>NONUS.</strong></span> 
     </span>
    </p>
   </div>
   <div class='ocr_carea' id='block_1_62' title="bbox 3427 374 3530 430">
    <p class='ocr_par' dir='ltr' id='par_1_62' title="bbox 3427 374 3530 430">
     <span class='ocr_line' id='line_1_62' title="bbox 3427 374 3530 430; baseline 0 0"><span class='ocrx_word' id='word_1_464' title='bbox 3427 374 3530 430; x_wconf 73' lang='lat'><strong>026</strong></span> 
     </span>
    </p>
   </div>
   <div class='ocr_carea' id='block_1_63' title="bbox 1953 489 3530 564">
    <p class='ocr_par' dir='ltr' id='par_1_63' title="bbox 1953 489 3530 564">
     <span class='ocr_line' id='line_1_63' title="bbox 1953 489 3530 564; baseline -0.001 -20"><span class='ocrx_word' id='word_1_465' title='bbox 1953 489 2076 546; x_wconf 89' lang='lat' dir='ltr'><strong>ideo</strong></span> <span class='ocrx_word' id='word_1_466' title='bbox 2119 501 2292 546; x_wconf 85' lang='lat' dir='ltr'><strong>tamen</strong></span> <span class='ocrx_word' id='word_1_467' title='bbox 2333 507 2494 563; x_wconf 88' lang='lat' dir='ltr'><strong>eques</strong></span> <span class='ocrx_word' id='word_1_468' title='bbox 2536 493 2748 559; x_wconf 86' lang='lat' dir='ltr'><strong>dicitur,</strong></span> <span class='ocrx_word' id='word_1_469' title='bbox 2776 492 2918 564; x_wconf 80' lang='lat' dir='ltr'><strong>quod</strong></span> <span class='ocrx_word' id='word_1_470' title='bbox 2949 492 3128 563; x_wconf 78' lang='lat' dir='ltr'><strong>aliquo</strong></span> <span class='ocrx_word' id='word_1_471' title='bbox 3159 491 3317 547; x_wconf 73' lang='lat' dir='ltr'><strong>modo</strong></span> <span class='ocrx_word' id='word_1_472' title='bbox 3343 509 3401 546; x_wconf 80' lang='lat' dir='ltr'><strong>se</strong></span> <span class='ocrx_word' id='word_1_473' title='bbox 3433 491 3530 543; x_wconf 78' lang='lat' dir='ltr'><strong>ha-</strong></span> 
     </span>
    </p>
   </div>
   <div class='ocr_carea' id='block_1_64' title="bbox 1947 583 3531 657">
    <p class='ocr_par' dir='ltr' id='par_1_64' title="bbox 1947 583 3531 657">
     <span class='ocr_line' id='line_1_64' title="bbox 1947 583 3531 657; baseline -0.002 -17"><span class='ocrx_word' id='word_1_474' title='bbox 1947 583 2072 640; x_wconf 87' lang='lat' dir='ltr'><strong>beat</strong></span> <span class='ocrx_word' id='word_1_475' title='bbox 2097 584 2162 642; x_wconf 83' lang='lat' dir='ltr'><strong>ad</strong></span> <span class='ocrx_word' id='word_1_476' title='bbox 2189 601 2405 656; x_wconf 89' lang='lat' dir='ltr'><strong>equum.</strong></span> <span class='ocrx_word' id='word_1_477' title='bbox 2455 589 2535 641; x_wconf 82' lang='lat' dir='ltr'><strong>An</strong></span> <span class='ocrx_word' id='word_1_478' title='bbox 2567 601 2760 657; x_wconf 89' lang='lat' dir='ltr'><strong>corpus</strong></span> <span class='ocrx_word' id='word_1_479' title='bbox 2805 587 2976 642; x_wconf 90' lang='lat' dir='ltr'><strong>solum</strong></span> <span class='ocrx_word' id='word_1_480' title='bbox 3016 587 3085 640; x_wconf 91' lang='lat' dir='ltr'><strong>sit</strong></span> <span class='ocrx_word' id='word_1_481' title='bbox 3139 584 3320 648; x_wconf 91' lang='lat' dir='ltr'><strong>homo,</strong></span> <span class='ocrx_word' id='word_1_482' title='bbox 3351 584 3531 654; x_wconf 79' lang='lat' dir='ltr'><strong>aliquo</strong></span> 
     </span>
    </p>
   </div>
   <div class='ocr_carea' id='block_1_65' title="bbox 1947 674 3533 746">
    <p class='ocr_par' dir='ltr' id='par_1_65' title="bbox 1947 674 3533 746">
     <span class='ocr_line' id='line_1_65' title="bbox 1947 674 3533 746; baseline -0.003 -14"><span class='ocrx_word' id='word_1_483' title='bbox 1947 675 2108 732; x_wconf 87' lang='lat' dir='ltr'><strong>modo</strong></span> <span class='ocrx_word' id='word_1_484' title='bbox 2137 692 2194 732; x_wconf 90' lang='lat' dir='ltr'><strong>se</strong></span> <span class='ocrx_word' id='word_1_485' title='bbox 2224 675 2428 733; x_wconf 88' lang='lat' dir='ltr'><strong>habens</strong></span> <span class='ocrx_word' id='word_1_486' title='bbox 2455 677 2519 730; x_wconf 88' lang='lat' dir='ltr'><strong>ad</strong></span> <span class='ocrx_word' id='word_1_487' title='bbox 2546 679 2799 746; x_wconf 80' lang='lat' dir='ltr'><strong>animam,</strong></span> <span class='ocrx_word' id='word_1_488' title='bbox 2826 681 2963 733; x_wconf 91' lang='lat' dir='ltr'><strong>sicut</strong></span> <span class='ocrx_word' id='word_1_489' title='bbox 2990 677 3238 746; x_wconf 91' lang='lat' dir='ltr'><strong>poculum</strong></span> <span class='ocrx_word' id='word_1_490' title='bbox 3266 674 3332 730; x_wconf 87' lang='lat' dir='ltr'><strong>ad</strong></span> <span class='ocrx_word' id='word_1_491' title='bbox 3359 676 3533 744; x_wconf 86' lang='lat' dir='ltr'><strong>potio-</strong></span> 
     </span>
    </p>
   </div>
   <div class='ocr_carea' id='block_1_66' title="bbox 1947 765 3529 838">
    <p class='ocr_par' dir='ltr' id='par_1_66' title="bbox 1947 765 3529 838">
     <span class='ocr_line' id='line_1_66' title="bbox 1947 765 3529 838; baseline -0.001 -16"><span class='ocrx_word' id='word_1_492' title='bbox 1947 782 2070 822; x_wconf 90' lang='lat' dir='ltr'><strong>nem</strong></span> <span class='ocrx_word' id='word_1_493' title='bbox 2097 785 2110 821; x_wconf 88' lang='lat'><strong>:</strong></span> <span class='ocrx_word' id='word_1_494' title='bbox 2141 782 2245 827; x_wconf 89' lang='lat' dir='ltr'><strong>non</strong></span> <span class='ocrx_word' id='word_1_495' title='bbox 2284 769 2428 822; x_wconf 92' lang='lat' dir='ltr'><strong>enim</strong></span> <span class='ocrx_word' id='word_1_496' title='bbox 2456 769 2594 824; x_wconf 71' lang='lat' dir='ltr'><strong>calix</strong></span> <span class='ocrx_word' id='word_1_497' title='bbox 2620 778 2673 822; x_wconf 90' lang='lat' dir='ltr'><strong>et</strong></span> <span class='ocrx_word' id='word_1_498' title='bbox 2703 769 2868 838; x_wconf 89' lang='lat' dir='ltr'><strong>potio,</strong></span> <span class='ocrx_word' id='word_1_499' title='bbox 2900 785 3058 838; x_wconf 87' lang='lat' dir='ltr'><strong>quam</strong></span> <span class='ocrx_word' id='word_1_500' title='bbox 3090 767 3329 822; x_wconf 86' lang='lat' dir='ltr'><strong>continet</strong></span> <span class='ocrx_word' id='word_1_501' title='bbox 3367 765 3529 830; x_wconf 81' lang='lat' dir='ltr'><strong>calix,</strong></span> 
     </span>
    </p>
   </div>
   <div class='ocr_carea' id='block_1_67' title="bbox 1947 856 3531 928">
    <p class='ocr_par' dir='ltr' id='par_1_67' title="bbox 1947 856 3531 928">
     <span class='ocr_line' id='line_1_67' title="bbox 1947 856 3531 928; baseline -0.002 -17"><span class='ocrx_word' id='word_1_502' title='bbox 1947 857 2102 911; x_wconf 87' lang='lat' dir='ltr'><strong>simul</strong></span> <span class='ocrx_word' id='word_1_503' title='bbox 2133 857 2327 913; x_wconf 88' lang='lat' dir='ltr'><strong>dicitur</strong></span> <span class='ocrx_word' id='word_1_504' title='bbox 2351 859 2620 928; x_wconf 83' lang='lat' dir='ltr'><strong>poculum,</strong></span> <span class='ocrx_word' id='word_1_505' title='bbox 2653 859 2744 913; x_wconf 90' lang='lat' dir='ltr'><strong>sed</strong></span> <span class='ocrx_word' id='word_1_506' title='bbox 2791 860 2928 913; x_wconf 79' lang='lat' dir='ltr'><strong>calix</strong></span> <span class='ocrx_word' id='word_1_507' title='bbox 2955 859 3143 922; x_wconf 89' lang='lat' dir='ltr'><strong>solus;</strong></span> <span class='ocrx_word' id='word_1_508' title='bbox 3188 856 3309 912; x_wconf 88' lang='lat' dir='ltr'><strong>ideo</strong></span> <span class='ocrx_word' id='word_1_509' title='bbox 3350 864 3531 910; x_wconf 89' lang='lat' dir='ltr'><strong>tamen</strong></span> 
     </span>
    </p>
   </div>
   <div class='ocr_carea' id='block_1_68' title="bbox 1946 947 3535 1020">
    <p class='ocr_par' dir='ltr' id='par_1_68' title="bbox 1946 947 3535 1020">
     <span class='ocr_line' id='line_1_68' title="bbox 1946 947 3535 1020; baseline -0.003 -17"><span class='ocrx_word' id='word_1_510' title='bbox 1946 948 2086 1020; x_wconf 89' lang='lat' dir='ltr'><strong>quod</strong></span> <span class='ocrx_word' id='word_1_511' title='bbox 2115 949 2320 1019; x_wconf 88' lang='lat' dir='ltr'><strong>potioni</strong></span> <span class='ocrx_word' id='word_1_512' title='bbox 2345 949 2678 1002; x_wconf 70' lang='lat' dir='ltr'><strong>continenda:</strong></span> <span class='ocrx_word' id='word_1_513' title='bbox 2708 951 2774 1003; x_wconf 78' lang='lat' dir='ltr'><strong>sit</strong></span> <span class='ocrx_word' id='word_1_514' title='bbox 2798 949 3252 1004; x_wconf 49' lang='lat' dir='ltr'><strong>accomutodatus.</strong></span> <span class='ocrx_word' id='word_1_515' title='bbox 3290 947 3372 1002; x_wconf 79' lang='lat' dir='ltr'><strong>An</strong></span> <span class='ocrx_word' id='word_1_516' title='bbox 3404 961 3535 1002; x_wconf 86' lang='lat' dir='ltr'><strong>vero</strong></span> 
     </span>
    </p>
   </div>
   <div class='ocr_carea' id='block_1_69' title="bbox 1946 1041 3524 1110">
    <p class='ocr_par' dir='ltr' id='par_1_69' title="bbox 1946 1041 3524 1110">
     <span class='ocr_line' id='line_1_69' title="bbox 1946 1041 3524 1110; baseline -0.004 -12"><span class='ocrx_word' id='word_1_517' title='bbox 1946 1057 2048 1098; x_wconf 86' lang='lat' dir='ltr'><strong>nec</strong></span> <span class='ocrx_word' id='word_1_518' title='bbox 2073 1043 2247 1096; x_wconf 87' lang='lat' dir='ltr'><strong>anima</strong></span> <span class='ocrx_word' id='word_1_519' title='bbox 2279 1043 2410 1108; x_wconf 90' lang='lat' dir='ltr'><strong>sola,</strong></span> <span class='ocrx_word' id='word_1_520' title='bbox 2444 1058 2539 1095; x_wconf 92' lang='lat' dir='ltr'><strong>uec</strong></span> <span class='ocrx_word' id='word_1_521' title='bbox 2565 1042 2736 1096; x_wconf 83' lang='lat' dir='ltr'><strong>solum</strong></span> <span class='ocrx_word' id='word_1_522' title='bbox 2766 1058 2979 1110; x_wconf 86' lang='lat' dir='ltr'><strong>eorpus,</strong></span> <span class='ocrx_word' id='word_1_523' title='bbox 3008 1042 3100 1096; x_wconf 89' lang='lat' dir='ltr'><strong>sed</strong></span> <span class='ocrx_word' id='word_1_524' title='bbox 3135 1041 3292 1096; x_wconf 88' lang='lat' dir='ltr'><strong>simul</strong></span> <span class='ocrx_word' id='word_1_525' title='bbox 3322 1049 3524 1097; x_wconf 65' lang='lat' dir='ltr'><strong>utrum.</strong></span> 
     </span>
    </p>
   </div>
   <div class='ocr_carea' id='block_1_70' title="bbox 1946 1133 3533 1204">
    <p class='ocr_par' dir='ltr' id='par_1_70' title="bbox 1946 1133 3533 1204">
     <span class='ocr_line' id='line_1_70' title="bbox 1946 1133 3533 1204; baseline 0 -18"><span class='ocrx_word' id='word_1_526' title='bbox 1946 1148 2050 1202; x_wconf 90' lang='lat' dir='ltr'><strong>que</strong></span> <span class='ocrx_word' id='word_1_527' title='bbox 2071 1133 2138 1186; x_wconf 90' lang='lat' dir='ltr'><strong>sit</strong></span> <span class='ocrx_word' id='word_1_528' title='bbox 2167 1133 2346 1198; x_wconf 85' lang='lat' dir='ltr'><strong>homo,</strong></span> <span class='ocrx_word' id='word_1_529' title='bbox 2378 1133 2530 1204; x_wconf 85' lang='lat' dir='ltr'><strong>cujus</strong></span> <span class='ocrx_word' id='word_1_530' title='bbox 2559 1149 2678 1202; x_wconf 89' lang='lat' dir='ltr'><strong>pars</strong></span> <span class='ocrx_word' id='word_1_531' title='bbox 2701 1135 2768 1186; x_wconf 90' lang='lat' dir='ltr'><strong>sit</strong></span> <span class='ocrx_word' id='word_1_532' title='bbox 2796 1149 2896 1188; x_wconf 85' lang='lat' dir='ltr'><strong>una</strong></span> <span class='ocrx_word' id='word_1_533' title='bbox 2933 1133 3044 1186; x_wconf 88' lang='lat' dir='ltr'><strong>sive</strong></span> <span class='ocrx_word' id='word_1_534' title='bbox 3071 1134 3246 1186; x_wconf 91' lang='lat' dir='ltr'><strong>anima</strong></span> <span class='ocrx_word' id='word_1_535' title='bbox 3271 1135 3381 1186; x_wconf 87' lang='lat' dir='ltr'><strong>sive</strong></span> <span class='ocrx_word' id='word_1_536' title='bbox 3409 1149 3533 1188; x_wconf 84' lang='lat' dir='ltr'><strong>cor-</strong></span> 
     </span>
    </p>
   </div>
   <div class='ocr_carea' id='block_1_71' title="bbox 1947 1223 3534 1294">
    <p class='ocr_par' dir='ltr' id='par_1_71' title="bbox 1947 1223 3534 1294">
     <span class='ocr_line' id='line_1_71' title="bbox 1947 1223 3534 1294; baseline 0.001 -18"><span class='ocrx_word' id='word_1_537' title='bbox 1947 1239 2089 1294; x_wconf 66' lang='lat' dir='ltr'><strong>pus,</strong></span> <span class='ocrx_word' id='word_1_538' title='bbox 2119 1224 2208 1281; x_wconf 89' lang='lat' dir='ltr'><strong>iUe</strong></span> <span class='ocrx_word' id='word_1_539' title='bbox 2251 1236 2427 1278; x_wconf 84' lang='lat' dir='ltr'><strong>autent</strong></span> <span class='ocrx_word' id='word_1_540' title='bbox 2471 1233 2611 1278; x_wconf 88' lang='lat' dir='ltr'><strong>totus</strong></span> <span class='ocrx_word' id='word_1_541' title='bbox 2643 1239 2706 1277; x_wconf 79' lang='lat' dir='ltr'><strong>ex</strong></span> <span class='ocrx_word' id='word_1_542' title='bbox 2738 1234 2962 1293; x_wconf 88' lang='lat' dir='ltr'><strong>utroque</strong></span> <span class='ocrx_word' id='word_1_543' title='bbox 3006 1233 3234 1289; x_wconf 84' lang='lat' dir='ltr'><strong>constet,</strong></span> <span class='ocrx_word' id='word_1_544' title='bbox 3268 1233 3325 1278; x_wconf 89' lang='lat' dir='ltr'><strong>ut</strong></span> <span class='ocrx_word' id='word_1_545' title='bbox 3370 1223 3534 1277; x_wconf 85' lang='lat' dir='ltr'><strong>homo</strong></span> 
     </span>
    </p>
   </div>
   <div class='ocr_carea' id='block_1_72' title="bbox 1946 1313 3532 1385">
    <p class='ocr_par' dir='ltr' id='par_1_72' title="bbox 1946 1313 3532 1385">
     <span class='ocr_line' id='line_1_72' title="bbox 1946 1313 3532 1385; baseline -0.001 -17"><span class='ocrx_word' id='word_1_546' title='bbox 1946 1315 2053 1372; x_wconf 82' lang='lat' dir='ltr'><strong>sit:</strong></span> <span class='ocrx_word' id='word_1_547' title='bbox 2086 1316 2222 1370; x_wconf 89' lang='lat' dir='ltr'><strong>sicut</strong></span> <span class='ocrx_word' id='word_1_548' title='bbox 2247 1315 2382 1370; x_wconf 89' lang='lat' dir='ltr'><strong>duos</strong></span> <span class='ocrx_word' id='word_1_549' title='bbox 2405 1331 2570 1385; x_wconf 77' lang='lat' dir='ltr'><strong>equos</strong></span> <span class='ocrx_word' id='word_1_550' title='bbox 2594 1315 2805 1384; x_wconf 88' lang='lat' dir='ltr'><strong>juuctos</strong></span> <span class='ocrx_word' id='word_1_551' title='bbox 2832 1313 2980 1385; x_wconf 86' lang='lat' dir='ltr'><strong>bigas</strong></span> <span class='ocrx_word' id='word_1_552' title='bbox 3012 1329 3282 1379; x_wconf 89' lang='lat' dir='ltr'><strong>vocamus,</strong></span> <span class='ocrx_word' id='word_1_553' title='bbox 3305 1331 3532 1384; x_wconf 89' lang='lat' dir='ltr'><strong>quorum</strong></span> 
     </span>
    </p>
   </div>
   <div class='ocr_carea' id='block_1_73' title="bbox 1930 1405 3532 1480">
    <p class='ocr_par' dir='ltr' id='par_1_73' title="bbox 1930 1405 3532 1480">
     <span class='ocr_line' id='line_1_73' title="bbox 1930 1405 3532 1480; baseline 0 -22"><span class='ocrx_word' id='word_1_554' title='bbox 1930 1405 2056 1480; x_wconf 17' lang='lat' dir='ltr'><strong>tsive</strong></span> <span class='ocrx_word' id='word_1_555' title='bbox 2093 1405 2300 1470; x_wconf 79' lang='lat' dir='ltr'><strong>dexter,</strong></span> <span class='ocrx_word' id='word_1_556' title='bbox 2347 1406 2460 1460; x_wconf 90' lang='lat' dir='ltr'><strong>sive</strong></span> <span class='ocrx_word' id='word_1_557' title='bbox 2507 1407 2740 1471; x_wconf 89' lang='lat' dir='ltr'><strong>sinister,</strong></span> <span class='ocrx_word' id='word_1_558' title='bbox 2792 1420 2914 1476; x_wconf 91' lang='lat' dir='ltr'><strong>pars</strong></span> <span class='ocrx_word' id='word_1_559' title='bbox 2945 1415 3028 1460; x_wconf 78' lang='lat' dir='ltr'><strong>est</strong></span> <span class='ocrx_word' id='word_1_560' title='bbox 3075 1405 3334 1474; x_wconf 84' lang='lat' dir='ltr'><strong>bigarum,</strong></span> <span class='ocrx_word' id='word_1_561' title='bbox 3369 1422 3532 1459; x_wconf 90' lang='lat' dir='ltr'><strong>unum</strong></span> 
     </span>
    </p>
   </div>
   <div class='ocr_carea' id='block_1_74' title="bbox 1946 1497 3536 1569">
    <p class='ocr_par' dir='ltr' id='par_1_74' title="bbox 1946 1497 3536 1569">
     <span class='ocr_line' id='line_1_74' title="bbox 1946 1497 3536 1569; baseline 0.001 -21"><span class='ocrx_word' id='word_1_562' title='bbox 1946 1513 2073 1550; x_wconf 87' lang='lat' dir='ltr'><strong>vero</strong></span> <span class='ocrx_word' id='word_1_563' title='bbox 2097 1514 2281 1552; x_wconf 87' lang='lat' dir='ltr'><strong>eorum</strong></span> <span class='ocrx_word' id='word_1_564' title='bbox 2303 1515 2516 1569; x_wconf 87' lang='lat' dir='ltr'><strong>quoquo</strong></span> <span class='ocrx_word' id='word_1_565' title='bbox 2539 1498 2695 1553; x_wconf 84' lang='lat' dir='ltr'><strong>modo</strong></span> <span class='ocrx_word' id='word_1_566' title='bbox 2719 1514 2776 1551; x_wconf 83' lang='lat' dir='ltr'><strong>se</strong></span> <span class='ocrx_word' id='word_1_567' title='bbox 2806 1497 2994 1552; x_wconf 89' lang='lat' dir='ltr'><strong>habeat</strong></span> <span class='ocrx_word' id='word_1_568' title='bbox 3019 1497 3086 1552; x_wconf 85' lang='lat' dir='ltr'><strong>ad</strong></span> <span class='ocrx_word' id='word_1_569' title='bbox 3115 1497 3358 1564; x_wconf 91' lang='lat' dir='ltr'><strong>alterum,</strong></span> <span class='ocrx_word' id='word_1_570' title='bbox 3387 1499 3536 1567; x_wconf 85' lang='lat' dir='ltr'><strong>bigas</strong></span> 
     </span>
    </p>
   </div>
   <div class='ocr_carea' id='block_1_75' title="bbox 1946 1589 3533 1655">
    <p class='ocr_par' dir='ltr' id='par_1_75' title="bbox 1946 1589 3533 1655">
     <span class='ocr_line' id='line_1_75' title="bbox 1946 1589 3533 1655; baseline 0.001 -13"><span class='ocrx_word' id='word_1_571' title='bbox 1946 1604 2050 1642; x_wconf 87' lang='lat' dir='ltr'><strong>tton</strong></span> <span class='ocrx_word' id='word_1_572' title='bbox 2077 1589 2322 1655; x_wconf 90' lang='lat' dir='ltr'><strong>dicimus,</strong></span> <span class='ocrx_word' id='word_1_573' title='bbox 2372 1592 2466 1646; x_wconf 92' lang='lat' dir='ltr'><strong>sed</strong></span> <span class='ocrx_word' id='word_1_574' title='bbox 2492 1593 2676 1647; x_wconf 89' lang='lat' dir='ltr'><strong>antbos</strong></span> <span class='ocrx_word' id='word_1_575' title='bbox 2707 1592 2885 1647; x_wconf 91' lang='lat' dir='ltr'><strong>simul.</strong></span> <span class='ocrx_word' id='word_1_576' title='bbox 2926 1591 3125 1647; x_wconf 89' lang='lat' dir='ltr'><strong>llorutn</strong></span> <span class='ocrx_word' id='word_1_577' title='bbox 3152 1600 3331 1647; x_wconf 86' lang='lat' dir='ltr'><strong>autem</strong></span> <span class='ocrx_word' id='word_1_578' title='bbox 3375 1591 3533 1645; x_wconf 89' lang='lat' dir='ltr'><strong>trium</strong></span> 
     </span>
    </p>
   </div>
   <div class='ocr_carea' id='block_1_76' title="bbox 1947 1680 3532 1754">
    <p class='ocr_par' dir='ltr' id='par_1_76' title="bbox 1947 1680 3532 1754">
     <span class='ocr_line' id='line_1_76' title="bbox 1947 1680 3532 1754; baseline 0.001 -20"><span class='ocrx_word' id='word_1_579' title='bbox 1947 1680 2048 1736; x_wconf 91' lang='lat' dir='ltr'><strong>hoc</strong></span> <span class='ocrx_word' id='word_1_580' title='bbox 2077 1681 2225 1752; x_wconf 90' lang='lat' dir='ltr'><strong>eligit</strong></span> <span class='ocrx_word' id='word_1_581' title='bbox 2263 1684 2498 1749; x_wconf 92' lang='lat' dir='ltr'><strong>tertium,</strong></span> <span class='ocrx_word' id='word_1_582' title='bbox 2528 1683 2908 1754; x_wconf 85' lang='lat' dir='ltr'><strong>hominemque</strong></span> <span class='ocrx_word' id='word_1_583' title='bbox 2938 1699 3036 1739; x_wconf 86' lang='lat' dir='ltr'><strong>nec</strong></span> <span class='ocrx_word' id='word_1_584' title='bbox 3076 1683 3310 1737; x_wconf 87' lang='lat' dir='ltr'><strong>animam</strong></span> <span class='ocrx_word' id='word_1_585' title='bbox 3338 1682 3532 1748; x_wconf 88' lang='lat' dir='ltr'><strong>solam,</strong></span> 
     </span>
    </p>
   </div>
   <div class='ocr_carea' id='block_1_77' title="bbox 1944 1773 3536 1844">
    <p class='ocr_par' dir='ltr' id='par_1_77' title="bbox 1944 1773 3536 1844">
     <span class='ocr_line' id='line_1_77' title="bbox 1944 1773 3536 1844; baseline 0.002 -18"><span class='ocrx_word' id='word_1_586' title='bbox 1944 1787 2042 1827; x_wconf 92' lang='lat' dir='ltr'><strong>nec</strong></span> <span class='ocrx_word' id='word_1_587' title='bbox 2068 1775 2238 1827; x_wconf 91' lang='lat' dir='ltr'><strong>solum</strong></span> <span class='ocrx_word' id='word_1_588' title='bbox 2267 1789 2479 1844; x_wconf 89' lang='lat' dir='ltr'><strong>corpus,</strong></span> <span class='ocrx_word' id='word_1_589' title='bbox 2513 1774 2605 1829; x_wconf 88' lang='lat' dir='ltr'><strong>sed</strong></span> <span class='ocrx_word' id='word_1_590' title='bbox 2636 1773 2864 1829; x_wconf 90' lang='lat' dir='ltr'><strong>animam</strong></span> <span class='ocrx_word' id='word_1_591' title='bbox 2894 1775 3052 1831; x_wconf 92' lang='lat' dir='ltr'><strong>simul</strong></span> <span class='ocrx_word' id='word_1_592' title='bbox 3096 1783 3150 1830; x_wconf 88' lang='lat' dir='ltr'><strong>et</strong></span> <span class='ocrx_word' id='word_1_593' title='bbox 3177 1790 3372 1843; x_wconf 91' lang='lat' dir='ltr'><strong>corpus</strong></span> <span class='ocrx_word' id='word_1_594' title='bbox 3414 1789 3536 1829; x_wconf 92' lang='lat' dir='ltr'><strong>esse</strong></span> 
     </span>
    </p>
   </div>
   <div class='ocr_carea' id='block_1_78' title="bbox 1942 1864 3536 1937">
    <p class='ocr_par' dir='ltr' id='par_1_78' title="bbox 1942 1864 3536 1937">
     <span class='ocr_line' id='line_1_78' title="bbox 1942 1864 3536 1937; baseline 0.002 -20"><span class='ocrx_word' id='word_1_595' title='bbox 1942 1864 2249 1919; x_wconf 87' lang='lat' dir='ltr'><strong>arbitratur.</strong></span> <span class='ocrx_word' id='word_1_596' title='bbox 2281 1865 2510 1922; x_wconf 87' lang='lat' dir='ltr'><strong>Proinde</strong></span> <span class='ocrx_word' id='word_1_597' title='bbox 2540 1883 2806 1920; x_wconf 90' lang='lat' dir='ltr'><strong>summum</strong></span> <span class='ocrx_word' id='word_1_598' title='bbox 2838 1867 3034 1922; x_wconf 84' lang='lat' dir='ltr'><strong>bonum</strong></span> <span class='ocrx_word' id='word_1_599' title='bbox 3061 1867 3313 1929; x_wconf 78' lang='lat' dir='ltr'><strong>hominis,</strong></span> <span class='ocrx_word' id='word_1_600' title='bbox 3342 1884 3449 1937; x_wconf 89' lang='lat' dir='ltr'><strong>quo</strong></span> <span class='ocrx_word' id='word_1_601' title='bbox 3477 1866 3536 1920; x_wconf 87' lang='lat' dir='ltr'><strong>lit</strong></span> 
     </span>
    </p>
   </div>
   <div class='ocr_carea' id='block_1_79' title="bbox 1942 1955 3535 2028">
    <p class='ocr_par' dir='ltr' id='par_1_79' title="bbox 1942 1955 3535 2028">
     <span class='ocr_line' id='line_1_79' title="bbox 1942 1955 3535 2028; baseline 0 -18"><span class='ocrx_word' id='word_1_602' title='bbox 1942 1955 2150 2023; x_wconf 88' lang='lat' dir='ltr'><strong>beatus,</strong></span> <span class='ocrx_word' id='word_1_603' title='bbox 2172 1972 2236 2011; x_wconf 79' lang='lat' dir='ltr'><strong>ex</strong></span> <span class='ocrx_word' id='word_1_604' title='bbox 2257 1957 2530 2028; x_wconf 89' lang='lat' dir='ltr'><strong>utriusque</strong></span> <span class='ocrx_word' id='word_1_605' title='bbox 2553 1960 2626 2011; x_wconf 88' lang='lat' dir='ltr'><strong>rei</strong></span> <span class='ocrx_word' id='word_1_606' title='bbox 2654 1958 2808 2011; x_wconf 91' lang='lat' dir='ltr'><strong>bouis</strong></span> <span class='ocrx_word' id='word_1_607' title='bbox 2829 1969 3075 2012; x_wconf 88' lang='lat' dir='ltr'><strong>constare</strong></span> <span class='ocrx_word' id='word_1_608' title='bbox 3097 1957 3246 2020; x_wconf 72' lang='lat' dir='ltr'><strong>divit,</strong></span> <span class='ocrx_word' id='word_1_609' title='bbox 3270 1967 3320 2011; x_wconf 91' lang='lat' dir='ltr'><strong>et</strong></span> <span class='ocrx_word' id='word_1_610' title='bbox 3342 1958 3535 2010; x_wconf 82' lang='lat' dir='ltr'><strong>anima:</strong></span> 
     </span>
    </p>
   </div>
   <div class='ocr_carea' id='block_1_80' title="bbox 1941 2049 3536 2122">
    <p class='ocr_par' dir='ltr' id='par_1_80' title="bbox 1941 2049 3536 2122">
     <span class='ocr_line' id='line_1_80' title="bbox 1941 2049 3536 2122; baseline 0.001 -20"><span class='ocrx_word' id='word_1_611' title='bbox 1941 2050 2144 2105; x_wconf 91' lang='lat' dir='ltr'><strong>scilicet</strong></span> <span class='ocrx_word' id='word_1_612' title='bbox 2166 2059 2218 2105; x_wconf 88' lang='lat' dir='ltr'><strong>et</strong></span> <span class='ocrx_word' id='word_1_613' title='bbox 2244 2049 2504 2122; x_wconf 89' lang='lat' dir='ltr'><strong>corporis.</strong></span> <span class='ocrx_word' id='word_1_614' title='bbox 2532 2051 2608 2106; x_wconf 81' lang='lat' dir='ltr'><strong>Ac</strong></span> <span class='ocrx_word' id='word_1_615' title='bbox 2635 2065 2730 2122; x_wconf 87' lang='lat' dir='ltr'><strong>per</strong></span> <span class='ocrx_word' id='word_1_616' title='bbox 2753 2051 2855 2106; x_wconf 90' lang='lat' dir='ltr'><strong>hoc</strong></span> <span class='ocrx_word' id='word_1_617' title='bbox 2881 2051 3047 2122; x_wconf 88' lang='lat' dir='ltr'><strong>prima</strong></span> <span class='ocrx_word' id='word_1_618' title='bbox 3076 2052 3159 2106; x_wconf 88' lang='lat' dir='ltr'><strong>illa</strong></span> <span class='ocrx_word' id='word_1_619' title='bbox 3185 2060 3385 2106; x_wconf 69' lang='lat' dir='ltr'><strong>natura:</strong></span> <span class='ocrx_word' id='word_1_620' title='bbox 3410 2068 3536 2120; x_wconf 84' lang='lat' dir='ltr'><strong>pro-</strong></span> 
     </span>
    </p>
   </div>
   <div class='ocr_carea' id='block_1_81' title="bbox 1941 2143 3529 2214">
    <p class='ocr_par' dir='ltr' id='par_1_81' title="bbox 1941 2143 3529 2214">
     <span class='ocr_line' id='line_1_81' title="bbox 1941 2143 3529 2214; baseline 0.002 -20"><span class='ocrx_word' id='word_1_621' title='bbox 1941 2150 2060 2213; x_wconf 89' lang='lat' dir='ltr'><strong>pter</strong></span> <span class='ocrx_word' id='word_1_622' title='bbox 2085 2158 2143 2197; x_wconf 89' lang='lat' dir='ltr'><strong>se</strong></span> <span class='ocrx_word' id='word_1_623' title='bbox 2175 2143 2284 2212; x_wconf 87' lang='lat' dir='ltr'><strong>ipsa</strong></span> <span class='ocrx_word' id='word_1_624' title='bbox 2313 2144 2585 2198; x_wconf 72' lang='lat' dir='ltr'><strong>existimat</strong></span> <span class='ocrx_word' id='word_1_625' title='bbox 2609 2144 2932 2214; x_wconf 76' lang='lat' dir='ltr'><strong>expetenda,</strong></span> <span class='ocrx_word' id='word_1_626' title='bbox 2967 2144 3242 2214; x_wconf 76' lang='lat' dir='ltr'><strong>ipsamque</strong></span> <span class='ocrx_word' id='word_1_627' title='bbox 3279 2144 3529 2198; x_wconf 89' lang='lat' dir='ltr'><strong>virtutem</strong></span> 
     </span>
    </p>
   </div>
   <div class='ocr_carea' id='block_1_82' title="bbox 1940 2234 3530 2305">
    <p class='ocr_par' dir='ltr' id='par_1_82' title="bbox 1940 2234 3530 2305">
     <span class='ocr_line' id='line_1_82' title="bbox 1940 2234 3530 2305; baseline 0.001 -20"><span class='ocrx_word' id='word_1_628' title='bbox 1940 2249 2098 2304; x_wconf 88' lang='lat' dir='ltr'><strong>quam</strong></span> <span class='ocrx_word' id='word_1_629' title='bbox 2143 2235 2383 2288; x_wconf 89' lang='lat' dir='ltr'><strong>doctrina</strong></span> <span class='ocrx_word' id='word_1_630' title='bbox 2416 2234 2602 2289; x_wconf 88' lang='lat' dir='ltr'><strong>inserit</strong></span> <span class='ocrx_word' id='word_1_631' title='bbox 2642 2236 2788 2289; x_wconf 90' lang='lat' dir='ltr'><strong>velut</strong></span> <span class='ocrx_word' id='word_1_632' title='bbox 2823 2245 2992 2290; x_wconf 89' lang='lat' dir='ltr'><strong>artem</strong></span> <span class='ocrx_word' id='word_1_633' title='bbox 3035 2235 3266 2298; x_wconf 89' lang='lat' dir='ltr'><strong>vivendi,</strong></span> <span class='ocrx_word' id='word_1_634' title='bbox 3311 2251 3429 2305; x_wconf 77' lang='lat' dir='ltr'><strong>qua:</strong></span> <span class='ocrx_word' id='word_1_635' title='bbox 3477 2236 3530 2288; x_wconf 87' lang='lat' dir='ltr'><strong>itt</strong></span> 
     </span>
    </p>
   </div>
   <div class='ocr_carea' id='block_1_83' title="bbox 1941 2325 3533 2394">
    <p class='ocr_par' dir='ltr' id='par_1_83' title="bbox 1941 2325 3533 2394">
     <span class='ocr_line' id='line_1_83' title="bbox 1941 2325 3533 2394; baseline 0 -16"><span class='ocrx_word' id='word_1_636' title='bbox 1941 2326 2134 2380; x_wconf 74' lang='lat' dir='ltr'><strong>animm</strong></span> <span class='ocrx_word' id='word_1_637' title='bbox 2156 2325 2308 2380; x_wconf 90' lang='lat' dir='ltr'><strong>bonis</strong></span> <span class='ocrx_word' id='word_1_638' title='bbox 2328 2334 2409 2380; x_wconf 90' lang='lat' dir='ltr'><strong>cst</strong></span> <span class='ocrx_word' id='word_1_639' title='bbox 2426 2326 2930 2380; x_wconf 73' lang='lat' dir='ltr'><strong>excellentissimum</strong></span> <span class='ocrx_word' id='word_1_640' title='bbox 2953 2326 3168 2380; x_wconf 91' lang='lat' dir='ltr'><strong>bonum.</strong></span> <span class='ocrx_word' id='word_1_641' title='bbox 3197 2325 3533 2394; x_wconf 78' lang='lat' dir='ltr'><strong>Quapropter</strong></span> 
     </span>
    </p>
   </div>
   <div class='ocr_carea' id='block_1_84' title="bbox 1939 2416 3533 2487">
    <p class='ocr_par' dir='ltr' id='par_1_84' title="bbox 1939 2416 3533 2487">
     <span class='ocr_line' id='line_1_84' title="bbox 1939 2416 3533 2487; baseline -0.001 -15"><span class='ocrx_word' id='word_1_642' title='bbox 1939 2416 2124 2472; x_wconf 89' lang='lat' dir='ltr'><strong>eadem</strong></span> <span class='ocrx_word' id='word_1_643' title='bbox 2156 2417 2342 2480; x_wconf 85' lang='lat' dir='ltr'><strong>virtus,</strong></span> <span class='ocrx_word' id='word_1_644' title='bbox 2377 2416 2426 2470; x_wconf 92' lang='lat' dir='ltr'><strong>id</strong></span> <span class='ocrx_word' id='word_1_645' title='bbox 2452 2426 2536 2472; x_wconf 86' lang='lat' dir='ltr'><strong>est</strong></span> <span class='ocrx_word' id='word_1_646' title='bbox 2572 2432 2660 2471; x_wconf 90' lang='lat' dir='ltr'><strong>ars</strong></span> <span class='ocrx_word' id='word_1_647' title='bbox 2689 2417 2907 2486; x_wconf 72' lang='lat' dir='ltr'><strong>agenda:</strong></span> <span class='ocrx_word' id='word_1_648' title='bbox 2933 2417 3074 2484; x_wconf 66' lang='lat' dir='ltr'><strong>vine,</strong></span> <span class='ocrx_word' id='word_1_649' title='bbox 3115 2433 3237 2471; x_wconf 94' lang='lat' dir='ltr'><strong>cum</strong></span> <span class='ocrx_word' id='word_1_650' title='bbox 3264 2417 3533 2487; x_wconf 88' lang='lat' dir='ltr'><strong>acceperit</strong></span> 
     </span>
    </p>
   </div>
   <div class='ocr_carea' id='block_1_85' title="bbox 1940 2508 3527 2579">
    <p class='ocr_par' dir='ltr' id='par_1_85' title="bbox 1940 2508 3527 2579">
     <span class='ocr_line' id='line_1_85' title="bbox 1940 2508 3527 2579; baseline 0.001 -17"><span class='ocrx_word' id='word_1_651' title='bbox 1940 2509 2107 2579; x_wconf 88' lang='lat' dir='ltr'><strong>prima</strong></span> <span class='ocrx_word' id='word_1_652' title='bbox 2139 2519 2361 2574; x_wconf 68' lang='lat' dir='ltr'><strong>naturm,</strong></span> <span class='ocrx_word' id='word_1_653' title='bbox 2393 2525 2510 2578; x_wconf 74' lang='lat' dir='ltr'><strong>qua:</strong></span> <span class='ocrx_word' id='word_1_654' title='bbox 2543 2509 2657 2562; x_wconf 88' lang='lat' dir='ltr'><strong>sine</strong></span> <span class='ocrx_word' id='word_1_655' title='bbox 2688 2509 2773 2562; x_wconf 87' lang='lat' dir='ltr'><strong>illa</strong></span> <span class='ocrx_word' id='word_1_656' title='bbox 2805 2518 2977 2573; x_wconf 90' lang='lat' dir='ltr'><strong>erant,</strong></span> <span class='ocrx_word' id='word_1_657' title='bbox 3021 2508 3112 2563; x_wconf 88' lang='lat' dir='ltr'><strong>sed</strong></span> <span class='ocrx_word' id='word_1_658' title='bbox 3163 2519 3339 2562; x_wconf 90' lang='lat' dir='ltr'><strong>tamen</strong></span> <span class='ocrx_word' id='word_1_659' title='bbox 3371 2517 3527 2564; x_wconf 85' lang='lat' dir='ltr'><strong>erant</strong></span> 
     </span>
    </p>
   </div>
   <div class='ocr_carea' id='block_1_86' title="bbox 1940 2592 3528 2669">
    <p class='ocr_par' dir='ltr' id='par_1_86' title="bbox 1940 2592 3528 2669">
     <span class='ocr_line' id='line_1_86' title="bbox 1940 2592 3528 2669; baseline -0.001 -13"><span class='ocrx_word' id='word_1_660' title='bbox 1940 2601 2101 2656; x_wconf 90' lang='lat' dir='ltr'><strong>etiam</strong></span> <span class='ocrx_word' id='word_1_661' title='bbox 2129 2599 2342 2669; x_wconf 90' lang='lat' dir='ltr'><strong>quando</strong></span> <span class='ocrx_word' id='word_1_662' title='bbox 2371 2600 2448 2654; x_wconf 87' lang='lat' dir='ltr'><strong>eis</strong></span> <span class='ocrx_word' id='word_1_663' title='bbox 2476 2592 2714 2653; x_wconf 81' lang='lat' dir='ltr'><strong>doctrina</strong></span> <span class='ocrx_word' id='word_1_664' title='bbox 2745 2599 2918 2653; x_wconf 89' lang='lat' dir='ltr'><strong>adhuc</strong></span> <span class='ocrx_word' id='word_1_665' title='bbox 2958 2599 3160 2665; x_wconf 88' lang='lat' dir='ltr'><strong>deerat,</strong></span> <span class='ocrx_word' id='word_1_666' title='bbox 3194 2600 3369 2653; x_wconf 91' lang='lat' dir='ltr'><strong>omnia</strong></span> <span class='ocrx_word' id='word_1_667' title='bbox 3402 2615 3528 2669; x_wconf 76' lang='lat' dir='ltr'><strong>pro-</strong></span> 
     </span>
    </p>
   </div>
   <div class='ocr_carea' id='block_1_87' title="bbox 1941 2690 3525 2762">
    <p class='ocr_par' dir='ltr' id='par_1_87' title="bbox 1941 2690 3525 2762">
     <span class='ocr_line' id='line_1_87' title="bbox 1941 2690 3525 2762; baseline 0.001 -19"><span class='ocrx_word' id='word_1_668' title='bbox 1941 2702 2059 2762; x_wconf 89' lang='lat' dir='ltr'><strong>pter</strong></span> <span class='ocrx_word' id='word_1_669' title='bbox 2083 2706 2143 2746; x_wconf 86' lang='lat' dir='ltr'><strong>se</strong></span> <span class='ocrx_word' id='word_1_670' title='bbox 2174 2692 2339 2760; x_wconf 88' lang='lat' dir='ltr'><strong>ipsam</strong></span> <span class='ocrx_word' id='word_1_671' title='bbox 2371 2691 2592 2760; x_wconf 86' lang='lat' dir='ltr'><strong>appetit,</strong></span> <span class='ocrx_word' id='word_1_672' title='bbox 2618 2690 2878 2760; x_wconf 83' lang='lat' dir='ltr'><strong>simulque</strong></span> <span class='ocrx_word' id='word_1_673' title='bbox 2906 2690 3064 2744; x_wconf 85' lang='lat' dir='ltr'><strong>etiam</strong></span> <span class='ocrx_word' id='word_1_674' title='bbox 3095 2705 3152 2744; x_wconf 92' lang='lat' dir='ltr'><strong>se</strong></span> <span class='ocrx_word' id='word_1_675' title='bbox 3175 2691 3342 2759; x_wconf 85' lang='lat' dir='ltr'><strong>ipsam</strong></span> <span class='ocrx_word' id='word_1_676' title='bbox 3369 2709 3381 2743; x_wconf 92' lang='lat'>:</span> <span class='ocrx_word' id='word_1_677' title='bbox 3407 2707 3525 2744; x_wconf 88' lang='lat' dir='ltr'><strong>out-</strong></span> 
     </span>
    </p>
   </div>
   <div class='ocr_carea' id='block_1_88' title="bbox 1939 2781 3531 2854">
    <p class='ocr_par' dir='ltr' id='par_1_88' title="bbox 1939 2781 3531 2854">
     <span class='ocr_line' id='line_1_88' title="bbox 1939 2781 3531 2854; baseline 0 -16"><span class='ocrx_word' id='word_1_678' title='bbox 1939 2781 2094 2838; x_wconf 92' lang='lat' dir='ltr'><strong>nibus</strong></span> <span class='ocrx_word' id='word_1_679' title='bbox 2110 2799 2212 2854; x_wconf 90' lang='lat' dir='ltr'><strong>que</strong></span> <span class='ocrx_word' id='word_1_680' title='bbox 2227 2783 2450 2838; x_wconf 90' lang='lat' dir='ltr'><strong>simulet</strong></span> <span class='ocrx_word' id='word_1_681' title='bbox 2471 2799 2531 2846; x_wconf 82' lang='lat' dir='ltr'><strong>se</strong></span> <span class='ocrx_word' id='word_1_682' title='bbox 2550 2784 2659 2852; x_wconf 86' lang='lat' dir='ltr'><strong>ipsa</strong></span> <span class='ocrx_word' id='word_1_683' title='bbox 2678 2800 2710 2838; x_wconf 93' lang='lat' dir='ltr'><strong>u</strong></span> <span class='ocrx_word' id='word_1_684' title='bbox 2737 2782 2934 2846; x_wconf 90' lang='lat' dir='ltr'><strong>itur,eo</strong></span> <span class='ocrx_word' id='word_1_685' title='bbox 2962 2785 3066 2838; x_wconf 85' lang='lat' dir='ltr'><strong>line</strong></span> <span class='ocrx_word' id='word_1_686' title='bbox 3083 2792 3139 2836; x_wconf 91' lang='lat' dir='ltr'><strong>ut</strong></span> <span class='ocrx_word' id='word_1_687' title='bbox 3165 2783 3412 2837; x_wconf 88' lang='lat' dir='ltr'><strong>omnibus</strong></span> <span class='ocrx_word' id='word_1_688' title='bbox 3432 2783 3531 2838; x_wconf 92' lang='lat' dir='ltr'><strong>dc-</strong></span> 
     </span>
    </p>
   </div>
   <div class='ocr_carea' id='block_1_89' title="bbox 1939 2875 3528 2946">
    <p class='ocr_par' dir='ltr' id='par_1_89' title="bbox 1939 2875 3528 2946">
     <span class='ocr_line' id='line_1_89' title="bbox 1939 2875 3528 2946; baseline 0 -16"><span class='ocrx_word' id='word_1_689' title='bbox 1939 2875 2164 2930; x_wconf 90' lang='lat' dir='ltr'><strong>lectetur</strong></span> <span class='ocrx_word' id='word_1_690' title='bbox 2187 2885 2344 2944; x_wconf 89' lang='lat' dir='ltr'><strong>atque</strong></span> <span class='ocrx_word' id='word_1_691' title='bbox 2368 2875 2686 2944; x_wconf 78' lang='lat' dir='ltr'><strong>perfruatur,</strong></span> <span class='ocrx_word' id='word_1_692' title='bbox 2709 2875 2876 2945; x_wconf 80' lang='lat' dir='ltr'><strong>magis</strong></span> <span class='ocrx_word' id='word_1_693' title='bbox 2899 2876 3200 2946; x_wconf 90' lang='lat' dir='ltr'><strong>minusque,</strong></span> <span class='ocrx_word' id='word_1_694' title='bbox 3221 2883 3279 2930; x_wconf 91' lang='lat' dir='ltr'><strong>ut</strong></span> <span class='ocrx_word' id='word_1_695' title='bbox 3303 2892 3528 2946; x_wconf 74' lang='lat' dir='ltr'><strong>qumque</strong></span> 
     </span>
    </p>
   </div>
   <div class='ocr_carea' id='block_1_90' title="bbox 1939 2965 3532 3036">
    <p class='ocr_par' dir='ltr' id='par_1_90' title="bbox 1939 2965 3532 3036">
     <span class='ocr_line' id='line_1_90' title="bbox 1939 2965 3532 3036; baseline 0.001 -16"><span class='ocrx_word' id='word_1_696' title='bbox 1939 2965 2080 3020; x_wconf 87' lang='lat' dir='ltr'><strong>inter</strong></span> <span class='ocrx_word' id='word_1_697' title='bbox 2122 2981 2181 3020; x_wconf 87' lang='lat' dir='ltr'><strong>se</strong></span> <span class='ocrx_word' id='word_1_698' title='bbox 2207 2966 2408 3035; x_wconf 86' lang='lat' dir='ltr'><strong>majora</strong></span> <span class='ocrx_word' id='word_1_699' title='bbox 2451 2976 2612 3036; x_wconf 89' lang='lat' dir='ltr'><strong>atque</strong></span> <span class='ocrx_word' id='word_1_700' title='bbox 2658 2967 2861 3020; x_wconf 89' lang='lat' dir='ltr'><strong>minora</strong></span> <span class='ocrx_word' id='word_1_701' title='bbox 2889 2975 3030 3030; x_wconf 90' lang='lat' dir='ltr'><strong>sunt,</strong></span> <span class='ocrx_word' id='word_1_702' title='bbox 3067 2975 3243 3022; x_wconf 89' lang='lat' dir='ltr'><strong>tamen</strong></span> <span class='ocrx_word' id='word_1_703' title='bbox 3283 2967 3532 3022; x_wconf 89' lang='lat' dir='ltr'><strong>omnibus</strong></span> 
     </span>
    </p>
   </div>
   <div class='ocr_carea' id='block_1_91' title="bbox 1935 3057 3520 3130">
    <p class='ocr_par' dir='ltr' id='par_1_91' title="bbox 1935 3057 3520 3130">
     <span class='ocr_line' id='line_1_91' title="bbox 1935 3057 3520 3130; baseline 0.001 -20"><span class='ocrx_word' id='word_1_704' title='bbox 1935 3057 2192 3130; x_wconf 82' lang='lat' dir='ltr'><strong>gaudens,</strong></span> <span class='ocrx_word' id='word_1_705' title='bbox 2235 3066 2289 3112; x_wconf 88' lang='lat' dir='ltr'><strong>et</strong></span> <span class='ocrx_word' id='word_1_706' title='bbox 2317 3057 2557 3126; x_wconf 65' lang='lat' dir='ltr'><strong>quaedam</strong></span> <span class='ocrx_word' id='word_1_707' title='bbox 2587 3058 2811 3119; x_wconf 90' lang='lat' dir='ltr'><strong>minora,</strong></span> <span class='ocrx_word' id='word_1_708' title='bbox 2860 3057 2903 3111; x_wconf 83' lang='lat' dir='ltr'><strong>si</strong></span> <span class='ocrx_word' id='word_1_709' title='bbox 2935 3057 3227 3112; x_wconf 86' lang='lat' dir='ltr'><strong>necessitas</strong></span> <span class='ocrx_word' id='word_1_710' title='bbox 3265 3057 3520 3128; x_wconf 85' lang='lat' dir='ltr'><strong>postulat,</strong></span> 
     </span>
    </p>
   </div>
   <div class='ocr_carea' id='block_1_92' title="bbox 1939 3149 3529 3221">
    <p class='ocr_par' dir='ltr' id='par_1_92' title="bbox 1939 3149 3529 3221">
     <span class='ocr_line' id='line_1_92' title="bbox 1939 3149 3529 3221; baseline -0.001 -16"><span class='ocrx_word' id='word_1_711' title='bbox 1939 3158 2157 3221; x_wconf 85' lang='lat' dir='ltr'><strong>propter</strong></span> <span class='ocrx_word' id='word_1_712' title='bbox 2185 3149 2386 3220; x_wconf 88' lang='lat' dir='ltr'><strong>majora</strong></span> <span class='ocrx_word' id='word_1_713' title='bbox 2415 3150 2500 3205; x_wconf 86' lang='lat' dir='ltr'><strong>vel</strong></span> <span class='ocrx_word' id='word_1_714' title='bbox 2528 3149 2871 3218; x_wconf 84' lang='lat' dir='ltr'><strong>adipiscenda</strong></span> <span class='ocrx_word' id='word_1_715' title='bbox 2898 3150 2981 3204; x_wconf 87' lang='lat' dir='ltr'><strong>vel</strong></span> <span class='ocrx_word' id='word_1_716' title='bbox 3012 3150 3259 3214; x_wconf 88' lang='lat' dir='ltr'><strong>tenenda,</strong></span> <span class='ocrx_word' id='word_1_717' title='bbox 3287 3159 3529 3204; x_wconf 86' lang='lat' dir='ltr'><strong>content-</strong></span> 
     </span>
    </p>
   </div>
   <div class='ocr_carea' id='block_1_93' title="bbox 1937 3239 3528 3309">
    <p class='ocr_par' dir='ltr' id='par_1_93' title="bbox 1937 3239 3528 3309">
     <span class='ocr_line' id='line_1_93' title="bbox 1937 3239 3528 3309; baseline -0.001 -13"><span class='ocrx_word' id='word_1_718' title='bbox 1937 3255 2090 3296; x_wconf 89' lang='lat' dir='ltr'><strong>nens.</strong></span> <span class='ocrx_word' id='word_1_719' title='bbox 2119 3239 2368 3295; x_wconf 89' lang='lat' dir='ltr'><strong>Omnium</strong></span> <span class='ocrx_word' id='word_1_720' title='bbox 2399 3247 2576 3294; x_wconf 87' lang='lat' dir='ltr'><strong>autem</strong></span> <span class='ocrx_word' id='word_1_721' title='bbox 2622 3239 2882 3294; x_wconf 89' lang='lat' dir='ltr'><strong>bonorum</strong></span> <span class='ocrx_word' id='word_1_722' title='bbox 2909 3239 2990 3294; x_wconf 91' lang='lat' dir='ltr'><strong>vel</strong></span> <span class='ocrx_word' id='word_1_723' title='bbox 3031 3239 3194 3293; x_wconf 90' lang='lat' dir='ltr'><strong>animi</strong></span> <span class='ocrx_word' id='word_1_724' title='bbox 3222 3240 3304 3293; x_wconf 90' lang='lat' dir='ltr'><strong>vel</strong></span> <span class='ocrx_word' id='word_1_725' title='bbox 3331 3253 3528 3309; x_wconf 88' lang='lat' dir='ltr'><strong>corpo-</strong></span> 
     </span>
    </p>
   </div>
   <div class='ocr_carea' id='block_1_94' title="bbox 1935 3329 3528 3400">
    <p class='ocr_par' dir='ltr' id='par_1_94' title="bbox 1935 3329 3528 3400">
     <span class='ocr_line' id='line_1_94' title="bbox 1935 3329 3528 3400; baseline -0.001 -14"><span class='ocrx_word' id='word_1_726' title='bbox 1935 3331 2030 3396; x_wconf 88' lang='lat' dir='ltr'><strong>ris,</strong></span> <span class='ocrx_word' id='word_1_727' title='bbox 2056 3329 2188 3385; x_wconf 88' lang='lat' dir='ltr'><strong>nihil</strong></span> <span class='ocrx_word' id='word_1_728' title='bbox 2216 3331 2316 3385; x_wconf 90' lang='lat' dir='ltr'><strong>sibi</strong></span> <span class='ocrx_word' id='word_1_729' title='bbox 2339 3330 2506 3387; x_wconf 90' lang='lat' dir='ltr'><strong>virtus</strong></span> <span class='ocrx_word' id='word_1_730' title='bbox 2532 3333 2749 3384; x_wconf 89' lang='lat' dir='ltr'><strong>omnino</strong></span> <span class='ocrx_word' id='word_1_731' title='bbox 2777 3330 3056 3400; x_wconf 70' lang='lat' dir='ltr'><strong>prmponit.</strong></span> <span class='ocrx_word' id='word_1_732' title='bbox 3079 3329 3203 3384; x_wconf 74' lang='lat' dir='ltr'><strong>llzec</strong></span> <span class='ocrx_word' id='word_1_733' title='bbox 3226 3329 3367 3384; x_wconf 91' lang='lat' dir='ltr'><strong>enim</strong></span> <span class='ocrx_word' id='word_1_734' title='bbox 3390 3329 3528 3384; x_wconf 83' lang='lat' dir='ltr'><strong>bene</strong></span> 
     </span>
    </p>
   </div>
   <div class='ocr_carea' id='block_1_95' title="bbox 1935 3419 3528 3490">
    <p class='ocr_par' dir='ltr' id='par_1_95' title="bbox 1935 3419 3528 3490">
     <span class='ocr_line' id='line_1_95' title="bbox 1935 3419 3528 3490; baseline -0.003 -11"><span class='ocrx_word' id='word_1_735' title='bbox 1935 3424 2104 3484; x_wconf 85' lang='lat' dir='ltr'><strong>utitur</strong></span> <span class='ocrx_word' id='word_1_736' title='bbox 2134 3431 2189 3477; x_wconf 91' lang='lat' dir='ltr'><strong>et</strong></span> <span class='ocrx_word' id='word_1_737' title='bbox 2217 3437 2276 3476; x_wconf 88' lang='lat' dir='ltr'><strong>se</strong></span> <span class='ocrx_word' id='word_1_738' title='bbox 2314 3422 2449 3490; x_wconf 89' lang='lat' dir='ltr'><strong>ipsa,</strong></span> <span class='ocrx_word' id='word_1_739' title='bbox 2498 3430 2551 3474; x_wconf 84' lang='lat' dir='ltr'><strong>et</strong></span> <span class='ocrx_word' id='word_1_740' title='bbox 2577 3419 2807 3484; x_wconf 65' lang='lat' dir='ltr'><strong>cii-teris,</strong></span> <span class='ocrx_word' id='word_1_741' title='bbox 2853 3436 2970 3490; x_wconf 80' lang='lat' dir='ltr'><strong>qua:</strong></span> <span class='ocrx_word' id='word_1_742' title='bbox 3009 3419 3277 3476; x_wconf 88' lang='lat' dir='ltr'><strong>hominem</strong></span> <span class='ocrx_word' id='word_1_743' title='bbox 3326 3419 3528 3475; x_wconf 84' lang='lat' dir='ltr'><strong>faciunt</strong></span> 
     </span>
    </p>
   </div>
   <div class='ocr_carea' id='block_1_96' title="bbox 1934 3510 3525 3581">
    <p class='ocr_par' dir='ltr' id='par_1_96' title="bbox 1934 3510 3525 3581">
     <span class='ocr_line' id='line_1_96' title="bbox 1934 3510 3525 3581; baseline -0.002 -11"><span class='ocrx_word' id='word_1_744' title='bbox 1934 3514 2175 3577; x_wconf 85' lang='lat' dir='ltr'><strong>beatum,</strong></span> <span class='ocrx_word' id='word_1_745' title='bbox 2227 3512 2404 3569; x_wconf 89' lang='lat' dir='ltr'><strong>bonis.</strong></span> <span class='ocrx_word' id='word_1_746' title='bbox 2455 3510 2557 3568; x_wconf 87' lang='lat' dir='ltr'><strong>Ubi</strong></span> <span class='ocrx_word' id='word_1_747' title='bbox 2598 3526 2727 3567; x_wconf 86' lang='lat' dir='ltr'><strong>vero</strong></span> <span class='ocrx_word' id='word_1_748' title='bbox 2754 3511 2866 3581; x_wconf 90' lang='lat' dir='ltr'><strong>ipsa</strong></span> <span class='ocrx_word' id='word_1_749' title='bbox 2912 3527 3017 3565; x_wconf 87' lang='lat' dir='ltr'><strong>non</strong></span> <span class='ocrx_word' id='word_1_750' title='bbox 3068 3521 3172 3578; x_wconf 89' lang='lat' dir='ltr'><strong>est,</strong></span> <span class='ocrx_word' id='word_1_751' title='bbox 3230 3510 3525 3580; x_wconf 89' lang='lat' dir='ltr'><strong>quamlibet</strong></span> 
     </span>
    </p>
   </div>
   <div class='ocr_carea' id='block_1_97' title="bbox 1864 3595 3524 3674">
    <p class='ocr_par' dir='ltr' id='par_1_97' title="bbox 1864 3595 3524 3674">
     <span class='ocr_line' id='line_1_97' title="bbox 1864 3595 3524 3674; baseline -0.001 -14"><span class='ocrx_word' id='word_1_752' title='bbox 1864 3595 1880 3606; x_wconf 83' lang='grc'><em></em></span> <span class='ocrx_word' id='word_1_753' title='bbox 1935 3605 2098 3662; x_wconf 86' lang='lat' dir='ltr'><strong>multa</strong></span> <span class='ocrx_word' id='word_1_754' title='bbox 2128 3609 2236 3659; x_wconf 91' lang='lat' dir='ltr'><strong>sint</strong></span> <span class='ocrx_word' id='word_1_755' title='bbox 2275 3605 2436 3672; x_wconf 85' lang='lat' dir='ltr'><strong>bona,</strong></span> <span class='ocrx_word' id='word_1_756' title='bbox 2477 3619 2584 3658; x_wconf 93' lang='lat' dir='ltr'><strong>non</strong></span> <span class='ocrx_word' id='word_1_757' title='bbox 2623 3603 2762 3658; x_wconf 91' lang='lat' dir='ltr'><strong>bono</strong></span> <span class='ocrx_word' id='word_1_758' title='bbox 2790 3603 2909 3674; x_wconf 88' lang='lat' dir='ltr'><strong>ejus</strong></span> <span class='ocrx_word' id='word_1_759' title='bbox 2937 3615 3060 3657; x_wconf 89' lang='lat' dir='ltr'><strong>sunt</strong></span> <span class='ocrx_word' id='word_1_760' title='bbox 3092 3605 3130 3667; x_wconf 76' lang='grc' dir='ltr'><strong>,</strong></span> <span class='ocrx_word' id='word_1_761' title='bbox 3165 3604 3320 3672; x_wconf 82' lang='lat' dir='ltr'><strong>cujus</strong></span> <span class='ocrx_word' id='word_1_762' title='bbox 3359 3613 3524 3664; x_wconf 84' lang='lat' dir='ltr'><strong>sunt;</strong></span> 
     </span>
    </p>
   </div>
   <div class='ocr_carea' id='block_1_98' title="bbox 1932 3693 3525 3765">
    <p class='ocr_par' dir='ltr' id='par_1_98' title="bbox 1932 3693 3525 3765">
     <span class='ocr_line' id='line_1_98' title="bbox 1932 3693 3525 3765; baseline 0 -15"><span class='ocrx_word' id='word_1_763' title='bbox 1932 3709 1995 3750; x_wconf 83' lang='lat' dir='ltr'><strong>ac</strong></span> <span class='ocrx_word' id='word_1_764' title='bbox 2025 3710 2121 3765; x_wconf 88' lang='lat' dir='ltr'><strong>per</strong></span> <span class='ocrx_word' id='word_1_765' title='bbox 2147 3695 2247 3750; x_wconf 90' lang='lat' dir='ltr'><strong>hoc</strong></span> <span class='ocrx_word' id='word_1_766' title='bbox 2268 3695 2380 3765; x_wconf 91' lang='lat' dir='ltr'><strong>jam</strong></span> <span class='ocrx_word' id='word_1_767' title='bbox 2413 3710 2512 3750; x_wconf 91' lang='lat' dir='ltr'><strong>nec</strong></span> <span class='ocrx_word' id='word_1_768' title='bbox 2536 3694 2654 3764; x_wconf 87' lang='lat' dir='ltr'><strong>ejus</strong></span> <span class='ocrx_word' id='word_1_769' title='bbox 2682 3693 2822 3749; x_wconf 90' lang='lat' dir='ltr'><strong>bona</strong></span> <span class='ocrx_word' id='word_1_770' title='bbox 2843 3693 3070 3749; x_wconf 88' lang='lat' dir='ltr'><strong>dicenda</strong></span> <span class='ocrx_word' id='word_1_771' title='bbox 3097 3704 3242 3760; x_wconf 88' lang='lat' dir='ltr'><strong>sunt,</strong></span> <span class='ocrx_word' id='word_1_772' title='bbox 3270 3694 3356 3749; x_wconf 84' lang='lat' dir='ltr'><strong>cui</strong></span> <span class='ocrx_word' id='word_1_773' title='bbox 3384 3695 3525 3750; x_wconf 87' lang='lat' dir='ltr'><strong>male</strong></span> 
     </span>
    </p>
   </div>
   <div class='ocr_carea' id='block_1_99' title="bbox 1933 3786 3522 3858">
    <p class='ocr_par' dir='ltr' id='par_1_99' title="bbox 1933 3786 3522 3858">
     <span class='ocr_line' id='line_1_99' title="bbox 1933 3786 3522 3858; baseline -0.002 -12"><span class='ocrx_word' id='word_1_774' title='bbox 1933 3790 2100 3846; x_wconf 90' lang='lat' dir='ltr'><strong>utcuti</strong></span> <span class='ocrx_word' id='word_1_775' title='bbox 2129 3789 2276 3844; x_wconf 84' lang='lat' dir='ltr'><strong>utilia</strong></span> <span class='ocrx_word' id='word_1_776' title='bbox 2302 3803 2424 3845; x_wconf 88' lang='lat' dir='ltr'><strong>esse</strong></span> <span class='ocrx_word' id='word_1_777' title='bbox 2453 3802 2557 3842; x_wconf 90' lang='lat' dir='ltr'><strong>non</strong></span> <span class='ocrx_word' id='word_1_778' title='bbox 2599 3795 2843 3858; x_wconf 88' lang='lat' dir='ltr'><strong>possunt.</strong></span> <span class='ocrx_word' id='word_1_779' title='bbox 2871 3786 2998 3842; x_wconf 65' lang='lat' dir='ltr'><strong>[late</strong></span> <span class='ocrx_word' id='word_1_780' title='bbox 3044 3802 3173 3858; x_wconf 87' lang='lat' dir='ltr'><strong>ergo</strong></span> <span class='ocrx_word' id='word_1_781' title='bbox 3205 3787 3313 3841; x_wconf 87' lang='lat' dir='ltr'><strong>vita</strong></span> <span class='ocrx_word' id='word_1_782' title='bbox 3347 3788 3522 3843; x_wconf 82' lang='lat' dir='ltr'><strong>homi-</strong></span> 
     </span>
    </p>
   </div>
   <div class='ocr_carea' id='block_1_100' title="bbox 1931 3878 3524 3950">
    <p class='ocr_par' dir='ltr' id='par_1_100' title="bbox 1931 3878 3524 3950">
     <span class='ocr_line' id='line_1_100' title="bbox 1931 3878 3524 3950; baseline -0.001 -14"><span class='ocrx_word' id='word_1_783' title='bbox 1931 3880 2038 3946; x_wconf 88' lang='lat' dir='ltr'><strong>nis,</strong></span> <span class='ocrx_word' id='word_1_784' title='bbox 2070 3895 2190 3950; x_wconf 83' lang='lat' dir='ltr'><strong>qua:</strong></span> <span class='ocrx_word' id='word_1_785' title='bbox 2216 3880 2410 3934; x_wconf 91' lang='lat' dir='ltr'><strong>virtute</strong></span> <span class='ocrx_word' id='word_1_786' title='bbox 2433 3888 2489 3934; x_wconf 92' lang='lat' dir='ltr'><strong>et</strong></span> <span class='ocrx_word' id='word_1_787' title='bbox 2517 3878 2637 3934; x_wconf 89' lang='lat' dir='ltr'><strong>aliis</strong></span> <span class='ocrx_word' id='word_1_788' title='bbox 2656 3878 2818 3932; x_wconf 90' lang='lat' dir='ltr'><strong>animi</strong></span> <span class='ocrx_word' id='word_1_789' title='bbox 2856 3886 2911 3934; x_wconf 91' lang='lat' dir='ltr'><strong>et</strong></span> <span class='ocrx_word' id='word_1_790' title='bbox 2935 3879 3176 3948; x_wconf 87' lang='lat' dir='ltr'><strong>corporis</strong></span> <span class='ocrx_word' id='word_1_791' title='bbox 3205 3878 3378 3946; x_wconf 86' lang='lat' dir='ltr'><strong>bonis,</strong></span> <span class='ocrx_word' id='word_1_792' title='bbox 3407 3879 3524 3935; x_wconf 86' lang='lat' dir='ltr'><strong>sine</strong></span> 
     </span>
    </p>
   </div>
   <div class='ocr_carea' id='block_1_101' title="bbox 1930 3969 3521 4042">
    <p class='ocr_par' dir='ltr' id='par_1_101' title="bbox 1930 3969 3521 4042">
     <span class='ocr_line' id='line_1_101' title="bbox 1930 3969 3521 4042; baseline 0 -17"><span class='ocrx_word' id='word_1_793' title='bbox 1930 3971 2125 4042; x_wconf 89' lang='lat' dir='ltr'><strong>quibus</strong></span> <span class='ocrx_word' id='word_1_794' title='bbox 2152 3972 2320 4025; x_wconf 90' lang='lat' dir='ltr'><strong>virtus</strong></span> <span class='ocrx_word' id='word_1_795' title='bbox 2349 3986 2470 4027; x_wconf 88' lang='lat' dir='ltr'><strong>esse</strong></span> <span class='ocrx_word' id='word_1_796' title='bbox 2496 3984 2601 4024; x_wconf 88' lang='lat' dir='ltr'><strong>non</strong></span> <span class='ocrx_word' id='word_1_797' title='bbox 2631 3977 2826 4040; x_wconf 88' lang='lat' dir='ltr'><strong>potest,</strong></span> <span class='ocrx_word' id='word_1_798' title='bbox 2853 3969 3064 4036; x_wconf 88' lang='lat' dir='ltr'><strong>fruitur,</strong></span> <span class='ocrx_word' id='word_1_799' title='bbox 3109 3970 3262 4025; x_wconf 89' lang='lat' dir='ltr'><strong>beata</strong></span> <span class='ocrx_word' id='word_1_800' title='bbox 3291 3985 3414 4025; x_wconf 90' lang='lat' dir='ltr'><strong>esse</strong></span> <span class='ocrx_word' id='word_1_801' title='bbox 3432 3970 3521 4025; x_wconf 87' lang='lat' dir='ltr'><strong>di-</strong></span> 
     </span>
    </p>
   </div>
   <div class='ocr_carea' id='block_1_102' title="bbox 1930 4060 3520 4130">
    <p class='ocr_par' dir='ltr' id='par_1_102' title="bbox 1930 4060 3520 4130">
     <span class='ocr_line' id='line_1_102' title="bbox 1930 4060 3520 4130; baseline -0.002 -11"><span class='ocrx_word' id='word_1_802' title='bbox 1930 4062 2070 4119; x_wconf 91' lang='lat' dir='ltr'><strong>citur</strong></span> <span class='ocrx_word' id='word_1_803' title='bbox 2094 4081 2109 4118; x_wconf 89' lang='lat'><strong>:</strong></span> <span class='ocrx_word' id='word_1_804' title='bbox 2136 4063 2181 4118; x_wconf 91' lang='lat' dir='ltr'><strong>si</strong></span> <span class='ocrx_word' id='word_1_805' title='bbox 2204 4077 2332 4118; x_wconf 91' lang='lat' dir='ltr'><strong>vero</strong></span> <span class='ocrx_word' id='word_1_806' title='bbox 2361 4070 2414 4116; x_wconf 88' lang='lat' dir='ltr'><strong>et</strong></span> <span class='ocrx_word' id='word_1_807' title='bbox 2437 4061 2577 4128; x_wconf 88' lang='lat' dir='ltr'><strong>aliis,</strong></span> <span class='ocrx_word' id='word_1_808' title='bbox 2606 4062 2723 4116; x_wconf 89' lang='lat' dir='ltr'><strong>sine</strong></span> <span class='ocrx_word' id='word_1_809' title='bbox 2753 4060 2946 4130; x_wconf 89' lang='lat' dir='ltr'><strong>quibus</strong></span> <span class='ocrx_word' id='word_1_810' title='bbox 2973 4075 3095 4115; x_wconf 89' lang='lat' dir='ltr'><strong>esse</strong></span> <span class='ocrx_word' id='word_1_811' title='bbox 3125 4061 3295 4115; x_wconf 86' lang='lat' dir='ltr'><strong>virtus</strong></span> <span class='ocrx_word' id='word_1_812' title='bbox 3323 4069 3520 4128; x_wconf 83' lang='lat' dir='ltr'><strong>potest,</strong></span> 
     </span>
    </p>
   </div>
   <div class='ocr_carea' id='block_1_103' title="bbox 1928 4153 3519 4224">
    <p class='ocr_par' dir='ltr' id='par_1_103' title="bbox 1928 4153 3519 4224">
     <span class='ocr_line' id='line_1_103' title="bbox 1928 4153 3519 4224; baseline 0 -14"><span class='ocrx_word' id='word_1_813' title='bbox 1928 4157 2012 4210; x_wconf 89' lang='lat' dir='ltr'><strong>vel</strong></span> <span class='ocrx_word' id='word_1_814' title='bbox 2035 4156 2179 4221; x_wconf 90' lang='lat' dir='ltr'><strong>ullis,</strong></span> <span class='ocrx_word' id='word_1_815' title='bbox 2213 4155 2296 4210; x_wconf 89' lang='lat' dir='ltr'><strong>vel</strong></span> <span class='ocrx_word' id='word_1_816' title='bbox 2325 4154 2583 4224; x_wconf 80' lang='lat' dir='ltr'><strong>pluribus,</strong></span> <span class='ocrx_word' id='word_1_817' title='bbox 2613 4154 2849 4209; x_wconf 90' lang='lat' dir='ltr'><strong>beatior:</strong></span> <span class='ocrx_word' id='word_1_818' title='bbox 2879 4153 2926 4210; x_wconf 90' lang='lat' dir='ltr'><strong>si</strong></span> <span class='ocrx_word' id='word_1_819' title='bbox 2955 4165 3132 4208; x_wconf 90' lang='lat' dir='ltr'><strong>autem</strong></span> <span class='ocrx_word' id='word_1_820' title='bbox 3160 4169 3378 4224; x_wconf 88' lang='lat' dir='ltr'><strong>prorsus</strong></span> <span class='ocrx_word' id='word_1_821' title='bbox 3397 4170 3519 4210; x_wconf 90' lang='lat' dir='ltr'><strong>om-</strong></span> 
     </span>
    </p>
   </div>
   <div class='ocr_carea' id='block_1_104' title="bbox 1928 4246 3519 4316">
    <p class='ocr_par' dir='ltr' id='par_1_104' title="bbox 1928 4246 3519 4316">
     <span class='ocr_line' id='line_1_104' title="bbox 1928 4246 3519 4316; baseline -0.001 -13"><span class='ocrx_word' id='word_1_822' title='bbox 1928 4248 2110 4316; x_wconf 88' lang='lat' dir='ltr'><strong>nibus,</strong></span> <span class='ocrx_word' id='word_1_823' title='bbox 2141 4257 2199 4302; x_wconf 91' lang='lat' dir='ltr'><strong>ut</strong></span> <span class='ocrx_word' id='word_1_824' title='bbox 2237 4248 2439 4302; x_wconf 90' lang='lat' dir='ltr'><strong>nullum</strong></span> <span class='ocrx_word' id='word_1_825' title='bbox 2464 4247 2683 4302; x_wconf 89' lang='lat' dir='ltr'><strong>omnino</strong></span> <span class='ocrx_word' id='word_1_826' title='bbox 2711 4246 2908 4302; x_wconf 89' lang='lat' dir='ltr'><strong>bonum</strong></span> <span class='ocrx_word' id='word_1_827' title='bbox 2937 4246 3096 4312; x_wconf 86' lang='lat' dir='ltr'><strong>desit,</strong></span> <span class='ocrx_word' id='word_1_828' title='bbox 3138 4248 3217 4300; x_wconf 91' lang='lat' dir='ltr'><strong>vel</strong></span> <span class='ocrx_word' id='word_1_829' title='bbox 3247 4247 3409 4301; x_wconf 88' lang='lat' dir='ltr'><strong>animi</strong></span> <span class='ocrx_word' id='word_1_830' title='bbox 3435 4247 3519 4303; x_wconf 90' lang='lat' dir='ltr'><strong>vel</strong></span> 
     </span>
    </p>
   </div>
   <div class='ocr_carea' id='block_1_105' title="bbox 1928 4335 3520 4410">
    <p class='ocr_par' dir='ltr' id='par_1_105' title="bbox 1928 4335 3520 4410">
     <span class='ocr_line' id='line_1_105' title="bbox 1928 4335 3520 4410; baseline -0.002 -14"><span class='ocrx_word' id='word_1_831' title='bbox 1928 4340 2190 4410; x_wconf 87' lang='lat' dir='ltr'><strong>corporis,</strong></span> <span class='ocrx_word' id='word_1_832' title='bbox 2223 4338 2550 4394; x_wconf 88' lang='lat' dir='ltr'><strong>beatissima.</strong></span> <span class='ocrx_word' id='word_1_833' title='bbox 2581 4337 2698 4392; x_wconf 85' lang='lat' dir='ltr'><strong>Non</strong></span> <span class='ocrx_word' id='word_1_834' title='bbox 2745 4337 2886 4391; x_wconf 92' lang='lat' dir='ltr'><strong>enim</strong></span> <span class='ocrx_word' id='word_1_835' title='bbox 2932 4335 3035 4392; x_wconf 90' lang='lat' dir='ltr'><strong>hoc</strong></span> <span class='ocrx_word' id='word_1_836' title='bbox 3070 4345 3154 4390; x_wconf 89' lang='lat' dir='ltr'><strong>est</strong></span> <span class='ocrx_word' id='word_1_837' title='bbox 3196 4337 3322 4402; x_wconf 87' lang='lat' dir='ltr'><strong>vita,</strong></span> <span class='ocrx_word' id='word_1_838' title='bbox 3374 4337 3520 4408; x_wconf 89' lang='lat' dir='ltr'><strong>quod</strong></span> 
     </span>
    </p>
   </div>
   <div class='ocr_carea' id='block_1_106' title="bbox 1929 4430 3520 4504">
    <p class='ocr_par' dir='ltr' id='par_1_106' title="bbox 1929 4430 3520 4504">
     <span class='ocr_line' id='line_1_106' title="bbox 1929 4430 3520 4504; baseline 0 -16"><span class='ocrx_word' id='word_1_839' title='bbox 1929 4434 2135 4500; x_wconf 89' lang='lat' dir='ltr'><strong>virtus;</strong></span> <span class='ocrx_word' id='word_1_840' title='bbox 2178 4434 2433 4504; x_wconf 90' lang='lat' dir='ltr'><strong>quoniam</strong></span> <span class='ocrx_word' id='word_1_841' title='bbox 2479 4447 2584 4487; x_wconf 91' lang='lat' dir='ltr'><strong>non</strong></span> <span class='ocrx_word' id='word_1_842' title='bbox 2627 4431 2800 4486; x_wconf 91' lang='lat' dir='ltr'><strong>omnis</strong></span> <span class='ocrx_word' id='word_1_843' title='bbox 2845 4431 2973 4497; x_wconf 88' lang='lat' dir='ltr'><strong>vita,</strong></span> <span class='ocrx_word' id='word_1_844' title='bbox 3021 4430 3116 4486; x_wconf 90' lang='lat' dir='ltr'><strong>sed</strong></span> <span class='ocrx_word' id='word_1_845' title='bbox 3146 4431 3362 4502; x_wconf 90' lang='lat' dir='ltr'><strong>sapiens</strong></span> <span class='ocrx_word' id='word_1_846' title='bbox 3408 4433 3520 4488; x_wconf 79' lang='lat' dir='ltr'><strong>vita</strong></span> 
     </span>
    </p>
   </div>
   <div class='ocr_carea' id='block_1_107' title="bbox 1927 4523 3516 4594">
    <p class='ocr_par' dir='ltr' id='par_1_107' title="bbox 1927 4523 3516 4594">
     <span class='ocr_line' id='line_1_107' title="bbox 1927 4523 3516 4594; baseline -0.002 -13"><span class='ocrx_word' id='word_1_847' title='bbox 1927 4525 2098 4581; x_wconf 90' lang='lat' dir='ltr'><strong>virtus</strong></span> <span class='ocrx_word' id='word_1_848' title='bbox 2125 4535 2240 4580; x_wconf 89' lang='lat' dir='ltr'><strong>est:</strong></span> <span class='ocrx_word' id='word_1_849' title='bbox 2264 4533 2320 4580; x_wconf 90' lang='lat' dir='ltr'><strong>et</strong></span> <span class='ocrx_word' id='word_1_850' title='bbox 2357 4533 2532 4578; x_wconf 86' lang='lat' dir='ltr'><strong>tamen</strong></span> <span class='ocrx_word' id='word_1_851' title='bbox 2563 4523 2964 4594; x_wconf 78' lang='lat' dir='ltr'><strong>qualiscumque</strong></span> <span class='ocrx_word' id='word_1_852' title='bbox 2991 4523 3096 4577; x_wconf 90' lang='lat' dir='ltr'><strong>vita</strong></span> <span class='ocrx_word' id='word_1_853' title='bbox 3121 4524 3239 4579; x_wconf 90' lang='lat' dir='ltr'><strong>sine</strong></span> <span class='ocrx_word' id='word_1_854' title='bbox 3268 4523 3372 4578; x_wconf 87' lang='lat' dir='ltr'><strong>ulla</strong></span> <span class='ocrx_word' id='word_1_855' title='bbox 3403 4524 3516 4578; x_wconf 85' lang='lat' dir='ltr'><strong>vir-</strong></span> 
     </span>
    </p>
   </div>
   <div class='ocr_carea' id='block_1_108' title="bbox 1927 4616 3516 4688">
    <p class='ocr_par' dir='ltr' id='par_1_108' title="bbox 1927 4616 3516 4688">
     <span class='ocr_line' id='line_1_108' title="bbox 1927 4616 3516 4688; baseline 0.001 -16"><span class='ocrx_word' id='word_1_856' title='bbox 1927 4625 2038 4672; x_wconf 90' lang='lat' dir='ltr'><strong>tute</strong></span> <span class='ocrx_word' id='word_1_857' title='bbox 2065 4625 2238 4688; x_wconf 90' lang='lat' dir='ltr'><strong>potest</strong></span> <span class='ocrx_word' id='word_1_858' title='bbox 2267 4631 2421 4683; x_wconf 89' lang='lat' dir='ltr'><strong>esse;</strong></span> <span class='ocrx_word' id='word_1_859' title='bbox 2445 4616 2617 4671; x_wconf 89' lang='lat' dir='ltr'><strong>virtus</strong></span> <span class='ocrx_word' id='word_1_860' title='bbox 2645 4631 2772 4671; x_wconf 90' lang='lat' dir='ltr'><strong>vero</strong></span> <span class='ocrx_word' id='word_1_861' title='bbox 2795 4617 2911 4672; x_wconf 85' lang='lat' dir='ltr'><strong>sine</strong></span> <span class='ocrx_word' id='word_1_862' title='bbox 2938 4617 3042 4672; x_wconf 89' lang='lat' dir='ltr'><strong>ulla</strong></span> <span class='ocrx_word' id='word_1_863' title='bbox 3069 4619 3176 4672; x_wconf 91' lang='lat' dir='ltr'><strong>vita</strong></span> <span class='ocrx_word' id='word_1_864' title='bbox 3203 4633 3307 4673; x_wconf 93' lang='lat' dir='ltr'><strong>non</strong></span> <span class='ocrx_word' id='word_1_865' title='bbox 3341 4626 3516 4688; x_wconf 88' lang='lat' dir='ltr'><strong>potest</strong></span> 
     </span>
    </p>
   </div>
   <div class='ocr_carea' id='block_1_109' title="bbox 1925 4709 3516 4782">
    <p class='ocr_par' dir='ltr' id='par_1_109' title="bbox 1925 4709 3516 4782">
     <span class='ocr_line' id='line_1_109' title="bbox 1925 4709 3516 4782; baseline 0 -15"><span class='ocrx_word' id='word_1_866' title='bbox 1925 4725 2067 4767; x_wconf 88' lang='lat' dir='ltr'><strong>esse.</strong></span> <span class='ocrx_word' id='word_1_867' title='bbox 2095 4709 2208 4765; x_wconf 81' lang='lat' dir='ltr'><strong>Hoc</strong></span> <span class='ocrx_word' id='word_1_868' title='bbox 2237 4709 2383 4765; x_wconf 74' lang='lat' dir='ltr'><strong>etde</strong></span> <span class='ocrx_word' id='word_1_869' title='bbox 2410 4710 2666 4766; x_wconf 90' lang='lat' dir='ltr'><strong>memoria</strong></span> <span class='ocrx_word' id='word_1_870' title='bbox 2697 4709 2926 4766; x_wconf 78' lang='lat' dir='ltr'><strong>dixerim</strong></span> <span class='ocrx_word' id='word_1_871' title='bbox 2949 4719 3110 4782; x_wconf 89' lang='lat' dir='ltr'><strong>atque</strong></span> <span class='ocrx_word' id='word_1_872' title='bbox 3139 4712 3365 4778; x_wconf 89' lang='lat' dir='ltr'><strong>ratione,</strong></span> <span class='ocrx_word' id='word_1_873' title='bbox 3393 4720 3448 4766; x_wconf 92' lang='lat' dir='ltr'><strong>et</strong></span> <span class='ocrx_word' id='word_1_874' title='bbox 3467 4713 3516 4767; x_wconf 86' lang='lat' dir='ltr'><strong>si</strong></span> 
     </span>
    </p>
   </div>
   <div class='ocr_carea' id='block_1_110' title="bbox 1923 4801 3514 4875">
    <p class='ocr_par' dir='ltr' id='par_1_110' title="bbox 1923 4801 3514 4875">
     <span class='ocr_line' id='line_1_110' title="bbox 1923 4801 3514 4875; baseline 0 -16"><span class='ocrx_word' id='word_1_875' title='bbox 1923 4803 2051 4875; x_wconf 91' lang='lat' dir='ltr'><strong>quid</strong></span> <span class='ocrx_word' id='word_1_876' title='bbox 2075 4802 2218 4858; x_wconf 76' lang='lat' dir='ltr'><strong>aliud</strong></span> <span class='ocrx_word' id='word_1_877' title='bbox 2251 4803 2356 4858; x_wconf 87' lang='lat' dir='ltr'><strong>tale</strong></span> <span class='ocrx_word' id='word_1_878' title='bbox 2384 4810 2467 4858; x_wconf 88' lang='lat' dir='ltr'><strong>est</strong></span> <span class='ocrx_word' id='word_1_879' title='bbox 2495 4803 2546 4857; x_wconf 93' lang='lat' dir='ltr'><strong>in</strong></span> <span class='ocrx_word' id='word_1_880' title='bbox 2574 4802 2810 4857; x_wconf 82' lang='lat' dir='ltr'><strong>homine.</strong></span> <span class='ocrx_word' id='word_1_881' title='bbox 2843 4801 2982 4858; x_wconf 90' lang='lat' dir='ltr'><strong>Sunt</strong></span> <span class='ocrx_word' id='word_1_882' title='bbox 3005 4804 3149 4858; x_wconf 91' lang='lat' dir='ltr'><strong>enim</strong></span> <span class='ocrx_word' id='word_1_883' title='bbox 3177 4803 3294 4859; x_wconf 76' lang='lat' dir='ltr'><strong>hzec</strong></span> <span class='ocrx_word' id='word_1_884' title='bbox 3311 4811 3366 4859; x_wconf 87' lang='lat' dir='ltr'><strong>et</strong></span> <span class='ocrx_word' id='word_1_885' title='bbox 3387 4811 3514 4859; x_wconf 87' lang='lat' dir='ltr'><strong>ante</strong></span> 
     </span>
    </p>
   </div>
   <div class='ocr_carea' id='block_1_111' title="bbox 1923 4893 3513 4964">
    <p class='ocr_par' dir='ltr' id='par_1_111' title="bbox 1923 4893 3513 4964">
     <span class='ocr_line' id='line_1_111' title="bbox 1923 4893 3513 4964; baseline -0.001 -13"><span class='ocrx_word' id='word_1_886' title='bbox 1923 4894 2242 4960; x_wconf 79' lang='lat' dir='ltr'><strong>doctrinam,</strong></span> <span class='ocrx_word' id='word_1_887' title='bbox 2275 4895 2396 4949; x_wconf 87' lang='lat' dir='ltr'><strong>sine</strong></span> <span class='ocrx_word' id='word_1_888' title='bbox 2424 4893 2508 4949; x_wconf 89' lang='lat' dir='ltr'><strong>his</strong></span> <span class='ocrx_word' id='word_1_889' title='bbox 2551 4903 2728 4949; x_wconf 90' lang='lat' dir='ltr'><strong>autem</strong></span> <span class='ocrx_word' id='word_1_890' title='bbox 2761 4909 2866 4950; x_wconf 90' lang='lat' dir='ltr'><strong>non</strong></span> <span class='ocrx_word' id='word_1_891' title='bbox 2907 4905 3082 4964; x_wconf 87' lang='lat' dir='ltr'><strong>potest</strong></span> <span class='ocrx_word' id='word_1_892' title='bbox 3119 4909 3241 4950; x_wconf 88' lang='lat' dir='ltr'><strong>esse</strong></span> <span class='ocrx_word' id='word_1_893' title='bbox 3279 4894 3382 4948; x_wconf 91' lang='lat' dir='ltr'><strong>ulla</strong></span> <span class='ocrx_word' id='word_1_894' title='bbox 3409 4893 3513 4949; x_wconf 85' lang='lat' dir='ltr'><strong>do-</strong></span> 
     </span>
    </p>
   </div>
   <div class='ocr_carea' id='block_1_112' title="bbox 1923 4985 3508 5057">
    <p class='ocr_par' dir='ltr' id='par_1_112' title="bbox 1923 4985 3508 5057">
     <span class='ocr_line' id='line_1_112' title="bbox 1923 4985 3508 5057; baseline -0.001 -14"><span class='ocrx_word' id='word_1_895' title='bbox 1923 4988 2132 5044; x_wconf 85' lang='lat' dir='ltr'><strong>ctrina:</strong></span> <span class='ocrx_word' id='word_1_896' title='bbox 2161 5002 2224 5042; x_wconf 88' lang='lat' dir='ltr'><strong>ac</strong></span> <span class='ocrx_word' id='word_1_897' title='bbox 2271 5001 2367 5057; x_wconf 90' lang='lat' dir='ltr'><strong>per</strong></span> <span class='ocrx_word' id='word_1_898' title='bbox 2409 4987 2512 5043; x_wconf 92' lang='lat' dir='ltr'><strong>hoc</strong></span> <span class='ocrx_word' id='word_1_899' title='bbox 2536 5003 2634 5042; x_wconf 89' lang='lat' dir='ltr'><strong>nec</strong></span> <span class='ocrx_word' id='word_1_900' title='bbox 2675 4987 2862 5053; x_wconf 86' lang='lat' dir='ltr'><strong>virtus,</strong></span> <span class='ocrx_word' id='word_1_901' title='bbox 2914 5002 3034 5056; x_wconf 53' lang='lat' dir='ltr'><strong>quin</strong></span> <span class='ocrx_word' id='word_1_902' title='bbox 3065 4986 3247 5056; x_wconf 89' lang='lat' dir='ltr'><strong>utique</strong></span> <span class='ocrx_word' id='word_1_903' title='bbox 3265 4985 3508 5041; x_wconf 90' lang='lat' dir='ltr'><strong>discitur.</strong></span> 
     </span>
    </p>
   </div>
   <div class='ocr_carea' id='block_1_113' title="bbox 1924 5077 3510 5148">
    <p class='ocr_par' dir='ltr' id='par_1_113' title="bbox 1924 5077 3510 5148">
     <span class='ocr_line' id='line_1_113' title="bbox 1924 5077 3510 5148; baseline -0.001 -15"><span class='ocrx_word' id='word_1_904' title='bbox 1924 5077 2071 5134; x_wconf 89' lang='lat' dir='ltr'><strong>Bene</strong></span> <span class='ocrx_word' id='word_1_905' title='bbox 2097 5087 2276 5134; x_wconf 88' lang='lat' dir='ltr'><strong>autem</strong></span> <span class='ocrx_word' id='word_1_906' title='bbox 2305 5093 2544 5146; x_wconf 89' lang='lat' dir='ltr'><strong>currere,</strong></span> <span class='ocrx_word' id='word_1_907' title='bbox 2575 5077 2858 5148; x_wconf 88' lang='lat' dir='ltr'><strong>pulchrum</strong></span> <span class='ocrx_word' id='word_1_908' title='bbox 2882 5090 3003 5132; x_wconf 84' lang='lat' dir='ltr'><strong>esse</strong></span> <span class='ocrx_word' id='word_1_909' title='bbox 3028 5090 3275 5146; x_wconf 90' lang='lat' dir='ltr'><strong>corpore,</strong></span> <span class='ocrx_word' id='word_1_910' title='bbox 3305 5077 3510 5132; x_wconf 88' lang='lat' dir='ltr'><strong>viribus</strong></span> 
     </span>
    </p>
   </div>
   <div class='ocr_carea' id='block_1_114' title="bbox 1921 5166 3508 5241">
    <p class='ocr_par' dir='ltr' id='par_1_114' title="bbox 1921 5166 3508 5241">
     <span class='ocr_line' id='line_1_114' title="bbox 1921 5166 3508 5241; baseline -0.001 -16"><span class='ocrx_word' id='word_1_911' title='bbox 1921 5171 2224 5241; x_wconf 88' lang='lat' dir='ltr'><strong>ingentibus</strong></span> <span class='ocrx_word' id='word_1_912' title='bbox 2252 5171 2567 5241; x_wconf 68' lang='lat' dir='ltr'><strong>prwralerc,</strong></span> <span class='ocrx_word' id='word_1_913' title='bbox 2593 5178 2648 5224; x_wconf 89' lang='lat' dir='ltr'><strong>et</strong></span> <span class='ocrx_word' id='word_1_914' title='bbox 2672 5179 2865 5224; x_wconf 65' lang='lat' dir='ltr'><strong>caetera</strong></span> <span class='ocrx_word' id='word_1_915' title='bbox 2889 5166 3192 5236; x_wconf 87' lang='lat' dir='ltr'><strong>hujusmodi</strong></span> <span class='ocrx_word' id='word_1_916' title='bbox 3215 5169 3337 5222; x_wconf 90' lang='lat' dir='ltr'><strong>talia</strong></span> <span class='ocrx_word' id='word_1_917' title='bbox 3359 5180 3508 5234; x_wconf 86' lang='lat' dir='ltr'><strong>sunt,</strong></span> 
     </span>
    </p>
   </div>
   <div class='ocr_carea' id='block_1_115' title="bbox 1921 5261 3504 5331">
    <p class='ocr_par' dir='ltr' id='par_1_115' title="bbox 1921 5261 3504 5331">
     <span class='ocr_line' id='line_1_115' title="bbox 1921 5261 3504 5331; baseline -0.003 -9"><span class='ocrx_word' id='word_1_918' title='bbox 1921 5274 2049 5322; x_wconf 91' lang='lat' dir='ltr'><strong>utet</strong></span> <span class='ocrx_word' id='word_1_919' title='bbox 2075 5265 2244 5320; x_wconf 90' lang='lat' dir='ltr'><strong>virtus</strong></span> <span class='ocrx_word' id='word_1_920' title='bbox 2269 5266 2384 5319; x_wconf 91' lang='lat' dir='ltr'><strong>sine</strong></span> <span class='ocrx_word' id='word_1_921' title='bbox 2411 5265 2494 5318; x_wconf 91' lang='lat' dir='ltr'><strong>his</strong></span> <span class='ocrx_word' id='word_1_922' title='bbox 2537 5276 2656 5318; x_wconf 86' lang='lat' dir='ltr'><strong>esse</strong></span> <span class='ocrx_word' id='word_1_923' title='bbox 2683 5261 2870 5331; x_wconf 92' lang='lat' dir='ltr'><strong>possit,</strong></span> <span class='ocrx_word' id='word_1_924' title='bbox 2897 5269 2953 5316; x_wconf 90' lang='lat' dir='ltr'><strong>et</strong></span> <span class='ocrx_word' id='word_1_925' title='bbox 2977 5261 3090 5331; x_wconf 91' lang='lat' dir='ltr'><strong>ipsa</strong></span> <span class='ocrx_word' id='word_1_926' title='bbox 3124 5261 3242 5316; x_wconf 87' lang='lat' dir='ltr'><strong>sine</strong></span> <span class='ocrx_word' id='word_1_927' title='bbox 3270 5263 3466 5318; x_wconf 90' lang='lat' dir='ltr'><strong>virtute</strong></span> <span class='ocrx_word' id='word_1_928' title='bbox 3490 5279 3504 5317; x_wconf 89' lang='lat'><strong>:</strong></span> 
     </span>
    </p>
   </div>
   <div class='ocr_carea' id='block_1_116' title="bbox 1918 5350 3506 5425">
    <p class='ocr_par' dir='ltr' id='par_1_116' title="bbox 1918 5350 3506 5425">
     <span class='ocr_line' id='line_1_116' title="bbox 1918 5350 3506 5425; baseline -0.004 -11"><span class='ocrx_word' id='word_1_929' title='bbox 1918 5357 2057 5414; x_wconf 85' lang='lat' dir='ltr'><strong>bona</strong></span> <span class='ocrx_word' id='word_1_930' title='bbox 2080 5367 2202 5412; x_wconf 91' lang='lat' dir='ltr'><strong>sunt</strong></span> <span class='ocrx_word' id='word_1_931' title='bbox 2233 5366 2406 5414; x_wconf 85' lang='lat' dir='ltr'><strong>tamen</strong></span> <span class='ocrx_word' id='word_1_932' title='bbox 2429 5364 2522 5420; x_wconf 51' lang='lat' dir='ltr'><strong>;,et</strong></span> <span class='ocrx_word' id='word_1_933' title='bbox 2549 5353 2837 5408; x_wconf 91' lang='lat' dir='ltr'><strong>secundum</strong></span> <span class='ocrx_word' id='word_1_934' title='bbox 2870 5350 3025 5407; x_wconf 83' lang='lat' dir='ltr'><strong>istos&#39;</strong></span> <span class='ocrx_word' id='word_1_935' title='bbox 3053 5353 3214 5408; x_wconf 89' lang='lat' dir='ltr'><strong>etiam</strong></span> <span class='ocrx_word' id='word_1_936' title='bbox 3240 5354 3352 5424; x_wconf 85' lang='lat' dir='ltr'><strong>ipsa</strong></span> <span class='ocrx_word' id='word_1_937' title='bbox 3382 5368 3506 5425; x_wconf 86' lang='lat' dir='ltr'><strong>pro-</strong></span> 
     </span>
    </p>
   </div>
   <div class='ocr_carea' id='block_1_117' title="bbox 1917 5445 3504 5524">
    <p class='ocr_par' dir='ltr' id='par_1_117' title="bbox 1917 5445 3504 5524">
     <span class='ocr_line' id='line_1_117' title="bbox 1917 5445 3504 5524; baseline -0.002 -20"><span class='ocrx_word' id='word_1_938' title='bbox 1917 5459 2037 5524; x_wconf 87' lang='lat' dir='ltr'><strong>pter</strong></span> <span class='ocrx_word' id='word_1_939' title='bbox 2065 5465 2124 5505; x_wconf 89' lang='lat' dir='ltr'><strong>se</strong></span> <span class='ocrx_word' id='word_1_940' title='bbox 2151 5450 2318 5519; x_wconf 91' lang='lat' dir='ltr'><strong>ipsam</strong></span> <span class='ocrx_word' id='word_1_941' title='bbox 2343 5447 2514 5517; x_wconf 85' lang='lat' dir='ltr'><strong>diligit</strong></span> <span class='ocrx_word' id='word_1_942' title='bbox 2543 5446 2731 5513; x_wconf 87' lang='lat' dir='ltr'><strong>virtus,</strong></span> <span class='ocrx_word' id='word_1_943' title='bbox 2761 5446 3032 5515; x_wconf 83' lang='lat' dir='ltr'><strong>utiturque</strong></span> <span class='ocrx_word' id='word_1_944' title='bbox 3078 5445 3183 5501; x_wconf 88' lang='lat' dir='ltr'><strong>illis</strong></span> <span class='ocrx_word' id='word_1_945' title='bbox 3209 5455 3265 5502; x_wconf 89' lang='lat' dir='ltr'><strong>et</strong></span> <span class='ocrx_word' id='word_1_946' title='bbox 3289 5445 3504 5514; x_wconf 76' lang='lat' dir='ltr'><strong>fruitur,</strong></span> 
     </span>
    </p>
   </div>
   <div class='ocr_carea' id='block_1_118' title="bbox 1915 5541 2541 5601">
    <p class='ocr_par' dir='ltr' id='par_1_118' title="bbox 1915 5541 2541 5601">
     <span class='ocr_line' id='line_1_118' title="bbox 1915 5541 2541 5601; baseline -0.008 0"><span class='ocrx_word' id='word_1_947' title='bbox 1915 5545 2066 5601; x_wconf 78' lang='lat' dir='ltr'><strong>sicut.</strong></span> <span class='ocrx_word' id='word_1_948' title='bbox 2084 5544 2330 5599; x_wconf 88' lang='lat' dir='ltr'><strong>virtutem</strong></span> <span class='ocrx_word' id='word_1_949' title='bbox 2370 5541 2541 5596; x_wconf 90' lang='lat' dir='ltr'><strong>decet.</strong></span> 
     </span>
    </p>
   </div>
   <div class='ocr_carea' id='block_1_119' title="bbox 1976 5651 3502 5719">
    <p class='ocr_par' dir='ltr' id='par_1_119' title="bbox 1976 5651 3502 5719">
     <span class='ocr_line' id='line_1_119' title="bbox 1976 5651 3502 5719; baseline -0.002 -12"><span class='ocrx_word' id='word_1_950' title='bbox 1976 5659 1994 5691; x_wconf 73' lang='grc'></span> <span class='ocrx_word' id='word_1_951' title='bbox 2031 5659 2165 5719; x_wconf 81' lang='lat' dir='ltr'><strong>Edili,</strong></span> <span class='ocrx_word' id='word_1_952' title='bbox 2192 5669 2283 5709; x_wconf 79' lang='lat' dir='ltr'><strong>non</strong></span> <span class='ocrx_word' id='word_1_953' title='bbox 2320 5655 2440 5706; x_wconf 82' lang='lat' dir='ltr'><strong>bona</strong></span> <span class='ocrx_word' id='word_1_954' title='bbox 2474 5653 2578 5718; x_wconf 79' lang='lat' dir='ltr'><strong>ejus</strong></span> <span class='ocrx_word' id='word_1_955' title='bbox 2613 5661 2736 5705; x_wconf 79' lang='lat' dir='ltr'><strong>sunt.</strong></span> <span class='ocrx_word' id='word_1_956' title='bbox 2765 5651 2930 5704; x_wconf 71' lang='lat' dir='ltr'><strong>Melius</strong></span> <span class='ocrx_word' id='word_1_957' title='bbox 2952 5660 3080 5717; x_wconf 67' lang='lat' dir='ltr'><strong>Mss,</strong></span> <span class='ocrx_word' id='word_1_958' title='bbox 3123 5666 3215 5704; x_wconf 80' lang='lat' dir='ltr'><strong>non</strong></span> <span class='ocrx_word' id='word_1_959' title='bbox 3253 5653 3371 5704; x_wconf 84' lang='lat' dir='ltr'><strong>bono</strong></span> <span class='ocrx_word' id='word_1_960' title='bbox 3399 5653 3502 5716; x_wconf 70' lang='lat' dir='ltr'><strong>ejus</strong></span> 
     </span>
    </p>
   </div>
   <div class='ocr_carea' id='block_1_120' title="bbox 1909 5730 3500 5844">
    <p class='ocr_par' dir='ltr' id='par_1_120' title="bbox 1909 5730 3500 5844">
     <span class='ocr_line' id='line_1_120' title="bbox 1909 5730 3500 5844; baseline 0.003 -15"><span class='ocrx_word' id='word_1_961' title='bbox 1909 5730 2162 5842; x_wconf 49' lang='lat' dir='ltr'><strong>niteant,</strong></span> <span class='ocrx_word' id='word_1_962' title='bbox 2188 5786 2234 5832; x_wconf 75' lang='lat' dir='ltr'><strong>et</strong></span> <span class='ocrx_word' id='word_1_963' title='bbox 2255 5780 2359 5844; x_wconf 69' lang='lat' dir='ltr'><strong>ipsa</strong></span> <span class='ocrx_word' id='word_1_964' title='bbox 2381 5778 2483 5829; x_wconf 74' lang='lat' dir='ltr'><strong>sine</strong></span> <span class='ocrx_word' id='word_1_965' title='bbox 2505 5786 2677 5829; x_wconf 72' lang='lat' dir='ltr'><strong>uirtute</strong></span> <span class='ocrx_word' id='word_1_966' title='bbox 2698 5778 2819 5829; x_wconf 85' lang='lat' dir='ltr'><strong>bona</strong></span> <span class='ocrx_word' id='word_1_967' title='bbox 2843 5777 2934 5830; x_wconf 69' lang='lat' dir='ltr'><strong>sint</strong></span> <span class='ocrx_word' id='word_1_968' title='bbox 2957 5792 2973 5830; x_wconf 89' lang='lat'><strong><em>:</em></strong></span> <span class='ocrx_word' id='word_1_969' title='bbox 2999 5785 3153 5831; x_wconf 76' lang='lat' dir='ltr'><strong>tamen</strong></span> <span class='ocrx_word' id='word_1_970' title='bbox 3177 5787 3218 5829; x_wconf 76' lang='lat' dir='ltr'><strong>rt</strong></span> <span class='ocrx_word' id='word_1_971' title='bbox 3239 5776 3500 5829; x_wconf 63' lang='lat' dir='ltr'><strong>secundum</strong></span> 
     </span>
    </p>
   </div>
   <div class='ocr_carea' id='block_1_121' title="bbox 1909 5845 2728 5910">
    <p class='ocr_par' dir='ltr' id='par_1_121' title="bbox 1909 5845 2728 5910">
     <span class='ocr_line' id='line_1_121' title="bbox 1909 5845 2728 5910; baseline -0.013 -6"><span class='ocrx_word' id='word_1_972' title='bbox 1909 5847 2043 5910; x_wconf 65' lang='lat' dir='ltr'><strong>istos,</strong></span> <span class='ocrx_word' id='word_1_973' title='bbox 2071 5852 2163 5897; x_wconf 84' lang='lat' dir='ltr'><strong>etc.</strong></span> <span class='ocrx_word' id='word_1_974' title='bbox 2193 5845 2509 5897; x_wconf 65' lang='lat' dir='ltr'><strong>intendantur</strong></span> <span class='ocrx_word' id='word_1_975' title='bbox 2536 5856 2597 5894; x_wconf 77' lang='lat' dir='ltr'><strong>ex</strong></span> <span class='ocrx_word' id='word_1_976' title='bbox 2625 5852 2728 5894; x_wconf 71' lang='lat' dir='ltr'><strong>uss.</strong></span> 
     </span>
    </p>
   </div>
  </div>
