4062 6486
519 309 623 367 ΒΞῚ

590 422 648 478 2.
691 423 836 480 llanc
877 424 1039 481 vitam
1083 423 1289 486 beatam
1333 424 1493 481 etiam
1541 426 1792 481 socialem
1834 425 2118 498 perhibent

523 530 673 590 esse,
726 532 845 586 qua:
885 517 1178 571 amicorum
1223 517 1360 585 bona
1414 526 1630 587 propter
1667 532 1726 573 se
1772 518 1884 588 ipsa
1933 517 2120 596 diligat

523 608 660 662 sicut
703 623 796 662 sua
823 650 840 675 ,
881 608 1064 678 eisque
1091 617 1307 678 propter
1335 608 1477 676 ipsos
1503 607 1604 663 hoc
1633 609 1753 670 velit
1794 607 1935 678 quod
1974 608 2113 673 sibi;

523 698 638 754 sive
667 699 718 752 iu
747 697 906 752 domo
931 699 1057 765 sint,
1090 700 1229 752 sicut
1255 699 1448 768 conjnx
1470 709 1522 753 et
1545 698 1698 753 liberi
1720 709 1772 752 et
1793 700 2116 770 quicumque

534 788 838 856 iomcstici;
885 791 996 846 sive
1027 791 1080 844 iu
1121 791 1267 858 loco,
1315 791 1401 844 ubi
1431 790 1620 846 domus
1645 791 1761 861 ejus
1790 801 1910 858 est,
1962 791 2118 846 siculi

522 891 607 936 est
635 883 763 938 urbs
787 925 802 950 ,
847 891 905 936 ut
935 893 1057 938 sunt
1085 883 1136 938 lti
1169 884 1258 955 qui
1287 885 1432 939 cives
1456 894 1742 957 vocamur;
1784 884 1898 939 sive
1923 883 1975 940 in
2006 891 2117 955 toto

523 973 653 1028 orbe
673 1012 688 1036 ,
732 983 788 1028 ut
812 982 935 1028 sunt
961 983 1148 1044 gentes
1167 1016 1182 1041 ,
1227 990 1361 1047 quas
1390 976 1438 1031 ei
1465 977 1693 1030 societas
1721 974 1950 1030 humana
1980 989 2114 1031 con-

525 1065 728 1137 jungit;
757 1066 868 1122 sive
896 1067 948 1121 itt
977 1068 1091 1139 ipso
1117 1068 1338 1136 mundo,
1368 1069 1456 1140 qui
1484 1080 1734 1126 censetur
1757 1070 1972 1124 nomine
1996 1069 2118 1125 οωιί

525 1169 581 1214 et
617 1168 794 1224 terrm,
828 1158 965 1215 sicut
993 1175 1113 1225 esse
1151 1161 1330 1217 dicunt
1357 1162 1517 1230 deos,
1549 1179 1683 1233 quos
1710 1163 1893 1217 volunt
1919 1149 2120 1218 amicos

523 1265 645 1305 esse
667 1250 868 1306 homini
885 1253 1132 1323 sapienti,
1149 1270 1280 1324 quos
1301 1270 1396 1308 nos
1415 1254 1723 1310 familiarius
1736 1256 1967 1332 Angelos
1984 1254 2118 1334 dicis

465 1327 473 1345 ⁶
529 1355 671 1394 ntus.
705 1341 780 1396 De
805 1342 1069 1410 bonorum
1091 1353 1268 1399 autem
1291 1353 1344 1398 et
1368 1360 1398 1400 e
1418 1346 1686 1402 contrario
1709 1329 1970 1422 malorum
2001 1327 2122 1401 lini?

528 1432 632 1501 bus
657 1444 851 1504 negant
873 1434 985 1493 ullo
1011 1435 1171 1503 modo
1200 1451 1317 1507 esse
1346 1421 1712 1502 dubitandum,
1740 1447 1796 1493 et
1824 1421 1960 1510 hanc
1983 1439 2122 1493 inter

529 1537 590 1579 se
616 1534 669 1580 et
696 1541 864 1591 novos
888 1526 1236 1584 Academicos
1253 1529 1652 1601 afﬁrmantesse
1675 1531 2003 1599 distantiam,
2022 1547 2124 1587 nec

529 1629 718 1678 eorum
751 1617 973 1674 interest
992 1619 1298 1690 quidquam,
1325 1621 1438 1676 sive
1467 1621 1678 1693 cynico,
1711 1623 1822 1677 sive
1845 1623 1954 1677 alio
1981 1639 2120 1694 quo-

531 1708 660 1765 libet
691 1708 872 1766 habitu
899 1719 954 1768 et
979 1712 1122 1770 victu
1147 1713 1200 1766 in
1227 1714 1309 1768 his
1331 1713 1547 1788 ﬁnibus,
1571 1729 1706 1786 quos
1728 1731 1885 1770 veros
1912 1724 2119 1785 putant,

532 1801 758 1870 quisque
797 1801 1224 1873 philosophetur.
1254 1805 1328 1867 Ex
1363 1805 1531 1860 tribus
1559 1821 1715 1877 porro
1746 1806 1850 1878 illis
1875 1808 1999 1882 vitae
2026 1824 2124 1878 ge,-

532 1893 774 1960 ueribus,
805 1895 996 1954 otioso.
1026 1905 1267 1961 actuosa,
1301 1908 1356 1952 et
1384 1897 1523 1968 quod
1553 1914 1621 1954 ex
1650 1893 1876 1970 utroque
1905 1915 2126 1971 compo-

531 1981 690 2037 situm
717 1993 831 2048 est,
881 1984 982 2042 hoc
1013 1987 1223 2041 tertium
1255 1989 1353 2042 sibi
1387 1990 1598 2058 placere
1636 1999 1967 2046 asseverant.
2001 1981 2126 2062 Πῶς

531 2073 768 2129 sensisse
807 2083 966 2146 atque
1011 2077 1258 2134 docuisse
1306 2079 1654 2134 Academicos
1680 2089 1922 2148 veteres,
1954 2072 2126 2138 Varro

532 2166 744 2234 asserit,
776 2175 996 2224 auctore
1021 2169 1304 2234 Antiocho,
1335 2170 1588 2249 magistro
1616 2171 1893 2228 Ciceronis
1921 2181 1971 2228 et
2002 2188 2122 2242 suo,

534 2273 697 2329 quem
724 2275 852 2316 sane
894 2252 1086 2318 Cicero
1113 2265 1164 2318 itt
1194 2262 1431 2334 pluribus
1462 2261 1628 2320 fuisse
1655 2264 1890 2320 Stoicum
1913 2307 1928 2332 ,
1965 2261 2125 2334 quam

533 2357 772 2408 \‘eterem
809 2350 1188 2426 Academicum
1229 2352 1344 2407 vult
1383 2352 1551 2408 videri
1598 2353 1696 2423 (a).
1739 2353 1844 2409 Sed
1888 2353 2014 2424 quid
2058 2353 2128 2409 ad

537 2453 659 2504 nos.
684 2439 771 2510 qui
789 2442 964 2510 potius
981 2441 1048 2498 de
1066 2442 1226 2498 rebus
1249 2443 1376 2514 ipsis
1392 2443 1630 2514 judicare
1650 2445 1906 2500 debemus
1926 2487 1940 2509 ,
1969 2461 2126 2516 quam

534 2544 635 2601 pro
661 2547 852 2603 magno
872 2533 939 2588 de
964 2533 1269 2595 hominibus
1295 2535 1422 2606 quid
1446 2536 1674 2608 quisque
1699 2538 1928 2592 senserit
1951 2537 2128 2593 scire?

536 2641 764 2700 CAPUT
806 2643 893 2701 IV.
916 2645 1088 2710 —De
1109 2663 1305 2702 summa
1339 2647 1468 2702 bona
1506 2657 1552 2702 et
1592 2665 1788 2710 summo
1826 2650 1961 2704 malo
2006 2650 2129 2721 quid

613 2732 893 2810 Christiani
925 2738 1141 2792 sentiant
1167 2747 1344 2793 contra
1369 2739 1728 2812 philosophos,
1769 2742 1855 2814 qui
1880 2759 2130 2798 summum

613 2823 801 2886 bonum
829 2825 881 2879 in
905 2842 959 2881 se
983 2826 1078 2894 sibi
1107 2844 1212 2882 me
1232 2828 1485 2883 dixerunt.
1523 2827 1528 2832 ’

613 2953 670 3009 1.
701 2953 756 3010 Si
784 2970 910 3026 ergo
938 2968 1208 3032 qumratur
1226 2973 1254 3011 a
1276 2959 1450 3027 nobis,
1477 2960 1601 3031 quid
1627 2961 1813 3016 civitas
1834 2962 1932 3035 Dei
1955 2961 2021 3018 de
2046 2962 2132 3019 his

538 3044 769 3122 singulis
796 3048 1114 3120 interrogata
1145 3052 1483 3126 respondeat,
1507 3068 1568 3108 ac
1590 3055 1816 3124 primum
1844 3055 1912 3110 de
1937 3055 2131 3112 ﬁnibus

525 3139 806 3196 bonorum
835 3141 1200 3213 malorumque
1228 3143 1585 3214 quidsenliat,
1603 3145 1946 3216 respondebit
1969 3157 2130 3203 mter-

540 3246 664 3304 uam
710 3233 876 3290 vitam
927 3249 1047 3294 esse
1095 3250 1363 3306 summum
1407 3235 1645 3300 bonum,
1695 3245 1950 3292 aeternam
2002 3253 2132 3294 vero

543 3333 770 3378 mortem
803 3339 1068 3380 summum
1095 3326 1291 3390 malum
1316 3343 1332 3381 :
1355 3336 1569 3398 propter
1592 3327 1732 3401 illam
1763 3327 1988 3398 proinde
2015 3328 2132 3388 adi-

541 3413 852 3482 piscendam
871 3455 887 3480 ,
919 3415 1178 3488 islamque
1206 3417 1472 3480 vitandam
1494 3459 1509 3482 ,
1536 3426 1681 3474 recte
1707 3419 1862 3474 nobis
1889 3434 2009 3475 esse
2046 3420 2129 3474 vi-

541 3504 796 3569 vendum.
815 3505 1040 3576 Propter
1056 3507 1196 3578 quod
1217 3509 1471 3578 scriptum
1493 3518 1595 3576 est,
1611 3509 1790 3566 Justus
1805 3528 1870 3565 ea:
1885 3511 1987 3580 ﬁde
2011 3512 2134 3583 vivit

543 3593 814 3667 (Habacum
840 3611 898 3660 ιι,
919 3599 984 3662 4;
1016 3595 1186 3662 Galat.
1209 3614 1288 3664 ttt,
1313 3599 1403 3671 ll)
1425 3601 1705 3670 :quoniam
1731 3617 1904 3673 neque
1933 3602 2130 3658 bonum

540 3694 783 3742 nostrum
828 3686 939 3756 jam
981 3687 1262 3756 videmus,
1309 3689 1449 3745 unde
1491 3699 1706 3760 oportet
1757 3701 1813 3746 ut
1863 3690 2132 3748 credendo

540 3791 873 3849 guarramus;
906 3793 1081 3850 neque
1110 3779 1284 3850 ipsum
1313 3790 1460 3837 recte
1483 3783 1663 3838 vivere
1689 3783 1842 3839 nobis
1869 3798 1936 3839 ex
1974 3783 2130 3839 nobis

541 3877 660 3934 est,
698 3869 800 3924 nisi
839 3870 1118 3943 credentes
1160 3871 1376 3942 adjuvet
1399 3881 1453 3928 et
1475 3883 1726 3940 orantes,
1759 3874 1850 3945 qui
1877 3885 1932 3930 et
1957 3875 2130 3945 ipsam

543 3958 705 4014 ﬁdem
745 3959 926 4038 dedit,
973 3977 1074 4032 qua
1110 3977 1207 4038 nos
1232 3963 1300 4018 ab
1329 3963 1420 4018 illo
1445 3963 1770 4034 adjuvandos
1793 3980 1913 4020 esse
1938 3965 2130 4022 creda-

538 4065 684 4108 mus.
718 4050 797 4105 llli
817 4036 994 4106 autem
1021 4052 1110 4122 qui
1137 4036 1189 4106 in
1216 4053 1314 4108 ista
1340 4054 1448 4108 vita
1476 4055 1608 4109 lines
1637 4054 1896 4109 bonorum
1923 4065 1978 4110 et
2005 4069 2126 4110 ma-

543 4141 718 4199 lorum
739 4155 860 4220 esse
883 4151 1222 4222 putaverunt,
1241 4143 1356 4204 sive
1385 4144 1437 4198 in
1459 4158 1702 4215 corpore,
1722 4145 1834 4202 sive
1855 4143 1908 4200 in
1929 4146 2129 4215 animo,

541 4232 659 4288 sive
686 4231 740 4286 in
770 4241 996 4308 utroque
1023 4245 1283 4303 ponentes
1308 4247 1574 4312 summum
1601 4235 1837 4302 bonum;
1868 4245 2047 4306 atque,
2073 4246 2133 4293 ut

541 4323 598 4380 id
625 4325 937 4396 explicatius
973 4326 1215 4397 eloquar,
1249 4327 1362 4383 sive
1391 4327 1452 4400 in,
1471 4327 1771 4398 voluptate,
1801 4328 1914 4396 sive
1943 4329 1997 4383 in
2023 4329 2132 4396 vir-

543 4423 658 4472 tute
677 4457 694 4484 ,
741 4417 855 4474 sive
878 4417 931 4492 in
959 4425 1215 4492 utraque;
1242 4417 1356 4491 sive
1384 4419 1437 4474 in
1467 4419 1667 4489 quiete,
1697 4419 1810 4474 sive
1835 4419 1887 4475 in
1911 4420 2128 4490 virtute,

541 4506 657 4563 sive
700 4507 753 4563 in
791 4516 1046 4579 utraque;
1088 4509 1202 4566 sive
1239 4510 1290 4564 in
1321 4507 1591 4580 voluptate
1622 4509 1781 4569 simul
1825 4517 1882 4565 et
1913 4510 2091 4580 quiete
2114 4551 2130 4578 ,

545 4598 660 4654 sive
686 4599 738 4653 in
762 4599 981 4667 virtute,
1000 4600 1114 4663 sive
1132 4601 1183 4656 in
1201 4601 1440 4677 utrisque
1459 4617 1474 4667 ;
1503 4601 1615 4660 sive
1632 4601 1684 4655 in
1702 4601 1887 4671 primis
1904 4610 2130 4668 naturze,

543 4693 664 4749 sive
705 4692 760 4758 in
784 4693 1002 4760 virtute,
1050 4693 1162 4749 sive
1191 4695 1243 4749 in
1275 4694 1647 4766 utrisque:hic
1676 4694 1815 4750 beati
1842 4709 1961 4750 esse
1981 4737 1995 4760 ,
2023 4701 2078 4748 et
2099 4707 2132 4748 a

542 4801 606 4842 se
628 4786 758 4858 ipsis
779 4785 918 4842 beati
947 4787 1062 4843 fieri
1090 4787 1222 4842 mira
1244 4788 1478 4853 vanitate
1502 4787 1806 4861 voluerunt.
1836 4786 2004 4841 lrrisit
2033 4785 2133 4842 hos

547 4877 759 4934 Yet-itas
798 4895 894 4950 per
918 4878 1230 4950 prophetam
1259 4880 1556 4946 dicentem,
1590 4879 1744 4948 Nouit
1775 4879 2023 4934 Dominus
2047 4894 2134 4933 co-

551 4971 818 5041 gitationes
844 4971 1139 5037 hominum;
1169 4971 1274 5037 vel,
1297 4972 1433 5026 sicut
1453 4971 1553 5026 hoc
1573 4971 1932 5036 testimonium
1957 4971 2134 5039 posuit

543 5063 819 5131 apostolus
856 5063 1053 5118 Paulus
1071 5103 1088 5130 ,
1137 5061 1386 5132 Dominus
1415 5063 1551 5116 novit
1574 5063 1899 5133 cogitationes
1925 5048 2133 5130 sapien-

542 5155 686 5222 tium,
710 5156 948 5225 quoniam
967 5171 1111 5212 vana:
1128 5164 1244 5210 sunt
1265 5151 1437 5226 (Psat.
1460 5170 1605 5223 xcut,
1631 5156 1690 5210 ll
1711 5171 1727 5220 ;
1748 5152 1900 5210 ICor.
1922 5170 1999 5221 ιιι,

607 5309 682 5372 (a)
704 5311 788 5360 Hic
809 5310 1066 5375 Antiochus
1097 5309 1360 5375 Ascalonita
1377 5373 1389 5375 _
1403 5310 1512 5371 fuit,
1549 5311 1808 5375 docuitque
1830 5313 2133 5374 Cicesonem,

546 5361 1092 5438 \‘arronenytttcullum
1117 5361 1169 5422 el.
1191 5369 1310 5423 alios
1347 5361 1605 5438 [lerosque
1646 5361 1840 5438 nobiles
1876 5361 2137 5438 Romanos}

545 5433 946 5496 sequebaturque
967 5437 1203 5496 veterem
1243 5433 1558 5496 Academiam,
1583 5435 1673 5485 sed
1696 5438 1761 5486 ita
1785 5443 1840 5486 ut
1858 5435 1918 5484 ad
1939 5433 2138 5485 Zenoni;

545 5505 650 5541 eam
673 5495 1165 5556 sectam’ittcliuaret;
1193 5510 1399 5560 eamque
1441 5495 1665 5548 nontam
1688 5499 1888 5550 stoicam
1928 5496 2137 5560 discipli-

547 5566 658 5602 nam
679 5567 848 5632 novam
871 5559 1126 5632 vet-audam
1149 5558 1617 5632 autumabat,_qttam
1633 5562 1848 5632 antiquae
1873 5558 2136 5632 Academiae

546 5618 902 5682 mrrectionem
925 5631 945 5682 :7
965 5621 1140 5682 idcirco
1163 5621 1270 5682 ejus
1295 5618 1506 5670 Antiochi
1543 5627 1593 5670 et
1614 5622 1678 5670 de
1701 5618 1809 5675 aliis
1846 5622 1999 5670 rebus
2021 5633 2136 5681 pcr-

548 5677 715 5742 multis
737 5680 860 5742 etin
879 5681 1044 5740 primis
1064 5680 1128 5729 de
1151 5677 1339 5730 summo
1377 5684 1505 5732 bono
1527 5685 1772 5732 sententia
1803 5689 1953 5730 ttat-eo
1974 5677 2133 5742 Bruto,

546 5741 764 5809 qut_ejus
794 5740 992 5791 fratrem
1012 5743 1260 5802 audiebat,
1294 5747 1584 5809 ceterisque
1622 5746 1788 5795 Stoicis
1811 5740 2133 5795 vehementer

549 5803 862 5873 probabatur.
890 5810 999 5854 um.
1025 5812 1182 5855 \‘tvss.

627 6016 630 6018 ⁷
641 6017 686 6029 η.-

1521 311 1608 368 DE
1647 313 1966 372 CIVITATE
2005 312 2136 379 DEI,
2175 312 2230 370 S.
2273 314 2639 387 AUCUSTINI

2294 426 2347 478 2.
2377 428 2506 502 Quis
2527 427 2670 482 enim
2690 426 2905 499 sufficit,
2927 427 3208 498 quantovis
3228 427 3545 500 cloquentize
3566 427 3808 496 ﬂumine,

2221 518 2342 586 vita:
2380 519 2534 588 hujus
2576 520 2816 574 miserias
2855 511 3155 589 explicare?
3183 521 3350 587 Quam
3381 521 3703 576 lamentatus
3731 533 3814 577 est

2220 608 2410 666 Cicero
2449 612 2498 664 in
2528 610 2903 666 Consolatione
2933 612 2999 665 de
3028 621 3197 666 tnorle
3231 611 3381 678 ﬁlim,
3431 613 3567 668 sicut
3599 615 3769 682 potuit
3797 633 3812 669 :

2221 701 2315 755 sed
2347 710 2600 772 quantum
2632 711 2713 757 est
2739 701 2878 771 quod
2910 703 3115 774 potuit?
3145 703 3218 757 Ea
3245 703 3440 773 quippe
3469 719 3587 774 qua:
3616 705 3812 759 dicun-

2220 799 2308 845 tur
2337 792 2503 862 prima
2537 804 2737 848 natura:
2762 835 2777 858 ,
2807 794 3019 864 quando
3042 836 3056 859 ,
3092 794 3212 860 ubi,
3246 795 3514 866 quomodo
3537 806 3643 854 tam
3677 795 3816 852 bene

2219 896 2278 937 se
2305 882 2503 938 habere
2549 885 2599 938 itt
2645 882 2744 939 hac
2783 885 2886 938 vita
2921 893 3176 952 possunt,
3218 894 3277 939 ut
3317 901 3422 940 non
3466 889 3565 942 sub
3595 887 3816 943 incertis

2219 974 2434 1030 casibus
2473 975 2760 1032 ﬂuctuent?
2805 978 2932 1044 Quis
2975 978 3118 1032 enim
3162 976 3316 1051 dolor
3364 980 3669 1054 contrarius
3719 993 3816 1036 vo-

2220 1065 2406 1139 luptati
2428 1110 2442 1135 ,
2487 1085 2604 1139 qua:
2651 1057 2960 1142 inquietudo
2989 1071 3256 1132 contraria
3285 1071 3488 1140 quieti,
3531 1071 3583 1126 in
3612 1087 3810 1141 corpus

2220 1160 2412 1216 cadere
2452 1160 2705 1231 sapientis
2733 1179 2836 1216 non
2866 1149 3095 1232 potest?
3123 1163 3481 1218 Membrorum
3521 1174 3667 1220 certe
3697 1180 3816 1218 am-

2221 1253 2422 1322 putatio
2448 1254 2530 1308 vel
2554 1252 2800 1308 debilitas
2822 1253 3054 1315 hontinis
3074 1265 3338 1327 expugnat
3367 1256 3813 1324 incolumitatem,

2221 1341 2534 1398 deformitas
2575 1343 3064 1413 pulchritudinem,
3118 1345 3452 1402 imbecillitas
3498 1349 3814 1415 sanitatem,

2221 1433 2362 1487 vires
2409 1433 2684 1501 lassitudo,
2733 1435 3084 1491 mobilitatem
3142 1425 3357 1506 torpor,
3406 1447 3498 1493 aut
3541 1427 3814 1496 tarditas:

2225 1523 2413 1595 ecquid
2446 1525 2634 1580 horum
2666 1534 2748 1580 cst
2769 1568 2784 1594 ,
2816 1526 2958 1596 quod
2989 1538 3217 1598 nequeat
3245 1529 3298 1583 in
3322 1545 3537 1585 carnem
3564 1532 3818 1602 sapientis

2223 1615 2463 1672 irrucrc?
2512 1617 2692 1672 Status
2735 1635 2948 1690 quoque
2996 1624 3239 1691 corporis
3268 1631 3427 1693 atque
3458 1634 3668 1691 motus,
3695 1639 3817 1680 cum

2223 1705 2476 1762 decentes
2507 1716 2666 1777 atque
2693 1720 3045 1778 congruentes
3074 1719 3214 1775 sunt,
3251 1711 3390 1768 inter
3416 1721 3620 1768 natura:
3648 1713 3821 1792 prima

2225 1806 2600 1870 numerantur:
2623 1799 2713 1854 sed
2739 1801 2863 1870 quid
2886 1801 2928 1854 si
2951 1803 3123 1874 aliqua
3146 1802 3283 1856 mala
3306 1804 3553 1858 valetudo
3579 1806 3817 1860 membra

2227 1876 2462 1944 tremore
2508 1891 2811 1945 concutiat?
2860 1891 2985 1962 quid
3027 1892 3071 1946 si
3114 1908 3283 1966 usque
3325 1894 3392 1948 ad
3437 1895 3712 1966 ponendas
3765 1897 3816 1950 in

2226 1989 2422 2038 terram
2477 1997 2664 2038 manus
2713 1983 2858 2037 dorsi
2914 1983 3065 2052 spina
3122 1975 3405 2053 curvetur,
3452 1994 3508 2041 et
3545 1987 3817 2044 hominem

2226 2071 2625 2142 quodammodo
2681 2075 3080 2145 quadrupedem
3130 2076 3323 2132 l‘aciat?
3375 2093 3552 2133 nonne
3603 2095 3820 2152 omnem,

2231 2163 2497 2233 statuendi
2525 2165 2765 2235 corporis
2793 2175 2846 2222 et
2873 2166 3120 2222 movendi
3147 2171 3379 2243 speciem
3406 2168 3674 2238 decusque
3696 2159 3822 2241 peri

2227 2247 2446 2307 vertet?
2469 2253 2604 2320 Quid
2651 2248 2817 2324 ipsius
2857 2257 3020 2310 animi
3052 2257 3364 2329 primigenia
3395 2275 3514 2329 qua:
3539 2261 3817 2330 appellan-

2228 2351 2316 2398 tur
2361 2343 2495 2406 bona
2523 2386 2537 2407 ,
2589 2344 2681 2416 ubi
2725 2345 2832 2410 duo
2876 2347 3043 2418 prima
3089 2357 3289 2417 ponunt
3331 2361 3543 2420 propter
3567 2365 3814 2421 compre-

2229 2421 2544 2488 hensionem
2598 2420 3100 2508 perceptionemque
3155 2437 3431 2506 veritatis,
3490 2420 3707 2494 sensum
3762 2449 3820 2497 et

2232 2521 2596 2578 intellectum?
2630 2525 2733 2580 Sed
2765 2528 2934 2596 qualis
2961 2535 3295 2598 quantusque
3320 2539 3558 2584 remanet
3595 2545 3814 2598 sensus,

2229 2614 2299 2680 si,
2333 2609 2516 2692 utalia
2549 2623 2750 2670 taceam
2777 2658 2791 2680 ,
2823 2617 2912 2671 liat
2942 2618 3101 2692 homo
3128 2619 3323 2685 surdus
3347 2629 3400 2674 et
3428 2621 3636 2684 caseus?
3665 2621 3819 2678 Ratio

2228 2714 2384 2758 vero’
2408 2714 2462 2760 et
2509 2706 2849 2776 intelligentia
2896 2724 3000 2778 quo
3036 2709 3268 2774 ret-edet,
3314 2711 3401 2763 ubi
3450 2712 3730 2782 sopietur,
3772 2713 3817 2768 si

2231 2796 2409 2866 aliquo
2461 2797 2648 2852 morbo
2697 2798 2960 2854 efliciatur
3006 2801 3260 2855 insanus?
3306 2801 3608 2857 Phrenctici
3655 2803 3818 2858 multa

2231 2888 2459 2944 absurda
2503 2906 2622 2946 cum
2650 2891 2831 2946 dicunt
2851 2933 2866 2958 ,
2908 2893 2989 2946 vel
3020 2892 3250 2956 iaciunt,
3283 2879 3596 2963 plerumque
3621 2909 3652 2948 a
3681 2895 3820 2950 bono

2232 2993 2330 3034 suo
2362 2982 2634 3050 proposito
2664 2991 2717 3036 et
2743 2981 2980 3036 moribus
3023 2983 3224 3047 aliena,
3261 2983 3366 3036 imo
3395 2998 3493 3037 suo
3519 2983 3662 3037 bono
3693 2999 3818 3054 pro-

2233 3075 2406 3144 posito
2435 3074 2777 3143 moribusque
2798 3075 3085 3136 contraria.
3115 3074 3225 3129 sive
3254 3075 3339 3128 illa
3368 3076 3684 3144 cogitemus,
3707 3077 3821 3132 sive

2231 3165 2539 3232 videamus,
2590 3166 2634 3220 si
2673 3165 2832 3235 digne
2861 3165 3258 3220 consideremus
3282 3207 3297 3231 ,
3343 3166 3608 3238 lacrymas
3635 3175 3823 3222 tenere

2232 3258 2317 3311 vix
2353 3271 2634 3326 possumus
2658 3299 2672 3324 ,
2702 3267 2793 3310 aut
2823 3255 2955 3311 forte
2986 3271 3083 3310 nec
3115 3258 3450 3325 βο›ειιιι]ιιε¹.
3481 3256 3615 3324 Quid
3642 3257 3823 3318 dicam

2233 3347 2301 3403 de
2330 3347 2432 3411 Itis,
2457 3349 2543 3418 qui
2574 3347 2873 3402 daemonum
2902 3347 3173 3417 patiuntur
3197 3347 3471 3402 incursus?
3493 3348 3580 3401 ubi
3612 3347 3821 3404 habent

2231 3438 2596 3499 absconditam
2621 3440 2704 3496 vel
2726 3440 2966 3495 obrutam
2995 3439 3396 3511 intelligen'iam
3417 3455 3588 3505 suam,
3608 3439 3823 3510 quando

2234 3530 2526 3587 secundum
2566 3546 2714 3585 suam
2747 3521 3067 3590 voluntatem
3095 3542 3149 3586 et
3177 3532 3350 3586 anima
3380 3548 3564 3587 eorum
3606 3542 3661 3588 et
3697 3548 3822 3588 cor-

2235 3637 2366 3695 pore
2407 3624 2670 3694 malignus
2713 3623 2878 3678 utitur
2903 3625 3162 3692 Spiritus?
3206 3624 3274 3678 Et
3321 3626 3440 3695 quis
3478 3627 3696 3680 conlidit
3723 3626 3824 3684 hoc

2235 3701 2434 3770 malum
2466 3716 2517 3770 itt
2546 3715 2644 3768 hac
2660 3716 2766 3769 vita
2787 3715 3005 3769 evenire
3032 3731 3134 3769 non
3161 3730 3316 3785 posse
3333 3717 3596 3786 sapienti?
3623 3717 3822 3774 Deinde

2234 3808 2510 3880 perceptio
2535 3807 2772 3862 veritatis
2801 3807 2851 3860 in
2883 3805 2979 3860 hac
3009 3821 3168 3860 carne
3195 3807 3366 3876 qualis
3387 3817 3479 3860 aut
3497 3818 3692 3878 quanta
3715 3817 3818 3875 est,

2233 3897 2480 3968 quando,
2533 3896 2669 3952 sicut
2713 3896 2938 3968 legimus
2988 3896 3042 3950 in
3091 3898 3266 3951 veraci
3319 3897 3452 3951 libro
3503 3897 3822 3967 Sapientiae,

2235 3989 2430 4062 Corpus
2454 3990 2779 4058 corruptibilc
2816 3999 3057 4063 aggrarat
3097 3989 3340 4054 animant,
3384 3998 3430 4043 et
3458 3989 3692 4059 deprimit
3724 3999 3826 4044 ter-

2235 4100 2357 4138 rena
2383 4084 2679 4155 inhabitatio
2701 4073 2898 4139 sensum
2922 4083 3077 4138 multa
3100 4083 3402 4152 cogitantem
3420 4081 3574 4152 (Sap.
3601 4097 3674 4149 Ix,
3698 4081 3828 4152 15)?

2237 4173 2468 4244 impetus
2509 4188 2669 4243 porro
2707 4173 2788 4228 vel
2832 4173 3056 4242 actionis
3091 4173 3386 4243 appetitus,
3427 4174 3471 4226 si
3515 4173 3618 4228 hoc
3662 4174 3831 4230 modo

2235 4275 2382 4321 recte
2421 4265 2584 4319 latine
2627 4263 2924 4334 appellatur
2953 4278 3014 4318 ea
3045 4255 3202 4338 quam
3231 4261 3402 4336 Graeci
3435 4273 3625 4318 vocant
3653 4269 3830 4333 ὁρμήν,

2235 4356 2357 4426 quia
2375 4367 2425 4410 et
2445 4357 2610 4425 ipsam
2636 4353 2820 4425 primis
2848 4364 3049 4408 natura:
3075 4349 3334 4424 deputant
3358 4354 3509 4408 bonis
3528 4354 3627 4424 (a),
3647 4369 3832 4411 nonne

2236 4448 2352 4518 ipse
2380 4459 2492 4516 est,
2536 4463 2643 4520 quo
2669 4457 2926 4518 geruntur
2948 4448 3109 4522 etiam
3142 4447 3449 4501 insanorum
3480 4447 3554 4500 illi
3596 4447 3832 4502 misera-

2236 4542 2373 4607 biles
2401 4553 2576 4597 motus
2595 4553 2704 4620 ,_et__
2723 4524 2859 4596 facta
2889 4557 3008 4613 quae
3033 4540 3337 4620 horremus,
3369 4539 3581 4610 quando
3605 4556 3835 4612 perver-

2237 4635 2366 4688 titur
2392 4649 2579 4689 sensus
2607 4617 2849 4702 ratioque
2873 4618 3117 4702 sopitur?

2308 4729 2361 4783 ὅ.
2395 4727 2559 4781 Porro
2588 4727 2700 4796 ipsa
2730 4726 2899 4782 vit-tus
2920 4767 2937 4791 ,
2979 4740 3098 4796 qua:
3124 4738 3229 4800 non
3256 4732 3336 4784 est
3366 4723 3504 4778 inter
3534 4723 3712 4793 prima
3740 4738 3839 4778 na-

2237 4829 2368 4878 turae
2389 4861 2404 4886 ,
2447 4819 2698 4890 quoniam
2726 4817 2806 4873 eis
2835 4827 3017 4888 postea
3057 4815 3298 4878 doctrina
3327 4813 3703 4883 introducente
3733 4829 3837 4869 suo

2238 4912 2512 4983 pervenit,
2544 4926 2666 4965 cum
2693 4907 2794 4964 sibi
2832 4909 3091 4988 bonorum
3119 4906 3331 4962 culmen
3357 4904 3593 4960 vindicet
3635 4904 3843 4959 huma-

2238 5019 2450 5072 norum,
2482 5002 2610 5078 quid
2652 5001 2739 5056 hic
2768 5001 2873 5075 agit
2902 5001 3002 5054 nisi
3033 5007 3289 5070 perpetua
3317 4996 3458 5053 bella
3487 5009 3608 5052 cum
3640 4996 3801 5052 vitiis
3822 5035 3842 5062 ,

2238 5111 2340 5152 nec
2364 5093 2752 5159 exterioribus,
2793 5088 2887 5149 sed
2936 5089 3308 5158 interioribus;
3338 5101 3437 5142 nec
3461 5084 3650 5141 alienis
3669 5127 3696 5152 ,
3741 5084 3847 5141 sed

2238 5185 2397 5260 plane
2439 5185 2635 5241 nostris
2673 5193 2727 5238 et
2766 5182 3025 5257 propriis;
3069 5181 3299 5246 maxime
3336 5179 3445 5243 illa,
3487 5191 3607 5249 quas
3655 5192 3849 5248 gnsco

2237 5285 2524 5352 σοιῖροσὺνη,
2552 5277 2714 5333 latine
2735 5274 3081 5346 temperantia
3107 5273 3435 5348 nominatur,
3457 5285 3559 5342 qua
3582 5271 3852 5327 carnales

2238 5349 2518 5434 frenantur
2563 5355 2830 5437 libidines,
2878 5385 2944 5425 ne
2989 5371 3041 5423 in
3085 5382 3310 5438 quaeque
3357 5365 3551 5435 ﬂagitia
3590 5373 3853 5420 utentem

2306 5594 2322 5625 ι
2355 5591 2460 5642 Sola
2499 5590 2648 5642 editio
2685 5589 3048 5640 tovauiensium
3091 5587 3284 5649 omittit,
3315 5590 3399 5636 aut
3429 5585 3552 5648 forte
3582 5595 3679 5634 nec
3732 5597 3856 5650 pes-

2237 5668 2528 5802 conl'.
2552 5737 2703 5802 cicer.
2729 5737 2813 5787 lib.
2831 5737 2864 5787 ὕ
2883 5735 2947 5786 de
2967 5735 3177 5796 Finibus,
3196 5744 3301 5798 cap.
3327 5729 3377 5792 ε,
3402 5735 3454 5781 et
3474 5727 3559 5778 ἶίϋ.
3584 5724 3617 5779 Ξ
3637 5729 3713 5781 de
3741 5739 3856 5783 Nat.

2240 5800 2398 5865 dCOl'.,
2417 5814 2521 5865 cap.
2549 5800 2624 5849 22.
