  <div class='ocr_page' id='page_1' title='image "/cluster/home/n/w/nwhite01/storage/ocr_20150623/41/hvd.32044015706344/320.png"; bbox 0 0 4062 6514; ppageno 0'>
   <div class='ocr_carea' id='block_1_1' title="bbox 235 383 1825 462">
    <p class='ocr_par' dir='ltr' id='par_1_1' title="bbox 235 383 1825 446">
     <span class='ocr_line' id='line_1_1' title="bbox 235 383 1825 446; baseline -0.003 -4"><span class='ocrx_word' id='word_1_1' title='bbox 235 383 332 442; x_wconf 64' lang='grc' dir='ltr'><strong>6Ξ9</strong></span> <span class='ocrx_word' id='word_1_2' title='bbox 1425 389 1624 446; x_wconf 71' lang='lat' dir='ltr'><strong>LIBER</strong></span> <span class='ocrx_word' id='word_1_3' title='bbox 1665 385 1825 442; x_wconf 75' lang='lat' dir='ltr'><strong>DECII</strong></span> 
     </span>
    </p>
   </div>
   <div class='ocr_carea' id='block_1_2' title="bbox 1930 383 2233 462">
    <p class='ocr_par' dir='ltr' id='par_1_2' title="bbox 1930 383 2233 445">
     <span class='ocr_line' id='line_1_2' title="bbox 1930 383 2233 445; baseline 0.007 -5"><span class='ocrx_word' id='word_1_4' title='bbox 1930 383 1956 440; x_wconf 83' lang='lat'><strong>5</strong></span> <span class='ocrx_word' id='word_1_5' title='bbox 1991 386 2233 445; x_wconf 67' lang='lat' dir='ltr'><strong>NONUS.</strong></span> 
     </span>
    </p>
   </div>
   <div class='ocr_carea' id='block_1_3' title="bbox 231 501 1814 577">
    <p class='ocr_par' dir='ltr' id='par_1_3' title="bbox 231 501 1814 577">
     <span class='ocr_line' id='line_1_3' title="bbox 231 501 1814 577; baseline 0 -19"><span class='ocrx_word' id='word_1_6' title='bbox 231 501 658 560; x_wconf 74' lang='lat' dir='ltr'><strong>consentientem</strong></span> <span class='ocrx_word' id='word_1_7' title='bbox 697 501 910 560; x_wconf 81' lang='lat' dir='ltr'><strong>trahant</strong></span> <span class='ocrx_word' id='word_1_8' title='bbox 941 505 1052 577; x_wconf 79' lang='lat' dir='ltr'><strong>(a)?</strong></span> <span class='ocrx_word' id='word_1_9' title='bbox 1097 505 1280 576; x_wconf 79' lang='lat' dir='ltr'><strong>Neque</strong></span> <span class='ocrx_word' id='word_1_10' title='bbox 1323 507 1464 561; x_wconf 89' lang='lat' dir='ltr'><strong>cnim</strong></span> <span class='ocrx_word' id='word_1_11' title='bbox 1496 507 1692 562; x_wconf 89' lang='lat' dir='ltr'><strong>nullum</strong></span> <span class='ocrx_word' id='word_1_12' title='bbox 1732 513 1814 560; x_wconf 91' lang='lat' dir='ltr'><strong>est</strong></span> 
     </span>
    </p>
   </div>
   <div class='ocr_carea' id='block_1_4' title="bbox 235 591 1816 666">
    <p class='ocr_par' dir='ltr' id='par_1_4' title="bbox 235 591 1816 666">
     <span class='ocr_line' id='line_1_4' title="bbox 235 591 1816 666; baseline 0.002 -20"><span class='ocrx_word' id='word_1_13' title='bbox 235 591 418 656; x_wconf 82' lang='lat' dir='ltr'><strong>vitium</strong></span> <span class='ocrx_word' id='word_1_14' title='bbox 443 635 460 660; x_wconf 94' lang='lat'><strong>,</strong></span> <span class='ocrx_word' id='word_1_15' title='bbox 493 609 638 659; x_wconf 88' lang='lat' dir='ltr'><strong>cum,</strong></span> <span class='ocrx_word' id='word_1_16' title='bbox 683 593 817 654; x_wconf 87' lang='lat' dir='ltr'><strong>sicut</strong></span> <span class='ocrx_word' id='word_1_17' title='bbox 845 595 973 650; x_wconf 91' lang='lat' dir='ltr'><strong>dicit</strong></span> <span class='ocrx_word' id='word_1_18' title='bbox 1001 596 1280 664; x_wconf 83' lang='lat' dir='ltr'><strong>Apostolus</strong></span> <span class='ocrx_word' id='word_1_19' title='bbox 1303 636 1318 662; x_wconf 91' lang='lat'><strong>,</strong></span> <span class='ocrx_word' id='word_1_20' title='bbox 1352 595 1482 651; x_wconf 83' lang='lat' dir='ltr'><strong>Caro</strong></span> <span class='ocrx_word' id='word_1_21' title='bbox 1507 595 1816 666; x_wconf 77' lang='lat' dir='ltr'><strong>concupiscit</strong></span> 
     </span>
    </p>
   </div>
   <div class='ocr_carea' id='block_1_5' title="bbox 233 683 1815 756">
    <p class='ocr_par' dir='ltr' id='par_1_5' title="bbox 233 683 1815 756">
     <span class='ocr_line' id='line_1_5' title="bbox 233 683 1815 756; baseline 0.004 -20"><span class='ocrx_word' id='word_1_22' title='bbox 233 683 474 738; x_wconf 74' lang='lat' dir='ltr'><strong>adversus</strong></span> <span class='ocrx_word' id='word_1_23' title='bbox 514 686 745 755; x_wconf 72' lang='lat' dir='ltr'><strong>spiritum</strong></span> <span class='ocrx_word' id='word_1_24' title='bbox 766 687 882 741; x_wconf 88' lang='lat' dir='ltr'><strong>:cui</strong></span> <span class='ocrx_word' id='word_1_25' title='bbox 912 687 1038 742; x_wconf 82' lang='lat' dir='ltr'><strong>vitio</strong></span> <span class='ocrx_word' id='word_1_26' title='bbox 1066 689 1328 742; x_wconf 87' lang='lat' dir='ltr'><strong>contraria</strong></span> <span class='ocrx_word' id='word_1_27' title='bbox 1357 691 1521 744; x_wconf 88' lang='lat' dir='ltr'><strong>virtus</strong></span> <span class='ocrx_word' id='word_1_28' title='bbox 1553 699 1654 754; x_wconf 85' lang='lat' dir='ltr'><strong>est,</strong></span> <span class='ocrx_word' id='word_1_29' title='bbox 1674 703 1815 756; x_wconf 88' lang='lat' dir='ltr'><strong>cum,</strong></span> 
     </span>
    </p>
   </div>
   <div class='ocr_carea' id='block_1_6' title="bbox 235 773 1814 850">
    <p class='ocr_par' dir='ltr' id='par_1_6' title="bbox 235 773 1814 850">
     <span class='ocr_line' id='line_1_6' title="bbox 235 773 1814 850; baseline 0.004 -22"><span class='ocrx_word' id='word_1_30' title='bbox 235 773 368 828; x_wconf 83' lang='lat' dir='ltr'><strong>sicut</strong></span> <span class='ocrx_word' id='word_1_31' title='bbox 393 773 538 830; x_wconf 89' lang='lat' dir='ltr'><strong>idem</strong></span> <span class='ocrx_word' id='word_1_32' title='bbox 563 775 710 839; x_wconf 87' lang='lat' dir='ltr'><strong>dicit.</strong></span> <span class='ocrx_word' id='word_1_33' title='bbox 740 775 968 846; x_wconf 74' lang='lat' dir='ltr'><strong>Spiritus</strong></span> <span class='ocrx_word' id='word_1_34' title='bbox 997 780 1303 850; x_wconf 64' lang='lat' dir='ltr'><strong>concupiscit</strong></span> <span class='ocrx_word' id='word_1_35' title='bbox 1330 781 1570 834; x_wconf 79' lang='lat' dir='ltr'><strong>adversus</strong></span> <span class='ocrx_word' id='word_1_36' title='bbox 1592 797 1814 836; x_wconf 83' lang='lat' dir='ltr'><strong>carnem.</strong></span> 
     </span>
    </p>
   </div>
   <div class='ocr_carea' id='block_1_7' title="bbox 238 863 1822 942">
    <p class='ocr_par' dir='ltr' id='par_1_7' title="bbox 238 863 1822 942">
     <span class='ocr_line' id='line_1_7' title="bbox 238 863 1822 942; baseline 0.007 -24"><span class='ocrx_word' id='word_1_37' title='bbox 238 863 365 918; x_wconf 77' lang='lat' dir='ltr'><strong>Ha&#39;c</strong></span> <span class='ocrx_word' id='word_1_38' title='bbox 390 867 548 930; x_wconf 82' lang='lat' dir='ltr'><strong>enim,</strong></span> <span class='ocrx_word' id='word_1_39' title='bbox 577 867 765 936; x_wconf 85' lang='lat' dir='ltr'><strong>inquit,</strong></span> <span class='ocrx_word' id='word_1_40' title='bbox 791 870 1002 924; x_wconf 78' lang='lat' dir='ltr'><strong>invicem</strong></span> <span class='ocrx_word' id='word_1_41' title='bbox 1029 872 1394 938; x_wconf 66' lang='lat' dir='ltr'><strong>adversantur;</strong></span> <span class='ocrx_word' id='word_1_42' title='bbox 1417 883 1470 926; x_wconf 88' lang='lat' dir='ltr'><strong>ut</strong></span> <span class='ocrx_word' id='word_1_43' title='bbox 1497 890 1598 928; x_wconf 82' lang='lat' dir='ltr'><strong>non</strong></span> <span class='ocrx_word' id='word_1_44' title='bbox 1627 890 1684 926; x_wconf 81' lang='lat' dir='ltr'><strong>ea</strong></span> <span class='ocrx_word' id='word_1_45' title='bbox 1709 889 1822 942; x_wconf 74' lang='lat' dir='ltr'><strong>qua:</strong></span> 
     </span>
    </p>
   </div>
   <div class='ocr_carea' id='block_1_8' title="bbox 235 957 1820 1034">
    <p class='ocr_par' dir='ltr' id='par_1_8' title="bbox 235 957 1820 1034">
     <span class='ocr_line' id='line_1_8' title="bbox 235 957 1820 1034; baseline 0.005 -24"><span class='ocrx_word' id='word_1_46' title='bbox 235 957 382 1024; x_wconf 70' lang='lat' dir='ltr'><strong>ruitis</strong></span> <span class='ocrx_word' id='word_1_47' title='bbox 421 957 630 1026; x_wconf 73' lang='lat' dir='ltr'><strong>faciatis</strong></span> <span class='ocrx_word' id='word_1_48' title='bbox 659 957 853 1032; x_wconf 79' lang='lat' dir='ltr'><strong>(Gatut.</strong></span> <span class='ocrx_word' id='word_1_49' title='bbox 883 977 936 1026; x_wconf 89' lang='lat' dir='ltr'><strong>v,</strong></span> <span class='ocrx_word' id='word_1_50' title='bbox 971 961 1078 1034; x_wconf 85' lang='lat' dir='ltr'><strong>l7).</strong></span> <span class='ocrx_word' id='word_1_51' title='bbox 1107 963 1240 1030; x_wconf 82' lang='lat' dir='ltr'><strong>Quid</strong></span> <span class='ocrx_word' id='word_1_52' title='bbox 1268 973 1444 1020; x_wconf 88' lang='lat' dir='ltr'><strong>autem</strong></span> <span class='ocrx_word' id='word_1_53' title='bbox 1473 963 1646 1024; x_wconf 86' lang='lat' dir='ltr'><strong>facere</strong></span> <span class='ocrx_word' id='word_1_54' title='bbox 1671 965 1820 1018; x_wconf 88' lang='lat' dir='ltr'><strong>volu-</strong></span> 
     </span>
    </p>
   </div>
   <div class='ocr_carea' id='block_1_9' title="bbox 236 1051 1821 1124">
    <p class='ocr_par' dir='ltr' id='par_1_9' title="bbox 236 1051 1821 1124">
     <span class='ocr_line' id='line_1_9' title="bbox 236 1051 1821 1124; baseline 0.005 -20"><span class='ocrx_word' id='word_1_55' title='bbox 236 1064 372 1116; x_wconf 87' lang='lat' dir='ltr'><strong>mus,</strong></span> <span class='ocrx_word' id='word_1_56' title='bbox 403 1064 528 1110; x_wconf 87' lang='lat' dir='ltr'><strong>cum</strong></span> <span class='ocrx_word' id='word_1_57' title='bbox 556 1051 738 1121; x_wconf 79' lang='lat' dir='ltr'><strong>perlici</strong></span> <span class='ocrx_word' id='word_1_58' title='bbox 767 1053 1012 1109; x_wconf 75' lang='lat' dir='ltr'><strong>Volumus</strong></span> <span class='ocrx_word' id='word_1_59' title='bbox 1041 1055 1198 1110; x_wconf 91' lang='lat' dir='ltr'><strong>ﬁnem</strong></span> <span class='ocrx_word' id='word_1_60' title='bbox 1226 1057 1420 1116; x_wconf 86' lang='lat' dir='ltr'><strong>summi</strong></span> <span class='ocrx_word' id='word_1_61' title='bbox 1449 1059 1570 1112; x_wconf 90' lang='lat' dir='ltr'><strong>boni</strong></span> <span class='ocrx_word' id='word_1_62' title='bbox 1591 1100 1607 1124; x_wconf 91' lang='lat'><strong>,</strong></span> <span class='ocrx_word' id='word_1_63' title='bbox 1637 1058 1735 1112; x_wconf 86' lang='lat' dir='ltr'><strong>nisi</strong></span> <span class='ocrx_word' id='word_1_64' title='bbox 1765 1065 1821 1112; x_wconf 90' lang='grc' dir='ltr'><strong>ιιι</strong></span> 
     </span>
    </p>
   </div>
   <div class='ocr_carea' id='block_1_10' title="bbox 237 1141 1818 1218">
    <p class='ocr_par' dir='ltr' id='par_1_10' title="bbox 237 1141 1818 1218">
     <span class='ocr_line' id='line_1_10' title="bbox 237 1141 1818 1218; baseline 0.004 -20"><span class='ocrx_word' id='word_1_65' title='bbox 237 1156 358 1198; x_wconf 87' lang='lat' dir='ltr'><strong>caro</strong></span> <span class='ocrx_word' id='word_1_66' title='bbox 385 1141 652 1198; x_wconf 86' lang='lat' dir='ltr'><strong>adversus</strong></span> <span class='ocrx_word' id='word_1_67' title='bbox 691 1146 934 1214; x_wconf 91' lang='lat' dir='ltr'><strong>spiritum</strong></span> <span class='ocrx_word' id='word_1_68' title='bbox 965 1163 1070 1202; x_wconf 89' lang='lat' dir='ltr'><strong>non</strong></span> <span class='ocrx_word' id='word_1_69' title='bbox 1098 1149 1478 1218; x_wconf 87' lang='lat' dir='ltr'><strong>concupiscat,</strong></span> <span class='ocrx_word' id='word_1_70' title='bbox 1525 1164 1624 1204; x_wconf 87' lang='lat' dir='ltr'><strong>nec</strong></span> <span class='ocrx_word' id='word_1_71' title='bbox 1660 1151 1726 1204; x_wconf 88' lang='lat' dir='ltr'><strong>sit</strong></span> <span class='ocrx_word' id='word_1_72' title='bbox 1768 1149 1818 1205; x_wconf 90' lang='lat' dir='ltr'><strong>in</strong></span> 
     </span>
    </p>
   </div>
   <div class='ocr_carea' id='block_1_11' title="bbox 237 1231 1820 1310">
    <p class='ocr_par' dir='ltr' id='par_1_11' title="bbox 237 1231 1820 1310">
     <span class='ocr_line' id='line_1_11' title="bbox 237 1231 1820 1310; baseline 0.005 -24"><span class='ocrx_word' id='word_1_73' title='bbox 237 1231 387 1286; x_wconf 90' lang='lat' dir='ltr'><strong>nobis</strong></span> <span class='ocrx_word' id='word_1_74' title='bbox 415 1231 520 1290; x_wconf 84' lang='lat' dir='ltr'><strong>ltoc</strong></span> <span class='ocrx_word' id='word_1_75' title='bbox 549 1233 732 1288; x_wconf 84' lang='lat' dir='ltr'><strong>vitium</strong></span> <span class='ocrx_word' id='word_1_76' title='bbox 756 1277 772 1300; x_wconf 91' lang='lat'><strong>,</strong></span> <span class='ocrx_word' id='word_1_77' title='bbox 815 1245 1000 1296; x_wconf 84' lang='lat' dir='ltr'><strong>contra</strong></span> <span class='ocrx_word' id='word_1_78' title='bbox 1028 1239 1166 1306; x_wconf 85' lang='lat' dir='ltr'><strong>quod</strong></span> <span class='ocrx_word' id='word_1_79' title='bbox 1198 1240 1414 1308; x_wconf 80' lang='lat' dir='ltr'><strong>spiritus</strong></span> <span class='ocrx_word' id='word_1_80' title='bbox 1443 1241 1820 1310; x_wconf 87' lang='lat' dir='ltr'><strong>concupiscat?</strong></span> 
     </span>
    </p>
   </div>
   <div class='ocr_carea' id='block_1_12' title="bbox 235 1321 1822 1400">
    <p class='ocr_par' dir='ltr' id='par_1_12' title="bbox 235 1321 1822 1400">
     <span class='ocr_line' id='line_1_12' title="bbox 235 1321 1822 1400; baseline 0.008 -24"><span class='ocrx_word' id='word_1_81' title='bbox 235 1321 382 1391; x_wconf 87' lang='lat' dir='ltr'><strong>Quod</strong></span> <span class='ocrx_word' id='word_1_82' title='bbox 415 1324 468 1377; x_wconf 90' lang='lat' dir='ltr'><strong>in</strong></span> <span class='ocrx_word' id='word_1_83' title='bbox 505 1323 606 1379; x_wconf 85' lang='lat' dir='ltr'><strong>bac</strong></span> <span class='ocrx_word' id='word_1_84' title='bbox 633 1327 738 1380; x_wconf 86' lang='lat' dir='ltr'><strong>vita</strong></span> <span class='ocrx_word' id='word_1_85' title='bbox 779 1329 1024 1398; x_wconf 75' lang='lat' dir='ltr'><strong>quamvis</strong></span> <span class='ocrx_word' id='word_1_86' title='bbox 1067 1329 1311 1396; x_wconf 72' lang='lat' dir='ltr'><strong>velimus,</strong></span> <span class='ocrx_word' id='word_1_87' title='bbox 1355 1331 1616 1400; x_wconf 70' lang='lat' dir='ltr'><strong>quoniam,</strong></span> <span class='ocrx_word' id='word_1_88' title='bbox 1647 1332 1822 1388; x_wconf 85' lang='lat' dir='ltr'><strong>facere</strong></span> 
     </span>
    </p>
   </div>
   <div class='ocr_carea' id='block_1_13' title="bbox 237 1417 1822 1491">
    <p class='ocr_par' dir='ltr' id='par_1_13' title="bbox 237 1417 1822 1491">
     <span class='ocr_line' id='line_1_13' title="bbox 237 1417 1822 1491; baseline 0.007 -23"><span class='ocrx_word' id='word_1_89' title='bbox 237 1431 338 1470; x_wconf 88' lang='lat' dir='ltr'><strong>non</strong></span> <span class='ocrx_word' id='word_1_90' title='bbox 367 1417 638 1484; x_wconf 84' lang='lat' dir='ltr'><strong>valemus,</strong></span> <span class='ocrx_word' id='word_1_91' title='bbox 671 1419 722 1473; x_wconf 90' lang='lat' dir='ltr'><strong>id</strong></span> <span class='ocrx_word' id='word_1_92' title='bbox 750 1419 937 1474; x_wconf 78' lang='lat' dir='ltr'><strong>saltem</strong></span> <span class='ocrx_word' id='word_1_93' title='bbox 969 1421 1020 1475; x_wconf 90' lang='lat' dir='ltr'><strong>in</strong></span> <span class='ocrx_word' id='word_1_94' title='bbox 1047 1421 1308 1491; x_wconf 72' lang='lat' dir='ltr'><strong>adiutorio</strong></span> <span class='ocrx_word' id='word_1_95' title='bbox 1335 1423 1426 1478; x_wconf 93' lang='lat' dir='ltr'><strong>Dei</strong></span> <span class='ocrx_word' id='word_1_96' title='bbox 1452 1425 1723 1488; x_wconf 86' lang='lat' dir='ltr'><strong>faciamus,</strong></span> <span class='ocrx_word' id='word_1_97' title='bbox 1757 1439 1822 1479; x_wconf 88' lang='lat' dir='ltr'><strong>ne</strong></span> 
     </span>
    </p>
   </div>
   <div class='ocr_carea' id='block_1_14' title="bbox 235 1499 1822 1584">
    <p class='ocr_par' dir='ltr' id='par_1_14' title="bbox 235 1499 1822 1584">
     <span class='ocr_line' id='line_1_14' title="bbox 235 1499 1822 1584; baseline 0.006 -24"><span class='ocrx_word' id='word_1_98' title='bbox 235 1508 380 1560; x_wconf 88' lang='lat' dir='ltr'><strong>carni</strong></span> <span class='ocrx_word' id='word_1_99' title='bbox 411 1509 809 1578; x_wconf 84' lang='lat' dir='ltr'><strong>concupiscenti</strong></span> <span class='ocrx_word' id='word_1_100' title='bbox 853 1511 1111 1566; x_wconf 84' lang='lat' dir='ltr'><strong>adversus</strong></span> <span class='ocrx_word' id='word_1_101' title='bbox 1144 1513 1416 1583; x_wconf 77' lang='lat' dir='ltr'><strong>spiritum,</strong></span> <span class='ocrx_word' id='word_1_102' title='bbox 1466 1499 1656 1584; x_wconf 82' lang='lat' dir='ltr'><strong>spiritu</strong></span> <span class='ocrx_word' id='word_1_103' title='bbox 1699 1530 1822 1570; x_wconf 87' lang='lat' dir='ltr'><strong>suc-</strong></span> 
     </span>
    </p>
   </div>
   <div class='ocr_carea' id='block_1_15' title="bbox 235 1597 1820 1675">
    <p class='ocr_par' dir='ltr' id='par_1_15' title="bbox 235 1597 1820 1675">
     <span class='ocr_line' id='line_1_15' title="bbox 235 1597 1820 1675; baseline 0.004 -25"><span class='ocrx_word' id='word_1_104' title='bbox 235 1597 525 1656; x_wconf 87' lang='lat' dir='ltr'><strong>cumbente</strong></span> <span class='ocrx_word' id='word_1_105' title='bbox 557 1599 846 1668; x_wconf 88' lang='lat' dir='ltr'><strong>cedamus,</strong></span> <span class='ocrx_word' id='word_1_106' title='bbox 887 1609 940 1655; x_wconf 89' lang='lat' dir='ltr'><strong>et</strong></span> <span class='ocrx_word' id='word_1_107' title='bbox 983 1601 1046 1655; x_wconf 88' lang='lat' dir='ltr'><strong>ad</strong></span> <span class='ocrx_word' id='word_1_108' title='bbox 1095 1604 1501 1671; x_wconf 81' lang='lat' dir='ltr'><strong>perpetrandum</strong></span> <span class='ocrx_word' id='word_1_109' title='bbox 1549 1613 1820 1675; x_wconf 78' lang='lat' dir='ltr'><strong>pec;atum</strong></span> 
     </span>
    </p>
   </div>
   <div class='ocr_carea' id='block_1_16' title="bbox 237 1688 1823 1764">
    <p class='ocr_par' dir='ltr' id='par_1_16' title="bbox 237 1688 1823 1764">
     <span class='ocr_line' id='line_1_16' title="bbox 237 1688 1823 1764; baseline 0.005 -24"><span class='ocrx_word' id='word_1_110' title='bbox 237 1695 418 1740; x_wconf 85' lang='lat' dir='ltr'><strong>nostra</strong></span> <span class='ocrx_word' id='word_1_111' title='bbox 441 1688 797 1744; x_wconf 87' lang='lat' dir='ltr'><strong>consensione</strong></span> <span class='ocrx_word' id='word_1_112' title='bbox 821 1689 1210 1758; x_wconf 85' lang='lat' dir='ltr'><strong>pertrahamur.</strong></span> <span class='ocrx_word' id='word_1_113' title='bbox 1229 1693 1380 1747; x_wconf 85' lang='lat' dir='ltr'><strong>Absit</strong></span> <span class='ocrx_word' id='word_1_114' title='bbox 1395 1709 1522 1763; x_wconf 79' lang='lat' dir='ltr'><strong>ergo</strong></span> <span class='ocrx_word' id='word_1_115' title='bbox 1537 1703 1613 1758; x_wconf 88' lang='lat' dir='ltr'><strong>ut,</strong></span> <span class='ocrx_word' id='word_1_116' title='bbox 1639 1709 1823 1764; x_wconf 82' lang='lat' dir='ltr'><strong>quatu-</strong></span> 
     </span>
    </p>
   </div>
   <div class='ocr_carea' id='block_1_17' title="bbox 237 1777 1824 1855">
    <p class='ocr_par' dir='ltr' id='par_1_17' title="bbox 237 1777 1824 1855">
     <span class='ocr_line' id='line_1_17' title="bbox 237 1777 1824 1855; baseline 0.005 -23"><span class='ocrx_word' id='word_1_117' title='bbox 237 1777 324 1832; x_wconf 86' lang='lat' dir='ltr'><strong>diu</strong></span> <span class='ocrx_word' id='word_1_118' title='bbox 355 1777 411 1832; x_wconf 90' lang='lat' dir='ltr'><strong>in</strong></span> <span class='ocrx_word' id='word_1_119' title='bbox 441 1778 546 1834; x_wconf 83' lang='lat' dir='ltr'><strong>ltoc</strong></span> <span class='ocrx_word' id='word_1_120' title='bbox 575 1779 716 1836; x_wconf 87' lang='lat' dir='ltr'><strong>bello</strong></span> <span class='ocrx_word' id='word_1_121' title='bbox 759 1782 1010 1837; x_wconf 90' lang='lat' dir='ltr'><strong>intestino</strong></span> <span class='ocrx_word' id='word_1_122' title='bbox 1039 1799 1254 1850; x_wconf 89' lang='lat' dir='ltr'><strong>sumus,</strong></span> <span class='ocrx_word' id='word_1_123' title='bbox 1281 1785 1389 1855; x_wconf 87' lang='lat' dir='ltr'><strong>jam</strong></span> <span class='ocrx_word' id='word_1_124' title='bbox 1422 1801 1520 1840; x_wconf 87' lang='lat' dir='ltr'><strong>nos</strong></span> <span class='ocrx_word' id='word_1_125' title='bbox 1548 1787 1824 1840; x_wconf 86' lang='lat' dir='ltr'><strong>beatitudi—</strong></span> 
     </span>
    </p>
   </div>
   <div class='ocr_carea' id='block_1_18' title="bbox 239 1871 1822 1948">
    <p class='ocr_par' dir='ltr' id='par_1_18' title="bbox 239 1871 1822 1948">
     <span class='ocr_line' id='line_1_18' title="bbox 239 1871 1822 1948; baseline 0.008 -26"><span class='ocrx_word' id='word_1_126' title='bbox 239 1883 384 1928; x_wconf 89' lang='lat' dir='ltr'><strong>nem.</strong></span> <span class='ocrx_word' id='word_1_127' title='bbox 417 1871 484 1924; x_wconf 89' lang='lat' dir='ltr'><strong>ad</strong></span> <span class='ocrx_word' id='word_1_128' title='bbox 516 1885 675 1940; x_wconf 85' lang='lat' dir='ltr'><strong>quam</strong></span> <span class='ocrx_word' id='word_1_129' title='bbox 705 1873 968 1928; x_wconf 87' lang='lat' dir='ltr'><strong>vincendo</strong></span> <span class='ocrx_word' id='word_1_130' title='bbox 997 1875 1241 1930; x_wconf 88' lang='lat' dir='ltr'><strong>volunms</strong></span> <span class='ocrx_word' id='word_1_131' title='bbox 1271 1879 1569 1946; x_wconf 82' lang='lat' dir='ltr'><strong>pervenire,</strong></span> <span class='ocrx_word' id='word_1_132' title='bbox 1601 1877 1822 1948; x_wconf 88' lang='lat' dir='ltr'><strong>adeptos</strong></span> 
     </span>
    </p>
   </div>
   <div class='ocr_carea' id='block_1_19' title="bbox 237 1961 1824 2040">
    <p class='ocr_par' dir='ltr' id='par_1_19' title="bbox 237 1961 1824 2040">
     <span class='ocr_line' id='line_1_19' title="bbox 237 1961 1824 2040; baseline 0.007 -24"><span class='ocrx_word' id='word_1_133' title='bbox 237 1973 354 2016; x_wconf 81' lang='lat' dir='ltr'><strong>esse</strong></span> <span class='ocrx_word' id='word_1_134' title='bbox 392 1961 698 2016; x_wconf 88' lang='lat' dir='ltr'><strong>credamus.</strong></span> <span class='ocrx_word' id='word_1_135' title='bbox 731 1963 796 2018; x_wconf 83' lang='lat' dir='ltr'><strong>Et</strong></span> <span class='ocrx_word' id='word_1_136' title='bbox 827 1966 944 2035; x_wconf 85' lang='lat' dir='ltr'><strong>quis</strong></span> <span class='ocrx_word' id='word_1_137' title='bbox 970 1975 1051 2020; x_wconf 89' lang='lat' dir='ltr'><strong>est</strong></span> <span class='ocrx_word' id='word_1_138' title='bbox 1097 1983 1262 2038; x_wconf 88' lang='lat' dir='ltr'><strong>usque</strong></span> <span class='ocrx_word' id='word_1_139' title='bbox 1300 1969 1434 2024; x_wconf 84' lang='lat' dir='ltr'><strong>adeo</strong></span> <span class='ocrx_word' id='word_1_140' title='bbox 1477 1971 1720 2040; x_wconf 82' lang='lat' dir='ltr'><strong>sapiens,</strong></span> <span class='ocrx_word' id='word_1_141' title='bbox 1768 1982 1824 2027; x_wconf 89' lang='grc' dir='ltr'><strong>ιιι</strong></span> 
     </span>
    </p>
   </div>
   <div class='ocr_carea' id='block_1_20' title="bbox 235 2051 1752 2116">
    <p class='ocr_par' dir='ltr' id='par_1_20' title="bbox 235 2051 1752 2116">
     <span class='ocr_line' id='line_1_20' title="bbox 235 2051 1752 2116; baseline 0.01 -14"><span class='ocrx_word' id='word_1_142' title='bbox 235 2059 418 2110; x_wconf 81' lang='lat' dir='ltr'><strong>contra</strong></span> <span class='ocrx_word' id='word_1_143' title='bbox 448 2051 696 2106; x_wconf 89' lang='lat' dir='ltr'><strong>libidines</strong></span> <span class='ocrx_word' id='word_1_144' title='bbox 726 2051 922 2112; x_wconf 89' lang='lat' dir='ltr'><strong>nullum</strong></span> <span class='ocrx_word' id='word_1_145' title='bbox 952 2055 1144 2112; x_wconf 83' lang='lat' dir='ltr'><strong>habent</strong></span> <span class='ocrx_word' id='word_1_146' title='bbox 1169 2060 1386 2114; x_wconf 89' lang='lat' dir='ltr'><strong>omnino</strong></span> <span class='ocrx_word' id='word_1_147' title='bbox 1411 2060 1752 2116; x_wconf 79' lang='lat' dir='ltr'><strong>conflictum?</strong></span> 
     </span>
    </p>
   </div>
   <div class='ocr_carea' id='block_1_21' title="bbox 304 2141 1823 2218">
    <p class='ocr_par' dir='ltr' id='par_1_21' title="bbox 304 2141 1823 2218">
     <span class='ocr_line' id='line_1_21' title="bbox 304 2141 1823 2218; baseline 0.012 -26"><span class='ocrx_word' id='word_1_148' title='bbox 304 2141 356 2196; x_wconf 80' lang='grc'><strong>4.</strong></span> <span class='ocrx_word' id='word_1_149' title='bbox 387 2141 528 2210; x_wconf 86' lang='lat' dir='ltr'><strong>Quid</strong></span> <span class='ocrx_word' id='word_1_150' title='bbox 556 2143 642 2198; x_wconf 90' lang='lat' dir='ltr'><strong>illa</strong></span> <span class='ocrx_word' id='word_1_151' title='bbox 687 2145 851 2203; x_wconf 83' lang='lat' dir='ltr'><strong>virtus</strong></span> <span class='ocrx_word' id='word_1_152' title='bbox 871 2189 884 2212; x_wconf 90' lang='lat'><strong>,</strong></span> <span class='ocrx_word' id='word_1_153' title='bbox 917 2164 1034 2218; x_wconf 80' lang='lat' dir='ltr'><strong>qum</strong></span> <span class='ocrx_word' id='word_1_154' title='bbox 1063 2148 1342 2217; x_wconf 85' lang='lat' dir='ltr'><strong>prudentia</strong></span> <span class='ocrx_word' id='word_1_155' title='bbox 1379 2151 1606 2206; x_wconf 83' lang='lat' dir='ltr'><strong>dicitur?</strong></span> <span class='ocrx_word' id='word_1_156' title='bbox 1645 2171 1823 2210; x_wconf 87' lang='lat' dir='ltr'><strong>nonne</strong></span> 
     </span>
    </p>
   </div>
   <div class='ocr_carea' id='block_1_22' title="bbox 239 2233 1823 2308">
    <p class='ocr_par' dir='ltr' id='par_1_22' title="bbox 239 2233 1823 2308">
     <span class='ocr_line' id='line_1_22' title="bbox 239 2233 1823 2308; baseline 0.006 -22"><span class='ocrx_word' id='word_1_157' title='bbox 239 2239 342 2286; x_wconf 86' lang='lat' dir='ltr'><strong>tota</strong></span> <span class='ocrx_word' id='word_1_158' title='bbox 371 2233 646 2302; x_wconf 74' lang='lat' dir='ltr'><strong>vigilantia</strong></span> <span class='ocrx_word' id='word_1_159' title='bbox 687 2251 782 2308; x_wconf 83' lang='lat' dir='ltr'><strong>sua</strong></span> <span class='ocrx_word' id='word_1_160' title='bbox 813 2237 948 2292; x_wconf 90' lang='lat' dir='ltr'><strong>bona</strong></span> <span class='ocrx_word' id='word_1_161' title='bbox 993 2237 1300 2297; x_wconf 77' lang='lat' dir='ltr'><strong>discernita</strong></span> <span class='ocrx_word' id='word_1_162' title='bbox 1331 2242 1518 2308; x_wconf 90' lang='lat' dir='ltr'><strong>malis,</strong></span> <span class='ocrx_word' id='word_1_163' title='bbox 1545 2251 1603 2298; x_wconf 89' lang='lat' dir='ltr'><strong>ut</strong></span> <span class='ocrx_word' id='word_1_164' title='bbox 1641 2243 1694 2300; x_wconf 90' lang='lat' dir='ltr'><strong>in</strong></span> <span class='ocrx_word' id='word_1_165' title='bbox 1723 2245 1823 2298; x_wconf 82' lang='lat' dir='ltr'><strong>illis</strong></span> 
     </span>
    </p>
   </div>
   <div class='ocr_carea' id='block_1_23' title="bbox 239 2325 1824 2408">
    <p class='ocr_par' dir='ltr' id='par_1_23' title="bbox 239 2325 1824 2408">
     <span class='ocr_line' id='line_1_23' title="bbox 239 2325 1824 2408; baseline 0.01 -32"><span class='ocrx_word' id='word_1_166' title='bbox 239 2325 557 2392; x_wconf 83' lang='lat' dir='ltr'><strong>appetendis</strong></span> <span class='ocrx_word' id='word_1_167' title='bbox 603 2325 823 2398; x_wconf 85' lang='lat' dir='ltr'><strong>istisqne</strong></span> <span class='ocrx_word' id='word_1_168' title='bbox 863 2329 1092 2385; x_wconf 75' lang='lat' dir='ltr'><strong>vitandis</strong></span> <span class='ocrx_word' id='word_1_169' title='bbox 1147 2335 1320 2388; x_wconf 88' lang='lat' dir='ltr'><strong>nullus</strong></span> <span class='ocrx_word' id='word_1_170' title='bbox 1371 2351 1522 2391; x_wconf 89' lang='lat' dir='ltr'><strong>error</strong></span> <span class='ocrx_word' id='word_1_171' title='bbox 1568 2337 1824 2408; x_wconf 82' lang='lat' dir='ltr'><strong>obrepat?</strong></span> 
     </span>
    </p>
   </div>
   <div class='ocr_carea' id='block_1_24' title="bbox 238 2415 1824 2490">
    <p class='ocr_par' dir='ltr' id='par_1_24' title="bbox 238 2415 1824 2490">
     <span class='ocr_line' id='line_1_24' title="bbox 238 2415 1824 2490; baseline 0.011 -22"><span class='ocrx_word' id='word_1_172' title='bbox 238 2415 314 2468; x_wconf 78' lang='lat' dir='ltr'><strong>Ac</strong></span> <span class='ocrx_word' id='word_1_173' title='bbox 351 2429 448 2484; x_wconf 87' lang='lat' dir='ltr'><strong>per</strong></span> <span class='ocrx_word' id='word_1_174' title='bbox 473 2415 576 2471; x_wconf 86' lang='lat' dir='ltr'><strong>hoc</strong></span> <span class='ocrx_word' id='word_1_175' title='bbox 621 2425 674 2470; x_wconf 86' lang='lat' dir='ltr'><strong>et</strong></span> <span class='ocrx_word' id='word_1_176' title='bbox 703 2417 812 2486; x_wconf 88' lang='lat' dir='ltr'><strong>ipsa</strong></span> <span class='ocrx_word' id='word_1_177' title='bbox 847 2434 945 2476; x_wconf 84' lang='lat' dir='ltr'><strong>nos</strong></span> <span class='ocrx_word' id='word_1_178' title='bbox 975 2421 1025 2475; x_wconf 91' lang='lat' dir='ltr'><strong>in</strong></span> <span class='ocrx_word' id='word_1_179' title='bbox 1067 2423 1252 2490; x_wconf 83' lang='lat' dir='ltr'><strong>malis,</strong></span> <span class='ocrx_word' id='word_1_180' title='bbox 1281 2425 1364 2479; x_wconf 88' lang='lat' dir='ltr'><strong>vel</strong></span> <span class='ocrx_word' id='word_1_181' title='bbox 1407 2427 1544 2480; x_wconf 87' lang='lat' dir='ltr'><strong>mala</strong></span> <span class='ocrx_word' id='word_1_182' title='bbox 1578 2428 1628 2482; x_wconf 94' lang='lat' dir='ltr'><strong>in</strong></span> <span class='ocrx_word' id='word_1_183' title='bbox 1670 2431 1824 2486; x_wconf 85' lang='lat' dir='ltr'><strong>nobis</strong></span> 
     </span>
    </p>
   </div>
   <div class='ocr_carea' id='block_1_25' title="bbox 237 2507 1824 2580">
    <p class='ocr_par' dir='ltr' id='par_1_25' title="bbox 237 2507 1824 2580">
     <span class='ocr_line' id='line_1_25' title="bbox 237 2507 1824 2580; baseline 0.008 -18"><span class='ocrx_word' id='word_1_184' title='bbox 237 2517 356 2562; x_wconf 82' lang='lat' dir='ltr'><strong>esse</strong></span> <span class='ocrx_word' id='word_1_185' title='bbox 395 2515 641 2574; x_wconf 84' lang='lat' dir='ltr'><strong>testatur.</strong></span> <span class='ocrx_word' id='word_1_186' title='bbox 673 2507 784 2578; x_wconf 89' lang='lat' dir='ltr'><strong>Ipsa</strong></span> <span class='ocrx_word' id='word_1_187' title='bbox 831 2511 971 2566; x_wconf 92' lang='lat' dir='ltr'><strong>enim</strong></span> <span class='ocrx_word' id='word_1_188' title='bbox 1013 2512 1168 2570; x_wconf 84' lang='lat' dir='ltr'><strong>docet</strong></span> <span class='ocrx_word' id='word_1_189' title='bbox 1203 2529 1334 2580; x_wconf 89' lang='lat' dir='ltr'><strong>nos,</strong></span> <span class='ocrx_word' id='word_1_190' title='bbox 1363 2517 1560 2572; x_wconf 86' lang='lat' dir='ltr'><strong>malum</strong></span> <span class='ocrx_word' id='word_1_191' title='bbox 1599 2535 1720 2574; x_wconf 86' lang='lat' dir='ltr'><strong>esse</strong></span> <span class='ocrx_word' id='word_1_192' title='bbox 1757 2519 1824 2576; x_wconf 85' lang='lat' dir='ltr'><strong>ad</strong></span> 
     </span>
    </p>
   </div>
   <div class='ocr_carea' id='block_1_26' title="bbox 239 2597 1822 2679">
    <p class='ocr_par' dir='ltr' id='par_1_26' title="bbox 239 2597 1822 2679">
     <span class='ocr_line' id='line_1_26' title="bbox 239 2597 1822 2679; baseline 0.011 -31"><span class='ocrx_word' id='word_1_193' title='bbox 239 2597 568 2662; x_wconf 84' lang='lat' dir='ltr'><strong>peccandum</strong></span> <span class='ocrx_word' id='word_1_194' title='bbox 605 2601 938 2666; x_wconf 90' lang='lat' dir='ltr'><strong>consentire,</strong></span> <span class='ocrx_word' id='word_1_195' title='bbox 973 2602 1284 2672; x_wconf 82' lang='lat' dir='ltr'><strong>bonumque,</strong></span> <span class='ocrx_word' id='word_1_196' title='bbox 1324 2621 1444 2662; x_wconf 75' lang='lat' dir='ltr'><strong>eSse</strong></span> <span class='ocrx_word' id='word_1_197' title='bbox 1487 2608 1550 2663; x_wconf 92' lang='lat' dir='ltr'><strong>ad</strong></span> <span class='ocrx_word' id='word_1_198' title='bbox 1595 2625 1822 2679; x_wconf 74' lang='lat' dir='ltr'><strong>peccau-</strong></span> 
     </span>
    </p>
   </div>
   <div class='ocr_carea' id='block_1_27' title="bbox 235 2683 1823 2766">
    <p class='ocr_par' dir='ltr' id='par_1_27' title="bbox 235 2683 1823 2766">
     <span class='ocr_line' id='line_1_27' title="bbox 235 2683 1823 2766; baseline 0.013 -28"><span class='ocrx_word' id='word_1_199' title='bbox 235 2683 360 2740; x_wconf 87' lang='lat' dir='ltr'><strong>tium</strong></span> <span class='ocrx_word' id='word_1_200' title='bbox 387 2701 496 2740; x_wconf 87' lang='lat' dir='ltr'><strong>non</strong></span> <span class='ocrx_word' id='word_1_201' title='bbox 521 2689 825 2746; x_wconf 87' lang='lat' dir='ltr'><strong>consentire</strong></span> <span class='ocrx_word' id='word_1_202' title='bbox 848 2690 1073 2748; x_wconf 87' lang='lat' dir='ltr'><strong>libidini.</strong></span> <span class='ocrx_word' id='word_1_203' title='bbox 1105 2694 1237 2750; x_wconf 87' lang='lat' dir='ltr'><strong>Illud</strong></span> <span class='ocrx_word' id='word_1_204' title='bbox 1263 2705 1437 2753; x_wconf 90' lang='lat' dir='ltr'><strong>tamen</strong></span> <span class='ocrx_word' id='word_1_205' title='bbox 1467 2699 1667 2756; x_wconf 89' lang='lat' dir='ltr'><strong>malum</strong></span> <span class='ocrx_word' id='word_1_206' title='bbox 1688 2742 1704 2766; x_wconf 95' lang='lat'><strong>,</strong></span> <span class='ocrx_word' id='word_1_207' title='bbox 1737 2703 1823 2758; x_wconf 91' lang='lat' dir='ltr'><strong>cui</strong></span> 
     </span>
    </p>
   </div>
   <div class='ocr_carea' id='block_1_28' title="bbox 237 2783 1823 2864">
    <p class='ocr_par' dir='ltr' id='par_1_28' title="bbox 237 2783 1823 2864">
     <span class='ocr_line' id='line_1_28' title="bbox 237 2783 1823 2864; baseline 0.009 -30"><span class='ocrx_word' id='word_1_208' title='bbox 237 2789 334 2834; x_wconf 77' lang='lat' dir='ltr'><strong>nos</strong></span> <span class='ocrx_word' id='word_1_209' title='bbox 381 2791 492 2832; x_wconf 89' lang='lat' dir='ltr'><strong>non</strong></span> <span class='ocrx_word' id='word_1_210' title='bbox 539 2783 840 2837; x_wconf 86' lang='lat' dir='ltr'><strong>consentire</strong></span> <span class='ocrx_word' id='word_1_211' title='bbox 885 2784 1042 2841; x_wconf 91' lang='lat' dir='ltr'><strong>docet</strong></span> <span class='ocrx_word' id='word_1_212' title='bbox 1084 2787 1393 2858; x_wconf 85' lang='lat' dir='ltr'><strong>prudentia,</strong></span> <span class='ocrx_word' id='word_1_213' title='bbox 1441 2790 1566 2846; x_wconf 80' lang='lat' dir='ltr'><strong>facit</strong></span> <span class='ocrx_word' id='word_1_214' title='bbox 1617 2801 1823 2864; x_wconf 85' lang='lat' dir='ltr'><strong>tempe-</strong></span> 
     </span>
    </p>
   </div>
   <div class='ocr_carea' id='block_1_29' title="bbox 235 2867 1826 2950">
    <p class='ocr_par' dir='ltr' id='par_1_29' title="bbox 235 2867 1826 2950">
     <span class='ocr_line' id='line_1_29' title="bbox 235 2867 1826 2950; baseline 0.012 -29"><span class='ocrx_word' id='word_1_215' title='bbox 235 2867 441 2932; x_wconf 82' lang='lat' dir='ltr'><strong>rantia,</strong></span> <span class='ocrx_word' id='word_1_216' title='bbox 473 2885 575 2943; x_wconf 84' lang='lat' dir='ltr'><strong>nec</strong></span> <span class='ocrx_word' id='word_1_217' title='bbox 622 2873 930 2941; x_wconf 82' lang='lat' dir='ltr'><strong>prudentia,</strong></span> <span class='ocrx_word' id='word_1_218' title='bbox 975 2892 1076 2932; x_wconf 89' lang='lat' dir='ltr'><strong>nec</strong></span> <span class='ocrx_word' id='word_1_219' title='bbox 1125 2881 1472 2950; x_wconf 85' lang='lat' dir='ltr'><strong>temperantia</strong></span> <span class='ocrx_word' id='word_1_220' title='bbox 1521 2883 1659 2938; x_wconf 87' lang='lat' dir='ltr'><strong>tollit</strong></span> <span class='ocrx_word' id='word_1_221' title='bbox 1701 2884 1826 2946; x_wconf 84' lang='lat' dir='ltr'><strong>huic</strong></span> 
     </span>
    </p>
   </div>
   <div class='ocr_carea' id='block_1_30' title="bbox 235 2958 1824 3046">
    <p class='ocr_par' dir='ltr' id='par_1_30' title="bbox 235 2958 1824 3046">
     <span class='ocr_line' id='line_1_30' title="bbox 235 2958 1824 3046; baseline 0.011 -38"><span class='ocrx_word' id='word_1_222' title='bbox 235 2958 374 3014; x_wconf 63' lang='lat' dir='ltr'><strong>vitae.</strong></span> <span class='ocrx_word' id='word_1_223' title='bbox 408 2958 548 3028; x_wconf 88' lang='lat' dir='ltr'><strong>Quid</strong></span> <span class='ocrx_word' id='word_1_224' title='bbox 585 2962 808 3031; x_wconf 74' lang='lat' dir='ltr'><strong>iustitia,</strong></span> <span class='ocrx_word' id='word_1_225' title='bbox 841 2965 1212 3035; x_wconf 81' lang='lat' dir='ltr'><strong>cujusmunns</strong></span> <span class='ocrx_word' id='word_1_226' title='bbox 1251 2979 1334 3026; x_wconf 80' lang='lat' dir='ltr'><strong>est</strong></span> <span class='ocrx_word' id='word_1_227' title='bbox 1375 2987 1482 3028; x_wconf 85' lang='lat' dir='ltr'><strong>sua.</strong></span> <span class='ocrx_word' id='word_1_228' title='bbox 1511 2975 1702 3046; x_wconf 87' lang='lat' dir='ltr'><strong>cuique</strong></span> <span class='ocrx_word' id='word_1_229' title='bbox 1731 2977 1824 3031; x_wconf 81' lang='lat' dir='ltr'><strong>tri..-</strong></span> 
     </span>
    </p>
   </div>
   <div class='ocr_carea' id='block_1_31' title="bbox 235 3046 1826 3138">
    <p class='ocr_par' dir='ltr' id='par_1_31' title="bbox 235 3046 1826 3138">
     <span class='ocr_line' id='line_1_31' title="bbox 235 3046 1826 3138; baseline 0.014 -33"><span class='ocrx_word' id='word_1_230' title='bbox 235 3046 396 3106; x_wconf 69' lang='lat' dir='ltr'><strong>bitere</strong></span> <span class='ocrx_word' id='word_1_231' title='bbox 428 3051 504 3124; x_wconf 77' lang='grc' dir='ltr'><strong>(ὁ)</strong></span> <span class='ocrx_word' id='word_1_232' title='bbox 539 3053 700 3124; x_wconf 88' lang='lat' dir='ltr'><strong>(unde</strong></span> <span class='ocrx_word' id='word_1_233' title='bbox 723 3057 777 3111; x_wconf 90' lang='lat' dir='ltr'><strong>ﬁt</strong></span> <span class='ocrx_word' id='word_1_234' title='bbox 806 3059 858 3114; x_wconf 90' lang='lat' dir='ltr'><strong>in</strong></span> <span class='ocrx_word' id='word_1_235' title='bbox 881 3061 994 3129; x_wconf 89' lang='lat' dir='ltr'><strong>ipso</strong></span> <span class='ocrx_word' id='word_1_236' title='bbox 1019 3059 1233 3118; x_wconf 88' lang='lat' dir='ltr'><strong>homine</strong></span> <span class='ocrx_word' id='word_1_237' title='bbox 1250 3063 1465 3134; x_wconf 89' lang='lat' dir='ltr'><strong>quidam</strong></span> <span class='ocrx_word' id='word_1_238' title='bbox 1489 3053 1664 3138; x_wconf 79' lang='lat' dir='ltr'><strong>justus</strong></span> <span class='ocrx_word' id='word_1_239' title='bbox 1691 3069 1826 3132; x_wconf 89' lang='lat' dir='ltr'><strong>ordo</strong></span> 
     </span>
    </p>
   </div>
   <div class='ocr_carea' id='block_1_32' title="bbox 239 3147 1826 3229">
    <p class='ocr_par' dir='ltr' id='par_1_32' title="bbox 239 3147 1826 3229">
     <span class='ocr_line' id='line_1_32' title="bbox 239 3147 1826 3229; baseline 0.013 -32"><span class='ocrx_word' id='word_1_240' title='bbox 239 3151 462 3212; x_wconf 70' lang='lat' dir='ltr'><strong>naturae,</strong></span> <span class='ocrx_word' id='word_1_241' title='bbox 495 3156 553 3200; x_wconf 93' lang='lat' dir='ltr'><strong>ut</strong></span> <span class='ocrx_word' id='word_1_242' title='bbox 591 3148 766 3203; x_wconf 87' lang='lat' dir='ltr'><strong>anima</strong></span> <span class='ocrx_word' id='word_1_243' title='bbox 807 3151 1064 3208; x_wconf 85' lang='lat' dir='ltr'><strong>subdatur</strong></span> <span class='ocrx_word' id='word_1_244' title='bbox 1108 3153 1217 3210; x_wconf 90' lang='lat' dir='ltr'><strong>Deo</strong></span> <span class='ocrx_word' id='word_1_245' title='bbox 1251 3167 1304 3212; x_wconf 91' lang='lat' dir='ltr'><strong>et</strong></span> <span class='ocrx_word' id='word_1_246' title='bbox 1341 3157 1535 3214; x_wconf 79' lang='lat' dir='ltr'><strong>anima:</strong></span> <span class='ocrx_word' id='word_1_247' title='bbox 1575 3147 1734 3229; x_wconf 58' lang='lat' dir='ltr'><strong>caro,</strong></span> <span class='ocrx_word' id='word_1_248' title='bbox 1762 3177 1826 3218; x_wconf 91' lang='lat' dir='ltr'><strong>ac</strong></span> 
     </span>
    </p>
   </div>
   <div class='ocr_carea' id='block_1_33' title="bbox 237 3233 1824 3318">
    <p class='ocr_par' dir='ltr' id='par_1_33' title="bbox 237 3233 1824 3318">
     <span class='ocr_line' id='line_1_33' title="bbox 237 3233 1824 3318; baseline 0.014 -30"><span class='ocrx_word' id='word_1_249' title='bbox 237 3247 328 3304; x_wconf 84' lang='lat' dir='ltr'><strong>per</strong></span> <span class='ocrx_word' id='word_1_250' title='bbox 355 3235 462 3290; x_wconf 83' lang='lat' dir='ltr'><strong>ltoc</strong></span> <span class='ocrx_word' id='word_1_251' title='bbox 499 3237 608 3292; x_wconf 91' lang='lat' dir='ltr'><strong>Deo</strong></span> <span class='ocrx_word' id='word_1_252' title='bbox 645 3249 700 3294; x_wconf 87' lang='lat' dir='ltr'><strong>et</strong></span> <span class='ocrx_word' id='word_1_253' title='bbox 723 3241 897 3298; x_wconf 88' lang='lat' dir='ltr'><strong>anima</strong></span> <span class='ocrx_word' id='word_1_254' title='bbox 923 3251 976 3298; x_wconf 88' lang='lat' dir='ltr'><strong>et</strong></span> <span class='ocrx_word' id='word_1_255' title='bbox 1003 3243 1174 3318; x_wconf 89' lang='lat' dir='ltr'><strong>caro),</strong></span> <span class='ocrx_word' id='word_1_256' title='bbox 1207 3261 1386 3312; x_wconf 87' lang='lat' dir='ltr'><strong>nonne</strong></span> <span class='ocrx_word' id='word_1_257' title='bbox 1411 3233 1744 3308; x_wconf 70' lang='lat' dir='ltr'><strong>demonstrat</strong></span> <span class='ocrx_word' id='word_1_258' title='bbox 1773 3251 1824 3310; x_wconf 90' lang='lat' dir='ltr'><strong>in</strong></span> 
     </span>
    </p>
   </div>
   <div class='ocr_carea' id='block_1_34' title="bbox 237 3327 1824 3418">
    <p class='ocr_par' dir='ltr' id='par_1_34' title="bbox 237 3327 1824 3418">
     <span class='ocr_line' id='line_1_34' title="bbox 237 3327 1824 3418; baseline 0.013 -38"><span class='ocrx_word' id='word_1_259' title='bbox 237 3339 300 3380; x_wconf 86' lang='lat' dir='ltr'><strong>eo</strong></span> <span class='ocrx_word' id='word_1_260' title='bbox 325 3341 386 3382; x_wconf 86' lang='lat' dir='ltr'><strong>se</strong></span> <span class='ocrx_word' id='word_1_261' title='bbox 423 3327 608 3394; x_wconf 80' lang='lat' dir='ltr'><strong>adhuc</strong></span> <span class='ocrx_word' id='word_1_262' title='bbox 647 3343 810 3402; x_wconf 83' lang='lat' dir='ltr'><strong>apere</strong></span> <span class='ocrx_word' id='word_1_263' title='bbox 851 3333 1094 3392; x_wconf 84' lang='lat' dir='ltr'><strong>laborare</strong></span> <span class='ocrx_word' id='word_1_264' title='bbox 1141 3339 1350 3409; x_wconf 86' lang='lat' dir='ltr'><strong>potius,</strong></span> <span class='ocrx_word' id='word_1_265' title='bbox 1384 3357 1542 3412; x_wconf 84' lang='lat' dir='ltr'><strong>quam</strong></span> <span class='ocrx_word' id='word_1_266' title='bbox 1585 3344 1636 3399; x_wconf 91' lang='lat' dir='ltr'><strong>in</strong></span> <span class='ocrx_word' id='word_1_267' title='bbox 1669 3344 1824 3418; x_wconf 89' lang='lat' dir='ltr'><strong>hujus</strong></span> 
     </span>
    </p>
   </div>
   <div class='ocr_carea' id='block_1_35' title="bbox 237 3419 1825 3504">
    <p class='ocr_par' dir='ltr' id='par_1_35' title="bbox 237 3419 1825 3504">
     <span class='ocr_line' id='line_1_35' title="bbox 237 3419 1825 3504; baseline 0.015 -36"><span class='ocrx_word' id='word_1_268' title='bbox 237 3419 410 3486; x_wconf 85' lang='lat' dir='ltr'><strong>operis</strong></span> <span class='ocrx_word' id='word_1_269' title='bbox 452 3419 565 3488; x_wconf 82' lang='lat' dir='ltr'><strong>jam</strong></span> <span class='ocrx_word' id='word_1_270' title='bbox 613 3420 718 3477; x_wconf 88' lang='lat' dir='ltr'><strong>ﬁne</strong></span> <span class='ocrx_word' id='word_1_271' title='bbox 767 3425 1140 3496; x_wconf 83' lang='lat' dir='ltr'><strong>requiescere?</strong></span> <span class='ocrx_word' id='word_1_272' title='bbox 1191 3429 1364 3492; x_wconf 83' lang='lat' dir='ltr'><strong>Tanto</strong></span> <span class='ocrx_word' id='word_1_273' title='bbox 1405 3434 1601 3504; x_wconf 88' lang='lat' dir='ltr'><strong>quippe</strong></span> <span class='ocrx_word' id='word_1_274' title='bbox 1649 3437 1825 3492; x_wconf 86' lang='lat' dir='ltr'><strong>minus</strong></span> 
     </span>
    </p>
   </div>
   <div class='ocr_carea' id='block_1_36' title="bbox 237 3509 1826 3596">
    <p class='ocr_par' dir='ltr' id='par_1_36' title="bbox 237 3509 1826 3596">
     <span class='ocr_line' id='line_1_36' title="bbox 237 3509 1826 3596; baseline 0.013 -34"><span class='ocrx_word' id='word_1_275' title='bbox 237 3509 406 3564; x_wconf 74' lang='lat' dir='ltr'><strong>anima</strong></span> <span class='ocrx_word' id='word_1_276' title='bbox 429 3511 680 3570; x_wconf 84' lang='lat' dir='ltr'><strong>subditur</strong></span> <span class='ocrx_word' id='word_1_277' title='bbox 704 3513 831 3581; x_wconf 88' lang='lat' dir='ltr'><strong>Deo,</strong></span> <span class='ocrx_word' id='word_1_278' title='bbox 865 3527 1064 3587; x_wconf 87' lang='lat' dir='ltr'><strong>quanto</strong></span> <span class='ocrx_word' id='word_1_279' title='bbox 1085 3520 1261 3576; x_wconf 89' lang='lat' dir='ltr'><strong>minus</strong></span> <span class='ocrx_word' id='word_1_280' title='bbox 1283 3521 1447 3578; x_wconf 91' lang='lat' dir='ltr'><strong>Deum</strong></span> <span class='ocrx_word' id='word_1_281' title='bbox 1481 3525 1531 3580; x_wconf 91' lang='lat' dir='ltr'><strong>in</strong></span> <span class='ocrx_word' id='word_1_282' title='bbox 1561 3525 1688 3596; x_wconf 89' lang='lat' dir='ltr'><strong>ipsis</strong></span> <span class='ocrx_word' id='word_1_283' title='bbox 1715 3527 1826 3582; x_wconf 81' lang='lat' dir='ltr'><strong>suis</strong></span> 
     </span>
    </p>
   </div>
   <div class='ocr_carea' id='block_1_37' title="bbox 235 3603 1824 3678">
    <p class='ocr_par' dir='ltr' id='par_1_37' title="bbox 235 3603 1824 3678">
     <span class='ocr_line' id='line_1_37' title="bbox 235 3603 1824 3678; baseline 0.011 -23"><span class='ocrx_word' id='word_1_284' title='bbox 235 3603 644 3670; x_wconf 79' lang='lat' dir='ltr'><strong>cogitationibus</strong></span> <span class='ocrx_word' id='word_1_285' title='bbox 681 3606 946 3678; x_wconf 87' lang='lat' dir='ltr'><strong>concipit;</strong></span> <span class='ocrx_word' id='word_1_286' title='bbox 987 3619 1039 3664; x_wconf 87' lang='lat' dir='ltr'><strong>et</strong></span> <span class='ocrx_word' id='word_1_287' title='bbox 1079 3619 1223 3668; x_wconf 88' lang='lat' dir='ltr'><strong>tanto</strong></span> <span class='ocrx_word' id='word_1_288' title='bbox 1263 3615 1438 3669; x_wconf 90' lang='lat' dir='ltr'><strong>minus</strong></span> <span class='ocrx_word' id='word_1_289' title='bbox 1473 3618 1662 3671; x_wconf 75' lang='lat' dir='ltr'><strong>animm</strong></span> <span class='ocrx_word' id='word_1_290' title='bbox 1696 3619 1824 3674; x_wconf 86' lang='lat' dir='ltr'><strong>sub-</strong></span> 
     </span>
    </p>
   </div>
   <div class='ocr_carea' id='block_1_38' title="bbox 235 3691 1828 3774">
    <p class='ocr_par' dir='ltr' id='par_1_38' title="bbox 235 3691 1828 3774">
     <span class='ocr_line' id='line_1_38' title="bbox 235 3691 1828 3774; baseline 0.011 -29"><span class='ocrx_word' id='word_1_291' title='bbox 235 3691 376 3748; x_wconf 84' lang='lat' dir='ltr'><strong>ditur</strong></span> <span class='ocrx_word' id='word_1_292' title='bbox 403 3709 536 3748; x_wconf 86' lang='lat' dir='ltr'><strong>caro</strong></span> <span class='ocrx_word' id='word_1_293' title='bbox 558 3737 573 3762; x_wconf 93' lang='lat'><strong>,</strong></span> <span class='ocrx_word' id='word_1_294' title='bbox 603 3707 802 3766; x_wconf 85' lang='lat' dir='ltr'><strong>quanto</strong></span> <span class='ocrx_word' id='word_1_295' title='bbox 845 3701 1012 3770; x_wconf 74' lang='lat' dir='ltr'><strong>magis</strong></span> <span class='ocrx_word' id='word_1_296' title='bbox 1049 3701 1304 3758; x_wconf 86' lang='lat' dir='ltr'><strong>adversus</strong></span> <span class='ocrx_word' id='word_1_297' title='bbox 1349 3705 1592 3774; x_wconf 79' lang='lat' dir='ltr'><strong>Spiritum</strong></span> <span class='ocrx_word' id='word_1_298' title='bbox 1631 3721 1828 3765; x_wconf 91' lang='lat' dir='ltr'><strong>concu-</strong></span> 
     </span>
    </p>
   </div>
   <div class='ocr_carea' id='block_1_39' title="bbox 234 3781 1826 3866">
    <p class='ocr_par' dir='ltr' id='par_1_39' title="bbox 234 3781 1826 3866">
     <span class='ocr_line' id='line_1_39' title="bbox 234 3781 1826 3866; baseline 0.011 -29"><span class='ocrx_word' id='word_1_299' title='bbox 234 3781 406 3850; x_wconf 85' lang='lat' dir='ltr'><strong>piscit.</strong></span> <span class='ocrx_word' id='word_1_300' title='bbox 441 3783 708 3852; x_wconf 84' lang='lat' dir='ltr'><strong>Quamdiu</strong></span> <span class='ocrx_word' id='word_1_301' title='bbox 737 3801 866 3859; x_wconf 74' lang='lat' dir='ltr'><strong>ergo</strong></span> <span class='ocrx_word' id='word_1_302' title='bbox 893 3789 1046 3846; x_wconf 88' lang='lat' dir='ltr'><strong>nobis</strong></span> <span class='ocrx_word' id='word_1_303' title='bbox 1075 3791 1214 3848; x_wconf 90' lang='lat' dir='ltr'><strong>inest</strong></span> <span class='ocrx_word' id='word_1_304' title='bbox 1237 3793 1350 3850; x_wconf 69' lang='lat' dir='ltr'><strong>haec</strong></span> <span class='ocrx_word' id='word_1_305' title='bbox 1375 3797 1678 3866; x_wconf 89' lang='lat' dir='ltr'><strong>inﬁrmitas,</strong></span> <span class='ocrx_word' id='word_1_306' title='bbox 1711 3799 1826 3857; x_wconf 84' lang='lat' dir='ltr'><strong>inec</strong></span> 
     </span>
    </p>
   </div>
   <div class='ocr_carea' id='block_1_40' title="bbox 235 3876 1825 3958">
    <p class='ocr_par' dir='ltr' id='par_1_40' title="bbox 235 3876 1825 3958">
     <span class='ocr_line' id='line_1_40' title="bbox 235 3876 1825 3958; baseline 0.013 -29"><span class='ocrx_word' id='word_1_307' title='bbox 235 3877 398 3943; x_wconf 84' lang='lat' dir='ltr'><strong>pestis</strong></span> <span class='ocrx_word' id='word_1_308' title='bbox 419 3919 435 3944; x_wconf 91' lang='lat'><strong>,</strong></span> <span class='ocrx_word' id='word_1_309' title='bbox 471 3876 560 3932; x_wconf 83' lang='lat' dir='ltr'><strong>hic</strong></span> <span class='ocrx_word' id='word_1_310' title='bbox 589 3879 832 3950; x_wconf 78' lang='lat' dir='ltr'><strong>languor,</strong></span> <span class='ocrx_word' id='word_1_311' title='bbox 863 3885 1130 3952; x_wconf 88' lang='lat' dir='ltr'><strong>quomodo</strong></span> <span class='ocrx_word' id='word_1_312' title='bbox 1169 3901 1266 3942; x_wconf 88' lang='lat' dir='ltr'><strong>nos</strong></span> <span class='ocrx_word' id='word_1_313' title='bbox 1305 3889 1414 3958; x_wconf 78' lang='lat' dir='ltr'><strong>jam</strong></span> <span class='ocrx_word' id='word_1_314' title='bbox 1445 3890 1655 3958; x_wconf 89' lang='lat' dir='ltr'><strong>salvos;</strong></span> <span class='ocrx_word' id='word_1_315' title='bbox 1685 3903 1738 3948; x_wconf 91' lang='lat' dir='ltr'><strong>et</strong></span> <span class='ocrx_word' id='word_1_316' title='bbox 1779 3893 1825 3950; x_wconf 89' lang='lat' dir='ltr'><strong>si</strong></span> 
     </span>
    </p>
   </div>
   <div class='ocr_carea' id='block_1_41' title="bbox 232 3967 1824 4048">
    <p class='ocr_par' dir='ltr' id='par_1_41' title="bbox 232 3967 1824 4048">
     <span class='ocr_line' id='line_1_41' title="bbox 232 3967 1824 4048; baseline 0.015 -29"><span class='ocrx_word' id='word_1_317' title='bbox 232 3967 472 4022; x_wconf 85' lang='lat' dir='ltr'><strong>nondum</strong></span> <span class='ocrx_word' id='word_1_318' title='bbox 503 3969 702 4038; x_wconf 88' lang='lat' dir='ltr'><strong>salvos,</strong></span> <span class='ocrx_word' id='word_1_319' title='bbox 733 3975 1002 4044; x_wconf 89' lang='lat' dir='ltr'><strong>quomodo</strong></span> <span class='ocrx_word' id='word_1_320' title='bbox 1020 3977 1130 4048; x_wconf 87' lang='lat' dir='ltr'><strong>jam</strong></span> <span class='ocrx_word' id='word_1_321' title='bbox 1155 3979 1338 4034; x_wconf 89' lang='lat' dir='ltr'><strong>beatos</strong></span> <span class='ocrx_word' id='word_1_322' title='bbox 1369 3981 1456 4037; x_wconf 89' lang='lat' dir='ltr'><strong>illa</strong></span> <span class='ocrx_word' id='word_1_323' title='bbox 1487 3983 1630 4038; x_wconf 87' lang='lat' dir='ltr'><strong>ﬁnali</strong></span> <span class='ocrx_word' id='word_1_324' title='bbox 1653 3984 1824 4041; x_wconf 87' lang='lat' dir='ltr'><strong>beati-</strong></span> 
     </span>
    </p>
   </div>
   <div class='ocr_carea' id='block_1_42' title="bbox 233 4058 1838 4148">
    <p class='ocr_par' dir='ltr' id='par_1_42' title="bbox 233 4058 1838 4148">
     <span class='ocr_line' id='line_1_42' title="bbox 233 4058 1838 4148; baseline 0.015 -36"><span class='ocrx_word' id='word_1_325' title='bbox 233 4058 416 4116; x_wconf 85' lang='lat' dir='ltr'><strong>tudine</strong></span> <span class='ocrx_word' id='word_1_326' title='bbox 439 4059 624 4117; x_wconf 86' lang='lat' dir='ltr'><strong>dicere</strong></span> <span class='ocrx_word' id='word_1_327' title='bbox 648 4063 998 4122; x_wconf 84' lang='lat' dir='ltr'><strong>audebimus?</strong></span> <span class='ocrx_word' id='word_1_328' title='bbox 1029 4068 1146 4124; x_wconf 82' lang='lat' dir='ltr'><strong>Jam</strong></span> <span class='ocrx_word' id='word_1_329' title='bbox 1175 4085 1302 4126; x_wconf 88' lang='lat' dir='ltr'><strong>vero</strong></span> <span class='ocrx_word' id='word_1_330' title='bbox 1329 4073 1414 4126; x_wconf 87' lang='lat' dir='ltr'><strong>illa</strong></span> <span class='ocrx_word' id='word_1_331' title='bbox 1443 4074 1640 4142; x_wconf 87' lang='lat' dir='ltr'><strong>virtus,</strong></span> <span class='ocrx_word' id='word_1_332' title='bbox 1672 4078 1838 4148; x_wconf 82' lang='lat' dir='ltr'><strong>cujus</strong></span> 
     </span>
    </p>
   </div>
   <div class='ocr_carea' id='block_1_43' title="bbox 227 4151 1840 4234">
    <p class='ocr_par' dir='ltr' id='par_1_43' title="bbox 227 4151 1840 4234">
     <span class='ocr_line' id='line_1_43' title="bbox 227 4151 1840 4234; baseline 0.014 -32"><span class='ocrx_word' id='word_1_333' title='bbox 227 4161 428 4205; x_wconf 84' lang='lat' dir='ltr'><strong>nomen</strong></span> <span class='ocrx_word' id='word_1_334' title='bbox 459 4161 540 4205; x_wconf 90' lang='lat' dir='ltr'><strong>est</strong></span> <span class='ocrx_word' id='word_1_335' title='bbox 573 4151 861 4224; x_wconf 88' lang='lat' dir='ltr'><strong>fortitudo,</strong></span> <span class='ocrx_word' id='word_1_336' title='bbox 889 4155 944 4211; x_wconf 90' lang='lat' dir='ltr'><strong>in</strong></span> <span class='ocrx_word' id='word_1_337' title='bbox 970 4167 1395 4232; x_wconf 87' lang='lat' dir='ltr'><strong>quantacumque</strong></span> <span class='ocrx_word' id='word_1_338' title='bbox 1423 4163 1680 4234; x_wconf 86' lang='lat' dir='ltr'><strong>sapientia</strong></span> <span class='ocrx_word' id='word_1_339' title='bbox 1711 4167 1840 4230; x_wconf 28' lang='grc' dir='ltr'>ιινί-ε</span> 
     </span>
    </p>
   </div>
   <div class='ocr_carea' id='block_1_44' title="bbox 227 4238 1826 4327">
    <p class='ocr_par' dir='ltr' id='par_1_44' title="bbox 227 4238 1826 4327">
     <span class='ocr_line' id='line_1_44' title="bbox 227 4238 1826 4327; baseline 0.013 -33"><span class='ocrx_word' id='word_1_340' title='bbox 227 4238 546 4298; x_wconf 82' lang='lat' dir='ltr'><strong>dentissima</strong></span> <span class='ocrx_word' id='word_1_341' title='bbox 570 4245 720 4300; x_wconf 86' lang='lat' dir='ltr'><strong>testis</strong></span> <span class='ocrx_word' id='word_1_342' title='bbox 745 4255 826 4302; x_wconf 91' lang='lat' dir='ltr'><strong>est</strong></span> <span class='ocrx_word' id='word_1_343' title='bbox 847 4247 1199 4306; x_wconf 86' lang='lat' dir='ltr'><strong>humanorum</strong></span> <span class='ocrx_word' id='word_1_344' title='bbox 1226 4253 1508 4322; x_wconf 88' lang='lat' dir='ltr'><strong>maiorum,</strong></span> <span class='ocrx_word' id='word_1_345' title='bbox 1533 4272 1652 4327; x_wconf 63' lang='lat' dir='ltr'><strong>qute</strong></span> <span class='ocrx_word' id='word_1_346' title='bbox 1677 4274 1826 4315; x_wconf 90' lang='lat' dir='ltr'><strong>com-</strong></span> 
     </span>
    </p>
   </div>
   <div class='ocr_carea' id='block_1_45' title="bbox 227 4335 1824 4420">
    <p class='ocr_par' dir='ltr' id='par_1_45' title="bbox 227 4335 1824 4420">
     <span class='ocr_line' id='line_1_45' title="bbox 227 4335 1824 4420; baseline 0.012 -33"><span class='ocrx_word' id='word_1_347' title='bbox 227 4335 451 4402; x_wconf 81' lang='lat' dir='ltr'><strong>pellitur</strong></span> <span class='ocrx_word' id='word_1_348' title='bbox 475 4337 731 4406; x_wconf 86' lang='lat' dir='ltr'><strong>patientia</strong></span> <span class='ocrx_word' id='word_1_349' title='bbox 757 4340 1002 4396; x_wconf 88' lang='lat' dir='ltr'><strong>tolerare.</strong></span> <span class='ocrx_word' id='word_1_350' title='bbox 1024 4339 1154 4410; x_wconf 72' lang='lat' dir='ltr'><strong>Qua:</strong></span> <span class='ocrx_word' id='word_1_351' title='bbox 1175 4345 1311 4398; x_wconf 89' lang='lat' dir='ltr'><strong>mala</strong></span> <span class='ocrx_word' id='word_1_352' title='bbox 1337 4345 1498 4402; x_wconf 83' lang='lat' dir='ltr'><strong>Stoici</strong></span> <span class='ocrx_word' id='word_1_353' title='bbox 1523 4347 1824 4420; x_wconf 73' lang='lat' dir='ltr'><strong>philosomii</strong></span> 
     </span>
    </p>
   </div>
   <div class='ocr_carea' id='block_1_46' title="bbox 225 4427 1826 4512">
    <p class='ocr_par' dir='ltr' id='par_1_46' title="bbox 225 4427 1826 4512">
     <span class='ocr_line' id='line_1_46' title="bbox 225 4427 1826 4512; baseline 0.012 -32"><span class='ocrx_word' id='word_1_354' title='bbox 225 4427 396 4483; x_wconf 85' lang='lat' dir='ltr'><strong>miror</strong></span> <span class='ocrx_word' id='word_1_355' title='bbox 423 4445 533 4499; x_wconf 89' lang='lat' dir='ltr'><strong>qua</strong></span> <span class='ocrx_word' id='word_1_356' title='bbox 573 4431 747 4488; x_wconf 89' lang='lat' dir='ltr'><strong>fronte</strong></span> <span class='ocrx_word' id='word_1_357' title='bbox 785 4432 922 4488; x_wconf 85' lang='lat' dir='ltr'><strong>mala</strong></span> <span class='ocrx_word' id='word_1_358' title='bbox 950 4449 1056 4490; x_wconf 92' lang='lat' dir='ltr'><strong>non</strong></span> <span class='ocrx_word' id='word_1_359' title='bbox 1093 4450 1214 4491; x_wconf 88' lang='lat' dir='ltr'><strong>esse</strong></span> <span class='ocrx_word' id='word_1_360' title='bbox 1249 4437 1606 4506; x_wconf 89' lang='lat' dir='ltr'><strong>contendant,</strong></span> <span class='ocrx_word' id='word_1_361' title='bbox 1635 4443 1826 4512; x_wconf 88' lang='lat' dir='ltr'><strong>quibus</strong></span> 
     </span>
    </p>
   </div>
   <div class='ocr_carea' id='block_1_47' title="bbox 221 4515 1826 4604">
    <p class='ocr_par' dir='ltr' id='par_1_47' title="bbox 221 4515 1826 4604">
     <span class='ocr_line' id='line_1_47' title="bbox 221 4515 1826 4604; baseline 0.011 -34"><span class='ocrx_word' id='word_1_362' title='bbox 221 4515 486 4578; x_wconf 76' lang='lat' dir='ltr'><strong>fatentur.</strong></span> <span class='ocrx_word' id='word_1_363' title='bbox 519 4521 564 4575; x_wconf 89' lang='lat' dir='ltr'><strong>si</strong></span> <span class='ocrx_word' id='word_1_364' title='bbox 599 4531 741 4576; x_wconf 86' lang='lat' dir='ltr'><strong>tanta</strong></span> <span class='ocrx_word' id='word_1_365' title='bbox 771 4521 999 4589; x_wconf 82' lang='lat' dir='ltr'><strong>fuerint,</strong></span> <span class='ocrx_word' id='word_1_366' title='bbox 1033 4533 1176 4582; x_wconf 87' lang='lat' dir='ltr'><strong>utea</strong></span> <span class='ocrx_word' id='word_1_367' title='bbox 1207 4527 1421 4598; x_wconf 87' lang='lat' dir='ltr'><strong>sapiens</strong></span> <span class='ocrx_word' id='word_1_368' title='bbox 1445 4531 1528 4586; x_wconf 85' lang='lat' dir='ltr'><strong>vel</strong></span> <span class='ocrx_word' id='word_1_369' title='bbox 1569 4547 1674 4587; x_wconf 89' lang='lat' dir='ltr'><strong>non</strong></span> <span class='ocrx_word' id='word_1_370' title='bbox 1703 4549 1826 4604; x_wconf 65' lang='lat' dir='ltr'><strong>pos.</strong></span> 
     </span>
    </p>
   </div>
   <div class='ocr_carea' id='block_1_48' title="bbox 223 4609 1825 4690">
    <p class='ocr_par' dir='ltr' id='par_1_48' title="bbox 223 4609 1825 4690">
     <span class='ocr_line' id='line_1_48' title="bbox 223 4609 1825 4690; baseline 0.012 -28"><span class='ocrx_word' id='word_1_371' title='bbox 223 4609 324 4676; x_wconf 80' lang='lat' dir='ltr'><strong>sit,</strong></span> <span class='ocrx_word' id='word_1_372' title='bbox 358 4611 448 4666; x_wconf 84' lang='lat' dir='ltr'><strong>vel</strong></span> <span class='ocrx_word' id='word_1_373' title='bbox 483 4627 592 4665; x_wconf 87' lang='lat' dir='ltr'><strong>non</strong></span> <span class='ocrx_word' id='word_1_374' title='bbox 637 4613 828 4670; x_wconf 86' lang='lat' dir='ltr'><strong>debeat</strong></span> <span class='ocrx_word' id='word_1_375' title='bbox 853 4617 1148 4682; x_wconf 85' lang='lat' dir='ltr'><strong>sustinere,</strong></span> <span class='ocrx_word' id='word_1_376' title='bbox 1177 4619 1292 4690; x_wconf 82' lang='lat' dir='ltr'><strong>cogi</strong></span> <span class='ocrx_word' id='word_1_377' title='bbox 1323 4634 1445 4674; x_wconf 90' lang='lat' dir='ltr'><strong>eum</strong></span> <span class='ocrx_word' id='word_1_378' title='bbox 1483 4631 1708 4688; x_wconf 85' lang='lat' dir='ltr'><strong>mortem</strong></span> <span class='ocrx_word' id='word_1_379' title='bbox 1749 4627 1825 4682; x_wconf 89' lang='lat' dir='ltr'><strong>si-</strong></span> 
     </span>
    </p>
   </div>
   <div class='ocr_carea' id='block_1_49' title="bbox 221 4701 1824 4790">
    <p class='ocr_par' dir='ltr' id='par_1_49' title="bbox 221 4701 1824 4790">
     <span class='ocr_line' id='line_1_49' title="bbox 221 4701 1824 4790; baseline 0.012 -33"><span class='ocrx_word' id='word_1_380' title='bbox 221 4701 392 4762; x_wconf 85' lang='lat' dir='ltr'><strong>bimet</strong></span> <span class='ocrx_word' id='word_1_381' title='bbox 419 4705 650 4773; x_wconf 88' lang='lat' dir='ltr'><strong>inferre,</strong></span> <span class='ocrx_word' id='word_1_382' title='bbox 675 4717 832 4780; x_wconf 87' lang='lat' dir='ltr'><strong>atque</strong></span> <span class='ocrx_word' id='word_1_383' title='bbox 856 4725 922 4764; x_wconf 81' lang='lat' dir='ltr'><strong>ex</strong></span> <span class='ocrx_word' id='word_1_384' title='bbox 943 4709 1041 4766; x_wconf 87' lang='lat' dir='ltr'><strong>hac</strong></span> <span class='ocrx_word' id='word_1_385' title='bbox 1069 4713 1172 4766; x_wconf 84' lang='lat' dir='ltr'><strong>vita</strong></span> <span class='ocrx_word' id='word_1_386' title='bbox 1203 4715 1467 4784; x_wconf 83' lang='lat' dir='ltr'><strong>emigrare</strong></span> <span class='ocrx_word' id='word_1_387' title='bbox 1499 4715 1590 4790; x_wconf 86' lang='lat' dir='ltr'><strong>(c).</strong></span> <span class='ocrx_word' id='word_1_388' title='bbox 1621 4719 1824 4778; x_wconf 84' lang='lat' dir='ltr'><strong>Tantus</strong></span> 
     </span>
    </p>
   </div>
   <div class='ocr_carea' id='block_1_50' title="bbox 220 4797 1852 4872">
    <p class='ocr_par' dir='ltr' id='par_1_50' title="bbox 220 4797 1852 4872">
     <span class='ocr_line' id='line_1_50' title="bbox 220 4797 1852 4872; baseline 0.012 -24"><span class='ocrx_word' id='word_1_389' title='bbox 220 4804 404 4851; x_wconf 78' lang='lat' dir='ltr'><strong>autem</strong></span> <span class='ocrx_word' id='word_1_390' title='bbox 449 4797 722 4867; x_wconf 66' lang='lat' dir='ltr'><strong>superbiai</strong></span> <span class='ocrx_word' id='word_1_391' title='bbox 760 4810 946 4870; x_wconf 85' lang='lat' dir='ltr'><strong>stupor</strong></span> <span class='ocrx_word' id='word_1_392' title='bbox 977 4809 1058 4856; x_wconf 88' lang='lat' dir='ltr'><strong>est</strong></span> <span class='ocrx_word' id='word_1_393' title='bbox 1085 4803 1136 4855; x_wconf 93' lang='lat' dir='ltr'><strong>io</strong></span> <span class='ocrx_word' id='word_1_394' title='bbox 1169 4801 1250 4856; x_wconf 89' lang='lat' dir='ltr'><strong>bis</strong></span> <span class='ocrx_word' id='word_1_395' title='bbox 1275 4803 1579 4866; x_wconf 85' lang='lat' dir='ltr'><strong>hominibus</strong></span> <span class='ocrx_word' id='word_1_396' title='bbox 1601 4847 1618 4872; x_wconf 93' lang='lat'><strong>,</strong></span> <span class='ocrx_word' id='word_1_397' title='bbox 1659 4809 1744 4865; x_wconf 84' lang='lat' dir='ltr'><strong>hic</strong></span> <span class='ocrx_word' id='word_1_398' title='bbox 1766 4825 1852 4872; x_wconf 83' lang='lat' dir='ltr'><strong>se.</strong></span> 
     </span>
    </p>
   </div>
   <div class='ocr_carea' id='block_1_51' title="bbox 219 4883 1824 4970">
    <p class='ocr_par' dir='ltr' id='par_1_51' title="bbox 219 4883 1824 4970">
     <span class='ocr_line' id='line_1_51' title="bbox 219 4883 1824 4970; baseline 0.011 -30"><span class='ocrx_word' id='word_1_399' title='bbox 219 4883 428 4944; x_wconf 84' lang='lat' dir='ltr'><strong>habere</strong></span> <span class='ocrx_word' id='word_1_400' title='bbox 477 4887 644 4943; x_wconf 80' lang='lat' dir='ltr'><strong>finem</strong></span> <span class='ocrx_word' id='word_1_401' title='bbox 687 4887 812 4945; x_wconf 88' lang='lat' dir='ltr'><strong>boni</strong></span> <span class='ocrx_word' id='word_1_402' title='bbox 842 4899 897 4946; x_wconf 88' lang='lat' dir='ltr'><strong>et</strong></span> <span class='ocrx_word' id='word_1_403' title='bbox 933 4905 964 4946; x_wconf 87' lang='lat' dir='ltr'><strong>a</strong></span> <span class='ocrx_word' id='word_1_404' title='bbox 1001 4907 1060 4948; x_wconf 90' lang='lat' dir='ltr'><strong>se</strong></span> <span class='ocrx_word' id='word_1_405' title='bbox 1087 4893 1212 4970; x_wconf 83' lang='lat' dir='ltr'><strong>ipsis</strong></span> <span class='ocrx_word' id='word_1_406' title='bbox 1252 4893 1368 4950; x_wconf 83' lang='lat' dir='ltr'><strong>ﬁeri</strong></span> <span class='ocrx_word' id='word_1_407' title='bbox 1411 4897 1599 4954; x_wconf 82' lang='lat' dir='ltr'><strong>beatos</strong></span> <span class='ocrx_word' id='word_1_408' title='bbox 1631 4909 1824 4970; x_wconf 76' lang='lat' dir='ltr'><strong>puum-</strong></span> 
     </span>
    </p>
   </div>
   <div class='ocr_carea' id='block_1_52' title="bbox 219 4979 1824 5058">
    <p class='ocr_par' dir='ltr' id='par_1_52' title="bbox 219 4979 1824 5058">
     <span class='ocr_line' id='line_1_52' title="bbox 219 4979 1824 5058; baseline 0.009 -24"><span class='ocrx_word' id='word_1_409' title='bbox 219 4979 402 5046; x_wconf 83' lang='lat' dir='ltr'><strong>tibus;</strong></span> <span class='ocrx_word' id='word_1_410' title='bbox 439 4989 506 5038; x_wconf 85' lang='lat' dir='ltr'><strong>ut</strong></span> <span class='ocrx_word' id='word_1_411' title='bbox 545 4980 762 5050; x_wconf 87' lang='lat' dir='ltr'><strong>sapiens</strong></span> <span class='ocrx_word' id='word_1_412' title='bbox 783 4997 1006 5049; x_wconf 88' lang='lat' dir='ltr'><strong>eorum,</strong></span> <span class='ocrx_word' id='word_1_413' title='bbox 1051 4983 1152 5050; x_wconf 82' lang='lat' dir='ltr'><strong>hoc</strong></span> <span class='ocrx_word' id='word_1_414' title='bbox 1197 4995 1312 5051; x_wconf 84' lang='lat' dir='ltr'><strong>est,</strong></span> <span class='ocrx_word' id='word_1_415' title='bbox 1339 4989 1550 5058; x_wconf 87' lang='lat' dir='ltr'><strong>qualem</strong></span> <span class='ocrx_word' id='word_1_416' title='bbox 1595 4989 1824 5048; x_wconf 88' lang='lat' dir='ltr'><strong>mirabili</strong></span> 
     </span>
    </p>
   </div>
   <div class='ocr_carea' id='block_1_53' title="bbox 215 5069 1823 5154">
    <p class='ocr_par' dir='ltr' id='par_1_53' title="bbox 215 5069 1823 5154">
     <span class='ocr_line' id='line_1_53' title="bbox 215 5069 1823 5154; baseline 0.009 -30"><span class='ocrx_word' id='word_1_417' title='bbox 215 5072 466 5127; x_wconf 75' lang='lat' dir='ltr'><strong>vanitate</strong></span> <span class='ocrx_word' id='word_1_418' title='bbox 494 5069 840 5139; x_wconf 86' lang='lat' dir='ltr'><strong>describunt,</strong></span> <span class='ocrx_word' id='word_1_419' title='bbox 864 5073 1072 5132; x_wconf 88' lang='lat' dir='ltr'><strong>etiamsi</strong></span> <span class='ocrx_word' id='word_1_420' title='bbox 1097 5086 1412 5146; x_wconf 71' lang='lat' dir='ltr'><strong>exctecetur,</strong></span> <span class='ocrx_word' id='word_1_421' title='bbox 1442 5079 1788 5139; x_wconf 87' lang='lat' dir='ltr'><strong>obsurdescat</strong></span> <span class='ocrx_word' id='word_1_422' title='bbox 1806 5125 1823 5154; x_wconf 89' lang='lat'><strong>,</strong></span> 
     </span>
    </p>
   </div>
   <div class='ocr_carea' id='block_1_54' title="bbox 213 5162 1823 5244">
    <p class='ocr_par' dir='ltr' id='par_1_54' title="bbox 213 5162 1823 5244">
     <span class='ocr_line' id='line_1_54' title="bbox 213 5162 1823 5244; baseline 0.009 -27"><span class='ocrx_word' id='word_1_423' title='bbox 213 5162 595 5230; x_wconf 73' lang='lat' dir='ltr'><strong>obmutescet,</strong></span> <span class='ocrx_word' id='word_1_424' title='bbox 624 5165 878 5220; x_wconf 85' lang='lat' dir='ltr'><strong>membris</strong></span> <span class='ocrx_word' id='word_1_425' title='bbox 901 5166 1225 5234; x_wconf 88' lang='lat' dir='ltr'><strong>debilitetur,</strong></span> <span class='ocrx_word' id='word_1_426' title='bbox 1251 5169 1520 5226; x_wconf 86' lang='lat' dir='ltr'><strong>doloribus</strong></span> <span class='ocrx_word' id='word_1_427' title='bbox 1537 5175 1823 5244; x_wconf 85' lang='lat' dir='ltr'><strong>crucietur,</strong></span> 
     </span>
    </p>
   </div>
   <div class='ocr_carea' id='block_1_55' title="bbox 213 5253 1828 5337">
    <p class='ocr_par' dir='ltr' id='par_1_55' title="bbox 213 5253 1828 5337">
     <span class='ocr_line' id='line_1_55' title="bbox 213 5253 1828 5337; baseline 0.005 -27"><span class='ocrx_word' id='word_1_428' title='bbox 213 5263 264 5310; x_wconf 82' lang='lat' dir='ltr'><strong>et</strong></span> <span class='ocrx_word' id='word_1_429' title='bbox 291 5255 340 5310; x_wconf 86' lang='lat' dir='ltr'><strong>si</strong></span> <span class='ocrx_word' id='word_1_430' title='bbox 371 5253 518 5326; x_wconf 84' lang='lat' dir='ltr'><strong>quid</strong></span> <span class='ocrx_word' id='word_1_431' title='bbox 543 5254 690 5310; x_wconf 79' lang='lat' dir='ltr'><strong>aliud</strong></span> <span class='ocrx_word' id='word_1_432' title='bbox 716 5255 898 5310; x_wconf 87' lang='lat' dir='ltr'><strong>talium</strong></span> <span class='ocrx_word' id='word_1_433' title='bbox 923 5257 1181 5313; x_wconf 88' lang='lat' dir='ltr'><strong>malorum</strong></span> <span class='ocrx_word' id='word_1_434' title='bbox 1224 5259 1326 5315; x_wconf 90' lang='lat' dir='ltr'><strong>dici</strong></span> <span class='ocrx_word' id='word_1_435' title='bbox 1355 5271 1442 5314; x_wconf 88' lang='lat' dir='ltr'><strong>aut</strong></span> <span class='ocrx_word' id='word_1_436' title='bbox 1484 5262 1702 5334; x_wconf 77' lang='lat' dir='ltr'><strong>cogitari</strong></span> <span class='ocrx_word' id='word_1_437' title='bbox 1727 5281 1828 5337; x_wconf 80' lang='lat' dir='ltr'><strong>po-</strong></span> 
     </span>
    </p>
   </div>
   <div class='ocr_carea' id='block_1_56' title="bbox 213 5343 1874 5426">
    <p class='ocr_par' dir='ltr' id='par_1_56' title="bbox 213 5343 1874 5426">
     <span class='ocr_line' id='line_1_56' title="bbox 213 5343 1874 5426; baseline 0.009 -26"><span class='ocrx_word' id='word_1_438' title='bbox 213 5355 342 5416; x_wconf 81' lang='lat' dir='ltr'><strong>test,</strong></span> <span class='ocrx_word' id='word_1_439' title='bbox 376 5345 592 5403; x_wconf 82' lang='lat' dir='ltr'><strong>incidat</strong></span> <span class='ocrx_word' id='word_1_440' title='bbox 617 5349 670 5400; x_wconf 84' lang='lat' dir='ltr'><strong>in</strong></span> <span class='ocrx_word' id='word_1_441' title='bbox 691 5361 833 5413; x_wconf 87' lang='lat' dir='ltr'><strong>eum,</strong></span> <span class='ocrx_word' id='word_1_442' title='bbox 856 5361 964 5418; x_wconf 88' lang='lat' dir='ltr'><strong>quo</strong></span> <span class='ocrx_word' id='word_1_443' title='bbox 989 5348 1090 5404; x_wconf 88' lang='lat' dir='ltr'><strong>sibi</strong></span> <span class='ocrx_word' id='word_1_444' title='bbox 1115 5359 1342 5406; x_wconf 88' lang='lat' dir='ltr'><strong>mortem</strong></span> <span class='ocrx_word' id='word_1_445' title='bbox 1365 5361 1585 5424; x_wconf 70' lang='lat' dir='ltr'><strong>cogatur</strong></span> <span class='ocrx_word' id='word_1_446' title='bbox 1605 5356 1822 5426; x_wconf 84' lang='lat' dir='ltr'><strong>inferre,</strong></span> <span class='ocrx_word' id='word_1_447' title='bbox 1865 5343 1874 5354; x_wconf 71' lang='grc'><em>’</em></span> 
     </span>
    </p>
   </div>
   <div class='ocr_carea' id='block_1_57' title="bbox 207 5589 1826 5720">
    <p class='ocr_par' dir='ltr' id='par_1_57' title="bbox 207 5589 1826 5720">
     <span class='ocr_line' id='line_1_57' title="bbox 273 5589 1826 5649; baseline 0.008 -12"><span class='ocrx_word' id='word_1_448' title='bbox 273 5589 352 5649; x_wconf 85' lang='lat' dir='ltr'><strong>(b)</strong></span> <span class='ocrx_word' id='word_1_449' title='bbox 379 5589 585 5638; x_wconf 77' lang='lat' dir='ltr'><strong>Justitia</strong></span> <span class='ocrx_word' id='word_1_450' title='bbox 616 5589 684 5636; x_wconf 83' lang='lat' dir='ltr'><strong>ita</strong></span> <span class='ocrx_word' id='word_1_451' title='bbox 704 5589 932 5637; x_wconf 80' lang='lat' dir='ltr'><strong>delinitur</strong></span> <span class='ocrx_word' id='word_1_452' title='bbox 956 5590 1004 5637; x_wconf 89' lang='lat' dir='ltr'><strong>in</strong></span> <span class='ocrx_word' id='word_1_453' title='bbox 1029 5591 1424 5648; x_wconf 83' lang='lat' dir='ltr'><strong>institutionibus,</strong></span> <span class='ocrx_word' id='word_1_454' title='bbox 1450 5593 1524 5642; x_wconf 89' lang='lat' dir='ltr'><strong>tit.</strong></span> <span class='ocrx_word' id='word_1_455' title='bbox 1544 5593 1608 5644; x_wconf 85' lang='lat' dir='ltr'><strong>de</strong></span> <span class='ocrx_word' id='word_1_456' title='bbox 1643 5601 1826 5648; x_wconf 70' lang='lat' dir='ltr'><strong>iustitia</strong></span> 
     </span>
     <span class='ocr_line' id='line_1_58' title="bbox 207 5651 1826 5720; baseline 0.001 -23"><span class='ocrx_word' id='word_1_457' title='bbox 207 5659 272 5720; x_wconf 65' lang='lat' dir='ltr'><strong>et</strong></span> <span class='ocrx_word' id='word_1_458' title='bbox 276 5651 406 5712; x_wconf 85' lang='lat' dir='ltr'><strong>jure</strong></span> <span class='ocrx_word' id='word_1_459' title='bbox 431 5663 466 5720; x_wconf 86' lang='lat'><strong>_:_</strong></span> <span class='ocrx_word' id='word_1_460' title='bbox 487 5667 512 5694; x_wconf 74' lang='grc' dir='ltr'><strong><em>α</em></strong></span> <span class='ocrx_word' id='word_1_461' title='bbox 536 5655 782 5720; x_wconf 71' lang='lat' dir='ltr'><strong>Perpetua</strong></span> <span class='ocrx_word' id='word_1_462' title='bbox 805 5657 857 5699; x_wconf 90' lang='lat' dir='ltr'><strong>et</strong></span> <span class='ocrx_word' id='word_1_463' title='bbox 891 5659 1116 5700; x_wconf 81' lang='lat' dir='ltr'><strong>constans</strong></span> <span class='ocrx_word' id='word_1_464' title='bbox 1156 5653 1377 5702; x_wconf 76' lang='lat' dir='ltr'><strong>voluntas</strong></span> <span class='ocrx_word' id='word_1_465' title='bbox 1418 5667 1505 5703; x_wconf 82' lang='lat' dir='ltr'><strong>sua</strong></span> <span class='ocrx_word' id='word_1_466' title='bbox 1540 5657 1721 5720; x_wconf 79' lang='lat' dir='ltr'><strong>cuique</strong></span> <span class='ocrx_word' id='word_1_467' title='bbox 1743 5663 1826 5710; x_wconf 71' lang='grc' dir='ltr'>ιι-ί.</span> 
     </span>
    </p>
   </div>
   <div class='ocr_carea' id='block_1_58' title="bbox 213 5711 808 5768">
    <p class='ocr_par' dir='ltr' id='par_1_58' title="bbox 213 5711 808 5768">
     <span class='ocr_line' id='line_1_59' title="bbox 213 5711 808 5768; baseline 0.007 -10"><span class='ocrx_word' id='word_1_468' title='bbox 213 5731 236 5758; x_wconf 81' lang='grc' dir='ltr'><strong>ι</strong></span> <span class='ocrx_word' id='word_1_469' title='bbox 261 5711 486 5762; x_wconf 84' lang='lat' dir='ltr'><strong>buendi.</strong></span> <span class='ocrx_word' id='word_1_470' title='bbox 509 5727 532 5754; x_wconf 72' lang='grc' dir='ltr'><strong>ι</strong></span> <span class='ocrx_word' id='word_1_471' title='bbox 553 5711 808 5768; x_wconf 55' lang='lat' dir='ltr'><strong>coeamus.</strong></span> 
     </span>
    </p>
   </div>
   <div class='ocr_carea' id='block_1_59' title="bbox 207 5770 1823 5887">
    <p class='ocr_par' dir='ltr' id='par_1_59' title="bbox 207 5770 1823 5887">
     <span class='ocr_line' id='line_1_60' title="bbox 207 5770 1823 5886; baseline 0.005 -64"><span class='ocrx_word' id='word_1_472' title='bbox 207 5777 348 5886; x_wconf 67' lang='grc' dir='ltr'><strong>ῃίε)</strong></span> <span class='ocrx_word' id='word_1_473' title='bbox 375 5771 524 5882; x_wconf 55' lang='grc' dir='ltr'><strong>ἰδιειιά</strong></span> <span class='ocrx_word' id='word_1_474' title='bbox 545 5773 852 5845; x_wconf 62' lang='lat' dir='ltr'><strong>ciceronem,</strong></span> <span class='ocrx_word' id='word_1_475' title='bbox 875 5770 960 5823; x_wconf 87' lang='lat' dir='ltr'><strong>lib.</strong></span> <span class='ocrx_word' id='word_1_476' title='bbox 985 5773 1017 5824; x_wconf 80' lang='lat'><strong>3</strong></span> <span class='ocrx_word' id='word_1_477' title='bbox 1048 5773 1111 5825; x_wconf 87' lang='lat' dir='ltr'><strong>de</strong></span> <span class='ocrx_word' id='word_1_478' title='bbox 1146 5775 1354 5836; x_wconf 80' lang='lat' dir='ltr'><strong>Finibus,</strong></span> <span class='ocrx_word' id='word_1_479' title='bbox 1383 5782 1433 5828; x_wconf 85' lang='lat' dir='ltr'><strong>et</strong></span> <span class='ocrx_word' id='word_1_480' title='bbox 1455 5775 1539 5828; x_wconf 74' lang='lat' dir='ltr'><strong>tib.</strong></span> <span class='ocrx_word' id='word_1_481' title='bbox 1585 5781 1606 5832; x_wconf 87' lang='lat' dir='ltr'><strong>l</strong></span> <span class='ocrx_word' id='word_1_482' title='bbox 1650 5789 1823 5841; x_wconf 76' lang='lat' dir='ltr'><strong>Qnrrst.</strong></span> 
     </span>
     <span class='ocr_line' id='line_1_61' title="bbox 251 5849 1478 5887; baseline -0.009 0"><span class='ocrx_word' id='word_1_483' title='bbox 251 5849 370 5887; x_wconf 79' lang='lat' dir='ltr'><strong>.tscu</strong></span> <span class='ocrx_word' id='word_1_484' title='bbox 399 5870 414 5880; x_wconf 84' lang='lat'><strong>.</strong></span> <span class='ocrx_word' id='word_1_485' title='bbox 1471 5873 1478 5884; x_wconf 69' lang='lat'><strong>,_</strong></span> 
     </span>
    </p>
   </div>
   <div class='ocr_carea' id='block_1_60' title="bbox 271 5525 1486 5649">
    <p class='ocr_par' dir='ltr' id='par_1_60' title="bbox 271 5525 1486 5649">
     <span class='ocr_line' id='line_1_62' title="bbox 271 5525 1486 5590; baseline 0.002 -14"><span class='ocrx_word' id='word_1_486' title='bbox 271 5527 328 5586; x_wconf 76' lang='grc' dir='ltr'><strong>(α</strong></span> <span class='ocrx_word' id='word_1_487' title='bbox 387 5525 498 5575; x_wconf 83' lang='lat' dir='ltr'><strong>vid.</strong></span> <span class='ocrx_word' id='word_1_488' title='bbox 519 5527 702 5584; x_wconf 81' lang='lat' dir='ltr'><strong>t:icer.,</strong></span> <span class='ocrx_word' id='word_1_489' title='bbox 725 5532 902 5583; x_wconf 66' lang='lat' dir='ltr'><strong>quiest.</strong></span> <span class='ocrx_word' id='word_1_490' title='bbox 919 5525 1110 5578; x_wconf 79' lang='lat' dir='ltr'><strong>Tuscul.</strong></span> <span class='ocrx_word' id='word_1_491' title='bbox 1135 5528 1218 5578; x_wconf 86' lang='lat' dir='ltr'><strong>lib.</strong></span> <span class='ocrx_word' id='word_1_492' title='bbox 1239 5529 1287 5588; x_wconf 76' lang='lat'><strong>5,</strong></span> <span class='ocrx_word' id='word_1_493' title='bbox 1307 5541 1412 5590; x_wconf 86' lang='lat' dir='ltr'><strong>cap.</strong></span> <span class='ocrx_word' id='word_1_494' title='bbox 1437 5529 1486 5578; x_wconf 88' lang='lat'><strong>8.</strong></span> 
     </span>
     <span class='ocr_line' id='line_1_63' title="bbox 273 5525 1484 5649; baseline 0.003 -12"><span class='ocrx_word' id='word_1_495' title='bbox 273 5525 354 5649; x_wconf 44' lang='grc' dir='ltr'><strong>(ὑὶ</strong></span> <span class='ocrx_word' id='word_1_496' title='bbox 379 5589 585 5638; x_wconf 78' lang='lat' dir='ltr'><strong>Justitia</strong></span> <span class='ocrx_word' id='word_1_497' title='bbox 616 5589 684 5636; x_wconf 84' lang='lat' dir='ltr'><strong>ita</strong></span> <span class='ocrx_word' id='word_1_498' title='bbox 704 5585 932 5637; x_wconf 83' lang='lat' dir='ltr'><strong>delinitur</strong></span> <span class='ocrx_word' id='word_1_499' title='bbox 956 5590 1004 5637; x_wconf 89' lang='lat' dir='ltr'><strong>in</strong></span> <span class='ocrx_word' id='word_1_500' title='bbox 1029 5591 1424 5648; x_wconf 83' lang='lat' dir='ltr'><strong>institutionibus,</strong></span> <span class='ocrx_word' id='word_1_501' title='bbox 1450 5593 1484 5641; x_wconf 90' lang='lat' dir='ltr'><strong>ti</strong></span> 
     </span>
    </p>
   </div>
   <div class='ocr_carea' id='block_1_61' title="bbox 379 5585 1836 5650">
    <p class='ocr_par' dir='ltr' id='par_1_61' title="bbox 379 5585 1836 5650">
     <span class='ocr_line' id='line_1_64' title="bbox 379 5585 1836 5650; baseline 0.01 -14"><span class='ocrx_word' id='word_1_502' title='bbox 379 5589 585 5638; x_wconf 78' lang='lat' dir='ltr'><strong>Justitia</strong></span> <span class='ocrx_word' id='word_1_503' title='bbox 616 5589 684 5636; x_wconf 84' lang='lat' dir='ltr'><strong>ita</strong></span> <span class='ocrx_word' id='word_1_504' title='bbox 704 5585 932 5637; x_wconf 89' lang='lat' dir='ltr'><strong>deﬁnitur</strong></span> <span class='ocrx_word' id='word_1_505' title='bbox 956 5590 1004 5637; x_wconf 89' lang='lat' dir='ltr'><strong>in</strong></span> <span class='ocrx_word' id='word_1_506' title='bbox 1029 5585 1424 5648; x_wconf 81' lang='lat' dir='ltr'><strong>institutionibus,</strong></span> <span class='ocrx_word' id='word_1_507' title='bbox 1450 5593 1524 5642; x_wconf 87' lang='lat' dir='ltr'><strong>tit.</strong></span> <span class='ocrx_word' id='word_1_508' title='bbox 1544 5593 1608 5644; x_wconf 87' lang='lat' dir='ltr'><strong>de</strong></span> <span class='ocrx_word' id='word_1_509' title='bbox 1643 5601 1836 5650; x_wconf 79' lang='lat' dir='ltr'><strong>Justttia</strong></span> 
     </span>
    </p>
   </div>
   <div class='ocr_carea' id='block_1_62' title="bbox 3399 393 3502 448">
    <p class='ocr_par' dir='ltr' id='par_1_62' title="bbox 3399 393 3502 448">
     <span class='ocr_line' id='line_1_65' title="bbox 3399 393 3502 448; baseline -0.019 0"><span class='ocrx_word' id='word_1_510' title='bbox 3399 393 3502 448; x_wconf 70' lang='lat'><strong>659</strong></span> 
     </span>
    </p>
   </div>
   <div class='ocr_carea' id='block_1_63' title="bbox 1931 501 3498 580">
    <p class='ocr_par' dir='ltr' id='par_1_63' title="bbox 1931 501 3498 580">
     <span class='ocr_line' id='line_1_66' title="bbox 1931 501 3498 580; baseline 0.006 -24"><span class='ocrx_word' id='word_1_511' title='bbox 1931 501 2064 558; x_wconf 85' lang='lat' dir='ltr'><strong>hanc</strong></span> <span class='ocrx_word' id='word_1_512' title='bbox 2093 505 2145 560; x_wconf 91' lang='lat' dir='ltr'><strong>in</strong></span> <span class='ocrx_word' id='word_1_513' title='bbox 2171 503 2256 560; x_wconf 89' lang='lat' dir='ltr'><strong>bis</strong></span> <span class='ocrx_word' id='word_1_514' title='bbox 2280 507 2432 562; x_wconf 80' lang='lat' dir='ltr'><strong>malis</strong></span> <span class='ocrx_word' id='word_1_515' title='bbox 2455 508 2612 564; x_wconf 66' lang='lat' dir='ltr'><strong>vitam</strong></span> <span class='ocrx_word' id='word_1_516' title='bbox 2637 509 3000 576; x_wconf 84' lang='lat' dir='ltr'><strong>constitutam,</strong></span> <span class='ocrx_word' id='word_1_517' title='bbox 3024 523 3118 566; x_wconf 90' lang='lat' dir='ltr'><strong>eos</strong></span> <span class='ocrx_word' id='word_1_518' title='bbox 3137 523 3248 564; x_wconf 86' lang='lat' dir='ltr'><strong>non</strong></span> <span class='ocrx_word' id='word_1_519' title='bbox 3271 509 3462 580; x_wconf 85' lang='lat' dir='ltr'><strong>pudeat</strong></span> <span class='ocrx_word' id='word_1_520' title='bbox 3485 515 3498 546; x_wconf 82' lang='lat'>&#39;</span> 
     </span>
    </p>
   </div>
   <div class='ocr_carea' id='block_1_64' title="bbox 1919 595 3500 673">
    <p class='ocr_par' dir='ltr' id='par_1_64' title="bbox 1919 595 3500 673">
     <span class='ocr_line' id='line_1_67' title="bbox 1919 595 3500 673; baseline 0.004 -23"><span class='ocrx_word' id='word_1_521' title='bbox 1919 595 2130 666; x_wconf 83' lang='lat' dir='ltr'><strong>beatam</strong></span> <span class='ocrx_word' id='word_1_522' title='bbox 2177 613 2388 654; x_wconf 86' lang='lat' dir='ltr'><strong>vocare.</strong></span> <span class='ocrx_word' id='word_1_523' title='bbox 2433 604 2478 656; x_wconf 86' lang='lat'><strong>0</strong></span> <span class='ocrx_word' id='word_1_524' title='bbox 2521 603 2680 656; x_wconf 86' lang='lat' dir='ltr'><strong>vitam</strong></span> <span class='ocrx_word' id='word_1_525' title='bbox 2729 602 2976 670; x_wconf 83' lang='lat' dir='ltr'><strong>beatam,</strong></span> <span class='ocrx_word' id='word_1_526' title='bbox 3006 619 3124 673; x_wconf 80' lang='lat' dir='ltr'><strong>qua:</strong></span> <span class='ocrx_word' id='word_1_527' title='bbox 3153 611 3210 656; x_wconf 90' lang='lat' dir='ltr'><strong>ut</strong></span> <span class='ocrx_word' id='word_1_528' title='bbox 3253 599 3500 668; x_wconf 88' lang='lat' dir='ltr'><strong>ﬁniatur,</strong></span> 
     </span>
    </p>
   </div>
   <div class='ocr_carea' id='block_1_65' title="bbox 1925 689 3502 757">
    <p class='ocr_par' dir='ltr' id='par_1_65' title="bbox 1925 689 3502 757">
     <span class='ocr_line' id='line_1_68' title="bbox 1925 689 3502 757; baseline 0.004 -17"><span class='ocrx_word' id='word_1_529' title='bbox 1925 689 2110 740; x_wconf 73' lang='lat' dir='ltr'><strong>moi-tis</strong></span> <span class='ocrx_word' id='word_1_530' title='bbox 2145 689 2334 756; x_wconf 73' lang='lat' dir='ltr'><strong>qumrit</strong></span> <span class='ocrx_word' id='word_1_531' title='bbox 2376 690 2668 746; x_wconf 80' lang='lat' dir='ltr'><strong>auxilium!</strong></span> <span class='ocrx_word' id='word_1_532' title='bbox 2712 691 2770 746; x_wconf 90' lang='lat' dir='ltr'><strong>Si</strong></span> <span class='ocrx_word' id='word_1_533' title='bbox 2798 693 2949 748; x_wconf 85' lang='lat' dir='ltr'><strong>beata</strong></span> <span class='ocrx_word' id='word_1_534' title='bbox 2991 699 3106 757; x_wconf 90' lang='lat' dir='ltr'><strong>est,</strong></span> <span class='ocrx_word' id='word_1_535' title='bbox 3133 701 3410 747; x_wconf 87' lang='lat' dir='ltr'><strong>maneatur</strong></span> <span class='ocrx_word' id='word_1_536' title='bbox 3449 693 3502 746; x_wconf 85' lang='lat' dir='ltr'><strong>in</strong></span> 
     </span>
    </p>
   </div>
   <div class='ocr_carea' id='block_1_66' title="bbox 1921 779 3502 854">
    <p class='ocr_par' dir='ltr' id='par_1_66' title="bbox 1921 779 3502 854">
     <span class='ocr_line' id='line_1_69' title="bbox 1921 779 3502 854; baseline 0.002 -21"><span class='ocrx_word' id='word_1_537' title='bbox 1921 791 1984 833; x_wconf 87' lang='lat' dir='ltr'><strong>ea</strong></span> <span class='ocrx_word' id='word_1_538' title='bbox 2012 796 2024 830; x_wconf 90' lang='lat'><strong>:</strong></span> <span class='ocrx_word' id='word_1_539' title='bbox 2057 779 2102 832; x_wconf 90' lang='lat' dir='ltr'><strong>si</strong></span> <span class='ocrx_word' id='word_1_540' title='bbox 2134 795 2258 832; x_wconf 83' lang='lat' dir='ltr'><strong>vero</strong></span> <span class='ocrx_word' id='word_1_541' title='bbox 2289 791 2503 850; x_wconf 88' lang='lat' dir='ltr'><strong>propter</strong></span> <span class='ocrx_word' id='word_1_542' title='bbox 2533 783 2630 838; x_wconf 83' lang='lat' dir='ltr'><strong>ista</strong></span> <span class='ocrx_word' id='word_1_543' title='bbox 2659 783 2796 842; x_wconf 85' lang='lat' dir='ltr'><strong>mala</strong></span> <span class='ocrx_word' id='word_1_544' title='bbox 2824 783 3018 854; x_wconf 79' lang='lat' dir='ltr'><strong>fugitur</strong></span> <span class='ocrx_word' id='word_1_545' title='bbox 3037 783 3208 849; x_wconf 66' lang='lat' dir='ltr'><strong>alica,</strong></span> <span class='ocrx_word' id='word_1_546' title='bbox 3235 783 3502 853; x_wconf 83' lang='lat' dir='ltr'><strong>quomodo</strong></span> 
     </span>
    </p>
   </div>
   <div class='ocr_carea' id='block_1_67' title="bbox 1923 867 3504 944">
    <p class='ocr_par' dir='ltr' id='par_1_67' title="bbox 1923 867 3504 944">
     <span class='ocr_line' id='line_1_70' title="bbox 1923 867 3504 944; baseline 0.004 -20"><span class='ocrx_word' id='word_1_547' title='bbox 1923 879 2006 924; x_wconf 85' lang='lat' dir='ltr'><strong>est</strong></span> <span class='ocrx_word' id='word_1_548' title='bbox 2035 867 2224 924; x_wconf 83' lang='lat' dir='ltr'><strong>beata?</strong></span> <span class='ocrx_word' id='word_1_549' title='bbox 2255 873 2358 926; x_wconf 75' lang='lat' dir='ltr'><strong>Aut</strong></span> <span class='ocrx_word' id='word_1_550' title='bbox 2384 873 2403 903; x_wconf 88' lang='grc'>¹</span> <span class='ocrx_word' id='word_1_551' title='bbox 2431 873 2698 942; x_wconf 83' lang='lat' dir='ltr'><strong>quomodo</strong></span> <span class='ocrx_word' id='word_1_552' title='bbox 2737 875 2836 928; x_wconf 86' lang='lat' dir='ltr'><strong>ista</strong></span> <span class='ocrx_word' id='word_1_553' title='bbox 2863 891 2968 928; x_wconf 85' lang='lat' dir='ltr'><strong>non</strong></span> <span class='ocrx_word' id='word_1_554' title='bbox 2995 883 3138 930; x_wconf 84' lang='lat' dir='ltr'><strong>sunt</strong></span> <span class='ocrx_word' id='word_1_555' title='bbox 3179 875 3316 928; x_wconf 86' lang='lat' dir='ltr'><strong>mala</strong></span> <span class='ocrx_word' id='word_1_556' title='bbox 3337 915 3365 944; x_wconf 24' lang='grc' dir='ltr'>,η</span> <span class='ocrx_word' id='word_1_557' title='bbox 3385 889 3504 944; x_wconf 71' lang='lat' dir='ltr'><strong>qua!</strong></span> 
     </span>
    </p>
   </div>
   <div class='ocr_carea' id='block_1_68' title="bbox 1925 959 3502 1036">
    <p class='ocr_par' dir='ltr' id='par_1_68' title="bbox 1925 959 3502 1036">
     <span class='ocr_line' id='line_1_71' title="bbox 1925 959 3502 1036; baseline 0.003 -22"><span class='ocrx_word' id='word_1_558' title='bbox 1925 959 2144 1016; x_wconf 81' lang='lat' dir='ltr'><strong>vincunt</strong></span> <span class='ocrx_word' id='word_1_559' title='bbox 2161 960 2482 1018; x_wconf 74' lang='lat' dir='ltr'><strong>fortitudinis</strong></span> <span class='ocrx_word' id='word_1_560' title='bbox 2511 963 2706 1016; x_wconf 87' lang='lat' dir='ltr'><strong>bonum</strong></span> <span class='ocrx_word' id='word_1_561' title='bbox 2727 1004 2742 1028; x_wconf 91' lang='lat'><strong>,</strong></span> <span class='ocrx_word' id='word_1_562' title='bbox 2769 964 3118 1036; x_wconf 87' lang='lat' dir='ltr'><strong>eamdemque</strong></span> <span class='ocrx_word' id='word_1_563' title='bbox 3139 964 3502 1020; x_wconf 88' lang='lat' dir='ltr'><strong>fortitudinem</strong></span> 
     </span>
    </p>
   </div>
   <div class='ocr_carea' id='block_1_69' title="bbox 1925 1052 3498 1120">
    <p class='ocr_par' dir='ltr' id='par_1_69' title="bbox 1925 1052 3498 1120">
     <span class='ocr_line' id='line_1_72' title="bbox 1925 1052 3498 1120; baseline 0.003 -16"><span class='ocrx_word' id='word_1_564' title='bbox 1925 1066 2032 1104; x_wconf 91' lang='lat' dir='ltr'><strong>non</strong></span> <span class='ocrx_word' id='word_1_565' title='bbox 2059 1052 2234 1106; x_wconf 87' lang='lat' dir='ltr'><strong>solmu</strong></span> <span class='ocrx_word' id='word_1_566' title='bbox 2273 1053 2374 1110; x_wconf 87' lang='lat' dir='ltr'><strong>sibi</strong></span> <span class='ocrx_word' id='word_1_567' title='bbox 2399 1053 2624 1120; x_wconf 82' lang='lat' dir='ltr'><strong>cedere,</strong></span> <span class='ocrx_word' id='word_1_568' title='bbox 2661 1069 2844 1108; x_wconf 85' lang='lat' dir='ltr'><strong>verum</strong></span> <span class='ocrx_word' id='word_1_569' title='bbox 2883 1056 3044 1108; x_wconf 86' lang='lat' dir='ltr'><strong>etiam</strong></span> <span class='ocrx_word' id='word_1_570' title='bbox 3084 1055 3309 1112; x_wconf 86' lang='lat' dir='ltr'><strong>delirare</strong></span> <span class='ocrx_word' id='word_1_571' title='bbox 3351 1071 3498 1110; x_wconf 74' lang='lat' dir='ltr'><strong>com-</strong></span> 
     </span>
    </p>
   </div>
   <div class='ocr_carea' id='block_1_70' title="bbox 1925 1142 3502 1216">
    <p class='ocr_par' dir='ltr' id='par_1_70' title="bbox 1925 1142 3502 1216">
     <span class='ocr_line' id='line_1_73' title="bbox 1925 1142 3502 1216; baseline 0.001 -18"><span class='ocrx_word' id='word_1_572' title='bbox 1925 1142 2162 1212; x_wconf 86' lang='lat' dir='ltr'><strong>pellunt,</strong></span> <span class='ocrx_word' id='word_1_573' title='bbox 2197 1153 2256 1202; x_wconf 87' lang='lat' dir='ltr'><strong>ut</strong></span> <span class='ocrx_word' id='word_1_574' title='bbox 2281 1144 2526 1200; x_wconf 84' lang='lat' dir='ltr'><strong>eamdem</strong></span> <span class='ocrx_word' id='word_1_575' title='bbox 2563 1145 2722 1202; x_wconf 66' lang='lat' dir='ltr'><strong>vitam</strong></span> <span class='ocrx_word' id='word_1_576' title='bbox 2754 1155 2808 1198; x_wconf 88' lang='lat' dir='ltr'><strong>et</strong></span> <span class='ocrx_word' id='word_1_577' title='bbox 2845 1145 2983 1200; x_wconf 84' lang='lat' dir='ltr'><strong>dicat</strong></span> <span class='ocrx_word' id='word_1_578' title='bbox 3014 1147 3258 1214; x_wconf 87' lang='lat' dir='ltr'><strong>beatam,</strong></span> <span class='ocrx_word' id='word_1_579' title='bbox 3287 1157 3341 1203; x_wconf 89' lang='lat' dir='ltr'><strong>ct</strong></span> <span class='ocrx_word' id='word_1_580' title='bbox 3379 1163 3502 1216; x_wconf 86' lang='lat' dir='ltr'><strong>pcr-</strong></span> 
     </span>
    </p>
   </div>
   <div class='ocr_carea' id='block_1_71' title="bbox 1923 1234 3504 1307">
    <p class='ocr_par' dir='ltr' id='par_1_71' title="bbox 1923 1234 3504 1307">
     <span class='ocr_line' id='line_1_74' title="bbox 1923 1234 3504 1307; baseline 0.001 -19"><span class='ocrx_word' id='word_1_581' title='bbox 1923 1234 2140 1290; x_wconf 79' lang='lat' dir='ltr'><strong>suadeat</strong></span> <span class='ocrx_word' id='word_1_582' title='bbox 2167 1251 2287 1290; x_wconf 84' lang='lat' dir='ltr'><strong>esse</strong></span> <span class='ocrx_word' id='word_1_583' title='bbox 2317 1237 2654 1307; x_wconf 85' lang='lat' dir='ltr'><strong>fugiendam?</strong></span> <span class='ocrx_word' id='word_1_584' title='bbox 2679 1237 2808 1302; x_wconf 80' lang='lat' dir='ltr'><strong>Quis</strong></span> <span class='ocrx_word' id='word_1_585' title='bbox 2837 1252 3001 1305; x_wconf 86' lang='lat' dir='ltr'><strong>usque</strong></span> <span class='ocrx_word' id='word_1_586' title='bbox 3034 1237 3166 1292; x_wconf 83' lang='lat' dir='ltr'><strong>adeo</strong></span> <span class='ocrx_word' id='word_1_587' title='bbox 3203 1251 3374 1292; x_wconf 65' lang='lat' dir='ltr'><strong>caicus</strong></span> <span class='ocrx_word' id='word_1_588' title='bbox 3399 1247 3504 1298; x_wconf 88' lang='lat' dir='ltr'><strong>est,</strong></span> 
     </span>
    </p>
   </div>
   <div class='ocr_carea' id='block_1_72' title="bbox 1925 1329 3502 1400">
    <p class='ocr_par' dir='ltr' id='par_1_72' title="bbox 1925 1329 3502 1400">
     <span class='ocr_line' id='line_1_75' title="bbox 1925 1329 3502 1400; baseline 0.001 -18"><span class='ocrx_word' id='word_1_589' title='bbox 1925 1337 1984 1382; x_wconf 90' lang='lat' dir='ltr'><strong>ut</strong></span> <span class='ocrx_word' id='word_1_590' title='bbox 2031 1343 2136 1384; x_wconf 89' lang='lat' dir='ltr'><strong>non</strong></span> <span class='ocrx_word' id='word_1_591' title='bbox 2185 1329 2361 1384; x_wconf 89' lang='lat' dir='ltr'><strong>videat</strong></span> <span class='ocrx_word' id='word_1_592' title='bbox 2387 1329 2550 1398; x_wconf 88' lang='lat' dir='ltr'><strong>quod,</strong></span> <span class='ocrx_word' id='word_1_593' title='bbox 2603 1329 2650 1384; x_wconf 88' lang='lat' dir='ltr'><strong>si</strong></span> <span class='ocrx_word' id='word_1_594' title='bbox 2697 1329 2847 1384; x_wconf 87' lang='lat' dir='ltr'><strong>beata</strong></span> <span class='ocrx_word' id='word_1_595' title='bbox 2897 1337 3061 1394; x_wconf 82' lang='lat' dir='ltr'><strong>esset,</strong></span> <span class='ocrx_word' id='word_1_596' title='bbox 3109 1329 3348 1400; x_wconf 77' lang='lat' dir='ltr'><strong>l‘ugienda</strong></span> <span class='ocrx_word' id='word_1_597' title='bbox 3395 1346 3502 1382; x_wconf 78' lang='lat' dir='ltr'><strong>non</strong></span> 
     </span>
    </p>
   </div>
   <div class='ocr_carea' id='block_1_73' title="bbox 1925 1419 3501 1492">
    <p class='ocr_par' dir='ltr' id='par_1_73' title="bbox 1925 1419 3501 1492">
     <span class='ocr_line' id='line_1_76' title="bbox 1925 1419 3501 1492; baseline -0.001 -19"><span class='ocrx_word' id='word_1_598' title='bbox 1925 1419 2104 1473; x_wconf 81' lang='lat' dir='ltr'><strong>esset?</strong></span> <span class='ocrx_word' id='word_1_599' title='bbox 2134 1419 2240 1474; x_wconf 88' lang='lat' dir='ltr'><strong>Sed</strong></span> <span class='ocrx_word' id='word_1_600' title='bbox 2279 1420 2324 1474; x_wconf 89' lang='lat' dir='ltr'><strong>si</strong></span> <span class='ocrx_word' id='word_1_601' title='bbox 2351 1429 2570 1492; x_wconf 85' lang='lat' dir='ltr'><strong>propter</strong></span> <span class='ocrx_word' id='word_1_602' title='bbox 2611 1419 2934 1474; x_wconf 85' lang='lat' dir='ltr'><strong>inﬁrmitatis</strong></span> <span class='ocrx_word' id='word_1_603' title='bbox 2962 1419 3192 1490; x_wconf 88' lang='lat' dir='ltr'><strong>pondus,</strong></span> <span class='ocrx_word' id='word_1_604' title='bbox 3221 1435 3323 1488; x_wconf 86' lang='lat' dir='ltr'><strong>qua</strong></span> <span class='ocrx_word' id='word_1_605' title='bbox 3379 1435 3501 1488; x_wconf 78' lang='lat' dir='ltr'><strong>pre-</strong></span> 
     </span>
    </p>
   </div>
   <div class='ocr_carea' id='block_1_74' title="bbox 1927 1509 3506 1580">
    <p class='ocr_par' dir='ltr' id='par_1_74' title="bbox 1927 1509 3506 1580">
     <span class='ocr_line' id='line_1_77' title="bbox 1927 1509 3506 1580; baseline -0.001 -16"><span class='ocrx_word' id='word_1_606' title='bbox 1927 1511 2110 1574; x_wconf 89' lang='lat' dir='ltr'><strong>mitur,</strong></span> <span class='ocrx_word' id='word_1_607' title='bbox 2139 1510 2276 1564; x_wconf 86' lang='lat' dir='ltr'><strong>hanc</strong></span> <span class='ocrx_word' id='word_1_608' title='bbox 2323 1509 2623 1580; x_wconf 80' lang='lat' dir='ltr'><strong>fugiendam</strong></span> <span class='ocrx_word' id='word_1_609' title='bbox 2647 1509 2909 1575; x_wconf 85' lang='lat' dir='ltr'><strong>fatentur;</strong></span> <span class='ocrx_word' id='word_1_610' title='bbox 2957 1509 3082 1579; x_wconf 88' lang='lat' dir='ltr'><strong>quid</strong></span> <span class='ocrx_word' id='word_1_611' title='bbox 3123 1510 3282 1579; x_wconf 81' lang='lat' dir='ltr'><strong>igitur</strong></span> <span class='ocrx_word' id='word_1_612' title='bbox 3331 1525 3506 1564; x_wconf 77' lang='lat' dir='ltr'><strong>causa:</strong></span> 
     </span>
    </p>
   </div>
   <div class='ocr_carea' id='block_1_75' title="bbox 1926 1601 3508 1672">
    <p class='ocr_par' dir='ltr' id='par_1_75' title="bbox 1926 1601 3508 1672">
     <span class='ocr_line' id='line_1_78' title="bbox 1926 1601 3508 1672; baseline -0.001 -13"><span class='ocrx_word' id='word_1_613' title='bbox 1926 1604 2072 1670; x_wconf 76' lang='lat' dir='ltr'><strong>est&#39;,</strong></span> <span class='ocrx_word' id='word_1_614' title='bbox 2101 1619 2194 1658; x_wconf 92' lang='lat' dir='ltr'><strong>cur</strong></span> <span class='ocrx_word' id='word_1_615' title='bbox 2225 1619 2328 1658; x_wconf 89' lang='lat' dir='ltr'><strong>non</strong></span> <span class='ocrx_word' id='word_1_616' title='bbox 2357 1604 2516 1658; x_wconf 87' lang='lat' dir='ltr'><strong>etiam</strong></span> <span class='ocrx_word' id='word_1_617' title='bbox 2547 1606 2795 1658; x_wconf 85' lang='lat' dir='ltr'><strong>miseram</strong></span> <span class='ocrx_word' id='word_1_618' title='bbox 2823 1601 2987 1658; x_wconf 86' lang='lat' dir='ltr'><strong>fracta</strong></span> <span class='ocrx_word' id='word_1_619' title='bbox 3019 1603 3280 1672; x_wconf 77' lang='lat' dir='ltr'><strong>superbia:</strong></span> <span class='ocrx_word' id='word_1_620' title='bbox 3303 1603 3508 1658; x_wconf 69' lang='lat' dir='ltr'><strong>cervice</strong></span> 
     </span>
    </p>
   </div>
   <div class='ocr_carea' id='block_1_76' title="bbox 1929 1693 3508 1764">
    <p class='ocr_par' dir='ltr' id='par_1_76' title="bbox 1929 1693 3508 1764">
     <span class='ocr_line' id='line_1_79' title="bbox 1929 1693 3508 1764; baseline 0 -16"><span class='ocrx_word' id='word_1_621' title='bbox 1929 1694 2233 1748; x_wconf 79' lang='lat' dir='ltr'><strong>fateantur?</strong></span> <span class='ocrx_word' id='word_1_622' title='bbox 2265 1694 2470 1762; x_wconf 85' lang='lat' dir='ltr'><strong>Utrum,</strong></span> <span class='ocrx_word' id='word_1_623' title='bbox 2501 1695 2742 1754; x_wconf 81' lang='lat' dir='ltr'><strong>obsecro.</strong></span> <span class='ocrx_word' id='word_1_624' title='bbox 2769 1693 2902 1748; x_wconf 88' lang='lat' dir='ltr'><strong>Cato</strong></span> <span class='ocrx_word' id='word_1_625' title='bbox 2931 1695 3020 1748; x_wconf 85' lang='lat' dir='ltr'><strong>ille</strong></span> <span class='ocrx_word' id='word_1_626' title='bbox 3041 1696 3118 1764; x_wconf 86' lang='lat' dir='ltr'><strong>(a)</strong></span> <span class='ocrx_word' id='word_1_627' title='bbox 3143 1694 3412 1760; x_wconf 82' lang='lat' dir='ltr'><strong>patientia,</strong></span> <span class='ocrx_word' id='word_1_628' title='bbox 3441 1707 3508 1748; x_wconf 86' lang='lat' dir='ltr'><strong>an</strong></span> 
     </span>
    </p>
   </div>
   <div class='ocr_carea' id='block_1_77' title="bbox 1927 1782 3506 1856">
    <p class='ocr_par' dir='ltr' id='par_1_77' title="bbox 1927 1782 3506 1856">
     <span class='ocr_line' id='line_1_80' title="bbox 1927 1782 3506 1856; baseline 0 -20"><span class='ocrx_word' id='word_1_629' title='bbox 1927 1785 2102 1856; x_wconf 82' lang='lat' dir='ltr'><strong>potius</strong></span> <span class='ocrx_word' id='word_1_630' title='bbox 2123 1785 2447 1856; x_wconf 85' lang='lat' dir='ltr'><strong>impatientia</strong></span> <span class='ocrx_word' id='word_1_631' title='bbox 2473 1799 2532 1840; x_wconf 92' lang='lat' dir='ltr'><strong>se</strong></span> <span class='ocrx_word' id='word_1_632' title='bbox 2551 1786 2812 1854; x_wconf 88' lang='lat' dir='ltr'><strong>peremit?</strong></span> <span class='ocrx_word' id='word_1_633' title='bbox 2833 1783 2960 1842; x_wconf 68' lang='lat' dir='ltr'><strong>Non.</strong></span> <span class='ocrx_word' id='word_1_634' title='bbox 2975 1785 3114 1840; x_wconf 87' lang='lat' dir='ltr'><strong>enim</strong></span> <span class='ocrx_word' id='word_1_635' title='bbox 3141 1784 3240 1838; x_wconf 85' lang='lat' dir='ltr'><strong>hoc</strong></span> <span class='ocrx_word' id='word_1_636' title='bbox 3269 1782 3506 1848; x_wconf 83' lang='lat' dir='ltr'><strong>fecisset,</strong></span> 
     </span>
    </p>
   </div>
   <div class='ocr_carea' id='block_1_78' title="bbox 1927 1873 3510 1946">
    <p class='ocr_par' dir='ltr' id='par_1_78' title="bbox 1927 1873 3510 1946">
     <span class='ocr_line' id='line_1_81' title="bbox 1927 1873 3510 1946; baseline -0.002 -15"><span class='ocrx_word' id='word_1_637' title='bbox 1927 1877 2028 1932; x_wconf 88' lang='lat' dir='ltr'><strong>nisi</strong></span> <span class='ocrx_word' id='word_1_638' title='bbox 2071 1877 2344 1932; x_wconf 70' lang='lat' dir='ltr'><strong>victoriam</strong></span> <span class='ocrx_word' id='word_1_639' title='bbox 2395 1877 2617 1932; x_wconf 65' lang='lat' dir='ltr'><strong>Caesaris</strong></span> <span class='ocrx_word' id='word_1_640' title='bbox 2658 1875 2994 1946; x_wconf 87' lang='lat' dir='ltr'><strong>impatienter</strong></span> <span class='ocrx_word' id='word_1_641' title='bbox 3040 1875 3266 1930; x_wconf 86' lang='lat' dir='ltr'><strong>tulisset.</strong></span> <span class='ocrx_word' id='word_1_642' title='bbox 3303 1873 3398 1928; x_wconf 79' lang='lat' dir='ltr'><strong>libi</strong></span> <span class='ocrx_word' id='word_1_643' title='bbox 3425 1881 3510 1928; x_wconf 58' lang='lat' dir='ltr'><strong>cat</strong></span> 
     </span>
    </p>
   </div>
   <div class='ocr_carea' id='block_1_79' title="bbox 1928 1964 3512 2038">
    <p class='ocr_par' dir='ltr' id='par_1_79' title="bbox 1928 1964 3512 2038">
     <span class='ocr_line' id='line_1_82' title="bbox 1928 1964 3512 2038; baseline -0.003 -16"><span class='ocrx_word' id='word_1_644' title='bbox 1928 1966 2212 2022; x_wconf 67' lang='lat' dir='ltr'><strong>lbrtitudo?</strong></span> <span class='ocrx_word' id='word_1_645' title='bbox 2258 1967 2460 2038; x_wconf 86' lang='lat' dir='ltr'><strong>Nempe</strong></span> <span class='ocrx_word' id='word_1_646' title='bbox 2501 1967 2692 2034; x_wconf 81' lang='lat' dir='ltr'><strong>cessit,</strong></span> <span class='ocrx_word' id='word_1_647' title='bbox 2733 1981 2924 2036; x_wconf 85' lang='lat' dir='ltr'><strong>nempe</strong></span> <span class='ocrx_word' id='word_1_648' title='bbox 2962 1964 3274 2030; x_wconf 86' lang='lat' dir='ltr'><strong>succubuit,</strong></span> <span class='ocrx_word' id='word_1_649' title='bbox 3317 1978 3512 2032; x_wconf 83' lang='lat' dir='ltr'><strong>nempe</strong></span> 
     </span>
    </p>
   </div>
   <div class='ocr_carea' id='block_1_80' title="bbox 1929 2055 3510 2130">
    <p class='ocr_par' dir='ltr' id='par_1_80' title="bbox 1929 2055 3510 2130">
     <span class='ocr_line' id='line_1_83' title="bbox 1929 2055 3510 2130; baseline -0.004 -16"><span class='ocrx_word' id='word_1_650' title='bbox 1929 2073 2093 2130; x_wconf 88' lang='lat' dir='ltr'><strong>usque</strong></span> <span class='ocrx_word' id='word_1_651' title='bbox 2119 2058 2254 2114; x_wconf 88' lang='lat' dir='ltr'><strong>adeo</strong></span> <span class='ocrx_word' id='word_1_652' title='bbox 2279 2068 2528 2130; x_wconf 77' lang='lat' dir='ltr'><strong>superata</strong></span> <span class='ocrx_word' id='word_1_653' title='bbox 2571 2068 2683 2122; x_wconf 79' lang='lat' dir='ltr'><strong>est,</strong></span> <span class='ocrx_word' id='word_1_654' title='bbox 2717 2067 2776 2112; x_wconf 90' lang='lat' dir='ltr'><strong>ut</strong></span> <span class='ocrx_word' id='word_1_655' title='bbox 2828 2057 2992 2112; x_wconf 88' lang='lat' dir='ltr'><strong>vitam</strong></span> <span class='ocrx_word' id='word_1_656' title='bbox 3028 2056 3236 2110; x_wconf 86' lang='lat' dir='ltr'><strong>beatam</strong></span> <span class='ocrx_word' id='word_1_657' title='bbox 3273 2055 3510 2110; x_wconf 82' lang='lat' dir='ltr'><strong>derelin-</strong></span> 
     </span>
    </p>
   </div>
   <div class='ocr_carea' id='block_1_81' title="bbox 1926 2145 3510 2222">
    <p class='ocr_par' dir='ltr' id='par_1_81' title="bbox 1926 2145 3510 2222">
     <span class='ocr_line' id='line_1_84' title="bbox 1926 2145 3510 2222; baseline -0.004 -15"><span class='ocrx_word' id='word_1_658' title='bbox 1926 2160 2142 2222; x_wconf 69' lang='lat' dir='ltr'><strong>queret,</strong></span> <span class='ocrx_word' id='word_1_659' title='bbox 2175 2151 2480 2218; x_wconf 87' lang='lat' dir='ltr'><strong>desereret,</strong></span> <span class='ocrx_word' id='word_1_660' title='bbox 2523 2151 2744 2222; x_wconf 80' lang='lat' dir='ltr'><strong>fugeret.</strong></span> <span class='ocrx_word' id='word_1_661' title='bbox 2781 2150 2862 2202; x_wconf 79' lang='lat' dir='ltr'><strong>Au</strong></span> <span class='ocrx_word' id='word_1_662' title='bbox 2905 2164 3012 2202; x_wconf 88' lang='lat' dir='ltr'><strong>non</strong></span> <span class='ocrx_word' id='word_1_663' title='bbox 3037 2158 3150 2203; x_wconf 91' lang='lat' dir='ltr'><strong>erat</strong></span> <span class='ocrx_word' id='word_1_664' title='bbox 3175 2148 3284 2217; x_wconf 82' lang='lat' dir='ltr'><strong>jam</strong></span> <span class='ocrx_word' id='word_1_665' title='bbox 3323 2145 3510 2200; x_wconf 76' lang='lat' dir='ltr'><strong>beata?</strong></span> 
     </span>
    </p>
   </div>
   <div class='ocr_carea' id='block_1_82' title="bbox 1926 2237 3512 2314">
    <p class='ocr_par' dir='ltr' id='par_1_82' title="bbox 1926 2237 3512 2314">
     <span class='ocr_line' id='line_1_85' title="bbox 1926 2237 3512 2314; baseline -0.005 -16"><span class='ocrx_word' id='word_1_666' title='bbox 1926 2243 2122 2302; x_wconf 74' lang='lat' dir='ltr'><strong>Misera</strong></span> <span class='ocrx_word' id='word_1_667' title='bbox 2163 2257 2290 2314; x_wconf 70' lang='lat' dir='ltr'><strong>ergo</strong></span> <span class='ocrx_word' id='word_1_668' title='bbox 2332 2251 2466 2304; x_wconf 81' lang='lat' dir='ltr'><strong>erat.</strong></span> <span class='ocrx_word' id='word_1_669' title='bbox 2511 2239 2787 2310; x_wconf 86' lang='lat' dir='ltr'><strong>Quomodo</strong></span> <span class='ocrx_word' id='word_1_670' title='bbox 2835 2237 2992 2308; x_wconf 77' lang='lat' dir='ltr'><strong>igitur</strong></span> <span class='ocrx_word' id='word_1_671' title='bbox 3029 2237 3168 2292; x_wconf 87' lang='lat' dir='ltr'><strong>mala</strong></span> <span class='ocrx_word' id='word_1_672' title='bbox 3205 2251 3312 2292; x_wconf 90' lang='lat' dir='ltr'><strong>non</strong></span> <span class='ocrx_word' id='word_1_673' title='bbox 3355 2245 3512 2292; x_wconf 88' lang='lat' dir='ltr'><strong>erant</strong></span> 
     </span>
    </p>
   </div>
   <div class='ocr_carea' id='block_1_83' title="bbox 1927 2327 3396 2409">
    <p class='ocr_par' dir='ltr' id='par_1_83' title="bbox 1927 2327 3396 2409">
     <span class='ocr_line' id='line_1_86' title="bbox 1927 2327 3396 2409; baseline -0.005 -23"><span class='ocrx_word' id='word_1_674' title='bbox 1927 2349 2046 2402; x_wconf 73' lang='lat' dir='ltr'><strong>qua:</strong></span> <span class='ocrx_word' id='word_1_675' title='bbox 2077 2333 2236 2387; x_wconf 81' lang='lat' dir='ltr'><strong>vitam</strong></span> <span class='ocrx_word' id='word_1_676' title='bbox 2269 2333 2514 2388; x_wconf 82' lang='lat' dir='ltr'><strong>miseram</strong></span> <span class='ocrx_word' id='word_1_677' title='bbox 2549 2329 2954 2402; x_wconf 79' lang='lat' dir='ltr'><strong>fugiendamqne</strong></span> <span class='ocrx_word' id='word_1_678' title='bbox 2983 2327 3284 2382; x_wconf 84' lang='lat' dir='ltr'><strong>faciebant?</strong></span> <span class='ocrx_word' id='word_1_679' title='bbox 3394 2407 3396 2409; x_wconf 15' lang='grc' dir='ltr'><strong>Ι</strong></span> 
     </span>
    </p>
   </div>
   <div class='ocr_carea' id='block_1_84' title="bbox 1998 2421 3510 2494">
    <p class='ocr_par' dir='ltr' id='par_1_84' title="bbox 1998 2421 3510 2494">
     <span class='ocr_line' id='line_1_87' title="bbox 1998 2421 3510 2494; baseline -0.003 -14"><span class='ocrx_word' id='word_1_680' title='bbox 1998 2425 2052 2480; x_wconf 84' lang='lat'><strong>5.</strong></span> <span class='ocrx_word' id='word_1_681' title='bbox 2080 2424 2414 2494; x_wconf 86' lang='lat' dir='ltr'><strong>Quapropter</strong></span> <span class='ocrx_word' id='word_1_682' title='bbox 2450 2425 2610 2478; x_wconf 88' lang='lat' dir='ltr'><strong>etiam</strong></span> <span class='ocrx_word' id='word_1_683' title='bbox 2644 2423 2764 2492; x_wconf 85' lang='lat' dir='ltr'><strong>ipsi,</strong></span> <span class='ocrx_word' id='word_1_684' title='bbox 2795 2423 2882 2492; x_wconf 88' lang='lat' dir='ltr'><strong>qui</strong></span> <span class='ocrx_word' id='word_1_685' title='bbox 2923 2421 3060 2476; x_wconf 86' lang='lat' dir='ltr'><strong>mala</strong></span> <span class='ocrx_word' id='word_1_686' title='bbox 3103 2421 3200 2474; x_wconf 86' lang='lat' dir='ltr'><strong>ista</strong></span> <span class='ocrx_word' id='word_1_687' title='bbox 3231 2433 3352 2474; x_wconf 90' lang='lat' dir='ltr'><strong>esse</strong></span> <span class='ocrx_word' id='word_1_688' title='bbox 3377 2432 3510 2476; x_wconf 57' lang='lat' dir='ltr'><strong>conv</strong></span> 
     </span>
    </p>
   </div>
   <div class='ocr_carea' id='block_1_85' title="bbox 1929 2509 3510 2584">
    <p class='ocr_par' dir='ltr' id='par_1_85' title="bbox 1929 2509 3510 2584">
     <span class='ocr_line' id='line_1_88' title="bbox 1929 2509 3510 2584; baseline -0.003 -16"><span class='ocrx_word' id='word_1_689' title='bbox 1929 2514 2054 2570; x_wconf 87' lang='lat' dir='ltr'><strong>fessi</strong></span> <span class='ocrx_word' id='word_1_690' title='bbox 2076 2523 2218 2580; x_wconf 85' lang='lat' dir='ltr'><strong>sunt,</strong></span> <span class='ocrx_word' id='word_1_691' title='bbox 2243 2515 2380 2570; x_wconf 85' lang='lat' dir='ltr'><strong>sicut</strong></span> <span class='ocrx_word' id='word_1_692' title='bbox 2407 2514 2762 2584; x_wconf 77' lang='lat' dir='ltr'><strong>Peripztte&#39;ici,</strong></span> <span class='ocrx_word' id='word_1_693' title='bbox 2789 2515 2924 2566; x_wconf 82' lang='lat' dir='ltr'><strong>sicut</strong></span> <span class='ocrx_word' id='word_1_694' title='bbox 2949 2521 3156 2566; x_wconf 76' lang='lat' dir='ltr'><strong>vrteres</strong></span> <span class='ocrx_word' id='word_1_695' title='bbox 3185 2509 3510 2576; x_wconf 76' lang='lat' dir='ltr'><strong>Academici,</strong></span> 
     </span>
    </p>
   </div>
   <div class='ocr_carea' id='block_1_86' title="bbox 1927 2600 3510 2678">
    <p class='ocr_par' dir='ltr' id='par_1_86' title="bbox 1927 2600 3510 2678">
     <span class='ocr_line' id='line_1_89' title="bbox 1927 2600 3510 2678; baseline -0.003 -18"><span class='ocrx_word' id='word_1_696' title='bbox 1927 2621 2154 2678; x_wconf 78' lang='lat' dir='ltr'><strong>quot-um</strong></span> <span class='ocrx_word' id='word_1_697' title='bbox 2190 2615 2389 2660; x_wconf 84' lang='lat' dir='ltr'><strong>sectam</strong></span> <span class='ocrx_word' id='word_1_698' title='bbox 2421 2605 2587 2660; x_wconf 71' lang='lat' dir='ltr'><strong>Varro</strong></span> <span class='ocrx_word' id='word_1_699' title='bbox 2623 2601 2892 2670; x_wconf 82' lang='lat' dir='ltr'><strong>defendit,</strong></span> <span class='ocrx_word' id='word_1_700' title='bbox 2927 2601 3254 2656; x_wconf 85' lang='lat' dir='ltr'><strong>tolerabilius</strong></span> <span class='ocrx_word' id='word_1_701' title='bbox 3293 2600 3510 2670; x_wconf 84' lang='lat' dir='ltr'><strong>quidem</strong></span> 
     </span>
    </p>
   </div>
   <div class='ocr_carea' id='block_1_87' title="bbox 1929 2689 3512 2768">
    <p class='ocr_par' dir='ltr' id='par_1_87' title="bbox 1929 2689 3512 2768">
     <span class='ocr_line' id='line_1_90' title="bbox 1929 2689 3512 2768; baseline -0.006 -16"><span class='ocrx_word' id='word_1_702' title='bbox 1929 2699 2215 2768; x_wconf 66' lang='lat' dir='ltr'><strong>loquuntur</strong></span> <span class='ocrx_word' id='word_1_703' title='bbox 2245 2716 2258 2752; x_wconf 90' lang='lat'><strong>:</strong></span> <span class='ocrx_word' id='word_1_704' title='bbox 2289 2697 2384 2754; x_wconf 89' lang='lat' dir='ltr'><strong>sed</strong></span> <span class='ocrx_word' id='word_1_705' title='bbox 2415 2713 2598 2752; x_wconf 89' lang='lat' dir='ltr'><strong>eorum</strong></span> <span class='ocrx_word' id='word_1_706' title='bbox 2633 2711 2842 2766; x_wconf 88' lang='lat' dir='ltr'><strong>quoque</strong></span> <span class='ocrx_word' id='word_1_707' title='bbox 2869 2695 3032 2750; x_wconf 88' lang='lat' dir='ltr'><strong>tnirus</strong></span> <span class='ocrx_word' id='word_1_708' title='bbox 3058 2700 3137 2746; x_wconf 88' lang='lat' dir='ltr'><strong>est</strong></span> <span class='ocrx_word' id='word_1_709' title='bbox 3158 2689 3512 2760; x_wconf 87' lang='lat' dir='ltr'><strong>error,.quod_</strong></span> 
     </span>
    </p>
   </div>
   <div class='ocr_carea' id='block_1_88' title="bbox 1929 2781 3514 2858">
    <p class='ocr_par' dir='ltr' id='par_1_88' title="bbox 1929 2781 3514 2858">
     <span class='ocr_line' id='line_1_91' title="bbox 1929 2781 3514 2858; baseline -0.005 -14"><span class='ocrx_word' id='word_1_710' title='bbox 1929 2789 1981 2844; x_wconf 90' lang='lat' dir='ltr'><strong>iu</strong></span> <span class='ocrx_word' id='word_1_711' title='bbox 2012 2789 2094 2844; x_wconf 87' lang='lat' dir='ltr'><strong>his</strong></span> <span class='ocrx_word' id='word_1_712' title='bbox 2121 2790 2294 2856; x_wconf 88' lang='lat' dir='ltr'><strong>malis,</strong></span> <span class='ocrx_word' id='word_1_713' title='bbox 2327 2791 2424 2844; x_wconf 89' lang='lat' dir='ltr'><strong>etsi</strong></span> <span class='ocrx_word' id='word_1_714' title='bbox 2459 2798 2566 2842; x_wconf 87' lang='lat' dir='ltr'><strong>tam</strong></span> <span class='ocrx_word' id='word_1_715' title='bbox 2597 2789 2774 2858; x_wconf 70' lang='lat' dir='ltr'><strong>gravia</strong></span> <span class='ocrx_word' id='word_1_716' title='bbox 2803 2788 2906 2842; x_wconf 88' lang='lat' dir='ltr'><strong>sint</strong></span> <span class='ocrx_word' id='word_1_717' title='bbox 2929 2828 2943 2850; x_wconf 90' lang='lat'><strong>,</strong></span> <span class='ocrx_word' id='word_1_718' title='bbox 2982 2795 3038 2840; x_wconf 92' lang='lat' dir='ltr'><strong>ut</strong></span> <span class='ocrx_word' id='word_1_719' title='bbox 3067 2795 3238 2846; x_wconf 81' lang='lat' dir='ltr'><strong>morte</strong></span> <span class='ocrx_word' id='word_1_720' title='bbox 3265 2781 3514 2853; x_wconf 78' lang='lat' dir='ltr'><strong>fugienda</strong></span> 
     </span>
    </p>
   </div>
   <div class='ocr_carea' id='block_1_89' title="bbox 1927 2874 3512 2952">
    <p class='ocr_par' dir='ltr' id='par_1_89' title="bbox 1927 2874 3512 2952">
     <span class='ocr_line' id='line_1_92' title="bbox 1927 2874 3512 2952; baseline -0.003 -18"><span class='ocrx_word' id='word_1_721' title='bbox 1927 2881 2068 2946; x_wconf 85' lang='lat' dir='ltr'><strong>sint,</strong></span> <span class='ocrx_word' id='word_1_722' title='bbox 2095 2881 2162 2934; x_wconf 90' lang='lat' dir='ltr'><strong>ab</strong></span> <span class='ocrx_word' id='word_1_723' title='bbox 2193 2882 2246 2952; x_wconf 90' lang='lat' dir='ltr'><strong>ip</strong></span> <span class='ocrx_word' id='word_1_724' title='bbox 2261 2895 2308 2934; x_wconf 51' lang='grc' dir='ltr'>ιο</span> <span class='ocrx_word' id='word_1_725' title='bbox 2347 2881 2562 2935; x_wconf 84' lang='lat' dir='ltr'><strong>sibimet</strong></span> <span class='ocrx_word' id='word_1_726' title='bbox 2605 2880 2777 2941; x_wconf 82' lang='lat' dir='ltr'><strong>illata,</strong></span> <span class='ocrx_word' id='word_1_727' title='bbox 2803 2877 2890 2948; x_wconf 92' lang='lat' dir='ltr'><strong>qui</strong></span> <span class='ocrx_word' id='word_1_728' title='bbox 2937 2877 3054 2934; x_wconf 77' lang='lat' dir='ltr'><strong>haec.</strong></span> <span class='ocrx_word' id='word_1_729' title='bbox 3096 2875 3320 2946; x_wconf 74' lang='lat' dir='ltr'><strong>patitur,</strong></span> <span class='ocrx_word' id='word_1_730' title='bbox 3347 2874 3512 2930; x_wconf 86' lang='lat' dir='ltr'><strong>vitam</strong></span> 
     </span>
    </p>
   </div>
   <div class='ocr_carea' id='block_1_90' title="bbox 1893 2967 3514 3038">
    <p class='ocr_par' dir='ltr' id='par_1_90' title="bbox 1893 2967 3514 3038">
     <span class='ocr_line' id='line_1_93' title="bbox 1893 2967 3514 3038; baseline -0.005 -10"><span class='ocrx_word' id='word_1_731' title='bbox 1893 2985 1896 2988; x_wconf 85' lang='lat'>&#39;</span> <span class='ocrx_word' id='word_1_732' title='bbox 1927 2972 2136 3028; x_wconf 87' lang='lat' dir='ltr'><strong>beatam</strong></span> <span class='ocrx_word' id='word_1_733' title='bbox 2165 2981 2342 3028; x_wconf 86' lang='lat' dir='ltr'><strong>tamen</strong></span> <span class='ocrx_word' id='word_1_734' title='bbox 2369 2987 2491 3028; x_wconf 85' lang='lat' dir='ltr'><strong>esse</strong></span> <span class='ocrx_word' id='word_1_735' title='bbox 2519 2969 3018 3038; x_wconf 74' lang='lat' dir='ltr'><strong>contendun_t.MaI-a</strong></span> <span class='ocrx_word' id='word_1_736' title='bbox 3038 2977 3174 3034; x_wconf 80' lang='lat' dir='ltr'><strong>sunt,</strong></span> <span class='ocrx_word' id='word_1_737' title='bbox 3194 2967 3382 3035; x_wconf 81' lang='lat' dir='ltr'><strong>inquit,</strong></span> <span class='ocrx_word' id='word_1_738' title='bbox 3403 2975 3514 3020; x_wconf 85' lang='lat' dir='ltr'><strong>tur-</strong></span> 
     </span>
    </p>
   </div>
   <div class='ocr_carea' id='block_1_91' title="bbox 1929 3059 3514 3136">
    <p class='ocr_par' dir='ltr' id='par_1_91' title="bbox 1929 3059 3514 3136">
     <span class='ocr_line' id='line_1_94' title="bbox 1929 3059 3514 3136; baseline -0.007 -16"><span class='ocrx_word' id='word_1_739' title='bbox 1929 3079 2096 3120; x_wconf 84' lang='lat' dir='ltr'><strong>menta</strong></span> <span class='ocrx_word' id='word_1_740' title='bbox 2119 3075 2268 3136; x_wconf 84' lang='lat' dir='ltr'><strong>atque</strong></span> <span class='ocrx_word' id='word_1_741' title='bbox 2306 3065 2560 3118; x_wconf 74' lang='lat' dir='ltr'><strong>cruciatus</strong></span> <span class='ocrx_word' id='word_1_742' title='bbox 2585 3063 2813 3134; x_wconf 75' lang='lat' dir='ltr'><strong>corporis</strong></span> <span class='ocrx_word' id='word_1_743' title='bbox 2837 3079 2854 3126; x_wconf 88' lang='lat'><em>;</em></span> <span class='ocrx_word' id='word_1_744' title='bbox 2881 3069 2927 3114; x_wconf 87' lang='lat' dir='ltr'><strong>et</strong></span> <span class='ocrx_word' id='word_1_745' title='bbox 2970 3068 3108 3114; x_wconf 82' lang='lat' dir='ltr'><strong>tanta</strong></span> <span class='ocrx_word' id='word_1_746' title='bbox 3135 3068 3254 3114; x_wconf 77' lang='lat' dir='ltr'><strong>sunt</strong></span> <span class='ocrx_word' id='word_1_747' title='bbox 3293 3059 3470 3128; x_wconf 80' lang='lat' dir='ltr'><strong>pejora</strong></span> <span class='ocrx_word' id='word_1_748' title='bbox 3493 3097 3514 3122; x_wconf 89' lang='lat'><strong>,</strong></span> 
     </span>
    </p>
   </div>
   <div class='ocr_carea' id='block_1_92' title="bbox 1927 3147 3516 3228">
    <p class='ocr_par' dir='ltr' id='par_1_92' title="bbox 1927 3147 3516 3228">
     <span class='ocr_line' id='line_1_95' title="bbox 1927 3147 3516 3228; baseline -0.008 -16"><span class='ocrx_word' id='word_1_749' title='bbox 1927 3166 2112 3228; x_wconf 86' lang='lat' dir='ltr'><strong>quanto</strong></span> <span class='ocrx_word' id='word_1_750' title='bbox 2125 3155 2372 3226; x_wconf 78' lang='lat' dir='ltr'><strong>potuerint</strong></span> <span class='ocrx_word' id='word_1_751' title='bbox 2389 3171 2493 3208; x_wconf 80' lang='lat' dir='ltr'><strong>esse</strong></span> <span class='ocrx_word' id='word_1_752' title='bbox 2509 3155 2704 3226; x_wconf 77' lang='lat' dir='ltr'><strong>majora</strong></span> <span class='ocrx_word' id='word_1_753' title='bbox 2717 3169 2738 3218; x_wconf 90' lang='lat'><strong><em>;</em></strong></span> <span class='ocrx_word' id='word_1_754' title='bbox 2753 3151 2932 3221; x_wconf 82' lang='lat' dir='ltr'><strong>quibus</strong></span> <span class='ocrx_word' id='word_1_755' title='bbox 2949 3156 3008 3204; x_wconf 83' lang='lat' dir='ltr'><strong>ut</strong></span> <span class='ocrx_word' id='word_1_756' title='bbox 3021 3165 3218 3212; x_wconf 76' lang='lat' dir='ltr'><strong>careas,</strong></span> <span class='ocrx_word' id='word_1_757' title='bbox 3233 3164 3293 3202; x_wconf 79' lang='lat' dir='ltr'><strong>ea:</strong></span> <span class='ocrx_word' id='word_1_758' title='bbox 3307 3148 3400 3202; x_wconf 75' lang='lat' dir='ltr'><strong>hac</strong></span> <span class='ocrx_word' id='word_1_759' title='bbox 3411 3147 3516 3200; x_wconf 77' lang='lat' dir='ltr'><strong>uita</strong></span> 
     </span>
    </p>
   </div>
   <div class='ocr_carea' id='block_1_93' title="bbox 1929 3237 3568 3320">
    <p class='ocr_par' dir='ltr' id='par_1_93' title="bbox 1929 3237 3568 3320">
     <span class='ocr_line' id='line_1_96' title="bbox 1929 3237 3568 3320; baseline -0.006 -18"><span class='ocrx_word' id='word_1_760' title='bbox 1929 3247 2222 3320; x_wconf 75' lang='lat' dir='ltr'><strong>fugiendum</strong></span> <span class='ocrx_word' id='word_1_761' title='bbox 2237 3255 2329 3302; x_wconf 75' lang='lat' dir='ltr'><strong>est.</strong></span> <span class='ocrx_word' id='word_1_762' title='bbox 2351 3245 2466 3313; x_wconf 85' lang='lat' dir='ltr'><strong>Qua</strong></span> <span class='ocrx_word' id='word_1_763' title='bbox 2481 3243 2858 3308; x_wconf 80' lang='lat' dir='ltr'><strong>vita,obsecr0?</strong></span> <span class='ocrx_word' id='word_1_764' title='bbox 2875 3241 3006 3308; x_wconf 85' lang='lat' dir='ltr'><strong>Hac,</strong></span> <span class='ocrx_word' id='word_1_765' title='bbox 3025 3240 3338 3310; x_wconf 78' lang='lat' dir='ltr'><strong>inquit,qua:</strong></span> <span class='ocrx_word' id='word_1_766' title='bbox 3355 3237 3514 3292; x_wconf 84' lang='lat' dir='ltr'><strong>tantis</strong></span> <span class='ocrx_word' id='word_1_767' title='bbox 3555 3273 3568 3282; x_wconf 87' lang='lat'><strong>-</strong></span> 
     </span>
    </p>
   </div>
   <div class='ocr_carea' id='block_1_94' title="bbox 1929 3327 3516 3412">
    <p class='ocr_par' dir='ltr' id='par_1_94' title="bbox 1929 3327 3516 3412">
     <span class='ocr_line' id='line_1_97' title="bbox 1929 3327 3516 3412; baseline -0.006 -17"><span class='ocrx_word' id='word_1_768' title='bbox 1929 3327 2244 3412; x_wconf 73' lang='lat' dir='ltr'><strong>aggravatur</strong></span> <span class='ocrx_word' id='word_1_769' title='bbox 2271 3339 2442 3394; x_wconf 86' lang='lat' dir='ltr'><strong>malis.</strong></span> <span class='ocrx_word' id='word_1_770' title='bbox 2473 3337 2628 3392; x_wconf 85' lang='lat' dir='ltr'><strong>Certe</strong></span> <span class='ocrx_word' id='word_1_771' title='bbox 2647 3349 2775 3405; x_wconf 78' lang='lat' dir='ltr'><strong>ergo</strong></span> <span class='ocrx_word' id='word_1_772' title='bbox 2794 3333 2948 3390; x_wconf 85' lang='lat' dir='ltr'><strong>beata</strong></span> <span class='ocrx_word' id='word_1_773' title='bbox 2977 3340 3059 3388; x_wconf 89' lang='lat' dir='ltr'><strong>est</strong></span> <span class='ocrx_word' id='word_1_774' title='bbox 3083 3331 3134 3386; x_wconf 91' lang='lat' dir='ltr'><strong>in</strong></span> <span class='ocrx_word' id='word_1_775' title='bbox 3161 3329 3362 3386; x_wconf 87' lang='lat' dir='ltr'><strong>eisdem</strong></span> <span class='ocrx_word' id='word_1_776' title='bbox 3385 3327 3516 3397; x_wconf 80' lang='lat' dir='ltr'><strong>ipsis</strong></span> 
     </span>
    </p>
   </div>
   <div class='ocr_carea' id='block_1_95' title="bbox 1931 3419 3516 3505">
    <p class='ocr_par' dir='ltr' id='par_1_95' title="bbox 1931 3419 3516 3505">
     <span class='ocr_line' id='line_1_98' title="bbox 1931 3419 3516 3505; baseline -0.01 -15"><span class='ocrx_word' id='word_1_777' title='bbox 1931 3433 2113 3496; x_wconf 84' lang='lat' dir='ltr'><strong>malis,</strong></span> <span class='ocrx_word' id='word_1_778' title='bbox 2163 3441 2382 3505; x_wconf 85' lang='lat' dir='ltr'><strong>pmpter</strong></span> <span class='ocrx_word' id='word_1_779' title='bbox 2405 3445 2524 3500; x_wconf 77' lang='lat' dir='ltr'><strong>qua:</strong></span> <span class='ocrx_word' id='word_1_780' title='bbox 2563 3427 2698 3484; x_wconf 90' lang='lat' dir='ltr'><strong>dicis</strong></span> <span class='ocrx_word' id='word_1_781' title='bbox 2725 3439 2847 3484; x_wconf 81' lang='lat' dir='ltr'><strong>esse</strong></span> <span class='ocrx_word' id='word_1_782' title='bbox 2889 3421 3232 3498; x_wconf 71' lang='lat' dir='ltr'><strong>fugiendam?</strong></span> <span class='ocrx_word' id='word_1_783' title='bbox 3264 3421 3346 3480; x_wconf 77' lang='lat' dir='ltr'><strong>An</strong></span> <span class='ocrx_word' id='word_1_784' title='bbox 3391 3419 3516 3474; x_wconf 87' lang='lat' dir='ltr'><strong>ideo</strong></span> 
     </span>
    </p>
   </div>
   <div class='ocr_carea' id='block_1_96' title="bbox 1931 3507 3518 3592">
    <p class='ocr_par' dir='ltr' id='par_1_96' title="bbox 1931 3507 3518 3592">
     <span class='ocr_line' id='line_1_99' title="bbox 1931 3507 3518 3592; baseline -0.011 -12"><span class='ocrx_word' id='word_1_785' title='bbox 1931 3526 2138 3580; x_wconf 82' lang='lat' dir='ltr'><strong>beatam</strong></span> <span class='ocrx_word' id='word_1_786' title='bbox 2165 3523 2330 3588; x_wconf 86' lang='lat' dir='ltr'><strong>dicis,</strong></span> <span class='ocrx_word' id='word_1_787' title='bbox 2359 3521 2479 3592; x_wconf 81' lang='lat' dir='ltr'><strong>quia</strong></span> <span class='ocrx_word' id='word_1_788' title='bbox 2521 3519 2644 3584; x_wconf 81' lang='lat' dir='ltr'><strong>licet</strong></span> <span class='ocrx_word' id='word_1_789' title='bbox 2669 3516 2762 3574; x_wconf 86' lang='lat' dir='ltr'><strong>tibi</strong></span> <span class='ocrx_word' id='word_1_790' title='bbox 2806 3517 2874 3570; x_wconf 89' lang='lat' dir='ltr'><strong>ab</strong></span> <span class='ocrx_word' id='word_1_791' title='bbox 2902 3515 2986 3570; x_wconf 85' lang='lat' dir='ltr'><strong>bis</strong></span> <span class='ocrx_word' id='word_1_792' title='bbox 3015 3513 3168 3578; x_wconf 73' lang='lat' dir='ltr'><strong>undis</strong></span> <span class='ocrx_word' id='word_1_793' title='bbox 3205 3517 3378 3564; x_wconf 88' lang='lat' dir='ltr'><strong>morte</strong></span> <span class='ocrx_word' id='word_1_794' title='bbox 3403 3507 3518 3564; x_wconf 84' lang='lat' dir='ltr'><strong>dis-</strong></span> 
     </span>
    </p>
   </div>
   <div class='ocr_carea' id='block_1_97' title="bbox 1929 3599 3515 3682">
    <p class='ocr_par' dir='ltr' id='par_1_97' title="bbox 1929 3599 3515 3682">
     <span class='ocr_line' id='line_1_100' title="bbox 1929 3599 3515 3682; baseline -0.013 -9"><span class='ocrx_word' id='word_1_795' title='bbox 1929 3615 2158 3672; x_wconf 84' lang='lat' dir='ltr'><strong>cedere?</strong></span> <span class='ocrx_word' id='word_1_796' title='bbox 2185 3614 2320 3682; x_wconf 86' lang='lat' dir='ltr'><strong>Quid</strong></span> <span class='ocrx_word' id='word_1_797' title='bbox 2355 3615 2396 3666; x_wconf 73' lang='lat' dir='ltr'><strong>si</strong></span> <span class='ocrx_word' id='word_1_798' title='bbox 2425 3627 2554 3682; x_wconf 75' lang='lat' dir='ltr'><strong>ergo</strong></span> <span class='ocrx_word' id='word_1_799' title='bbox 2587 3610 2638 3662; x_wconf 84' lang='lat' dir='ltr'><strong>in</strong></span> <span class='ocrx_word' id='word_1_800' title='bbox 2673 3609 2752 3664; x_wconf 78' lang='lat' dir='ltr'><strong>eis</strong></span> <span class='ocrx_word' id='word_1_801' title='bbox 2779 3607 2956 3676; x_wconf 87' lang='lat' dir='ltr'><strong>aliquo</strong></span> <span class='ocrx_word' id='word_1_802' title='bbox 2986 3603 3186 3675; x_wconf 81' lang='lat' dir='ltr'><strong>judicio</strong></span> <span class='ocrx_word' id='word_1_803' title='bbox 3225 3599 3406 3658; x_wconf 79' lang='lat' dir='ltr'><strong>divino</strong></span> <span class='ocrx_word' id='word_1_804' title='bbox 3431 3608 3515 3654; x_wconf 85' lang='lat' dir='ltr'><strong>tc-</strong></span> 
     </span>
    </p>
   </div>
   <div class='ocr_carea' id='block_1_98' title="bbox 1931 3689 3518 3772">
    <p class='ocr_par' dir='ltr' id='par_1_98' title="bbox 1931 3689 3518 3772">
     <span class='ocr_line' id='line_1_101' title="bbox 1931 3689 3518 3772; baseline -0.011 -10"><span class='ocrx_word' id='word_1_805' title='bbox 1931 3706 2154 3768; x_wconf 88' lang='lat' dir='ltr'><strong>ncreris,</strong></span> <span class='ocrx_word' id='word_1_806' title='bbox 2182 3720 2280 3758; x_wconf 88' lang='lat' dir='ltr'><strong>nec</strong></span> <span class='ocrx_word' id='word_1_807' title='bbox 2307 3699 2690 3772; x_wconf 79' lang='lat' dir='ltr'><strong>permitteret-is</strong></span> <span class='ocrx_word' id='word_1_808' title='bbox 2717 3700 2870 3761; x_wconf 86' lang='lat' dir='ltr'><strong>mori,</strong></span> <span class='ocrx_word' id='word_1_809' title='bbox 2893 3710 2990 3752; x_wconf 89' lang='lat' dir='ltr'><strong>nec</strong></span> <span class='ocrx_word' id='word_1_810' title='bbox 3012 3708 3242 3764; x_wconf 84' lang='lat' dir='ltr'><strong>unquam</strong></span> <span class='ocrx_word' id='word_1_811' title='bbox 3269 3692 3382 3748; x_wconf 90' lang='lat' dir='ltr'><strong>sine</strong></span> <span class='ocrx_word' id='word_1_812' title='bbox 3407 3689 3518 3744; x_wconf 83' lang='lat' dir='ltr'><strong>illis</strong></span> 
     </span>
    </p>
   </div>
   <div class='ocr_carea' id='block_1_99' title="bbox 1929 3781 3514 3860">
    <p class='ocr_par' dir='ltr' id='par_1_99' title="bbox 1929 3781 3514 3860">
     <span class='ocr_line' id='line_1_102' title="bbox 1929 3781 3514 3860; baseline -0.011 -6"><span class='ocrx_word' id='word_1_813' title='bbox 1929 3813 2048 3854; x_wconf 76' lang='lat' dir='ltr'><strong>csse</strong></span> <span class='ocrx_word' id='word_1_814' title='bbox 2077 3796 2331 3852; x_wconf 84' lang='lat' dir='ltr'><strong>siuereris</strong></span> <span class='ocrx_word' id='word_1_815' title='bbox 2359 3791 2418 3848; x_wconf 65' lang='grc' dir='ltr'><strong>ιι</strong></span> <span class='ocrx_word' id='word_1_816' title='bbox 2443 3791 2644 3860; x_wconf 73' lang='lat' dir='ltr'><strong>Nempe</strong></span> <span class='ocrx_word' id='word_1_817' title='bbox 2681 3798 2808 3844; x_wconf 88' lang='lat' dir='ltr'><strong>tunc</strong></span> <span class='ocrx_word' id='word_1_818' title='bbox 2847 3787 3036 3842; x_wconf 83' lang='lat' dir='ltr'><strong>saltent</strong></span> <span class='ocrx_word' id='word_1_819' title='bbox 3075 3783 3320 3852; x_wconf 75' lang='lat' dir='ltr'><strong>miseram</strong></span> <span class='ocrx_word' id='word_1_820' title='bbox 3353 3781 3514 3837; x_wconf 87' lang='lat' dir='ltr'><strong>talem</strong></span> 
     </span>
    </p>
   </div>
   <div class='ocr_carea' id='block_1_100' title="bbox 1929 3874 3510 3950">
    <p class='ocr_par' dir='ltr' id='par_1_100' title="bbox 1929 3874 3510 3950">
     <span class='ocr_line' id='line_1_103' title="bbox 1929 3874 3510 3950; baseline -0.011 -7"><span class='ocrx_word' id='word_1_821' title='bbox 1929 3888 2138 3948; x_wconf 68' lang='lat' dir='ltr'><strong>diceres</strong></span> <span class='ocrx_word' id='word_1_822' title='bbox 2167 3885 2346 3938; x_wconf 83' lang='lat' dir='ltr'><strong>vitam.</strong></span> <span class='ocrx_word' id='word_1_823' title='bbox 2375 3881 2490 3938; x_wconf 78' lang='lat' dir='ltr'><strong>Non</strong></span> <span class='ocrx_word' id='word_1_824' title='bbox 2533 3881 2692 3950; x_wconf 79' lang='lat' dir='ltr'><strong>igitur</strong></span> <span class='ocrx_word' id='word_1_825' title='bbox 2730 3889 3008 3949; x_wconf 81' lang='lat' dir='ltr'><strong>propterea</strong></span> <span class='ocrx_word' id='word_1_826' title='bbox 3039 3874 3232 3938; x_wconf 78' lang='lat' dir='ltr'><strong>misera</strong></span> <span class='ocrx_word' id='word_1_827' title='bbox 3261 3887 3368 3930; x_wconf 89' lang='lat' dir='ltr'><strong>non</strong></span> <span class='ocrx_word' id='word_1_828' title='bbox 3393 3880 3510 3936; x_wconf 88' lang='lat' dir='ltr'><strong>est,</strong></span> 
     </span>
    </p>
   </div>
   <div class='ocr_carea' id='block_1_101' title="bbox 1929 3965 3514 4050">
    <p class='ocr_par' dir='ltr' id='par_1_101' title="bbox 1929 3965 3514 4050">
     <span class='ocr_line' id='line_1_104' title="bbox 1929 3965 3514 4050; baseline -0.009 -19"><span class='ocrx_word' id='word_1_829' title='bbox 1929 3980 2050 4050; x_wconf 86' lang='lat' dir='ltr'><strong>quia</strong></span> <span class='ocrx_word' id='word_1_830' title='bbox 2095 3979 2202 4038; x_wconf 83' lang='lat' dir='ltr'><strong>cito</strong></span> <span class='ocrx_word' id='word_1_831' title='bbox 2248 3973 2604 4046; x_wconf 83' lang='lat' dir='ltr'><strong>relinquitur:</strong></span> <span class='ocrx_word' id='word_1_832' title='bbox 2647 3967 3076 4042; x_wconf 81' lang='lat' dir='ltr'><strong>quandoquidem</strong></span> <span class='ocrx_word' id='word_1_833' title='bbox 3115 3967 3160 4022; x_wconf 89' lang='lat' dir='ltr'><strong>si</strong></span> <span class='ocrx_word' id='word_1_834' title='bbox 3191 3965 3514 4036; x_wconf 85' lang='lat' dir='ltr'><strong>sempiterna</strong></span> 
     </span>
    </p>
   </div>
   <div class='ocr_carea' id='block_1_102' title="bbox 1929 4057 3518 4144">
    <p class='ocr_par' dir='ltr' id='par_1_102' title="bbox 1929 4057 3518 4144">
     <span class='ocr_line' id='line_1_105' title="bbox 1929 4057 3518 4144; baseline -0.01 -16"><span class='ocrx_word' id='word_1_835' title='bbox 1929 4072 2212 4144; x_wconf 33' lang='lat' dir='ltr'><strong>sit,&#39;etiant</strong></span> <span class='ocrx_word' id='word_1_836' title='bbox 2251 4069 2350 4124; x_wconf 85' lang='lat' dir='ltr'><strong>abs</strong></span> <span class='ocrx_word' id='word_1_837' title='bbox 2383 4077 2434 4124; x_wconf 88' lang='lat' dir='ltr'><strong>te</strong></span> <span class='ocrx_word' id='word_1_838' title='bbox 2459 4069 2573 4138; x_wconf 85' lang='lat' dir='ltr'><strong>ipso</strong></span> <span class='ocrx_word' id='word_1_839' title='bbox 2616 4065 2808 4120; x_wconf 86' lang='lat' dir='ltr'><strong>misera</strong></span> <span class='ocrx_word' id='word_1_840' title='bbox 2848 4061 3135 4134; x_wconf 72' lang='lat' dir='ltr'><strong>iudicatur.</strong></span> <span class='ocrx_word' id='word_1_841' title='bbox 3181 4058 3298 4113; x_wconf 87' lang='lat' dir='ltr'><strong>Non</strong></span> <span class='ocrx_word' id='word_1_842' title='bbox 3337 4057 3518 4126; x_wconf 84' lang='lat' dir='ltr'><strong>itaque</strong></span> 
     </span>
    </p>
   </div>
   <div class='ocr_carea' id='block_1_103' title="bbox 1927 4147 3520 4236">
    <p class='ocr_par' dir='ltr' id='par_1_103' title="bbox 1927 4147 3520 4236">
     <span class='ocr_line' id='line_1_106' title="bbox 1927 4147 3520 4236; baseline -0.008 -20"><span class='ocrx_word' id='word_1_843' title='bbox 1927 4173 2210 4236; x_wconf 78' lang='lat' dir='ltr'><strong>pt&#39;Opterea</strong></span> <span class='ocrx_word' id='word_1_844' title='bbox 2230 4201 2246 4228; x_wconf 95' lang='lat'><strong>,</strong></span> <span class='ocrx_word' id='word_1_845' title='bbox 2274 4159 2524 4231; x_wconf 86' lang='lat' dir='ltr'><strong>quoniam</strong></span> <span class='ocrx_word' id='word_1_846' title='bbox 2571 4157 2744 4212; x_wconf 82' lang='lat' dir='ltr'><strong>brevis</strong></span> <span class='ocrx_word' id='word_1_847' title='bbox 2773 4162 2886 4220; x_wconf 85' lang='lat' dir='ltr'><strong>est,</strong></span> <span class='ocrx_word' id='word_1_848' title='bbox 2918 4151 3062 4208; x_wconf 86' lang='lat' dir='ltr'><strong>nulla</strong></span> <span class='ocrx_word' id='word_1_849' title='bbox 3103 4149 3316 4204; x_wconf 83' lang='lat' dir='ltr'><strong>miseria</strong></span> <span class='ocrx_word' id='word_1_850' title='bbox 3354 4147 3520 4204; x_wconf 87' lang='lat' dir='ltr'><strong>debet</strong></span> 
     </span>
    </p>
   </div>
   <div class='ocr_carea' id='block_1_104' title="bbox 1929 4237 3516 4322">
    <p class='ocr_par' dir='ltr' id='par_1_104' title="bbox 1929 4237 3516 4322">
     <span class='ocr_line' id='line_1_107' title="bbox 1929 4237 3516 4322; baseline -0.01 -12"><span class='ocrx_word' id='word_1_851' title='bbox 1929 4237 2134 4321; x_wconf 81' lang='lat' dir='ltr'><strong>videri;</strong></span> <span class='ocrx_word' id='word_1_852' title='bbox 2163 4261 2288 4318; x_wconf 90' lang='lat' dir='ltr'><strong>aut,</strong></span> <span class='ocrx_word' id='word_1_853' title='bbox 2311 4250 2453 4322; x_wconf 77' lang='lat' dir='ltr'><strong>quod</strong></span> <span class='ocrx_word' id='word_1_854' title='bbox 2493 4245 2914 4314; x_wconf 74' lang='lat' dir='ltr'><strong>estabsurdius,</strong></span> <span class='ocrx_word' id='word_1_855' title='bbox 2946 4244 3068 4316; x_wconf 88' lang='lat' dir='ltr'><strong>quia</strong></span> <span class='ocrx_word' id='word_1_856' title='bbox 3096 4241 3272 4296; x_wconf 81' lang='lat' dir='ltr'><strong>brevis</strong></span> <span class='ocrx_word' id='word_1_857' title='bbox 3301 4240 3516 4296; x_wconf 88' lang='lat' dir='ltr'><strong>miseria</strong></span> 
     </span>
    </p>
   </div>
   <div class='ocr_carea' id='block_1_105' title="bbox 1930 4332 3518 4414">
    <p class='ocr_par' dir='ltr' id='par_1_105' title="bbox 1930 4332 3518 4414">
     <span class='ocr_line' id='line_1_108' title="bbox 1930 4332 3518 4414; baseline -0.01 -12"><span class='ocrx_word' id='word_1_858' title='bbox 1930 4356 2033 4414; x_wconf 84' lang='lat' dir='ltr'><strong>est,</strong></span> <span class='ocrx_word' id='word_1_859' title='bbox 2067 4345 2376 4412; x_wconf 65' lang='lat' dir='ltr'><strong>ideo..,etiam</strong></span> <span class='ocrx_word' id='word_1_860' title='bbox 2415 4339 2686 4402; x_wconf 84' lang='lat' dir='ltr'><strong>beatitudo</strong></span> <span class='ocrx_word' id='word_1_861' title='bbox 2715 4337 2990 4410; x_wconf 89' lang='lat' dir='ltr'><strong>appellari.</strong></span> <span class='ocrx_word' id='word_1_862' title='bbox 3018 4334 3202 4406; x_wconf 75' lang='lat' dir='ltr'><strong>Magna</strong></span> <span class='ocrx_word' id='word_1_863' title='bbox 3231 4334 3312 4388; x_wconf 86' lang='lat' dir='ltr'><strong>vis</strong></span> <span class='ocrx_word' id='word_1_864' title='bbox 3339 4341 3424 4386; x_wconf 91' lang='lat' dir='ltr'><strong>est</strong></span> <span class='ocrx_word' id='word_1_865' title='bbox 3463 4332 3518 4386; x_wconf 86' lang='lat' dir='ltr'><strong>in</strong></span> 
     </span>
    </p>
   </div>
   <div class='ocr_carea' id='block_1_106' title="bbox 1929 4423 3516 4512">
    <p class='ocr_par' dir='ltr' id='par_1_106' title="bbox 1929 4423 3516 4512">
     <span class='ocr_line' id='line_1_109' title="bbox 1929 4423 3516 4512; baseline -0.011 -16"><span class='ocrx_word' id='word_1_866' title='bbox 1929 4439 2008 4496; x_wconf 85' lang='lat' dir='ltr'><strong>eis</strong></span> <span class='ocrx_word' id='word_1_867' title='bbox 2025 4437 2208 4506; x_wconf 71' lang='lat' dir='ltr'><strong>malis,</strong></span> <span class='ocrx_word' id='word_1_868' title='bbox 2222 4451 2338 4506; x_wconf 67' lang='lat' dir='ltr'><strong>qua:</strong></span> <span class='ocrx_word' id='word_1_869' title='bbox 2355 4441 2550 4506; x_wconf 76' lang='lat' dir='ltr'><strong>cogunt</strong></span> <span class='ocrx_word' id='word_1_870' title='bbox 2571 4431 2862 4496; x_wconf 85' lang='lat' dir='ltr'><strong>hominem,</strong></span> <span class='ocrx_word' id='word_1_871' title='bbox 2881 4426 3170 4484; x_wconf 88' lang='lat' dir='ltr'><strong>secundum</strong></span> <span class='ocrx_word' id='word_1_872' title='bbox 3194 4425 3337 4496; x_wconf 89' lang='lat' dir='ltr'><strong>ipsos</strong></span> <span class='ocrx_word' id='word_1_873' title='bbox 3353 4423 3516 4512; x_wconf 84' lang='lat' dir='ltr'><strong>etiam</strong></span> 
     </span>
    </p>
   </div>
   <div class='ocr_carea' id='block_1_107' title="bbox 1931 4515 3518 4600">
    <p class='ocr_par' dir='ltr' id='par_1_107' title="bbox 1931 4515 3518 4600">
     <span class='ocr_line' id='line_1_110' title="bbox 1931 4515 3518 4600; baseline -0.011 -14"><span class='ocrx_word' id='word_1_874' title='bbox 1931 4531 2222 4600; x_wconf 86' lang='lat' dir='ltr'><strong>sapientem</strong></span> <span class='ocrx_word' id='word_1_875' title='bbox 2243 4570 2258 4594; x_wconf 93' lang='lat'><strong>,</strong></span> <span class='ocrx_word' id='word_1_876' title='bbox 2287 4527 2500 4582; x_wconf 87' lang='lat' dir='ltr'><strong>sibimet</strong></span> <span class='ocrx_word' id='word_1_877' title='bbox 2524 4521 2736 4578; x_wconf 85' lang='lat' dir='ltr'><strong>auferre</strong></span> <span class='ocrx_word' id='word_1_878' title='bbox 2759 4521 2901 4594; x_wconf 81' lang='lat' dir='ltr'><strong>quod</strong></span> <span class='ocrx_word' id='word_1_879' title='bbox 2935 4519 3098 4575; x_wconf 84' lang='lat' dir='ltr'><strong>homo</strong></span> <span class='ocrx_word' id='word_1_880' title='bbox 3123 4529 3206 4576; x_wconf 87' lang='lat' dir='ltr'><strong>est</strong></span> <span class='ocrx_word' id='word_1_881' title='bbox 3233 4537 3248 4572; x_wconf 88' lang='lat'><strong>:</strong></span> <span class='ocrx_word' id='word_1_882' title='bbox 3278 4533 3400 4572; x_wconf 90' lang='lat' dir='ltr'><strong>cum</strong></span> <span class='ocrx_word' id='word_1_883' title='bbox 3433 4515 3518 4570; x_wconf 78' lang='lat' dir='ltr'><strong>di-</strong></span> 
     </span>
    </p>
   </div>
   <div class='ocr_carea' id='block_1_108' title="bbox 1929 4611 3514 4692">
    <p class='ocr_par' dir='ltr' id='par_1_108' title="bbox 1929 4611 3514 4692">
     <span class='ocr_line' id='line_1_111' title="bbox 1929 4611 3514 4692; baseline -0.012 -12"><span class='ocrx_word' id='word_1_884' title='bbox 1929 4631 2088 4692; x_wconf 73' lang='lat' dir='ltr'><strong>cant,</strong></span> <span class='ocrx_word' id='word_1_885' title='bbox 2129 4631 2184 4676; x_wconf 88' lang='lat' dir='ltr'><strong>et</strong></span> <span class='ocrx_word' id='word_1_886' title='bbox 2225 4635 2408 4676; x_wconf 90' lang='lat' dir='ltr'><strong>verum</strong></span> <span class='ocrx_word' id='word_1_887' title='bbox 2449 4618 2662 4682; x_wconf 86' lang='lat' dir='ltr'><strong>dicant,</strong></span> <span class='ocrx_word' id='word_1_888' title='bbox 2698 4615 2837 4672; x_wconf 87' lang='lat' dir='ltr'><strong>banc</strong></span> <span class='ocrx_word' id='word_1_889' title='bbox 2875 4627 2998 4670; x_wconf 89' lang='lat' dir='ltr'><strong>esse</strong></span> <span class='ocrx_word' id='word_1_890' title='bbox 3044 4622 3251 4670; x_wconf 73' lang='lat' dir='ltr'><strong>natura:</strong></span> <span class='ocrx_word' id='word_1_891' title='bbox 3289 4611 3514 4682; x_wconf 86' lang='lat' dir='ltr'><strong>primam</strong></span> 
     </span>
    </p>
   </div>
   <div class='ocr_carea' id='block_1_109' title="bbox 1930 4699 3518 4787">
    <p class='ocr_par' dir='ltr' id='par_1_109' title="bbox 1930 4699 3518 4787">
     <span class='ocr_line' id='line_1_112' title="bbox 1930 4699 3518 4787; baseline -0.011 -16"><span class='ocrx_word' id='word_1_892' title='bbox 1930 4713 2324 4787; x_wconf 75' lang='lat' dir='ltr'><strong>quodammodo</strong></span> <span class='ocrx_word' id='word_1_893' title='bbox 2351 4719 2407 4768; x_wconf 89' lang='lat' dir='ltr'><strong>et</strong></span> <span class='ocrx_word' id='word_1_894' title='bbox 2437 4709 2722 4779; x_wconf 80' lang='lat' dir='ltr'><strong>maximam</strong></span> <span class='ocrx_word' id='word_1_895' title='bbox 2758 4721 2964 4770; x_wconf 81' lang='lat' dir='ltr'><strong>vocem,</strong></span> <span class='ocrx_word' id='word_1_896' title='bbox 2988 4713 3049 4760; x_wconf 91' lang='lat' dir='ltr'><strong>ut</strong></span> <span class='ocrx_word' id='word_1_897' title='bbox 3073 4705 3234 4760; x_wconf 82' lang='lat' dir='ltr'><strong>homo</strong></span> <span class='ocrx_word' id='word_1_898' title='bbox 3263 4699 3518 4757; x_wconf 87' lang='lat' dir='ltr'><strong>concilie-</strong></span> 
     </span>
    </p>
   </div>
   <div class='ocr_carea' id='block_1_110' title="bbox 1932 4793 3520 4913">
    <p class='ocr_par' dir='ltr' id='par_1_110' title="bbox 1932 4793 3520 4913">
     <span class='ocr_line' id='line_1_113' title="bbox 1932 4793 3520 4913; baseline -0.011 -49"><span class='ocrx_word' id='word_1_899' title='bbox 1932 4807 2149 4913; x_wconf 63' lang='grc' dir='ltr'>ιιιῳίὺὶ</span> <span class='ocrx_word' id='word_1_900' title='bbox 2168 4849 2184 4874; x_wconf 96' lang='grc'><strong>,</strong></span> <span class='ocrx_word' id='word_1_901' title='bbox 2215 4815 2269 4862; x_wconf 87' lang='lat' dir='ltr'><strong>et</strong></span> <span class='ocrx_word' id='word_1_902' title='bbox 2299 4813 2580 4876; x_wconf 86' lang='lat' dir='ltr'><strong>propterea</strong></span> <span class='ocrx_word' id='word_1_903' title='bbox 2609 4809 2840 4857; x_wconf 86' lang='lat' dir='ltr'><strong>mortem</strong></span> <span class='ocrx_word' id='word_1_904' title='bbox 2869 4797 3182 4854; x_wconf 88' lang='lat' dir='ltr'><strong>naturaliter</strong></span> <span class='ocrx_word' id='word_1_905' title='bbox 3209 4793 3410 4866; x_wconf 80' lang='lat' dir='ltr'><strong>fugiat;</strong></span> <span class='ocrx_word' id='word_1_906' title='bbox 3444 4793 3520 4846; x_wconf 88' lang='lat' dir='ltr'><strong>ita</strong></span> 
     </span>
     <span class='ocr_line' id='line_1_114' title="bbox 1962 4885 3518 4913; baseline 0 0"><span class='ocrx_word' id='word_1_907' title='bbox 1962 4885 2002 4913; x_wconf 66' lang='lat'><strong>.5-</strong></span> <span class='ocrx_word' id='word_1_908' title='bbox 2153 4900 2164 4912; x_wconf 75' lang='grc' dir='ltr'><strong>ο</strong></span> <span class='ocrx_word' id='word_1_909' title='bbox 2351 4908 2360 4913; x_wconf 91' lang='grc'><strong>-</strong></span> <span class='ocrx_word' id='word_1_910' title='bbox 2407 4908 2418 4913; x_wconf 84' lang='grc'><strong>-</strong></span> <span class='ocrx_word' id='word_1_911' title='bbox 2547 4911 2592 4913; x_wconf 65' lang='lat'><strong>_,_</strong></span> <span class='ocrx_word' id='word_1_912' title='bbox 2695 4898 2706 4908; x_wconf 78' lang='grc' dir='ltr'><strong>ο</strong></span> <span class='ocrx_word' id='word_1_913' title='bbox 2749 4911 2756 4913; x_wconf 32' lang='lat' dir='ltr'><strong>c</strong></span> <span class='ocrx_word' id='word_1_914' title='bbox 2781 4895 2816 4913; x_wconf 61' lang='lat' dir='ltr'><strong>,l</strong></span> <span class='ocrx_word' id='word_1_915' title='bbox 2871 4903 2913 4913; x_wconf 75' lang='grc' dir='ltr'>,ι</span> <span class='ocrx_word' id='word_1_916' title='bbox 2943 4893 2989 4913; x_wconf 73' lang='grc' dir='ltr'><strong>ε--</strong></span> <span class='ocrx_word' id='word_1_917' title='bbox 3023 4891 3119 4913; x_wconf 77' lang='grc' dir='ltr'><strong>ι-.--</strong></span> <span class='ocrx_word' id='word_1_918' title='bbox 3145 4887 3518 4913; x_wconf 55' lang='grc' dir='ltr'><strong>...ιηεηηηιιη-μς</strong></span> 
     </span>
    </p>
   </div>
   <div class='ocr_carea' id='block_1_111' title="bbox 1930 4887 3520 4967">
    <p class='ocr_par' dir='ltr' id='par_1_111' title="bbox 1930 4887 3520 4967">
     <span class='ocr_line' id='line_1_115' title="bbox 1930 4887 3520 4967; baseline -0.011 -7"><span class='ocrx_word' id='word_1_919' title='bbox 1930 4887 2286 4967; x_wconf 65' lang='grc' dir='ltr'>εἰῖιῖιιιιιίυιιε,</span> <span class='ocrx_word' id='word_1_920' title='bbox 2311 4908 2368 4954; x_wconf 85' lang='grc' dir='ltr'><strong>ιιι</strong></span> <span class='ocrx_word' id='word_1_921' title='bbox 2394 4908 2516 4956; x_wconf 81' lang='lat' dir='ltr'><strong>esse</strong></span> <span class='ocrx_word' id='word_1_922' title='bbox 2541 4911 2601 4952; x_wconf 86' lang='lat' dir='ltr'><strong>se</strong></span> <span class='ocrx_word' id='word_1_923' title='bbox 2623 4895 2842 4958; x_wconf 83' lang='lat' dir='ltr'><strong>animal,</strong></span> <span class='ocrx_word' id='word_1_924' title='bbox 2863 4903 2918 4950; x_wconf 92' lang='lat' dir='ltr'><strong>et</strong></span> <span class='ocrx_word' id='word_1_925' title='bbox 2943 4893 2996 4948; x_wconf 91' lang='lat' dir='ltr'><strong>iu</strong></span> <span class='ocrx_word' id='word_1_926' title='bbox 3021 4891 3121 4946; x_wconf 86' lang='lat' dir='ltr'><strong>bac</strong></span> <span class='ocrx_word' id='word_1_927' title='bbox 3141 4887 3520 4959; x_wconf 85' lang='lat' dir='ltr'><strong>conjunctione</strong></span> 
     </span>
    </p>
   </div>
   <div class='ocr_carea' id='block_1_112' title="bbox 1930 4981 3520 5066">
    <p class='ocr_par' dir='ltr' id='par_1_112' title="bbox 1930 4981 3520 5066">
     <span class='ocr_line' id='line_1_116' title="bbox 1930 4981 3520 5066; baseline -0.011 -14"><span class='ocrx_word' id='word_1_928' title='bbox 1930 4996 2170 5066; x_wconf 87' lang='lat' dir='ltr'><strong>corporis</strong></span> <span class='ocrx_word' id='word_1_929' title='bbox 2210 5002 2368 5062; x_wconf 82' lang='lat' dir='ltr'><strong>atque</strong></span> <span class='ocrx_word' id='word_1_930' title='bbox 2412 4995 2606 5046; x_wconf 66' lang='lat' dir='ltr'><strong>animae</strong></span> <span class='ocrx_word' id='word_1_931' title='bbox 2649 4990 2827 5044; x_wconf 80' lang='lat' dir='ltr'><strong>vivere</strong></span> <span class='ocrx_word' id='word_1_932' title='bbox 2867 4985 3021 5050; x_wconf 80' lang='lat' dir='ltr'><strong>velit,</strong></span> <span class='ocrx_word' id='word_1_933' title='bbox 3067 4981 3520 5050; x_wconf 86' lang='lat' dir='ltr'><strong>vehementerque</strong></span> 
     </span>
    </p>
   </div>
   <div class='ocr_carea' id='block_1_113' title="bbox 1931 5070 3520 5164">
    <p class='ocr_par' dir='ltr' id='par_1_113' title="bbox 1931 5070 3520 5164">
     <span class='ocr_line' id='line_1_117' title="bbox 1931 5070 3520 5164; baseline -0.011 -20"><span class='ocrx_word' id='word_1_934' title='bbox 1931 5087 2172 5160; x_wconf 64' lang='lat' dir='ltr'><strong>appetat“</strong></span> <span class='ocrx_word' id='word_1_935' title='bbox 2205 5084 2300 5160; x_wconf 72' lang='grc' dir='ltr'><strong>(ὁ).</strong></span> <span class='ocrx_word' id='word_1_936' title='bbox 2335 5085 2520 5156; x_wconf 74' lang='lat' dir='ltr'><strong>Magna</strong></span> <span class='ocrx_word' id='word_1_937' title='bbox 2551 5083 2629 5138; x_wconf 68' lang='lat' dir='ltr'><strong>vis</strong></span> <span class='ocrx_word' id='word_1_938' title='bbox 2667 5090 2749 5138; x_wconf 83' lang='lat' dir='ltr'><strong>est</strong></span> <span class='ocrx_word' id='word_1_939' title='bbox 2781 5080 2834 5134; x_wconf 86' lang='lat' dir='ltr'><strong>in</strong></span> <span class='ocrx_word' id='word_1_940' title='bbox 2862 5078 2941 5133; x_wconf 90' lang='lat' dir='ltr'><strong>eis</strong></span> <span class='ocrx_word' id='word_1_941' title='bbox 2965 5073 3120 5132; x_wconf 86' lang='lat' dir='ltr'><strong>malis</strong></span> <span class='ocrx_word' id='word_1_942' title='bbox 3139 5115 3156 5140; x_wconf 94' lang='lat'><strong>,</strong></span> <span class='ocrx_word' id='word_1_943' title='bbox 3183 5071 3376 5164; x_wconf 74' lang='lat' dir='ltr'><strong>quibus</strong></span> <span class='ocrx_word' id='word_1_944' title='bbox 3417 5070 3520 5126; x_wconf 82' lang='lat' dir='ltr'><strong>iste</strong></span> 
     </span>
    </p>
   </div>
   <div class='ocr_carea' id='block_1_114' title="bbox 1997 5195 3202 5262">
    <p class='ocr_par' dir='ltr' id='par_1_114' title="bbox 1997 5195 3202 5262">
     <span class='ocr_line' id='line_1_118' title="bbox 1997 5195 3202 5262; baseline 0.022 -28"><span class='ocrx_word' id='word_1_945' title='bbox 1997 5201 2016 5234; x_wconf 81' lang='grc' dir='ltr'><strong>ι</strong></span> <span class='ocrx_word' id='word_1_946' title='bbox 2049 5205 2176 5260; x_wconf 63' lang='lat'><strong>“53.,</strong></span> <span class='ocrx_word' id='word_1_947' title='bbox 2199 5211 2311 5252; x_wconf 74' lang='lat' dir='ltr'><strong>eum</strong></span> <span class='ocrx_word' id='word_1_948' title='bbox 2331 5210 2424 5248; x_wconf 81' lang='lat' dir='ltr'><strong>non</strong></span> <span class='ocrx_word' id='word_1_949' title='bbox 2447 5195 2639 5262; x_wconf 70' lang='lat' dir='ltr'><strong>pudeat.</strong></span> <span class='ocrx_word' id='word_1_950' title='bbox 2720 5261 2725 5262; x_wconf 16' lang='grc' dir='ltr'>ί</span> <span class='ocrx_word' id='word_1_951' title='bbox 2807 5251 2819 5262; x_wconf 83' lang='lat'><em>_</em></span> <span class='ocrx_word' id='word_1_952' title='bbox 3041 5260 3051 5262; x_wconf 22' lang='grc' dir='ltr'><em>ᾼ</em></span> <span class='ocrx_word' id='word_1_953' title='bbox 3191 5247 3202 5258; x_wconf 90' lang='grc'><strong>.</strong></span> 
     </span>
    </p>
   </div>
   <div class='ocr_carea' id='block_1_115' title="bbox 1997 5245 3524 5316">
    <p class='ocr_par' dir='ltr' id='par_1_115' title="bbox 1997 5245 3524 5316">
     <span class='ocr_line' id='line_1_119' title="bbox 1997 5245 3524 5316; baseline -0.012 -3"><span class='ocrx_word' id='word_1_954' title='bbox 1997 5263 2020 5295; x_wconf 76' lang='grc'><em>³</em></span> <span class='ocrx_word' id='word_1_955' title='bbox 2050 5245 2486 5312; x_wconf 44' lang='lat' dir='ltr'><strong>missimissi:</strong></span> <span class='ocrx_word' id='word_1_956' title='bbox 2508 5245 2750 5312; x_wconf 79' lang='lat' dir='ltr'><strong>omittunt,</strong></span> <span class='ocrx_word' id='word_1_957' title='bbox 2775 5251 2949 5316; x_wconf 73' lang='lat' dir='ltr'><strong>sinere</strong></span> <span class='ocrx_word' id='word_1_958' title='bbox 2971 5252 3164 5316; x_wconf 78' lang='lat' dir='ltr'><strong>pmptcr</strong></span> <span class='ocrx_word' id='word_1_959' title='bbox 3185 5247 3276 5298; x_wconf 81' lang='lat' dir='ltr'><strong>ista</strong></span> <span class='ocrx_word' id='word_1_960' title='bbox 3299 5245 3427 5294; x_wconf 78' lang='lat' dir='ltr'><strong>mata</strong></span> <span class='ocrx_word' id='word_1_961' title='bbox 3450 5245 3524 5308; x_wconf 83' lang='lat' dir='ltr'><strong>fu-</strong></span> 
     </span>
    </p>
   </div>
   <div class='ocr_carea' id='block_1_116' title="bbox 1965 5315 3522 5386">
    <p class='ocr_par' dir='ltr' id='par_1_116' title="bbox 1965 5315 3522 5386">
     <span class='ocr_line' id='line_1_120' title="bbox 1965 5315 3522 5386; baseline -0.013 -10"><span class='ocrx_word' id='word_1_962' title='bbox 1965 5323 2063 5376; x_wconf 77' lang='lat' dir='ltr'><strong>itttr</strong></span> <span class='ocrx_word' id='word_1_963' title='bbox 2095 5323 2158 5372; x_wconf 82' lang='lat' dir='ltr'><strong>ab</strong></span> <span class='ocrx_word' id='word_1_964' title='bbox 2179 5337 2256 5382; x_wconf 83' lang='lat' dir='ltr'><strong>ea,</strong></span> <span class='ocrx_word' id='word_1_965' title='bbox 2294 5319 2531 5386; x_wconf 79' lang='lat' dir='ltr'><strong>quoude</strong></span> <span class='ocrx_word' id='word_1_966' title='bbox 2563 5325 2632 5367; x_wconf 79' lang='lat' dir='ltr'><strong>est</strong></span> <span class='ocrx_word' id='word_1_967' title='bbox 2657 5315 2837 5386; x_wconf 65' lang='lat' dir='ltr'><strong>beata?</strong></span> <span class='ocrx_word' id='word_1_968' title='bbox 2863 5319 2952 5386; x_wconf 54' lang='lat' dir='ltr'><strong>aut</strong></span> <span class='ocrx_word' id='word_1_969' title='bbox 2972 5315 2994 5363; x_wconf 48' lang='lat'><strong>’:</strong></span> <span class='ocrx_word' id='word_1_970' title='bbox 3021 5317 3522 5386; x_wconf 12' lang='lat' dir='ltr'><strong>[festivumimqncatur</strong></span> 
     </span>
    </p>
   </div>
   <div class='ocr_carea' id='block_1_117' title="bbox 1933 5337 3518 5448">
    <p class='ocr_par' dir='ltr' id='par_1_117' title="bbox 1933 5337 3518 5448">
     <span class='ocr_line' id='line_1_121' title="bbox 1965 5337 3508 5386; baseline -0.014 -10"><span class='ocrx_word' id='word_1_971' title='bbox 1965 5337 2063 5376; x_wconf 79' lang='grc' dir='ltr'>ιιιιι·</span> <span class='ocrx_word' id='word_1_972' title='bbox 2095 5337 2158 5372; x_wconf 81' lang='lat' dir='ltr'><strong>ao</strong></span> <span class='ocrx_word' id='word_1_973' title='bbox 2179 5337 2256 5382; x_wconf 82' lang='lat' dir='ltr'><strong>ea,</strong></span> <span class='ocrx_word' id='word_1_974' title='bbox 2294 5337 2531 5385; x_wconf 84' lang='lat' dir='ltr'><strong>qttonwao</strong></span> <span class='ocrx_word' id='word_1_975' title='bbox 2563 5337 2630 5367; x_wconf 75' lang='grc' dir='ltr'><strong>ϐδι</strong></span> <span class='ocrx_word' id='word_1_976' title='bbox 2657 5337 2794 5366; x_wconf 69' lang='lat' dir='ltr'><strong>uelim</strong></span> <span class='ocrx_word' id='word_1_977' title='bbox 2814 5337 2833 5365; x_wconf 86' lang='lat'><strong>.&#39;</strong></span> <span class='ocrx_word' id='word_1_978' title='bbox 2863 5337 2951 5386; x_wconf 52' lang='lat' dir='ltr'><strong>Irus</strong></span> <span class='ocrx_word' id='word_1_979' title='bbox 2977 5349 2989 5363; x_wconf 88' lang='lat'><strong>.</strong></span> <span class='ocrx_word' id='word_1_980' title='bbox 3021 5337 3244 5373; x_wconf 70' lang='grc' dir='ltr'>νυδιιιυυ,</span> <span class='ocrx_word' id='word_1_981' title='bbox 3270 5337 3508 5358; x_wconf 71' lang='lat' dir='ltr'><strong>uuuwuuu</strong></span> 
     </span>
     <span class='ocr_line' id='line_1_122' title="bbox 1933 5337 3518 5448; baseline -0.015 -8"><span class='ocrx_word' id='word_1_982' title='bbox 1933 5337 1986 5440; x_wconf 64' lang='grc' dir='ltr'><strong>ἵν’</strong></span> <span class='ocrx_word' id='word_1_983' title='bbox 2006 5400 2090 5448; x_wconf 81' lang='lat' dir='ltr'><strong>ea,</strong></span> <span class='ocrx_word' id='word_1_984' title='bbox 2133 5387 2350 5448; x_wconf 77' lang='lat' dir='ltr'><strong>proxime</strong></span> <span class='ocrx_word' id='word_1_985' title='bbox 2368 5384 2598 5448; x_wconf 74' lang='lat' dir='ltr'><strong>jungunt,</strong></span> <span class='ocrx_word' id='word_1_986' title='bbox 2623 5378 2864 5448; x_wconf 75' lang='lat' dir='ltr'><strong>Quomodo</strong></span> <span class='ocrx_word' id='word_1_987' title='bbox 2885 5368 3518 5448; x_wconf 16' lang='lat' dir='ltr'><strong>law.Iwnrsttlllyt‘lﬁlillttittg.</strong></span> 
     </span>
    </p>
   </div>
   <div class='ocr_carea' id='block_1_118' title="bbox 2000 5429 3524 5510">
    <p class='ocr_par' dir='ltr' id='par_1_118' title="bbox 2000 5429 3524 5510">
     <span class='ocr_line' id='line_1_123' title="bbox 2000 5429 3524 5510; baseline -0.009 -13"><span class='ocrx_word' id='word_1_988' title='bbox 2000 5429 2665 5510; x_wconf 56' lang='lat' dir='ltr'><strong>ii=iui-&#39;é§&quot;éf&#39;p‘r_di321:udis</strong></span> <span class='ocrx_word' id='word_1_989' title='bbox 2707 5447 2811 5510; x_wconf 62' lang='lat' dir='ltr'><strong>loss.</strong></span> <span class='ocrx_word' id='word_1_990' title='bbox 2838 5452 2866 5510; x_wconf 49' lang='grc' dir='ltr'>ε</span> <span class='ocrx_word' id='word_1_991' title='bbox 2897 5437 2988 5488; x_wconf 68' lang='lat' dir='ltr'><strong>sed</strong></span> <span class='ocrx_word' id='word_1_992' title='bbox 3019 5441 3204 5510; x_wconf 34' lang='lat' dir='ltr'><strong>aperta.</strong></span> <span class='ocrx_word' id='word_1_993' title='bbox 3227 5429 3524 5499; x_wconf 66' lang='lat' dir='ltr'><strong>utfit-mimis</strong></span> 
     </span>
    </p>
   </div>
   <div class='ocr_carea' id='block_1_119' title="bbox 1934 5501 3222 5572">
    <p class='ocr_par' dir='ltr' id='par_1_119' title="bbox 1934 5501 3222 5572">
     <span class='ocr_line' id='line_1_124' title="bbox 1934 5501 3222 5572; baseline -0.012 -11"><span class='ocrx_word' id='word_1_994' title='bbox 1934 5523 2044 5563; x_wconf 81' lang='lat' dir='ltr'><strong>uoce</strong></span> <span class='ocrx_word' id='word_1_995' title='bbox 2068 5501 2576 5572; x_wconf 67' lang='lat' dir='ltr'><strong>fttgiendam&#39;fateatur</strong></span> <span class='ocrx_word' id='word_1_996' title='bbox 2605 5515 2623 5553; x_wconf 91' lang='lat'><strong><em>:</em></strong></span> <span class='ocrx_word' id='word_1_997' title='bbox 2647 5501 2762 5572; x_wconf 70' lang='lat' dir='ltr'><strong>quid</strong></span> <span class='ocrx_word' id='word_1_998' title='bbox 2781 5501 2930 5572; x_wconf 75' lang='lat' dir='ltr'><strong>igitur</strong></span> <span class='ocrx_word' id='word_1_999' title='bbox 2954 5509 3116 5548; x_wconf 62' lang='lat' dir='ltr'><strong>causa:</strong></span> <span class='ocrx_word' id='word_1_1000' title='bbox 3134 5501 3222 5547; x_wconf 83' lang='lat' dir='ltr'><strong>est.</strong></span> 
     </span>
    </p>
   </div>
   <div class='ocr_carea' id='block_1_120' title="bbox 1997 5561 2907 5626">
    <p class='ocr_par' dir='ltr' id='par_1_120' title="bbox 1997 5561 2907 5626">
     <span class='ocr_line' id='line_1_125' title="bbox 1997 5561 2907 5626; baseline -0.012 -5"><span class='ocrx_word' id='word_1_1001' title='bbox 1997 5577 2020 5606; x_wconf 70' lang='grc' dir='ltr'>δ</span> <span class='ocrx_word' id='word_1_1002' title='bbox 2052 5561 2156 5622; x_wconf 69' lang='lat' dir='ltr'><strong>s&#39;ola</strong></span> <span class='ocrx_word' id='word_1_1003' title='bbox 2175 5571 2324 5622; x_wconf 89' lang='lat' dir='ltr'><strong>editio</strong></span> <span class='ocrx_word' id='word_1_1004' title='bbox 2345 5561 2474 5626; x_wconf 67' lang='lat' dir='ltr'><strong>llov.,</strong></span> <span class='ocrx_word' id='word_1_1005' title='bbox 2497 5571 2650 5618; x_wconf 86' lang='lat' dir='ltr'><strong>morte</strong></span> <span class='ocrx_word' id='word_1_1006' title='bbox 2660 5561 2907 5614; x_wconf 57' lang='lat' dir='ltr'><strong>omnis.</strong></span> 
     </span>
    </p>
   </div>
   <div class='ocr_carea' id='block_1_121' title="bbox 1997 5627 3086 5692">
    <p class='ocr_par' dir='ltr' id='par_1_121' title="bbox 1997 5627 3086 5692">
     <span class='ocr_line' id='line_1_126' title="bbox 1997 5627 3086 5692; baseline -0.013 -9"><span class='ocrx_word' id='word_1_1007' title='bbox 1997 5637 2019 5669; x_wconf 79' lang='grc'><strong>⁸</strong></span> <span class='ocrx_word' id='word_1_1008' title='bbox 2055 5640 2102 5682; x_wconf 88' lang='grc' dir='ltr'><strong>ιιι</strong></span> <span class='ocrx_word' id='word_1_1009' title='bbox 2120 5639 2247 5692; x_wconf 43' lang='lat' dir='ltr'><strong>Mss&quot;</strong></span> <span class='ocrx_word' id='word_1_1010' title='bbox 2271 5628 2377 5682; x_wconf 80' lang='lat' dir='ltr'><strong>velit</strong></span> <span class='ocrx_word' id='word_1_1011' title='bbox 2396 5629 2692 5680; x_wconf 71' lang='lat' dir='ltr'><strong>vehementer</strong></span> <span class='ocrx_word' id='word_1_1012' title='bbox 2715 5634 2856 5690; x_wconf 79' lang='lat' dir='ltr'><strong>atque</strong></span> <span class='ocrx_word' id='word_1_1013' title='bbox 2879 5627 3086 5688; x_wconf 76' lang='lat' dir='ltr'><strong>appetat.</strong></span> 
     </span>
    </p>
   </div>
   <div class='ocr_carea' id='block_1_122' title="bbox 2019 5715 3390 5782">
    <p class='ocr_par' dir='ltr' id='par_1_122' title="bbox 2019 5715 3390 5782">
     <span class='ocr_line' id='line_1_127' title="bbox 2019 5715 3390 5782; baseline 0 0"><span class='ocrx_word' id='word_1_1014' title='bbox 2019 5720 2204 5782; x_wconf 65' lang='grc' dir='ltr'>ιηεειιο</span> <span class='ocrx_word' id='word_1_1015' title='bbox 2228 5715 2497 5782; x_wconf 56' lang='lat' dir='ltr'><strong>Uticensis-</strong></span> <span class='ocrx_word' id='word_1_1016' title='bbox 2595 5775 2696 5782; x_wconf 83' lang='lat'><strong>_..</strong></span> <span class='ocrx_word' id='word_1_1017' title='bbox 2910 5769 2922 5782; x_wconf 93' lang='lat'><strong>.</strong></span> 
     </span>
    </p>
   </div>
   <div class='ocr_carea' id='block_1_123' title="bbox 1997 5721 3515 5842">
    <p class='ocr_par' dir='ltr' id='par_1_123' title="bbox 1997 5721 3515 5842">
     <span class='ocr_line' id='line_1_128' title="bbox 2019 5721 3390 5782; baseline -0.013 -14"><span class='ocrx_word' id='word_1_1018' title='bbox 2019 5721 2070 5778; x_wconf 84' lang='grc' dir='ltr'><strong>α)</strong></span> <span class='ocrx_word' id='word_1_1019' title='bbox 2093 5723 2204 5766; x_wconf 86' lang='lat' dir='ltr'><strong>Cato</strong></span> <span class='ocrx_word' id='word_1_1020' title='bbox 2228 5721 2480 5766; x_wconf 81' lang='lat' dir='ltr'><strong>Uticensis.</strong></span> <span class='ocrx_word' id='word_1_1021' title='bbox 3167 5768 3192 5782; x_wconf 39' lang='grc'><strong>.-</strong></span> <span class='ocrx_word' id='word_1_1022' title='bbox 3235 5767 3244 5780; x_wconf 43' lang='grc'>.</span> <span class='ocrx_word' id='word_1_1023' title='bbox 3379 5763 3390 5774; x_wconf 44' lang='grc'><strong>,</strong></span> 
     </span>
     <span class='ocr_line' id='line_1_129' title="bbox 1997 5721 3515 5842; baseline -0.014 -11"><span class='ocrx_word' id='word_1_1024' title='bbox 1997 5721 2072 5842; x_wconf 53' lang='lat' dir='ltr'><strong>Eb)</strong></span> <span class='ocrx_word' id='word_1_1025' title='bbox 2104 5781 2286 5842; x_wconf 80' lang='lat' dir='ltr'><strong>Cicero,</strong></span> <span class='ocrx_word' id='word_1_1026' title='bbox 2313 5776 2397 5826; x_wconf 91' lang='lat' dir='ltr'><strong>lib.</strong></span> <span class='ocrx_word' id='word_1_1027' title='bbox 2419 5776 2532 5842; x_wconf 73' lang='lat' dir='ltr'><strong>ide</strong></span> <span class='ocrx_word' id='word_1_1028' title='bbox 2554 5775 2742 5832; x_wconf 65' lang='lat' dir='ltr'><strong>Ofﬁciis,</strong></span> <span class='ocrx_word' id='word_1_1029' title='bbox 2767 5785 2869 5835; x_wconf 62' lang='grc' dir='ltr'><strong>(τῳ.</strong></span> <span class='ocrx_word' id='word_1_1030' title='bbox 2909 5769 2944 5833; x_wconf 84' lang='lat' dir='ltr'><strong>l,</strong></span> <span class='ocrx_word' id='word_1_1031' title='bbox 2985 5775 3034 5821; x_wconf 82' lang='lat' dir='ltr'><strong>et</strong></span> <span class='ocrx_word' id='word_1_1032' title='bbox 3065 5768 3129 5818; x_wconf 86' lang='lat' dir='ltr'><strong>de</strong></span> <span class='ocrx_word' id='word_1_1033' title='bbox 3149 5769 3342 5816; x_wconf 82' lang='lat' dir='ltr'><strong>l-tutbus</strong></span> <span class='ocrx_word' id='word_1_1034' title='bbox 3363 5763 3444 5814; x_wconf 86' lang='lat' dir='ltr'><strong>ltb.</strong></span> <span class='ocrx_word' id='word_1_1035' title='bbox 3468 5761 3515 5823; x_wconf 60' lang='grc' dir='ltr'>ὃ,</span> 
     </span>
    </p>
   </div>
   <div class='ocr_carea' id='block_1_124' title="bbox 1937 5840 2478 5906">
    <p class='ocr_par' dir='ltr' id='par_1_124' title="bbox 1937 5840 2478 5906">
     <span class='ocr_line' id='line_1_130' title="bbox 1937 5840 2478 5906; baseline -0.009 -13"><span class='ocrx_word' id='word_1_1036' title='bbox 1937 5840 2040 5906; x_wconf 68' lang='lat' dir='ltr'><strong>cap.</strong></span> <span class='ocrx_word' id='word_1_1037' title='bbox 2065 5845 2112 5906; x_wconf 78' lang='lat'><strong>3;</strong></span> <span class='ocrx_word' id='word_1_1038' title='bbox 2139 5842 2220 5890; x_wconf 90' lang='lat' dir='ltr'><strong>lib.</strong></span> <span class='ocrx_word' id='word_1_1039' title='bbox 2241 5841 2288 5901; x_wconf 84' lang='lat'><strong>5,</strong></span> <span class='ocrx_word' id='word_1_1040' title='bbox 2309 5853 2410 5903; x_wconf 80' lang='lat' dir='ltr'><strong>cap.</strong></span> <span class='ocrx_word' id='word_1_1041' title='bbox 2431 5840 2478 5888; x_wconf 74' lang='grc' dir='ltr'><strong>ι).</strong></span> 
     </span>
    </p>
   </div>
  </div>
