4062 6492
526 367 625 424 63!

522 492 728 540 natura;
751 483 979 541 vincitur
1022 499 1243 554 sensus,
1270 501 1378 556 quo
1421 502 1568 544 mors
1607 491 1751 545 omni
1798 490 1958 547 modo
1991 505 2110 546 om-

521 576 682 634 nibus
727 577 929 632 viribus
973 578 1358 649 canalibusque
1386 581 1614 647 vitatur;
1655 591 1710 637 et
1752 583 1819 636 ita
1861 583 2109 648 vincitur,

521 675 583 722 ut
607 683 727 738 qua:
754 667 1038 734 vitabatur,
1075 679 1317 740 optetur,
1355 681 1660 742 appetatur,
1691 683 1767 740 et,
1795 677 1839 729 si
1882 690 1988 730 non
2021 689 2115 745 po-

521 760 686 815 tuerit
710 759 924 816 aliunde
948 763 1277 833 contingere,
1306 763 1374 818 ab
1401 765 1515 834 ipso
1542 765 1759 820 homine
1790 768 2000 823 sibimet
2032 769 2114 822 ἰη-

521 850 743 906 feratur.
769 852 955 922 Magna
985 855 1066 909 vis
1100 865 1180 910 cst
1209 857 1260 910 in
1281 858 1360 911 eis
1388 859 1573 920 malis,
1601 873 1720 928 quin
1749 859 2115 916 fortitudinem

522 942 726 997 faciunt
752 943 1074 999 homicidam
1111 964 1125 1002 :
1153 946 1197 1001 si
1222 955 1400 1002 tamen
1427 948 1599 1004 adhuc
1628 949 1855 1004 dicenda
1894 959 1975 1005 est
2006 950 2114 1004 for-

521 1033 696 1088 titudo
714 1075 730 1101 ,
755 1049 873 1105 qua:
893 1035 962 1090 ita
988 1035 1070 1091 his
1088 1038 1242 1093 malis
1261 1039 1511 1104 vincitur,
1536 1048 1595 1096 ut
1615 1040 1910 1109 hominem,
1931 1057 2114 1113 quem,

521 1123 662 1178 sicut
706 1124 896 1191 virtus,
943 1129 1236 1197 regendum
1285 1130 1650 1202 tuendumque
1697 1133 1963 1207 suscepit,
2010 1148 2117 1189 non

522 1216 685 1272 modo
715 1232 820 1272 non
859 1220 1027 1288 possit
1068 1235 1165 1290 per
1190 1222 1500 1290 patientiam
1542 1225 1813 1279 custodire
1833 1266 1848 1290 ,
1879 1225 1972 1279 sed
2003 1225 2118 1295 ipsa

523 1308 746 1381 insuper
772 1322 994 1383 cogatur
1031 1314 1297 1371 occidere.
1335 1316 1499 1372 Debet
1533 1318 1748 1388 quidem
1789 1321 1948 1374 etiam
1976 1336 2119 1375 mor-

525 1408 636 1456 tem
666 1403 880 1473 sapiens
910 1405 1054 1461 tcrre
1072 1407 1353 1476 patienter,
1378 1409 1474 1464 sed
1502 1425 1622 1481 quae
1649 1411 1843 1466 accidit
1864 1412 2114 1468 aliunde:

457 1531 468 1552 .
523 1494 818 1550 secundum
847 1497 978 1552 istos
1005 1510 1181 1554 autem
1221 1501 1264 1555 si
1296 1517 1414 1556 eam
1441 1503 1539 1557 sibi
1588 1504 1700 1574 ipse
1731 1504 1931 1562 inferre
1967 1520 2116 1560 com-

524 1584 762 1655 pellitur,
794 1587 1029 1655 profecto
1059 1587 1331 1646 fatendum
1353 1601 1436 1647 est
1459 1593 1570 1661 eis,
1604 1610 1710 1649 non
1741 1597 1915 1649 solum
1957 1595 2117 1662 mala,

525 1674 621 1730 sed
651 1675 1005 1734 intolerabilia
1035 1681 1195 1735 etiam
1225 1683 1363 1737 mala
1394 1699 1536 1750 esse,
1567 1701 1686 1757 qum
1715 1685 1817 1741 hoc
1845 1703 1964 1742 eum
1993 1703 2116 1758 per-

525 1776 744 1837 petrare
787 1771 1132 1841 compellunt.
1182 1772 1303 1829 Vita
1344 1775 1537 1846 igitur,
1575 1794 1692 1847 qua:
1742 1779 1965 1833 istorum
2011 1789 2117 1834 tam

525 1875 840 1932 magnorum
882 1873 1097 1935 tamque
1135 1869 1373 1937 gravium
1419 1871 1681 1933 maiorum
1721 1881 1812 1926 aut
1858 1873 2120 1945 premitur

524 1952 781 2008 oneribus
800 1996 812 2017 ,
846 1961 938 2008 aut
962 1956 1203 2026 subjacet
1227 1959 1458 2024 casibus,
1493 1962 1641 2015 nullo
1671 1962 1830 2017 modo
1855 1956 2007 2017 beata
2037 1963 2119 2017 dl-

525 2051 758 2108 ceretur,
787 2044 832 2098 si
863 2046 1105 2102 homines
1130 2050 1218 2118 qui
1253 2051 1352 2104 hoc
1379 2050 1596 2119 dicunt,
1630 2054 1765 2108 sicut
1801 2054 1926 2110 victi
1963 2056 2118 2112 malis

526 2132 1022 2204 ingravescentibus
1041 2181 1056 2203 ,
1085 2155 1205 2194 cum
1233 2141 1333 2196 sibi
1361 2141 1610 2213 ingerunt
1645 2154 1894 2213 mortem,
1923 2146 2120 2217 cedunt

525 2226 822 2284 infelicitati
849 2272 865 2297 ,
897 2230 964 2284 ita
993 2232 1118 2288 victi
1160 2234 1323 2290 certis
1353 2237 1677 2303 rationibus,
1711 2254 1830 2292 cum
1875 2250 2122 2310 qumrunt

524 2320 742 2378 beatam
773 2323 956 2388 vitam,
976 2323 1323 2396 dignarentur
1341 2328 1532 2384 cedere
1562 2331 1788 2396 veritati,
1809 2341 1863 2386 et
1893 2347 1995 2386 non
2019 2333 2119 2389 sibi

525 2421 779 2483 putarent
824 2415 877 2469 in
927 2415 1026 2470 ista
1072 2418 1395 2476 mortalitate
1440 2420 1548 2476 line
1586 2423 1781 2477 summi
1822 2424 1944 2478 boni
1999 2439 2120 2481 esse

527 2503 898 2573 gaudendum;
939 2507 1028 2561 ubi
1055 2509 1276 2564 virtutes
1306 2511 1456 2584 ipsa},
1488 2511 1681 2582 quibus
1703 2513 1790 2567 hic
1813 2523 1959 2569 certe
1990 2513 2121 2570 nihil

527 2594 722 2648 melius
748 2603 907 2666 atque
934 2598 1114 2654 utilius
1136 2600 1186 2653 in
1214 2585 1432 2657 homine
1461 2605 1745 2672 reperitur,
1780 2614 1978 2677 quanto
2007 2621 2120 2667 ma-

528 2681 645 2753 jora
673 2693 798 2739 sunt
825 2686 1087 2756 adjutoria
1113 2701 1296 2744 contra
1324 2691 1428 2745 vim
1451 2693 1829 2768 periculorum,
1855 2677 2117 2764 laborum,

530 2773 816 2848 dolorum,
865 2786 1013 2833 tanto
1045 2779 1282 2836 fideliora
1327 2782 1630 2838 testimonia
1674 2785 2028 2840 miseriarum.
2063 2787 2121 2843 Si

530 2865 672 2920 enim
699 2882 840 2922 vera:
869 2867 1092 2926 virtutes
1121 2880 1265 2939 sunt,
1297 2887 1415 2944 qua:
1439 2875 1539 2928 nisi
1570 2875 1621 2929 in
1651 2875 1750 2941 eis,
1779 2876 1969 2947 quibus
1995 2892 2120 2954 vera

529 2954 672 3009 inest
699 2957 900 3026 pietas,
943 2973 1064 3015 esse
1107 2977 1213 3016 non
1255 2972 1515 3032 possunt;
1553 2978 1660 3020 non
1703 2981 1762 3021 se
1809 2967 2123 3036 protitrntur

531 3046 636 3103 hoc
664 3063 820 3118 posse
874 3060 930 3106 ut
958 3051 1134 3117 nullas
1159 3041 1402 3110 miserias
1441 3057 1711 3127 patiantur
1747 3057 2020 3125 homines,
2066 3060 2119 3116 in

531 3139 724 3208 quibus
749 3151 872 3196 sunt
903 3158 917 3195 :
947 3159 1121 3214 neque
1149 3145 1289 3200 enim
1315 3148 1605 3204 mendaces
1633 3158 1759 3204 sunt
1782 3165 1922 3206 vera:
1952 3152 2120 3225 virtu-

530 3239 633 3298 tes,
665 3242 722 3288 ut
747 3233 850 3290 hoc
894 3237 1286 3306 proﬁteantur;
1321 3238 1413 3294 sed
1460 3249 1518 3296 ut
1545 3242 1650 3296 vita
1703 3242 1932 3298 humana
1958 3286 1973 3311 ,
2003 3261 2122 3316 quas

527 3333 610 3378 tot
637 3334 692 3378 et
729 3327 889 3382 tantis
921 3326 1077 3398 hujus
1112 3329 1292 3385 smculi
1323 3331 1475 3386 malis
1501 3346 1622 3388 esse
1672 3334 1879 3405 cogitur
1904 3336 2117 3406 misera,

529 3431 626 3487 spe
653 3417 816 3472 futuri
866 3420 1048 3475 stucul-i
1079 3421 1150 3496 sit
1174 3421 1348 3490 beata,
1386 3423 1525 3499 sicut
1549 3433 1606 3481 et
1640 3427 1804 3481 salva.
1834 3427 2118 3494 Quomodo

531 3509 674 3563 cnim
701 3511 854 3566 beata
874 3522 978 3579 est,
1007 3529 1126 3584 qua:
1145 3515 1380 3589 nondum
1410 3516 1555 3572 salva
1578 3519 1702 3573 est?
1729 3519 1880 3575 Unde
1908 3529 1962 3576 et
1988 3535 2122 3591 apo-

529 3602 700 3657 stolus
749 3603 944 3659 Paulus
975 3621 1079 3661 non
1107 3606 1172 3661 de
1201 3606 1508 3666 hominibus
1535 3610 1981 3681 imprudentibus,
2018 3613 2122 3668 im-

528 3693 873 3763 patientibus,
903 3696 1378 3767 intcmperantibus
1403 3710 1457 3755 et
1483 3701 1698 3772 iniquis,
1723 3702 1817 3758 sed
1840 3703 2011 3758 dehis
2032 3703 2122 3774 qui

530 3785 826 3840 secundum
866 3802 1047 3842 veram
1075 3788 1324 3858 pietatem
1350 3789 1613 3859 viverent,
1644 3800 1697 3847 et
1747 3791 1868 3848 ideo
1898 3793 2124 3850 virtutes

529 3891 664 3946 quas
717 3875 1016 3948 haberent,
1065 3895 1221 3936 veras
1279 3881 1578 3955 haberent,
1636 3883 1762 3951 ait,
1833 3883 1940 3954 Spe
1990 3885 2124 3939 enim

527 3969 658 4024 salvi
676 3969 800 4040 facti
825 3987 1018 4027 sumus.
1044 3972 1177 4043 Spes
1204 3982 1370 4028 autem
1395 3991 1511 4046 quae
1532 3976 1748 4045 videtur,
1765 3993 1868 4031 non
1891 3986 1965 4032 est
1986 3991 2125 4050 spes:

528 4063 665 4130 quod
702 4064 836 4118 enim
877 4065 988 4136 quis
1035 4066 1203 4135 videt,
1253 4068 1378 4140 quid
1417 4054 1632 4140 sperat?
1667 4070 1728 4126 Si
1767 4079 1937 4135 autem
1987 4071 2125 4141 quod

531 4171 636 4208 non
678 4156 904 4212 videmus
958 4175 1222 4228 speramus
1246 4145 1280 4226 ,γ’
1297 4179 1385 4232 ρει·
1431 4164 1724 4234 patientiam
1775 4155 2124 4235 exspectamus

533 4244 710 4314 (Rom.
742 4263 854 4313 vm,
871 4249 943 4304 24
969 4261 1016 4304 et
1030 4250 1146 4322 25).
1178 4252 1327 4308 Sicut
1347 4240 1473 4324 ergo
1487 4269 1583 4325 spe
1603 4255 1754 4323 salvi,
1779 4257 1849 4311 ita
1871 4272 1966 4328 spe
1981 4258 2122 4314 beati

533 4338 656 4394 facti
683 4353 866 4396 sumus
891 4357 909 4396 :
937 4349 992 4399 et
1020 4343 1156 4398 sicut
1184 4344 1429 4411 salutem,
1456 4347 1526 4400 ita
1552 4346 1959 4417 beatitudinem,
2013 4365 2119 4406 non

529 4429 640 4502 jam
669 4440 912 4488 tenemus
937 4444 1255 4504 praesentcm
1281 4478 1296 4504 ,
1328 4437 1420 4492 sed
1448 4445 1822 4508 exspectamus
1848 4426 2118 4497 hituram:

530 4533 587 4579 et
618 4524 717 4580 hoc
742 4543 831 4597 per
859 4529 1181 4598 patientiam;
1211 4530 1332 4600 quia
1361 4531 1413 4585 in
1459 4531 1618 4602 malis
1642 4548 1848 4601 sumus,
1879 4549 1999 4604 qua:
2025 4549 2118 4604 pa-

532 4617 728 4672 tienter
772 4619 1001 4676 tolerare
1040 4617 1296 4677 debemus
1325 4664 1339 4688 ,
1379 4623 1552 4680 donec
1599 4623 1666 4679 ad
1711 4625 1800 4694 illa
1847 4612 2123 4682 veniamus

532 4708 672 4764 bona
704 4710 790 4766 ubi
817 4713 994 4776 omnia
1025 4722 1180 4768 erunt
1203 4755 1219 4781 ,
1251 4715 1444 4785 quibus
1492 4714 1837 4773 ineﬂ‘abiliter
1886 4716 2120 4774 delecte-

532 4817 656 4858 mur
687 4821 702 4870 ;
733 4804 864 4859 nihil
889 4805 994 4860 erit
1020 4814 1222 4876 autem,
1255 4807 1394 4878 quod
1420 4807 1532 4879 jam
1553 4809 1784 4866 tolerare
1812 4810 2120 4867 debeamus.

536 4895 678 4952 Talis
706 4897 868 4965 salus,
892 4913 1011 4968 qua:
1037 4899 1090 4954 in
1122 4898 1300 4970 futuro
1328 4900 1435 4974 erit
1458 4902 1674 4969 smcuio,
1696 4902 1808 4972 ipsa
1835 4903 1935 4959 erit
1963 4904 2124 4960 etiam

535 4984 710 5042 ﬁnalis
739 4975 1032 5044 beatitudo.
1061 4989 1231 5056 Quam
1253 4990 1636 5046 beatitudinem
1665 4991 1752 5046 isti
1779 4992 2080 5062 philosophi
2105 5034 2122 5060 ,

491 5085 494 5088 ’
540 5081 787 5149 quoniam
815 5096 922 5135 non
945 5081 1187 5137 videntes
1212 5083 1400 5137 nolunt
1423 5083 1661 5149 credere,
1693 5083 1778 5138 hic
1803 5084 1902 5138 sibi
1928 5099 2126 5139 conan-

535 5184 623 5227 tnr
649 5173 986 5230 falsissimam
1015 5173 1277 5234 fabricare
1301 5218 1316 5245 ,
1344 5189 1547 5250 quanto
1593 5177 1906 5248 superbiore
1927 5220 1942 5245 ,
1978 5187 2126 5246 tanto

537 5264 884 5322 mcndaciore
908 5265 1129 5323 virtute.

540 5356 773 5425 CAPUT
805 5358 868 5413 ν.
892 5389 965 5401 -
989 5358 1068 5414 De
1089 5361 1267 5415 sociali
1289 5362 1408 5428 uita,
1439 5377 1554 5430 qua:
1582 5378 1698 5416 cum
1725 5363 1946 5431 maxime
1970 5377 2125 5433 expe-

646 5447 797 5502 tenda
825 5449 921 5517 sit.
948 5449 1121 5507 multis
1151 5449 1509 5518 o/fensionibus
1536 5467 1669 5521 saepe
1695 5451 2018 5507 subvertitur.

610 5540 764 5610 Quod
793 5552 970 5598 autem
997 5544 1250 5600 socialem
1279 5544 1439 5598 vitam
1475 5545 1656 5598 volunt
1682 5558 1804 5599 esse
1831 5545 2086 5614 sapientis
2109 5586 2124 5610 ,

539 5649 640 5690 nos
666 5635 832 5691 multo
861 5636 1090 5707 amplius
1140 5635 1520 5706 approbamus.
1552 5634 1684 5690 Nam
1713 5635 1855 5691 unde
1905 5637 2002 5692 ista
2033 5637 2125 5692 Dei

538 5727 729 5794 civitas
751 5772 765 5796 ,
787 5729 856 5785 de
875 5745 977 5800 qua
998 5728 1160 5800 hujus
1184 5728 1363 5800 operis
1389 5743 1511 5784 ecce
1531 5727 1642 5798 jam
1675 5729 2124 5786 undevicesimum

540 5819 735 5884 librum
765 5836 1038 5878 versamus
1067 5823 1122 5878 in
1145 5821 1408 5891 manibus,
1433 5821 1516 5878 vel
1546 5820 1888 5882 inchoarctur
1913 5833 2119 5894 exortu,

1626 377 1714 433 DE
1753 375 2074 435 CIVITATE
2105 376 2241 446 DEI,
2272 378 2331 435 S.
2374 378 2737 438 AUGUSTINI

3701 379 3809 436 652

2219 494 2301 548 vel
2335 495 2744 566 progrederetur
2771 509 2998 552 excursu
3023 536 3039 568 ,
3066 493 3150 551 vel
3194 491 3625 570 apprehenderet
3650 493 3810 551 debi-

2220 595 2304 642 tos
2336 588 2545 655 lines,si
2574 605 2677 644 non
2706 599 2848 646 esset
2878 591 3090 646 socialis
3114 588 3218 643 vita
3245 587 3594 644 sanctorum?
3623 587 3728 643 Sed
3758 589 3811 644 in

2218 677 2376 748 hujus
2399 681 2734 736 mortalitatis
2752 697 2984 736 aerumna
3001 691 3125 751 quot
3155 691 3207 735 et
3225 680 3438 750 quantis
3451 679 3684 737 abundet
3701 695 3818 732 ma-

2219 769 2286 825 lis
2298 771 2524 827 societas
2541 771 2766 826 humana
2792 814 2807 838 ,
2832 773 2952 843 quis
2971 788 3285 827 enumerare
3303 772 3516 827 valeat?
3539 771 3658 841 quis
3675 771 3818 825 aesti-

2219 878 2366 919 mare
2395 863 2658 918 sufﬁciat?
2688 864 2921 919 Audiant
2944 863 3082 934 apud
3108 863 3343 923 comicos
3373 877 3500 923 suos
3532 862 3813 931 hominem

2219 970 2339 1012 cum
2362 970 2519 1011 sensu
2557 967 2714 1027 atque
2743 971 3006 1028 consensu
3025 956 3262 1021 omnium
3288 955 3562 1020 hominum
3585 954 3774 1010 dicere
3798 971 3814 1008 :

2291 1048 2412 1120 tinxi
2438 1060 2662 1108 uxorem,
2686 1060 2830 1112 quam
2854 1049 2922 1098 ibi
2945 1049 3188 1098 miseriam
3209 1047 3304 1100 vidi
3331 1048 3344 1096 ι
3368 1047 3468 1096 Nati
3492 1045 3593 1108 lilii,

2280 1107 2384 1232 Mn}
2399 1122 2578 1220 033m:
2605 1170 2925 1236 Adelphorum
2945 1152 3054 1222 actu
3073 1172 3123 1234 5,
3145 1184 3276 1224 scen.
3298 1171 3347 1231 4,
3371 1183 3495 1220 vers.
3522 1169 3599 1228 t5,
3629 1167 3706 1218 14.
3730 1169 3752 1233 )

2219 1255 2353 1326 Quid
2387 1257 2565 1312 itidem
2599 1257 2721 1322 illa,
2767 1273 2888 1326 quae
2933 1257 2982 1310 in
3028 1271 3210 1312 amore
3254 1257 3382 1316 vitia
3425 1261 3818 1322 commemorat

2222 1345 2364 1415 idem
2404 1347 2684 1411 Terentius
2706 1389 2723 1412 ,
2766 1347 3001 1416 injurize,
3050 1347 3412 1416 suspiciones,
3441 1345 3732 1404 inimicitia:
3755 1344 3774 1374 ¹
3798 1383 3815 1408 ,

2221 1437 2438 1502 bellum,
2460 1455 2558 1508 pax
2585 1454 2794 1492 rursum
2819 1437 3084 1509 (Eunuch.
3113 1449 3211 1493 act.
3242 1439 3294 1501 1,
3312 1455 3428 1492 scen
3454 1453 3552 1503 t,v.
3579 1437 3818 1508 14-16):

2223 1545 2399 1585 nonne
2430 1547 2514 1585 res
2542 1530 2799 1587 humanas
2829 1531 3022 1600 ubique
3049 1531 3432 1601 impleverunt?
3453 1545 3632 1585 nonne
3663 1537 3718 1584 et
3763 1530 3817 1584 in

2221 1623 2512 1676 amicorum
2541 1621 2780 1677 honestis
2819 1623 3090 1677 amoribus
3121 1623 3431 1692 plerumque
3463 1621 3819 1692 contingunt?

2222 1729 2399 1767 nonne
2430 1715 2511 1768 his
2542 1730 2919 1785 usquequaque
2949 1715 3122 1786 plena:
3148 1723 3273 1768 sunt
3301 1729 3388 1769 res
3417 1715 3694 1781 humanm,
3721 1713 3819 1770 ubi

2224 1801 2474 1871 injurias,
2503 1805 2833 1874 snSpiciones
2853 1847 2868 1871 ,
2902 1804 3224 1870 inimicitias,
3247 1803 3474 1869 bellum,
3504 1804 3639 1858 mala
3669 1813 3819 1859 certa

2223 1893 2512 1956 sentimus;
2547 1910 2731 1968 pacem
2786 1911 2914 1950 vero
2966 1897 3227 1950 incertum
3279 1896 3515 1959 bonum,
3564 1896 3820 1964 quoniam

2222 1983 2382 2046 corda
2404 2000 2611 2050 eorum,
2630 2001 2750 2040 cum
2768 1986 2957 2056 quibus
2970 2002 3086 2046 eam
3106 1995 3289 2042 tenere
3315 1987 3579 2052 volumus,
3608 1986 3822 2056 ignora-

2225 2089 2382 2140 mus;
2415 2085 2465 2130 et
2493 2075 2539 2133 si
2567 2091 2724 2131 nosse
2752 2077 2908 2138 hodie
2933 2092 3207 2147 possemus
3227 2119 3242 2142 ,
3274 2078 3447 2149 qualia
3491 2092 3610 2132 cras
3640 2075 3822 2134 futura

2222 2177 2403 2239 eSSent
2429 2169 2612 2235 utique
2626 2169 2996 2226 nesciremus?
3022 2169 3124 2238 Qui
3155 2180 3314 2240 porro
3341 2169 3482 2224 inter
3511 2184 3569 2223 se
3597 2169 3824 2224 amicio-

2223 2276 2312 2316 res
2339 2261 2514 2330 solent
2542 2276 2682 2328 esse,
2711 2262 2793 2318 vel
2821 2262 3048 2327 debent,
3079 2279 3236 2334 quam
3265 2263 3352 2333 qui
3381 2277 3483 2324 una
3511 2263 3666 2320 etiam
3694 2277 3823 2317 con-

2225 2349 2461 2420 tinentur
2489 2351 2684 2415 domo?
2716 2352 2780 2415 Et
2812 2362 2988 2420 tamen
3019 2355 3138 2424 quis
3163 2354 3285 2409 inde
3308 2369 3532 2410 securus
3555 2363 3663 2420 est,
3689 2368 3820 2409 cum

2224 2448 2370 2497 tanta
2401 2458 2542 2512 smpe
2563 2444 2702 2507 mala
2731 2459 2798 2504 ex
2819 2460 3005 2505 eorum
3027 2446 3247 2501 occultis
3269 2445 3475 2500 insidiis
3495 2445 3819 2510 exstiterint;

2227 2544 2374 2590 tanto
2397 2538 2660 2592 amariora
2685 2579 2700 2602 ,
2751 2549 2952 2607 quanto
2997 2553 3096 2609 pax
3125 2538 3330 2592 dulcior
3377 2537 3508 2602 fuit;
3548 2554 3668 2608 qua:
3691 2553 3822 2593 vera

2225 2633 2406 2696 putata
2431 2635 2512 2682 est
2533 2668 2547 2691 ,
2577 2643 2696 2682 cum
2724 2628 3047 2683 astutissime
3077 2628 3399 2699 ﬁngeretur?
3429 2628 3653 2698 Propter
3677 2627 3822 2698 quod

2225 2718 2463 2772 omnium
2498 2729 2714 2789 pectora
2743 2720 2821 2774 sic
2865 2721 3108 2791 attingit,
3140 2729 3198 2774 ut
3239 2729 3394 2790 cogat
3439 2720 3493 2776 in
3523 2719 3779 2790 gemitum
3801 2760 3820 2787 ,

2225 2809 2364 2880 quod
2392 2811 2466 2865 ait
2487 2811 2692 2866 Tullius
2722 2829 2734 2864 :
2769 2810 2943 2866 Nulla:
2966 2823 3084 2866 sunt
3109 2813 3401 2868 occultiores
3425 2812 3646 2876 insidiw,
3668 2827 3822 2881 quam

2225 2899 2306 2954 Ιιιε
2324 2918 2436 2972 qua:
2464 2903 2618 2956 latent
2649 2903 2701 2956 in
2717 2903 3036 2958 simulatione
3058 2903 3206 2973 ofﬁcii
3221 2945 3236 2969 ,
3260 2913 3348 2956 aut
3375 2903 3427 2956 in
3455 2903 3627 2972 aliqua
3651 2917 3823 2956 neces-

2226 2993 2463 3061 situdinis
2488 2995 2705 3049 nomine.
2735 2993 2877 3049 Nam
2903 3012 3016 3050 eum
3044 2996 3132 3065 qui
3170 2995 3341 3065 palam
3366 3005 3438 3049 est
3466 2987 3821 3061 adversarius,

2225 3085 2376 3156 facile
2399 3086 2618 3154 cavendo
2647 3087 2806 3141 vitare
2833 3088 2995 3158 possis
3021 3103 3040 3140 :
3067 3087 3161 3140 hoc
3186 3101 3299 3141 vero
3331 3087 3596 3150 occultum,
3625 3086 3826 3140 intesti-

2226 3194 2348 3232 num
2375 3194 2436 3231 ac
2469 3178 2796 3244 domesticum
2821 3179 3009 3232 malum
3033 3194 3134 3231 non
3171 3177 3333 3232 solum
3371 3177 3600 3241 existit’,
3646 3191 3826 3229 verum

2228 3271 2380 3324 etiam
2428 3270 2696 3340 opprimit,
2729 3279 2996 3340 antequam
3039 3269 3324 3340 prospicere
3363 3278 3506 3338 atque
3547 3267 3829 3337 explorare

2229 3364 2448 3436 potueris
2493 3364 2676 3432 (Cicer.
2700 3363 2752 3420 in
2795 3362 2996 3418 Verrem
3016 3372 3113 3416 act.
3133 3362 3188 3425 2,
3211 3360 3299 3416 lib.
3326 3361 3376 3425 1,
3399 3376 3511 3429 cap.
3537 3359 3650 3428 15).
3679 3357 3829 3414 Pro-

2227 3465 2346 3534 pter
2361 3455 2500 3526 quod
2515 3456 2671 3509 etiam
2692 3453 2873 3515 divina
2903 3469 3003 3509 vox
3027 3454 3136 3519 illa,
3158 3453 3222 3506 Et
3248 3451 3436 3506 inimici
3467 3450 3704 3535 hominis,
3727 3451 3828 3505 do-

2227 3548 2419 3602 mestici
2445 3548 2554 3618 ejus
2585 3546 2793 3618 (Matth.
2824 3563 2880 3609 x,
2911 3544 3000 3616 36)
3021 3587 3036 3613 ,
3068 3560 3187 3599 cum
3217 3559 3408 3614 magno
3435 3543 3618 3597 dolore
3640 3540 3826 3596 cordis

2227 3639 2442 3694 auditur
2470 3656 2482 3691 :
2513 3639 2634 3709 quia
2655 3639 2754 3698 etsi
2783 3638 3005 3707 quisque
3033 3647 3137 3696 tam
3162 3634 3311 3690 fortis
3330 3635 3419 3699 sit,
3446 3642 3504 3688 ut
3527 3647 3683 3702 aequo
3700 3632 3826 3688 ani-

2227 3747 2317 3787 mo
2349 3731 2603 3801 perferat;
2635 3730 2718 3784 vel
2750 3739 2856 3784 tam
2884 3728 3127 3800 vigilans,
3149 3737 3207 3782 ut
3232 3725 3452 3797 provido
3476 3725 3701 3780 consilio
3725 3739 3825 3780 ca-

2227 3830 2368 3884 veat,
2400 3837 2518 3892 quae
2548 3820 2806 3880 adversus
2833 3835 2955 3874 eum
2986 3819 3203 3874 molitur
3249 3817 3482 3873 amicitia
3525 3816 3776 3871 simulata
3805 3834 3822 3871 :

2228 3927 2413 3969 corum
2443 3922 2617 3976 tamen
2663 3911 2936 3964 hominum
2979 3908 3305 3980 perﬁdorum
3337 3908 3512 3973 malo,
3555 3921 3680 3961 cum
3725 3921 3830 3962 eos

2229 4019 2349 4060 esse
2373 4002 2634 4075 pessimos
2659 4002 2930 4070 experitur
2949 4041 2964 4067 ,
3007 4001 3050 4054 si
3091 4000 3204 4069 ipse
3230 3998 3401 4054 bonus
3429 4005 3511 4052 est
3528 4039 3542 4063 ,
3587 3995 3830 4066 graviter

2229 4095 2567 4158 excrucietur
2595 4083 2817 4148 necesse
2843 4101 2960 4155 est;
2992 4090 3106 4145 sive
3130 4105 3343 4159 semper
3369 4088 3492 4150 mali
3523 4087 3742 4154 iuerint,
3773 4096 3832 4144 et

2229 4202 2288 4243 se
2317 4187 2488 4251 bonos
2509 4185 2776 4250 ﬁnxerint,
2805 4183 2916 4238 sive
2942 4183 2994 4246 in
3022 4183 3176 4238 istam
3206 4181 3459 4235 malitiam
3485 4195 3550 4242 ex
3583 4179 3836 4236 bonitate

2229 4279 2416 4336 mutati
2453 4279 2578 4334 sint.
2623 4276 2679 4333 Si
2725 4291 2851 4348 ergo
2879 4276 3068 4335 domus
3107 4289 3389 4334 commune
3432 4272 3733 4344 perfugium
3774 4272 3837 4329 in

2230 4373 2314 4447 his
2343 4374 2495 4428 malis
2524 4373 2737 4438 humani
2763 4371 2973 4444 generis
3002 4378 3113 4430 tuta
3155 4385 3262 4425 non
3289 4376 3401 4433 est,
3431 4368 3559 4438 quid
3598 4367 3832 4435 civitas,

2226 4482 2349 4542 qua:
2371 4474 2571 4537 quanto
2596 4465 2768 4534 major
2795 4474 2900 4534 est,
2927 4472 3073 4518 tanto
3118 4461 3292 4518 forum
3321 4461 3437 4531 cjns
3462 4459 3643 4515 litibus
3668 4468 3726 4516 et
3755 4460 3841 4516 ci-

2229 4557 2420 4612 vilibus
2445 4565 2499 4611 et
2523 4555 2888 4620 criminalibus
2910 4554 3138 4625 plenius,
3163 4553 3370 4611 etiamsi
3391 4551 3689 4623 quiescant,
3721 4567 3841 4607 non

2231 4648 2401 4705 solum
2426 4648 2746 4713 turbulentae
2769 4689 2784 4714 ,
2814 4663 3001 4704 verum
3031 4647 3226 4716 saepius
3253 4654 3308 4701 et
3334 4651 3570 4700 cruentze
3606 4641 3846 4697 seditio-

2230 4757 2348 4813 nes,
2373 4756 2436 4796 ac
2463 4740 2596 4798 bella
2623 4739 2820 4805 civilia,
2844 4754 2874 4794 a
2898 4752 3122 4810 quorum
3149 4736 3355 4798 eventis
3382 4741 3506 4791 sunt
3532 4733 3846 4805 aliquando

2231 4831 2413 4888 liberte
2440 4833 2702 4899 civitates,
2731 4846 2763 4886 a
2789 4829 3043 4903 periculis
3072 4825 3382 4899 nunquam?

2229 4942 2455 5007 CAPUT
2487 4942 2574 4998 Vl.
2599 4973 2670 4984 —
2693 4941 2768 4998 De
2787 4948 2957 4996 errore
2984 4941 3324 4994 humanorum
3341 4935 3682 5008 judiciorum,
3716 4952 3848 4992 cum

2849 5035 3031 5090 veritas
3059 5033 3195 5088 latet.

2301 5127 2436 5195 Quid
2469 5127 2580 5198 ipsa
2608 5127 2803 5196 judicia
2835 5127 3113 5184 hominum
3142 5125 3211 5182 de
3243 5123 3566 5190 hominibus,
3595 5138 3728 5193 qua:
3758 5125 3852 5180 ci-

2230 5217 2480 5274 vitatibus
2507 5219 2560 5271 in
2590 5218 2916 5286 quantalibet
2961 5233 3091 5288 pace
3135 5215 3471 5272 manentibus
3495 5213 3693 5270 deesse
3727 5229 3856 5272 non

2231 5316 2487 5381 possunt,
2515 5309 2690 5379 qualia
2739 5316 2988 5377 putamus
3011 5323 3165 5373 esse,
3198 5323 3358 5378 quam
3401 5306 3630 5372 misera,
3668 5321 3857 5375 quam

2231 5399 2457 5456 dolenda
2481 5400 2505 5456 ?
2548 5397 2976 5471 quandoquidem
2993 5399 3322 5470 hijudicant,
3350 5397 3438 5467 qui
3463 5395 3860 5454 conscientias

2231 5508 2439 5562 eorum,
2470 5492 2537 5548 de
2561 5491 2752 5563 quibus
2776 5491 3035 5562 judicent,
3082 5505 3306 5545 cernere
3353 5495 3646 5559 nequeunt.
3678 5487 3862 5547 Unde

2231 5600 2374 5657 szrpe
2394 5594 2655 5664 coguntur
2683 5585 2962 5641 tormentis
2980 5583 3340 5639 innocentium
3361 5581 3574 5636 testium
3604 5578 3677 5634 ad
3707 5582 3862 5639 alie-

2235 5695 2356 5738 nam
2383 5693 2596 5734 causam
2644 5678 2999 5750 pertinentem
3042 5691 3282 5747 quazrere
3331 5673 3630 5729 veritatem.
3697 5673 3863 5745 Quid

2298 5793 2315 5860 ξ
2352 5793 2433 5843 Hic
2453 5792 2577 5860 apud
2599 5793 2879 5843 Terentium
2903 5791 3107 5860 additur,
3126 5787 3365 5860 inducite.

2297 5856 2317 5887 ί
2352 5853 2782 5918 Αιιιιᾶεἱοειδοιιειιι
2795 5889 2812 5920 ,
2836 5867 2928 5905 non
2951 5853 3093 5906 uredo
3114 5865 3204 5903 non
3222 5853 3399 5904 existit.
