4062 6492
229 402 329 460 0'53

231 527 348 568 cum
374 509 427 565 in
455 523 551 564 sua
583 522 743 564 causa
766 505 989 578 quisque
1023 512 1299 574 torquetur
1326 520 1341 572 ;
1371 511 1423 558 et
1463 517 1581 558 cum
1617 503 1815 574 quaeri-

230 613 315 658 tur
342 611 519 656 utrum
545 601 617 654 sit
645 613 865 664 nocens,
898 596 1184 660 cruciatur,
1228 602 1284 649 et
1312 594 1566 648 innocens
1597 593 1696 647 luit
1725 609 1822 662 pro

232 695 435 748 incerto
480 691 690 746 scelere
735 687 1064 744 certissimas
1108 699 1332 756 ptnnas;
1362 698 1466 738 non
1509 682 1632 753 quia
1692 681 1823 738 illud

231 783 564 840 commisisse
593 781 880 851 detegitur,
903 778 998 834 sed
1026 778 1146 849 quia
1175 792 1279 832 non
1305 775 1636 831 commisisse
1653 775 1825 830 nesci-

231 876 364 931 tur?
394 878 472 929 Ae
503 889 600 944 per
615 873 720 928 hoc
741 871 1036 942 ignorantia
1057 869 1252 940 judicia
1283 868 1594 938 plerumque
1624 875 1707 920 est
1735 881 1824 920 ca-

231 970 442 1025 lamitas
474 969 794 1024 innocentis.
827 965 1053 1036 thuod
1084 973 1164 1021 est
1194 964 1596 1028 intolerabilius,
1627 962 1824 1032 magis-

234 1078 337 1131 que
365 1061 748 1131 plangendum,
777 1057 1182 1128 rigandumque,
1221 1057 1264 1111 si
1289 1055 1400 1111 fieri
1429 1057 1598 1125 possit
1636 1055 1677 1114 ¹.
1705 1053 1828 1106 lon-

234 1153 376 1208 tibus
431 1152 786 1222 lacrymarum
823 1165 840 1214 ;
877 1164 996 1202 cum
1049 1156 1329 1218 propterea
1370 1145 1532 1214 judex
1578 1152 1826 1214 torqueat

233 1255 566 1308 accusatum,
602 1259 669 1299 ne
691 1240 906 1297 occidat
933 1241 1183 1307 nesciens
1235 1241 1604 1304 innocentem,
1641 1236 1698 1290 fit
1729 1251 1826 1306 per

234 1335 550 1408 ignorantiae
580 1333 871 1397 miseriam,
921 1344 980 1386 ut
1030 1341 1084 1386 et
1129 1340 1325 1385 tortum
1375 1338 1429 1384 et
1489 1329 1826 1382 innocentem

234 1425 466 1490 occidat,
485 1439 646 1494 quem
683 1438 751 1477 ne
790 1422 1127 1476 innocentem
1179 1419 1448 1474 occideret
1496 1424 1740 1472 torserat.
1773 1415 1829 1471 Si

234 1517 375 1573 enim
405 1513 703 1570 secundum
725 1514 946 1567 istorum
990 1511 1303 1581 sapientiam
1358 1508 1615 1578 delegerit
1640 1522 1703 1560 ex
1732 1505 1831 1559 hac

236 1611 340 1664 vita
373 1609 580 1677 fugere,
621 1621 780 1677 quam
837 1604 1038 1660 diutius
1063 1590 1164 1658 illa
1215 1602 1478 1656 sustinere
1519 1605 1827 1662 tormenta;

233 1701 373 1772 quod
392 1717 502 1755 non
521 1699 808 1763 commisit,
840 1697 1174 1752 commisisse
1207 1711 1266 1750 se
1294 1695 1439 1750 dicit.
1472 1692 1830 1760 Quodamna-

239 1803 293 1848 to
323 1803 377 1848 et
419 1793 605 1847 occiso
632 1833 648 1856 ,
679 1801 852 1844 utrum
876 1797 1157 1844 nocentem
1209 1802 1274 1840 an
1309 1785 1644 1840 innocentem
1669 1781 1830 1852 judex

236 1884 518 1949 occiderit,
540 1882 712 1936 adlmc
735 1881 924 1943 nescit,
955 1895 1111 1956 quem
1136 1893 1200 1932 ne
1219 1879 1556 1932 innocentem
1587 1873 1832 1929 nesciens

235 1976 514 2033 occideret
543 1975 734 2029 torsit:
768 1987 830 2027 ac
869 1987 964 2042 per
992 1970 1093 2025 hoc
1143 1971 1477 2024 innocentem
1507 1976 1560 2021 et
1588 1975 1644 2020 ιιι
1673 1965 1834 2018 sciret

239 2069 416 2130 torsit,
440 2074 496 2121 et
522 2065 647 2120 dum
681 2065 910 2120 nesciret
939 2062 1151 2117 occidit.
1185 2060 1242 2124 In
1294 2060 1377 2114 his
1422 2058 1656 2114 tenebris
1710 2057 1835 2110 vita:

237 2159 474 2226 socialis,
503 2155 709 2212 sedebit
734 2154 897 2225 iudex
924 2153 1260 2221 illesapiens,
1290 2168 1354 2204 au
1383 2165 1487 2208 non
1540 2147 1746 2205 sedebit
1775 2146 1835 2200 ’ἲ

243 2249 466 2306 Sedebit
498 2249 674 2318 plane.
705 2245 1035 2316 Coustringit
1082 2245 1224 2300 enim
1252 2259 1395 2310 eum,
1427 2252 1481 2297 et
1507 2241 1570 2294 ad
1619 2241 1719 2294 hoc
1749 2237 1835 2292 of-

241 2342 420 2397 ﬁcium
450 2339 709 2410 pertrahit
730 2339 960 2393 humana
983 2337 1232 2400 societas,
1262 2350 1421 2405 quam
1449 2333 1702 2388 deserere
1746 2346 1839 2386 ne;

241 2431 320 2488 fas
350 2431 522 2487 ducit.
559 2430 669 2484 Hoc
690 2430 830 2484 enim
854 2429 1004 2484 nefas
1032 2443 1152 2482 esse
1174 2441 1278 2483 non
1304 2425 1472 2488 ducit,
1499 2423 1639 2494 quod
1672 2429 1838 2488 testes

241 2525 558 2580 innocentes
580 2523 634 2578 in
663 2522 838 2577 causis
861 2529 1175 2591 torquentur
1230 2517 1619 2588 alieniszquod
1670 2515 1837 2586 hiqtti

241 2625 561 2689 arguuntur,
585 2617 634 2669 vi
663 2615 863 2670 doloris
910 2615 1221 2684 plerumque
1269 2611 1529 2681 superati,
1580 2618 1635 2664 et
1685 2609 1750 2663 de
1782 2625 1840 2664 se

245 2710 374 2765 falsa
405 2707 659 2774 confessi,
691 2709 852 2762 etiant
893 2705 1188 2778 puniuntur
1218 2704 1551 2768 innocentes,
1583 2717 1702 2759 cum
1730 2701 1838 2772 jam

244 2801 366 2856 torti
397 2798 598 2854 fuerint
618 2798 958 2853 innocentes:
986 2796 1128 2866 quod
1153 2795 1250 2850 etsi
1283 2810 1386 2850 non
1411 2805 1582 2863 morte
1613 2794 1838 2864 punian-

246 2901 348 2959 tur,
375 2892 432 2945 in
461 2890 591 2961 ipsis
611 2890 694 2943 vel
717 2903 783 2943 ex
811 2888 940 2957 ipsis
963 2888 1240 2958 tormentis
1265 2887 1572 2956 plerumque
1600 2869 1841 2939 moriun-

247 2994 366 3040 tur:
401 2982 549 3053 quod
574 2983 595 3014 ³
629 2979 913 3052 aliquando
955 2989 1008 3035 et
1061 2979 1158 3050 ipsi
1197 2980 1284 3049 qui
1316 2987 1563 3050 arguunt,
1599 2979 1843 3033 humante

247 3075 488 3132 societati
518 3072 768 3137 fortasse,
794 3089 860 3127 ne
886 3071 1110 3126 erimina
1143 3071 1400 3140 impunita
1428 3070 1554 3139 sint,
1589 3069 1844 3140 prodesse

247 3169 548 3251 cupientes,
580 3174 632 3221 et
649 3166 1032 3248 ptentientibus
1056 3165 1298 3229 testibus,
1342 3180 1540 3235 reoque
1573 3165 1688 3233 ipso
1716 3179 1846 3217 eon-

250 3271 323 3314 tra
353 3266 628 3314 tormenta
669 3257 895 3329 durante
921 3256 1248 3319 immaniter,
1276 3269 1374 3310 nec
1403 3255 1621 3318 fatente,
1651 3254 1844 3324 proba-

249 3368 303 3408 re
325 3351 472 3424 quod
499 3350 761 3421 objiciunt
787 3366 891 3402 non
918 3349 1182 3418 valentes,
1219 3347 1461 3417 quamvis
1484 3362 1605 3399 vera
1634 3331 1846 3415 objece-

248 3445 372 3509 rint,
398 3459 428 3496 a
453 3442 636 3513 judice
666 3441 936 3496 nesciente
973 3439 1309 3494 damnantur.
1347 3439 1469 3496 llaec
1492 3448 1566 3492 tot
1607 3447 1656 3491 et
1701 3447 1843 3492 tanta

249 3536 383 3591 mala
417 3551 528 3590 non
556 3534 778 3604 deputat
817 3548 936 3586 esse
959 3542 1170 3602 peccata
1205 3549 1219 3586 :
1259 3546 1364 3585 non
1416 3531 1556 3584 enim
1588 3529 1701 3583 haec
1723 3529 1846 3583 facit

250 3629 464 3698 Sapiens
511 3627 678 3695 judex
727 3625 952 3679 nocendi
1006 3624 1278 3677 voluntate
1312 3664 1326 3686 ,
1377 3622 1468 3675 sed
1528 3621 1844 3676 neceSsitate

249 3717 573 3784 nesciendi;
628 3725 683 3772 et
722 3726 901 3770 tamen
948 3715 1068 3783 quia
1118 3715 1259 3782 cogit
1311 3713 1540 3766 lmmana
1593 3712 1838 3777 Societas,

250 3810 572 3864 necessitate
598 3803 1069 3874 etiamjudieandi.
1103 3803 1227 3858 ll:ec
1277 3811 1361 3857 est
1410 3817 1540 3872 ergo
1569 3816 1726 3871 quam
1759 3800 1842 3854 di-

250 3901 444 3968 cimus,
478 3897 697 3954 miseria
745 3905 891 3952 certe
941 3895 1192 3958 hominis,
1225 3896 1324 3950 etsi
1356 3912 1459 3948 non
1504 3894 1702 3948 malitia
1754 3908 1843 3946 sa-

250 3994 465 4063 pientis.
496 3992 582 4060 An
611 4005 738 4045 vero
769 3990 1085 4044 necessitate
1127 3987 1398 4042 nesciendi
1421 3999 1577 4057 atque
1600 3987 1846 4056 judican-

250 4085 299 4142 di
329 4092 552 4154 torquet
591 4083 852 4146 insontes,
887 4078 1035 4152 punit
1066 4078 1324 4144 insontes,
1378 4090 1429 4132 et
1461 4093 1644 4148 parum
1663 4086 1744 4131 est
1769 4076 1843 4130 illi

249 4178 389 4246 quod
420 4193 534 4231 non
580 4185 663 4230 est
712 4189 858 4243 reus,
903 4173 948 4226 si
1003 4189 1106 4226 non
1137 4172 1205 4234 sit
1243 4171 1460 4242 insuper
1501 4180 1555 4226 et
1611 4169 1844 4225 beatus?

251 4271 461 4354 Quanto
485 4268 877 4323 consideratius
907 4276 959 4321 et
1011 4265 1222 4329 homine
1282 4266 1492 4336 dignius
1526 4264 1764 4342 agnoscit
1792 4263 1844 4317 in

249 4361 346 4436 ista
379 4360 704 4415 necessitate
753 4359 1042 4423 miseriam,
1073 4373 1297 4426 eamque
1347 4358 1399 4411 in
1441 4373 1498 4411 se
1525 4355 1672 4409 odit‘
1703 4373 1717 4422 ;
1767 4364 1839 4422 et,

251 4453 292 4506 si
323 4453 410 4523 pie
432 4449 598 4522 sapit,
628 4449 821 4504 clamat
857 4448 922 4502 ad
972 4449 1162 4515 Deum,
1195 4447 1271 4502 De
1319 4448 1692 4502 necessitatibus
1721 4447 1844 4500 meis

250 4563 365 4601 erue
389 4545 518 4613 me(
547 4543 693 4598 Psul.
724 4560 873 4610 XXIV,
907 4545 970 4597 l7
1003 4543 1066 4613 )?

249 4655 484 4715 CAPUT
525 4656 724 4712 V’ll.—
755 4655 826 4711 De
861 4635 1151 4717 diversitate
1187 4656 1495 4726 linguarum.
1539 4670 1638 4724 qua
1682 4653 1843 4716 socie-

315 4761 396 4804 tas
418 4749 684 4802 hominum
706 4747 994 4812 dirimitur;
1023 4756 1066 4802 et
1091 4748 1153 4800 de
1169 4747 1368 4810 miseria
1405 4745 1668 4810 bellorum,
1691 4745 1843 4799 etiam

316 4858 434 4913 qua:
447 4842 591 4912 justa
613 4841 870 4893 dicuntur.

317 4956 456 5011 Post
481 4955 760 5014 civitatem
788 4953 874 5008 vel
918 4951 1102 5007 urbem
1134 4951 1373 5020 sequitur
1407 4949 1552 5006 orbis
1584 4958 1760 5012 terra),
1791 4947 1845 5003 in

246 5062 354 5117 quo
379 5047 603 5109 tertium
634 5044 857 5114 gradum
913 5051 1118 5114 ponunt
1161 5043 1432 5102 societatis
1459 5041 1730 5105 humanm,
1763 5040 1844 5094 iu-

247 5140 517 5210 cipientes
544 5153 575 5192 a
605 5138 786 5201 dotno,
813 5147 975 5207 atque
1016 5135 1140 5192 inde
1189 5134 1254 5190 ad
1305 5133 1512 5199 urbem,
1559 5131 1754 5187 deinde
1777 5131 1846 5186 ad

246 5231 440 5286 orbem
486 5228 878 5300 progrediendo
917 5228 1197 5284 venientes
1243 5245 1256 5280 :
1307 5228 1397 5296 qui
1453 5225 1658 5295 utique,
1709 5224 1848 5278 sicut

247 5335 514 5391 aquarum
531 5320 834 5390 congeries,
861 5329 1060 5389 quanto
1086 5318 1256 5387 major
1280 5327 1382 5382 est,
1413 5324 1562 5370 tanto
1595 5315 1846 5386 periculis

249 5414 487 5483 plenior.
505 5410 566 5466 in
589 5427 696 5482 quo
710 5411 937 5480 primum
956 5410 1255 5480 linguarum
1275 5408 1554 5463 diversitas
1577 5405 1844 5461 hominem

312 5527 330 5590 ξ
367 5525 448 5574 sic
478 5523 827 5590 nostriomnes
846 5527 951 5570 Mss.
977 5527 1026 5569 tu
1053 5526 1122 5590 [με
1144 5525 1329 5590 posset.
1386 5525 1443 5578 at,

308 5589 330 5618 ²
364 5588 522 5635 nostri
547 5585 755 5643 codices,
780 5596 844 5633 an
861 5595 955 5632 non
977 5579 1172 5633 audebit
1193 5579 1217 5631 ?
1293 5587 1350 5632 ﬂ.

310 5649 334 5714 ξ
367 5647 653 5714 solaeditio
676 5654 806 5704 t.ov..
833 5643 956 5706 Quid
976 5644 1123 5708 (Ιηοάν
1150 5652 1264 5714 θυέο.
1357 5701 1388 5714 -.

311 5709 334 5741 ⁸
372 5710 512 5759 vind.
552 5720 649 5756 am.
687 5715 739 5758 et
771 5701 865 5763 πίε-,ζ
893 5701 1074 5766 Quanto
1097 5701 1444 5756 Consideratius
1465 5708 1512 5754 et
1544 5701 1732 5754 homine
1767 5703 1848 5766 Δίς

245 5773 412 5843 φήςει,
436 5779 481 5842 et
503 5769 746 5840 hominem
779 5765 992 5835 agnoScit
1015 5769 1065 5820 in
1095 5767 1187 5820 ista
1207 5767 1506 5830 necessitate,
1530 5779 1731 5830 eamque
1754 5765 1846 5820 mi-

245 5847 430 5884 nuam
452 5847 502 5884 tn
519 5846 570 5884 se
591 5833 710 5884 odit.
1168 5840 1169 5843 ‘

245 5840 430 5888 setiam
452 5840 502 5885 in
519 5846 570 5886 se
591 5840 710 5884 οαα.
1168 5840 1169 5843 ‘

1473 392 1668 448 LIBER
1710 390 2008 448 DECIMUS
2043 391 2287 454 NONUS.

3406 396 3511 453 634

1930 506 2208 566 alienatab
2235 495 2468 564 homine.
2495 506 2625 565 Nam
2647 508 2693 565 si
2725 509 2833 567 duo
2871 509 3086 576 sibimet
3133 509 3356 568 invicem
3387 508 3515 564 fiant

1930 596 2139 652 obviam
2167 639 2182 662 ,
2219 613 2393 668 neque
2423 600 2720 669 praeterire,
2765 601 2860 656 sed
2886 600 3044 658 simul
3072 615 3194 656 esse
3215 599 3389 671 aliqua
3417 614 3516 655 ne-

1929 690 2176 745 cessitate
2191 699 2468 761 cogantur,
2500 707 2727 761 quorum
2769 701 2960 762 neuter
2985 693 3128 748 norit
3171 691 3401 761 linguam
3432 687 3518 744 al-

1931 783 2097 836 terius
2123 798 2138 847 ;
2169 781 2379 838 facilius
2400 782 2500 838 sibi
2530 784 2780 839 animalia
2807 796 2974 852 muta,
3006 786 3166 841 etiam
3194 785 3392 850 diversi
3423 799 3519 858 ge-

1930 873 2094 937 neris,
2125 889 2284 945 quam
2305 873 2399 942 illi,
2431 890 2552 936 cum
2600 876 2707 930 sint
2736 875 2979 943 homines
3005 876 3182 944 ambo,
3217 877 3514 932 sociantur.

1930 963 2153 1042 Quando
2202 965 2345 1029 enim
2394 981 2512 1038 qua:
2560 968 2818 1034 sentiunt,
2860 968 2998 1032 inter
3017 983 3076 1023 se
3119 967 3518 1031 communicare

1931 1072 2035 1111 non
2056 1067 2295 1128 possunt,
2325 1067 2544 1129 prepter
2589 1060 2758 1123 solam
2787 1059 2979 1128 lingua:
3008 1059 3398 1122 diversitatem,
3428 1059 3512 1114 ni-

1933 1147 2007 1202 hil
2042 1148 2353 1218 prodest-ad
2385 1149 2772 1210 consociandos
2811 1150 3054 1216 homines
3090 1159 3234 1204 tanta
3263 1150 3517 1206 similitu-

1931 1241 2001 1300 do
2029 1251 2230 1300 natura!
2256 1262 2268 1298 :
2297 1244 2368 1304 ita
2419 1254 2477 1300 ut
2497 1244 2747 1299 libentius
2794 1244 2954 1299 homo
2983 1245 3054 1300 sit
3097 1261 3216 1299 cum
3244 1259 3376 1300 eane
3397 1260 3516 1314 suo,

1933 1347 2088 1401 quam
2120 1350 2242 1387 cmn
2277 1335 2492 1390 homine
2520 1335 2718 1389 alieno.
2756 1335 2826 1388 At
2852 1335 2995 1390 enim
3049 1350 3210 1404 opera
3257 1335 3379 1390 data
3415 1346 3518 1404 est,

1933 1424 2295 1492 utimperiosa
2318 1426 2504 1481 civitas
2529 1442 2634 1480 non
2680 1426 2852 1480 solmn
2895 1425 3102 1496 jugum,
3145 1441 3328 1480 verum
3359 1426 3520 1481 etiam

1934 1515 2164 1587 linguam
2194 1532 2344 1572 suam
2371 1517 2585 1573 domitis
2608 1517 2858 1588 gentibus
2884 1532 2978 1586 per
3017 1531 3200 1586 pacem
3246 1517 3519 1572 societatis

1936 1605 2232 1679 imponeret
2266 1625 2280 1670 ;
2313 1625 2406 1678 per
2431 1625 2588 1679 qttam
2615 1626 2718 1663 non
2750 1609 2982 1675 deesset,
3009 1609 3118 1663 imo
3147 1617 3201 1663 et
3221 1607 3520 1664 abundaret

1935 1700 2094 1754 etiam
2126 1700 2473 1768 interpretum
2528 1702 2701 1775 copia.
2730 1700 2927 1756 Verum
2957 1709 3038 1754 est
3068 1717 3081 1753 :
3111 1699 3204 1755 sed
3245 1699 3348 1755 hoc
3365 1715 3524 1769 quam

1935 1792 2117 1851 multis
2146 1801 2200 1847 et
2224 1808 2381 1862 quam
2408 1793 2697 1862 grandibus
2718 1792 2894 1862 hellis,
2915 1803 3110 1862 quanta
3138 1801 3316 1862 strage
3344 1788 3524 1851 ltomie

1936 1899 2083 1947 num,
2110 1893 2303 1952 quanta
2322 1883 2584 1948 ell'usione
2615 1883 2829 1946 humani
2852 1884 3127 1955 sanguinis
3151 1873 3525 1952 comparatum

1937 1990 2020 2035 cst
2040 1980 2063 2034 ?
2087 1979 2290 2048 Quibus
2308 1980 2608 2044 transactis,
2641 1996 2746 2036 non
2779 1988 2860 2034 est
2882 1988 3057 2034 tamen
3073 1976 3384 2033 eorumdem
3405 1989 3524 2030 ma-

1937 2069 2109 2125 lorum
2139 2071 2283 2125 finita
2309 2071 2544 2126 miseria.
2593 2071 2846 2138 Quamvis
2891 2071 3034 2125 enim
3077 2083 3182 2124 non
3233 2066 3523 2132 defuerint,

1938 2153 2112 2237 neque
2138 2163 2314 2218 desint
2364 2163 2546 2219 hostes
2575 2164 2591 2194 ¹
2625 2173 2824 2218 exter-ae
2878 2161 3146 2224 nationes,
3173 2169 3361 2216 contra
3387 2168 3522 2228 quas

1939 2267 2153 2323 seraper
2181 2252 2316 2308 bella
2342 2262 2492 2324 gesta
2547 2263 2690 2318 sunt,
2731 2263 2785 2308 et
2817 2264 3007 2323 gerunt
3027 2266 3113 2306 tr:
3155 2259 3335 2304 tamen
3359 2249 3522 2304 etiam

1941 2341 2052 2419 ipsa
2078 2343 2282 2412 imperii
2339 2343 2562 2406 latitudo
2599 2342 2804 2413 peperit
2857 2342 3058 2419 pejoris
3106 2340 3317 2410 generis
3364 2338 3524 2403 bella,

1941 2433 2156 2487 socialia
2177 2433 2383 2490 scilicet
2406 2443 2460 2488 et
2479 2434 2652 2492 civilia
2677 2450 2690 2497 ;
2724 2431 2917 2504 quibus
2963 2431 3320 2492 miserabilius
3349 2429 3526 2499 quati-

1945 2531 2030 2578 tur
2060 2538 2228 2593 genus
2273 2523 2585 2589 humanum,
2634 2524 2749 2578 sive
2801 2538 2922 2578 cum
2967 2521 3328 2590 belligeratur,
3356 2516 3526 2580 ntali.

1944 2617 2157 2688 quando
2184 2618 2597 2687 conquiescant;
2629 2617 2746 2672 sive
2791 2630 2912 2671 cum
2942 2615 3180 2680 timetur,
3223 2627 3292 2669 ne
3345 2625 3530 2672 rursus

1945 2719 2254 2780 exsurgant.
2301 2709 2536 2775 Quorum
2577 2709 2841 2764 malorum
2898 2705 3094 2769 multas
3123 2712 3178 2760 et
3212 2701 3532 2771 multiplices

1945 2801 2146 2866 eludes,
2177 2800 2338 2856 duras
2355 2810 2411 2856 et
2435 2801 2578 2855 diras
2607 2800 2975 2861 necessitates,
3007 2796 3052 2851 si
3097 2803 3155 2851 ut
3199 2795 3419 2866 dignum
3446 2800 3531 2848 est

1945 2893 2120 2964 eloqui
2146 2893 2328 2958 velim,
2349 2907 2651 2961 quanquam
2679 2903 3012 2960 nequaquam
3029 2887 3167 2942 sicut
3188 2900 3275 2941 res
3297 2883 3532 2954 postulat

1947 2985 2146 3058 possim
2172 3001 2186 3049 ;
2217 2985 2337 3054 quis
2367 2984 2468 3038 erit
2487 2985 2708 3053 prolixa:
2747 2981 3120 3053 disputationis
3167 2978 3402 3046 modus?
3429 2976 3534 3035 Sed

1946 3076 2178 3146 sapiens,
2208 3075 2469 3144 inquiunt,
2489 3074 2631 3142 justa
2669 3074 2807 3136 bella
2829 3080 3074 3143 gesturus
3094 3079 3201 3136 eali
3217 3069 3380 3136 Quasi
3405 3084 3532 3136 non,

1947 3171 1990 3224 si
2028 3185 2086 3224 se
2117 3168 2385 3227 hominem
2409 3167 2669 3230 meminit,
2702 3166 2878 3222 multo.
2917 3164 3084 3234 magis
3121 3163 3324 3222 dolebit
3360 3161 3533 3230 justo-

1947 3279 2062 3318 rum
2087 3261 2458 3318 necessitatem
2515 3259 2615 3314 sibi
2646 3257 2916 3313 exstitisse
2963 3253 3413 3323 bellorum;quia
3431 3253 3534 3312 nisi

1943 3353 2084 3424 jusla
2113 3359 2313 3414 essent,
2341 3350 2388 3403 ei
2416 3347 2647 3419 gerenda
2664 3364 2768 3402 non
2785 3354 2985 3412 essent,
3009 3360 3074 3400 ac
3095 3359 3190 3413 per
3206 3343 3533 3413 hocsapien-

1949 3445 1985 3498 ti
2015 3443 2158 3497 nulla
2184 3441 2320 3495 bella
2350 3449 2548 3495 essent.
2600 3438 2854 3508 lniquitas
2893 3437 3036 3494 enim
3075 3435 3244 3505 partis
3297 3434 3536 3490 adversae

1943 3537 2087 3606 justa
2115 3534 2250 3597 bella
2283 3534 2475 3604 ingerit
2510 3529 2740 3602 gerenda
2773 3529 2997 3600 sapienti
3028 3527 3104 3600 (a)
3139 3544 3152 3580 :
3189 3543 3308 3597 qua:
3338 3525 3537 3596 iniqui-

1950 3636 2029 3689 tas
2059 3627 2240 3697 utique
2262 3625 2462 3689 homini
2509 3633 2592 3679 est
2634 3621 2882 3685 dolenda,
2944 3621 3064 3690 quia
3118 3618 3392 3682 hominum
3431 3625 3538 3684 est,

1947 3718 2048 3774 etsi
2081 3719 2219 3777 nulla
2242 3732 2308 3778 ex
2335 3733 2398 3772 ea
2442 3715 2672 3781 bellandi
2721 3713 3012 3770 necessitas
3056 3719 3383 3770 nasceretur.
3413 3708 3537 3764 llaec

1947 3811 2127 3882 itaque
2149 3811 2286 3872 mala
2315 3819 2423 3869 tam
2452 3823 2667 3878 magna,
2707 3816 2812 3860 tam
2868 3803 3156 3870 horrenda,
3213 3812 3320 3862 tam
3368 3816 3533 3868 smva,

1948 3902 2189 3973 quisquis
2219 3916 2338 3956 cum
2363 3899 2551 3954 dolore
2601 3895 2924 3959 considerat,
2976 3893 3246 3948 miseriam
3280 3893 3528 3947 fateatur.

1948 3993 2199 4062 Quisquis
2226 4000 2404 4046 autem
2435 3990 2516 4044 vel
2544 3988 2738 4059 patitur
2761 4001 2822 4041 ea
2861 3986 2980 4042 sine
3019 3984 3182 4039 animi
3208 3983 3413 4049 dolore,
3455 3981 3537 4037 vel

1948 4085 2164 4154 eugitat,
2197 4082 2365 4138 multo
2385 4081 2565 4149 utique
2591 4077 2838 4132 miserius
2879 4076 2999 4131 ideo
3029 4090 3087 4130 se
3117 4082 3268 4145 putat
3296 4073 3534 4140 beatum,

1949 4181 2070 4249 quia
2097 4186 2149 4232 et
2176 4176 2464 4230 humanum
2489 4171 2717 4244 perdidit
2743 4182 2980 4225 sensum.

1948 4291 2173 4350 CAPUT
2214 4289 2346 4346 Vlll.
2372 4320 2445 4330 —
2475 4288 2622 4354 Quod
2664 4285 2888 4339 amicitia
2937 4283 3182 4337 bonorum
3217 4297 3398 4336 secura
3434 4295 3539 4335 esss
3567 4271 3573 4278 ’

2021 4401 2122 4438 non
2149 4383 2328 4453 possit,
2352 4381 2474 4434 dum
2499 4396 2529 4432 a
2547 4377 2783 4450 periculis
2801 4390 2916 4446 qua:
2943 4375 2994 4430 in
3037 4373 3131 4426 hac
3155 4373 3254 4425 vita
3275 4380 3412 4437 sunt,
3435 4381 3536 4424 trs-

2021 4474 2188 4551 pidari
2208 4487 2405 4537 necesse
2426 4472 2510 4525 sit.

2021 4567 2076 4621 Si
2103 4575 2280 4627 autem
2311 4579 2418 4628 non
2443 4561 2714 4631 contingat
2738 4557 2981 4629 quaedam
3029 4554 3324 4628 ignorantia
3350 4553 3538 4612 similis

1949 4663 2253 4728 dementiae,
2280 4676 2400 4732 quze
2418 4669 2593 4714 tamen
2616 4657 2667 4718 in
2705 4654 2863 4728 huius
2885 4653 3006 4707 vitae
3056 4651 3248 4707 misera
3270 4648 3534 4705 conditio-

1950 4773 2018 4812 ne
2044 4771 2185 4826 same
2230 4751 2507 4822 contingit,
2557 4758 2616 4803 ut
2658 4746 2910 4808 credatur
2947 4745 3033 4802 vel
3063 4745 3266 4805 amicus
3306 4756 3424 4797 esse
3448 4739 3538 4811 qui

1950 4849 2196 4905 inimicus
2223 4854 2327 4912 est,
2349 4845 2434 4899 vel
2468 4841 2714 4897 inimicus
2761 4840 2851 4912 qui
2903 4839 3109 4894 amicus
3135 4846 3215 4890 est
3243 4851 3257 4900 ;
3287 4832 3412 4902 quid
3439 4848 3539 4888 nus

1949 4941 2256 4997 consolatur
2269 4939 2320 4992 in
2341 4937 2440 4992 hac
2458 4937 2688 4989 humana
2702 4933 2957 4986 societate
2974 4927 3244 4984 erroribus
3263 4924 3538 4980 aerumnis-

1949 5049 2054 5110 que
2085 5030 2413 5107 plenissima,
2439 5026 2540 5082 nisi
2590 5025 2722 5079 fides
2749 5038 2851 5084 non
2875 5022 3012 5083 ficta,
3035 5028 3088 5073 et
3113 5025 3290 5070 mutua
3318 5014 3537 5068 dilectio

1953 5107 2202 5182 verorum
2225 5132 2279 5180 et
2308 5125 2569 5177 bonorum
2607 5117 2897 5172 amicorum
2925 5113 2947 5165 ?
2975 5112 3119 5180 Quos
3137 5119 3336 5179 quanto
3363 5107 3541 5174 plures

1952 5218 2079 5276 etin
2102 5217 2233 5272 locis
2265 5215 2502 5286 pluribus
2531 5210 2810 5271 habemus,
2852 5212 2998 5260 tanto
3043 5201 3250 5270 longius
3277 5199 3542 5268 latiusque

1954 5308 2262 5372 metuimus,
2297 5321 2365 5360 ne
2392 5300 2516 5373 quid
2540 5301 2620 5355 eis
2653 5297 2930 5364 contingat
2962 5293 3082 5346 mali
3109 5291 3178 5345 de
3217 5289 3380 5344 tantis
3430 5302 3544 5342 ma-

1954 5406 2126 5462 lorum
2158 5399 2437 5472 aggeribus
2462 5395 2619 5465 hujus
2644 5390 2846 5448 saeculi.
2874 5387 2990 5444 Non
3008 5386 3149 5441 enim
3175 5382 3542 5438 tantummodo

1955 5494 2164 5553 solliciti
2190 5505 2393 5552 sumus,
2423 5503 2492 5542 ne
2528 5487 2686 5553 fame,
2721 5499 2788 5538 ne
2825 5481 3003 5543 bellis,
3029 5493 3096 5534 ne
3120 5477 3344 5543 morbis,
3363 5491 3428 5530 ne
3452 5489 3542 5527 ca-

1954 5587 2282 5662 ptivitatibus
2328 5580 2646 5651 afﬂigantur,
2691 5590 2756 5631 ne
2798 5574 2852 5629 in
2901 5571 3090 5627 eadem
3125 5569 3380 5625 servitute
3419 5564 3540 5621 talia

2021 5767 2039 5798 ί
2064 5764 2136 5813 sic
2155 5761 2303 5811 nostri
2319 5758 2528 5810 codices.
2556 5763 2603 5806 In
2626 5762 2696 5816 3.,
2731 5767 2883 5819 neque
2906 5753 3060 5819 hostes
3083 5751 3256 5804 desint.
3329 5755 3384 5802 ιι.

2021 5823 2096 5890 (a)
2118 5822 2246 5876 Conf.
2273 5827 2448 5883 quiest.
2479 5822 2708 5872 inlesum
2722 5816 2864 5880 Nave,
2891 5831 2940 5880 q.
2969 5816 3043 5866 lo.
