4062 6494
529 303 637 365 035

528 417 843 497 patiantur,
886 420 1059 491 qualia
1115 434 1216 477 nec
1268 426 1503 495 cogitare
1554 427 1850 483 sufﬁcimus
1881 446 1895 485 :
1927 445 2111 484 verum

533 510 721 579 etiam,
764 511 851 568 ubi
882 512 1039 569 timor
1056 522 1138 570 est
1159 513 1326 569 multo
1353 517 1607 587 amarior,
1636 534 1703 574 ne
1731 520 1781 573 iu
1811 520 2112 591 perﬁdiam,

528 602 787 661 malitiam
842 604 1236 676 uequitiamque
1300 617 1589 665 mutent'r.
1635 609 1703 666 Et
1755 611 1967 680 quando
2016 612 2116 667 ista

524 692 839 760 contingunt
864 692 885 762 (
913 700 1061 749 tanto
1083 694 1262 764 utique
1287 694 1458 766 plura,
1490 709 1688 767 quanto
1714 700 1791 755 illi
1838 704 1964 755 sunt
1990 700 2111 771 plu-

525 796 635 848 res,
659 792 714 842 et
738 782 788 859 in
838 782 1082 853 pluribus
1130 786 1263 842 locis
1294 786 1357 859 ³.)
1403 789 1530 843 etin
1588 802 1823 846 nostram
1873 794 2115 850 notitiam

531 873 889 949 perferuntur,
918 877 1109 946 quibus
1155 893 1250 933 eor
1277 889 1516 952 nostrum
1548 880 1726 954 ﬂagris
1750 893 1953 949 uratur,
1996 886 2119 956 quis

527 972 721 1035 potest,
748 966 848 1021 nisi
876 967 964 1043 qui
995 968 1119 1026 talia
1146 970 1330 1037 sentit,
1360 971 1643 1029 advertere
1665 974 1938 1030 ?Mortuos
1961 977 2116 1047 quip—,

526 1073 594 1127 pc
618 1058 802 1114 audire
821 1060 1105 1116 mallemus
1143 1079 1157 1114 :
1188 1065 1433 1134 quamvis
1452 1065 1631 1128 ethoc
1656 1067 1773 1122 sine
1798 1067 1984 1123 dolore
2008 1084 2114 1125 non

525 1149 794 1218 possimus
849 1151 1053 1207 audire.
1110 1151 1349 1220 Quorum
1396 1157 1539 1212 enim
1591 1172 1689 1211 nos
1733 1159 1839 1213 vita
1893 1169 2117 1234 propter

525 1238 774 1293 amicitiae
819 1240 1005 1296 solatia
1046 1240 1068 1274 ³
1108 1241 1429 1315 delectabat,
1476 1246 1615 1303 unde
1663 1246 1777 1304 fieri
1842 1259 2023 1329 potest
2058 1261 2118 1329 ut

520 1343 706 1387 eorum
741 1347 885 1389 mors
933 1333 1135 1389 nullam
1187 1336 1342 1402 nobis
1396 1338 1603 1410 ingerat
1648 1342 2115 1399 mmstitudincm‘l

520 1419 690 1486 Quam
722 1423 810 1493 qui
841 1424 1117 1505 prohibet,
1157 1426 1453 1496 prohibeat,
1488 1431 1532 1484 si
1587 1440 1783 1501 potest,
1814 1435 1982 1489 amica
2003 1439 2116 1490 col-

524 1509 726 1583 loquia,
752 1514 1032 1570 interdicat
1068 1518 1344 1572 amicalcm
1375 1520 1463 1579 vel
1484 1521 1763 1579 intercidat
1790 1524 2035 1581 allectum
2068 1527 2110 1596 ',

527 1602 767 1655 omnium
796 1601 1147 1659 humanarum
1198 1609 1647 1671 necessitudinum
1680 1614 1891 1673 vincula
1921 1618 2114 1672 mentis

522 1689 716 1747 immiti
746 1702 963 1764 stupore
994 1694 1291 1768 disrumpat
1318 1715 1337 1775 ;‘
1361 1711 1452 1756 aut
1482 1702 1561 1759 sic
1585 1704 1665 1758 eis
1701 1705 1952 1761 utendum
1988 1724 2112 1763 cens

522 1793 660 1848 seat,
691 1794 747 1839 ut
774 1786 916 1843 nulla
934 1803 997 1842 ex
1020 1789 1099 1844 eis
1123 1791 1357 1863 animum
1380 1792 1606 1857 dulcedo
1626 1796 1931 1866 perfundat.
1959 1797 2112 1866 Quod

519 1873 566 1929 si
598 1876 711 1930 lleri
734 1879 877 1935 nullo
908 1880 1066 1937 modo
1088 1892 1283 1950 potest,
1313 1883 1472 1938 etiam
1523 1887 1625 1943 hoc
1653 1903 1759 1958 quo
1798 1898 1950 1959 pacto
1971 1889 2112 1946 futu-

520 1981 637 2020 rum
668 1979 765 2033 est,
793 1980 845 2023 ut
863 1971 979 2040 ejus
1009 1973 1161 2031 nobis
1181 1990 1361 2035 aptuara
1390 1992 1535 2033 mors
1561 1995 1668 2037 non
1696 1981 1759 2035 si'
1824 1983 2112 2050 cujusdulc

524 2058 605 2112 cis
632 2069 708 2114 est
742 2063 843 2116 vita
871 2063 896 2116 Ἰ
925 2063 1058 2119 lliuc
1087 2075 1170 2121 est
1197 2069 1336 2124 enim
1364 2078 1419 2133 et
1473 2071 1668 2135 luctus,
1715 2074 1978 2145 quoddam
2001 2092 2110 2133 non

522 2150 795 2207 inhumani
820 2155 998 2211 cordis
1023 2157 1045 2189 δ
1066 2161 1216 2226 quasi
1245 2162 1454 2228 vulnus,
1482 2174 1573 2227 aut
1599 2166 1771 2228 ulcus,
1806 2169 1889 2221 eui
1910 2184 2109 2229 sanano,

519 2240 589 2297 do
615 2243 937 2302 adhibentur
959 2248 1214 2310 officiosa:
1235 2253 1647 2310 consolationes.
1670 2255 1785 2311 Non
1814 2250 1956 2314 enim
1984 2276 2109 2331 prm

520 2340 705 2404 pterca
734 2347 940 2393 nonest
989 2339 1133 2410 quod
1176 2353 1417 2410 sanetur,
1460 2345 1713 2414 quoniam
1767 2360 1967 2419 quanto
2022 2361 2106 2408 est

516 2425 725 2480 animos
762 2428 979 2507 melior,
1003 2438 1149 2495 tanto
1176 2432 1228 2486 in
1254 2447 1319 2487 eo
1342 2434 1499 2501 citius
1519 2436 1829 2511 faciliusque
1869 2446 2106 2507 sanatur.

519 2513 654 2569 Cum
683 2516 839 2586 igitur
871 2503 1029 2574 etiam
1057 2521 1125 2576 de
1162 2521 1599 2580 cbarissimorum
1630 2530 1905 2597 mortibus,
1943 2535 2109 2590 maxi-

518 2618 607 2659 me
630 2621 854 2675 quorum
876 2619 1001 2664 sunt
1041 2609 1288 2668 humana:
1318 2615 1559 2671 societati
1590 2617 1763 2673 officia
1785 2625 2104 2691 necessaria,

520 2710 661 2750 mnae
685 2697 883 2769 mitius,
911 2717 1053 2756 nunc
1071 2704 1312 2772 aSperius
1333 2706 1594 2778 aflligatur
1625 2711 1731 2765 vita
1762 2717 2063 2777 mortalium
2090 2735 2104 2783 ;

522 2794 757 2849 mortuos
783 2796 959 2852 tamen
986 2808 1099 2859 eos,
1130 2809 1265 2865 quos
1287 2797 1578 2869 diligimus,
1623 2817 1779 2873 quam
1817 2807 1897 2861 vel
1923 2824 1951 2861 a
1980 2807 2102 2877 fide,

521 2876 609 2932 vel
634 2893 664 2932 a
695 2879 847 2936 bonis
870 2885 1108 2940 moribus
1135 2887 1333 2957 lapsos,
1388 2891 1488 2947 hoc
1512 2902 1610 2960 est,
1679 2895 1729 2949 in
1783 2897 1893 2968 ipsa
1931 2901 2104 2955 anima

518 2978 758 3026 mortuos
788 2972 972 3028 audire
1021 2988 1114 3029 seu
1157 2977 1343 3034 videre
1392 2982 1672 3039 mallemus
1704 3003 1717 3040 :
1746 3003 1848 3057 qua
1901 2989 2104 3060 ingenti

516 3060 737 3115 materia
767 3064 1026 3119 malorum
1054 3066 1208 3136 plena
1234 3078 1520 3148 estterra;
1554 3086 1772 3146 propter
1799 3080 1940 3148 quod
1971 3083 2106 3137 scri-

514 3157 663 3218 ptum
691 3161 792 3217 est,
829 3154 1096 3226 Numquid
1138 3175 1239 3215 non
1279 3146 1581 3237 tentatio(a)
1614 3181 1685 3221 est
1729 3146 1830 3224 vita
1867 3173 2094 3237 hutnana

513 3255 667 3309 super
690 3250 873 3297 terram
895 3246 913 3312 (
932 3243 1033 3301 Job
1056 3263 1160 3315 vn,
1189 3250 1214 3306 1
1247 3251 1305 3321 )?
1335 3252 1398 3308 Et
1426 3266 1642 3325 propter
1678 3261 1819 3330 quod
1864 3263 1977 3335 ipse
1999 3268 2105 3321 Do-

513 3330 691 3390 minus
716 3333 810 3401 ait,
843 3333 933 3390 γω
958 3340 1147 3394 mundo
1166 3341 1229 3395 ab
1251 3344 1508 3400 scandulis
1536 3345 1555 3419 (
1577 3347 1767 3405 Matth.
1797 3330 1944 3419 xvut,
1983 3355 2053 3428 7)
2083 3376 2096 3413 :

510 3430 566 3474 et
595 3421 807 3489 iterum,
839 3426 1089 3493 Quoniam
1109 3430 1401 3499 abundavit,
1453 3437 1640 3508 inquit,
1665 3442 1921 3523 iniquitas,
1945 3421 2098 3519 refri-

512 3523 674 3583 gcscct
703 3516 926 3573 Charitas
955 3523 1229 3578 multorum
1261 3525 1281 3594 (
1308 3524 1394 3581 lrl.
1438 3544 1585 3603 xxiv,
1618 3533 1685 3587 12
1779 3535 1856 3591 Ex
1884 3516 2093 3608 q‘uo‘ﬂt,

509 3611 571 3661 ut
599 3602 753 3660 bonis
775 3611 961 3666 amicis
1005 3616 1231 3670 mortuis
1270 3602 1621 3690 gratulemur,
1674 3602 1728 3680 et
1774 3602 1914 3683 eum-
1953 3602 2097 3689 mors

508 3707 696 3753 eorum
728 3713 826 3753 nos
863 3704 1162 3771 contristet,
1223 3708 1336 3778 ipsa
1380 3726 1477 3767 nos
1503 3716 1705 3771 certius
1746 3720 2091 3780 consoletur:

506 3786 758 3854 quoniam
782 3792 939 3846 malis
975 3808 1280 3866 caruerunt,
1338 3799 1534 3871 quibus
1555 3804 1606 3859 iu
1633 3804 1733 3864 hac
1785 3810 1892 3871 vita
1933 3813 2093 3868 etiam

508 3873 636 3933 boni
666 3876 909 3939 homines
941 3885 1021 3939 vel
1065 3896 1434 3961 conteruntur,
1475 3894 1559 3951 vel
1602 3896 1977 3969 depravantur,
2004 3904 2090 3961 vel

505 3963 561 4020 in
592 3977 816 4042 u'roque
833 3974 1216 4042 periclitantur.

506 4076 734 4136 CAPUT
773 4082 862 4139 IX.
900 4117 972 4129 --
1007 4086 1087 4144 De
1128 4093 1349 4149 amicitia
1396 4106 1684 4153 sanctorum
1741 4101 2085 4176 Angciorum,

576 4186 690 4239 qua:
713 4173 905 4230 homini
927 4178 978 4232 in
1000 4180 1094 4234 hoc
1120 4184 1308 4237 mundo
1332 4202 1433 4239 non
1462 4198 1624 4257 potest
1650 4206 1757 4245 esse
1783 4196 2049 4267 manifesta
2067 4240 2084 4267 ,

577 4273 785 4332 propter
805 4266 1063 4336 fallaciam
1090 4270 1395 4342 dwntonum,
1423 4277 1476 4331 in
1502 4294 1626 4348 quos
1675 4266 1959 4341 inciderunt
2001 4290 2087 4359 qui
2130 4279 2137 4287 ’

544 4370 549 4374 θ
576 4353 763 4410 multos
790 4355 887 4412 sibi
913 4360 1033 4415 deos
1057 4362 1291 4419 colendos
1312 4376 1572 4437 putarunt.

573 4462 630 4518 lu
676 4468 933 4527 societate
981 4487 1107 4529 vero
1161 4485 1468 4536 sanctorum
1517 4482 1878 4558 Angelorum,
1921 4507 2082 4563 quam

500 4556 803 4629 philosophi
829 4560 924 4629 illi,
955 4565 1043 4633 qui
1074 4567 1228 4622 nobis
1249 4569 1379 4625 deos
1397 4572 1597 4631 amicos
1625 4592 1748 4634 esse
1775 4579 2077 4653 voluerunt,

496 4657 687 4716 quarto
713 4651 1102 4710 constituerunt
1125 4655 1245 4712 loco
1264 4700 1279 4725 ,
1304 4661 1450 4717 velut
1476 4663 1541 4718 ad
1571 4666 1826 4725 mundum
1862 4651 2080 4732 veniens

498 4746 579 4790 tes
603 4738 673 4792 ab
698 4739 829 4797 orbe
857 4749 1155 4813 terrarum,
1187 4758 1243 4803 ut
1290 4752 1367 4807 sic
1397 4755 1793 4823 quodammodo
1839 4767 2079 4836 comples

495 4838 769 4886 rterentur
794 4842 849 4889 et
874 4836 1102 4904 cmlum;
1133 4841 1277 4897 nullo
1304 4845 1464 4900 modo
1492 4850 1710 4920 quidem
1757 4857 2072 4929 metuimus,

493 4934 561 4974 ne
585 4921 716 4977 tales
743 4925 899 4982 amici
928 4930 1013 4984 vel
1063 4942 1232 4987 morte
1265 4950 1363 4991 nos
1407 4953 1503 4992 sua
1526 4981 1541 5005 ,
1573 4944 1655 4998 vel
1695 4943 2075 5015 depravatione

490 5013 826 5072 contristent.
861 5018 966 5075 Sed
993 5021 1113 5092 quia
1143 5023 1297 5082 nobis
1328 5043 1433 5083 non
1454 5046 1512 5085 ea
1545 5047 1649 5103 qua
1700 5013 1945 5096 homines
1996 5043 2073 5099 fa-

554 5122 571 5153 ¹
592 5124 920 5236 ttichcrique
942 5133 1251 5204 mammia-imi
1266 5138 1510 5200 omittunt,
1527 5150 1573 5193 et
1595 5143 1645 5194 in
1669 5144 1889 5207 pluribus
1912 5150 2044 5204 locis,

554 5184 572 5216 ³
599 5192 680 5236 \‘tn
717 5222 731 5236 .
753 5198 849 5236 Arn.
875 5196 970 5236 En.
994 5201 1222 5236 anncmm
1241 5199 1463 5236 Rmrinh'e
1503 5205 1669 5236 ..ιιιηιεη
1712 5214 1804 5236 ιη..
1848 5213 2044 5236 ......-..-..-c

550 5184 731 5268 mnu.
753 5184 852 5268 tun;
875 5196 974 5268 ιει-ἶῑ
994 5184 2071 5268 αητέείιιὼβρρὲἶᾱιῗξ’ἒόὶαὲαῗῖῖὸζζῗηὲἓίῗέὼ

482 5245 675 5356 magis
712 5248 899 5303 solatia.
925 5245 981 5304 Δὶ
1001 5245 1314 5322 manuum-qui
1328 5245 2065 5340 656166511,"

1241 5318 1257 5322 _
1632 5318 1647 5330 ,
1679 5318 1927 5336 Tum",
1953 5318 2065 5340 -.η

483 5318 1115 5451 Ἔῇὲῗξῳίιῇῇμενάίφι
1130 5380 1383 5434 amiculam
1403 5387 1689 5449 societatem,
1717 5368 1790 5443 vel
1807 5393 2065 5451 intercidat

761 5427 910 5520 Abest
926 5473 953 5520 ,⁸
967 5427 1705 5520 εοι-ἰψιιεῄιξῖᾶ

481 5491 728 5604 2εὲξᾶιεῖ
744 5527 761 5553 ,
804 5491 1016 5550 recrtur
1036 5503 1096 5552 ad
1139 5491 2061 5580 affection

647 5568 675 5603 ιι
719 5568 845 5606 vum.

478 5562 845 5607 substantivum.
1169 5562 1196 5568 π
1379 5562 1392 5570 -
1518 5562 1533 5575 -
1618 5562 1641 5563 η
1686 5562 1970 5580 μήνη-η-.--
2002 5562 2058 5573 ..υ

480 5615 921 5706 ¹,¹;,¹ξξίιηρ]ει·ἱίιιέε
946 5628 998 5706 ft
1019 5626 1235 5678 melioris
1259 5640 1383 5706 nota:
1407 5639 1658 5703 manuscri,
1679 5639 1730 5689 ti.
1772 5640 1888 5693 Μὶιί
1924 5657 2058 5706 nam.

480 5671 637 5743 (τιςιιφε
657 5671 855 5743 ιιὲίάαυὶ
870 5681 921 5733 in
941 5671 1383 5743 inhiasse-35:“
1407 5671 1616 5687 """‘“"
1632 5671 1658 5703 ἐ
1773 5671 1878 5737 ""‘f

539 5736 612 5799 (α)
637 5736 687 5789 tu
712 5749 732 5787 ι
747 5742 931 5807 ulgata,
956 5736 1145 5809 militia.

1639 315 1724 371 DE
1763 314 2081 381 CIVITATE
2117 317 2249 388 DEI,
2288 321 2349 379 S.
2376 324 2745 388 AUGUSTINI

2223 434 2527 496 miliaritate
2551 441 2842 501 miscentur
2868 445 3030 519 (quod
3058 451 3219 507 etiam
3248 453 3422 526 ipsum
3446 461 3514 516 ad
3537 477 3813 522 aerumnas

2224 523 2379 593 hujus
2403 532 2628 598 pertinet
2658 535 2814 607 vitm)
2844 547 2898 593 et
2921 540 3202 612 aliquando
3236 523 3483 619 satanas,
3506 553 3643 610 sicut
3667 558 3807 628 legi—

2219 634 2340 676 mus
2367 624 2705 696 trausligurat
2728 644 2787 685 se
2817 631 2957 686 velut
2986 635 3233 706 angelum
3263 640 3281 671 ⁸
3310 639 3442 697 lucis
3467 643 3532 715 (ll
3561 645 3679 702 Cor.
3705 624 3762 704 xvi
3788 692 3808 718 ,

2220 711 2334 783 u),
2352 714 2418 769 ad
2449 719 2727 777 tentandos
2744 737 2836 778 eos
2855 740 2987 794 quos
3005 727 3074 781 ita
3090 728 3172 784 vel
3193 730 3390 787 erudiri
3421 711 3556 804 opus
3576 748 3687 802 est,
3715 711 3809 796 vel

2219 805 2390 877 decipi
2416 809 2616 880 justum
2639 826 2754 880 est;
2785 833 2970 888 magna
2998 820 3086 874 Dei
3135 824 3501 883 misericordia
3546 845 3811 889 necessa-

2220 898 2299 952 ria
2329 909 2412 954 est
2432 944 2446 965 ,
2477 906 2838 981 nequisquam
2858 950 2872 975 ,
2906 927 3026 965 cum
3053 912 3221 969 honos
3251 916 3481 989 Angelos
3510 922 3717 979 amicos
3745 940 3813 983 se

2220 988 2417 1056 habere
2449 1006 2625 1065 putat,
2657 999 2849 1056 haheat
2875 1004 3043 1063 nralns
3070 988 3563 1079 dgemouesiamicos
3610 1016 3767 1073 (ictos
3788 1061 3806 1086 ,

2218 1095 2581 1154 e0squetanto
2610 1093 2975 1165 nocentiores,
3008 1108 3206 1165 quanto
3231 1103 3514 1160 astutiores
3554 1121 3619 1163 ac
3649 1107 3809 1165 falla-

2217 1175 2392 1230 ciures
2420 1181 2648 1247 patiatur
2678 1185 2938 1240 inimicos.
2974 1190 3038 1244 Et
3060 1193 3144 1247 cui
3174 1208 3360 1274 magna
3388 1196 3486 1252 ista
3517 1199 3610 1255 Dei
3642 1203 3811 1259 mise-

2218 1269 2448 1324 ricordia
2474 1275 2771 1333 necessaria
2799 1287 2897 1346 cst,
2922 1281 3022 1336 nisi
3043 1298 3250 1354 magnae
3273 1269 3523 1344 humana:
3548 1290 3807 1364 miserim,

2217 1377 2336 1432 quae
2363 1363 2656 1432 ignorantia
2688 1375 2830 1424 tanta
2858 1375 3151 1453 premitur,
3171 1387 3228 1432 ut
3270 1379 3425 1435 facile
3476 1382 3704 1440 istorum
3729 1363 3809 1441 si-

2218 1453 2508 1511 mulatione
2543 1456 2797 1515 fallatur?
2829 1463 2895 1517 Et
2919 1464 3040 1520 illos
3091 1469 3305 1538 quidem
3359 1474 3708 1545 philosOphos
3749 1480 3809 1535 in

2216 1544 2375 1615 impia
2402 1548 2649 1619 civitate,
2675 1553 2767 1623 qui
2787 1554 2918 1611 deos
2942 1559 3045 1614 sibi
3094 1563 3297 1619 amicos
3351 1580 3471 1620 esse
3514 1567 3805 1640 dixerunt,

2217 1635 2269 1689 in
2297 1636 2570 1696 dmmones
2595 1645 2856 1716 malignos
2876 1648 3125 1719 incidisse
3151 1656 3507 1714 certissimum
3539 1670 3651 1729 est,
3684 1665 3809 1731 qui-

2216 1725 2314 1781 bus
2345 1735 2450 1793 tota
2481 1730 2590 1798 ipsa
2608 1734 2795 1790 civitas
2822 1739 3084 1809 subditur,
3102 1753 3359 1802 teteruum
3384 1766 3502 1805 eum
3529 1754 3607 1808 eis
3644 1753 3802 1823 habi-

2215 1825 2331 1872 tura
2357 1821 2692 1890 supplicium.
2726 1826 2822 1899 Ex.
2844 1845 3028 1886 eorum
3055 1836 3249 1905 quippe
3277 1839 3442 1894 sacris
3465 1883 3481 1906 ,
3512 1843 3593 1898 vel
3620 1821 3805 1916 potius

2214 1909 2526 1980 sacrilegiis,
2544 1915 2734 1984 quibus
2752 1933 2846 1973 eos
2876 1921 3148 1982 colendus.
3188 1937 3241 1980 ct
3276 1943 3343 1982 ex
3376 1929 3532 1996 ludis,
3562 1934 3803 1991 immun-

2213 1999 2468 2066 dissimis,
2500 2004 2587 2059 ubi
2621 2023 2807 2063 eorum
2830 2012 3052 2067 erimina
3075 2017 3439 2086 celebrantur,
3467 2024 3659 2093 quibus
3701 2043 3813 2093 eos

2213 2091 2499 2162 placandos
2549 2106 2899 2168 putaverunt,
2938 2104 3138 2160 eisdem
3195 2107 3325 2179 ipsis
3388 2091 3694 2173 auctoribus
3745 2091 3801 2181 et

2212 2190 2544 2244 exactoribus
2576 2194 2759 2261 talium
2785 2205 3160 2271 tantorumque
3187 2202 3510 2262 dedecorum
3529 2249 3545 2276 ,
3570 2211 3701 2266 satis
3726 2212 3799 2271 ah

2212 2279 2291 2334 eis
2314 2281 2404 2352 qui
2433 2284 2676 2341 colantur
2699 2298 2941 2359 apertum
2970 2303 3069 2357 est,

2210 2413 2437 2475 CAI’UT
2475 2417 2543 2475 Χ.
2582 2451 2656 2463 -—
2695 2423 2821 2491 Quis
2843 2430 3037 2497 [ructus
3062 2432 3248 2487 sanctis
3276 2433 3339 2489 de
3375 2449 3615 2508 superata
3640 2440 3799 2516 Iruqu

2621 2514 3024 2575 vitmtcntatione
3042 2532 3250 2589 paratus
3270 2526 3334 2580 sit
3361 2528 3402 2579 ⁸.

2282 2642 2387 2699 Sed
2412 2660 2583 2717 neque
2611 2650 2781 2704 sancti
2802 2660 2855 2706 et
2885 2651 3071 2710 fideles
3100 2656 3256 2711 unius
3278 2660 3388 2714 veri
3420 2661 3514 2717 Dei
3567 2668 3792 2722 summi-

2209 2747 2313 2802 que
2362 2736 2630 2804 cultores,
2672 2740 2741 2794 ab
2766 2756 2948 2797 eorum
2980 2743 3201 2802 fallaciis
3246 2759 3300 2804 et
3340 2753 3653 2810 nutltii‘ormi
3682 2766 3795 2815 teni

2211 2825 2408 2882 tatiouc
2434 2831 2604 2884 securi
2636 2840 2779 2886 sunt.
2807 2832 2860 2886 ln
2886 2833 2986 2889 hoc
3015 2838 3155 2891 enim
3195 2838 3313 2895 loco
3367 2842 3692 2902 iulirmitatis
3736 2856 3791 2906 et

2207 2917 2392 2976 diebus
2425 2920 2670 2992 malignis
2691 2925 2849 2980 etiam
2878 2925 2978 2983 ista
3006 2929 3305 2987 sollicitudo
3323 2949 3426 2989 non
3454 2944 3536 2991 est
3552 2937 3791 3011 inutilis,

2210 3020 2263 3065 ut
2291 3012 2378 3066 illa
2407 3016 2695 3082 securitas,
2727 3016 2813 3072 ubi
2842 3033 2942 3087 pax
2976 3020 3278 3090 plenissima
3306 3037 3465 3095 atque
3489 3030 3791 3086 certissima

2205 3110 2324 3169 est,
2355 3104 2617 3162 desiderio
2652 3109 2975 3168 ferventiore
3013 3123 3297 3184 quu'ratur.
3330 3117 3405 3172 lbi
3458 3120 3601 3175 enim
3630 3133 3790 3181 erunt

2205 3201 2410 3247 natura:
2454 3210 2709 3265 munera,
2765 3200 2866 3256 hoc
2913 3210 3028 3267 est,
3089 3219 3208 3275 qua:
3249 3204 3449 3263 natura:
3481 3219 3679 3266 nostra:
3719 3213 3796 3270 ab

2203 3285 2439 3339 omnium
2473 3297 2780 3344 naturarum
2829 3290 3081 3350 Creatore
3123 3295 3407 3365 donantur,
3460 3314 3563 3354 non
3609 3301 3791 3361 solum

2202 3373 2338 3429 bona
2359 3417 2374 3440 ,
2406 3392 2590 3431 verum
2622 3379 2779 3434 etiam
2808 3384 3164 3453 sempiterna;
3195 3403 3298 3442 non
3314 3389 3483 3443 solum
3501 3389 3554 3444 in
3581 3391 3793 3467 animo,

2201 3466 2288 3535 qui
2318 3470 2569 3527 sanatur'
2591 3486 2684 3540 per
2712 3473 3048 3542 sapientiam.
3066 3492 3253 3532 verum
3279 3479 3513 3536 etiamin
3537 3496 3803 3563 corpore,

2200 3556 2340 3625 quod
2389 3562 2784 3618 resurrectione
2829 3566 3190 3629 renovabitur.
3248 3568 3321 3626 lbi
3376 3573 3631 3642 virtutes,
3671 3592 3783 3634 non

2199 3659 2385 3704 contra
2409 3651 2519 3708 ulla
2544 3653 2668 3708 vitia
2699 3655 2785 3709 vel
2814 3656 2955 3712 mala
2983 3675 3330 3733 quaecumque
3359 3675 3625 3723 certantes
3643 3710 3659 3734 ,
3686 3670 3793 3731 sed

2200 3735 2457 3796 habentes
2506 3741 2742 3799 victoria:
2771 3748 3047 3814 prmmium
3096 3760 3348 3808 aeternam
3379 3768 3596 3824 pacem,
3621 3774 3784 3829 quam

2196 3831 2377 3887 nullus
2404 3833 2740 3893 adversarius
2768 3837 3024 3909 inquietet
3055 3840 3151 3912 (a).
3183 3843 3300 3914 Ipsa
3328 3856 3410 3901 est
3438 3847 3583 3903 enim
3613 3848 3782 3905 beati~

2196 3922 2324 3979 tudo
2348 3923 2518 3980 linalis
2534 3967 2550 3989 ,
2576 3926 2688 3995 ipse
2714 3928 3054 3999 perfectionis
3076 3931 3193 3987 linis
3209 3973 3233 4008 ι
3253 3935 3343 4006 qui
3373 3948 3783 3998 consumentem

2194 4026 2301 4066 non
2334 4012 2494 4069 habet
2524 4016 2701 4073 tinem.
2735 4019 2832 4075 llic
2859 4030 3037 4077 autem
3067 4022 3292 4080 dicimur
3336 4028 3547 4097 quidem
3596 4030 3777 4103 beati,l

2191 4104 2404 4173 quando
2433 4121 2615 4176 pacem
2646 4109 2904 4167 habemus
2923 4153 2939 4180 ,
2966 4114 3451 4189 quantulacumque
3476 4118 3560 4175 hic
3589 4120 3781 4191 haberi

2191 4202 2364 4263 potest
2387 4195 2438 4249 iu
2466 4197 2571 4257 vita
2601 4198 2771 4255 bona:
2802 4201 2894 4257 sed
2925 4202 3037 4259 Ιιωο
3062 4204 3332 4262 beatitudo
3384 4208 3458 4263 illi
3479 4250 3493 4275 ,
3520 4226 3680 4281 quam
3710 4213 3777 4274 li-

2190 4285 2364 4340 nalem
2384 4285 2645 4356 dicimus,
2675 4290 2982 4348 beatitudini
3023 4306 3327 4367 comparata
3348 4340 3363 4364 ,
3394 4315 3612 4370 prorsus
3664 4305 3773 4359 mi-

2187 4376 2325 4432 seria
2347 4380 2625 4448 reperitur.
2654 4381 2802 4439 ilanc
2824 4400 2951 4456 ergo
2980 4400 3163 4456 pacem
3182 4429 3198 4454 ,
3226 4389 3402 4459 qualis
3450 4390 3537 4447 hic
3593 4404 3775 4464 potest

2187 4482 2307 4528 esse
2328 4509 2345 4541 ,_
2370 4473 2621 4530 mortales
2650 4473 2895 4533 homines
2919 4477 2972 4532 in
3013 4478 3171 4534 rebus
3209 4483 3522 4539 mortalibus
3553 4486 3772 4556 quando

2187 4559 2473 4631 habemus,
2501 4566 2546 4621 si
2577 4578 2722 4623 recte
2742 4569 2968 4626 vivimus
2991 4612 3006 4637 ,
3035 4571 3188 4627 bonis
3229 4574 3346 4644 ejus
3402 4588 3547 4632 recte
3598 4580 3779 4636 utitur.

2184 4650 2351 4709 virtus
2375 4671 2388 4708 :
2415 4655 2631 4727 quando
2656 4674 2782 4715 vero
2806 4676 2922 4715 eam
2955 4676 3060 4717 non
3084 4662 3369 4732 habemus,
3398 4667 3555 4722 etiam
3585 4670 3763 4736 malis,

2181 4756 2300 4814 qum-
2322 4744 2481 4802 homo
2526 4751 2746 4819 patitur,
2768 4751 2905 4807 bene
2953 4754 3121 4809 utitur
3145 4755 3335 4810 virtus.
3366 4755 3473 4814 Sed
3524 4767 3649 4816 tunc
3679 4770 3766 4818 est

2180 4853 2305 4893 vera
2332 4840 2519 4908 virtus,
2546 4844 2757 4912 quando
2788 4854 2840 4901 et
2861 4847 3040 4901 omnia
3073 4846 3211 4902 bona
3236 4850 3428 4919 quibus
3472 4851 3605 4908 bene
3652 4855 3764 4908 uti-

2179 4937 2283 4995 tur,
2313 4940 2369 4987 et
2393 4931 2721 5004 quidquid'in
2753 4934 2893 4992 bono
2935 4952 3036 4992 usu
3079 4937 3341 4995 bonorum
3391 4950 3449 4998 et
3496 4943 3761 5001 malorum

2178 5021 2323 5091 facit,
2344 5033 2398 5080 et
2437 5039 2498 5080 se
2523 5026 2689 5096 ipsam
2730 5027 2796 5082 ad
2842 5043 2966 5085 eum
3010 5029 3170 5086 linem
3221 5032 3408 5098 refert,
3462 5035 3549 5091 ubi
3600 5037 3763 5094 nobis

2179 5116 2296 5172 talis
2321 5127 2378 5173 et
2406 5126 2551 5173 tanta
2580 5133 2677 5188 pax
2706 5120 2809 5176 erit
2827 5160 2843 5189 ,
2871 5136 2975 5192 qua
3000 5123 3190 5189 melior
3212 5132 3270 5181 ct
3304 5125 3477 5197 major
3503 5142 3623 5185 esse
3646 5144 3760 5187 non

2175 5208 2361 5278 possit.

2234 5388 2251 5418 ι
2288 5385 2421 5460 editi,
2443 5385 2498 5460 in
2531 5388 2766 5452 turgentia.
2794 5397 2851 5443 At
2865 5397 2993 5454 Mss,
3019 5391 3146 5445 velut
3184 5391 3411 5458 angelum
3435 5407 3454 5445 .·
3477 5402 3528 5446 et
3550 5397 3625 5448 sic
3645 5410 3761 5460 [vas-

2166 5449 2257 5498 sim
2279 5451 2583 5511 Augustinus.

2230 5510 2725 5592 :Mss..lpariatur.m
2867 5580 2920 5592 Δ.
3040 5591 3043 5592 ν
3076 5591 3079 5592 ν
3204 5581 3216 5592 .
3253 5580 3284 5592 Δ,

2229 5573 2251 5644 ξ
2285 5579 2338 5644 tu
2361 5571 2524 5644 editis,
2543 5571 2885 5644 mirabilitqu
2909 5580 2957 5628 in
2980 5580 3330 5644 manusu‘iptis,
3361 5585 3575 5634 sanatur.

2229 5633 2302 5698 (rt)
2324 5635 2452 5683 (Jour.
2481 5633 2559 5684 lii).
2592 5634 2647 5684 Η
2666 5637 2731 5687 de
2753 5637 2942 5701 'l‘riuit.,
2960 5653 3009 5689 tl.
3038 5639 3112 5691 ιξ.
