4062 6480
237 317 331 376 631
1435 323 1640 380 ιιιίειι
1679 325 1819 384 DEC]

1923 325 1976 384 IS
2011 323 2254 386 NQNUS.

237 431 452 489 CAPUT
493 431 584 488 IX.
622 462 700 480 -
732 431 812 490 De
829 435 1132 492 beatitudine
1151 436 1290 506 pacis
1339 446 1570 506 ceterum,
1617 441 1672 496 in
1711 457 1814 513 qua

503 525 691 580 sanctis
715 525 832 595 ﬁnis
853 536 924 582 est
941 568 956 594 ,
978 525 1034 580 id
1059 535 1134 581 est
1157 543 1272 582 vera
1287 529 1546 598 perfectio.

300 635 642 706 Quapropter
671 651 953 706 possumus
976 635 1190 704 dicere,
1221 639 1354 694 fines
1386 640 1402 670 ί
1433 639 1696 696 bonorum
1727 657 1816 700 no-

237 733 463 779 slrorum
514 739 636 802 esse
683 740 907 802 pacem,
954 726 1094 796 sicut
1132 735 1384 786 aeternam
1423 745 1542 785 esse
1585 731 1815 792 diximus

237 814 388 868 vitam
413 833 428 870 :
452 817 750 885 praesertim
778 805 908 886 quia.
931 819 1028 888 ipsi
1054 819 1250 876 civitati
1281 821 1404 886 Dei,
1430 821 1498 877 de
1531 838 1634 892 qua
1661 824 1815 878 nobis

236 915 310 976 est
353 905 456 960 ista
510 909 888 977 operosissima
935 910 1240 984 disputatio,
1297 911 1350 966 in
1393 923 1576 968 sancto
1622 914 1817 970 dicitur

235 999 480 1066 Psalmo,
527 999 748 1066 Lauda,
799 1000 1120 1070 Jerusalem,
1197 1003 1510 1070 Dominum;
1579 1007 1816 1060 collauda

235 1087 392 1144 Deum
427 1098 574 1144 tuum
605 1131 620 1154 ,
654 1091 804 1146 Sion.
839 1091 1090 1156 Quoniam
1115 1094 1432 1162 conﬁrmavit
1474 1111 1612 1150 seras
1639 1104 1815 1164 porta-

235 1195 336 1232 rum
359 1191 600 1245 tuarum,
623 1180 874 1236 benedixit
903 1183 1038 1252 ﬁlias
1065 1193 1177 1238 tuo:
1207 1184 1260 1238 in
1287 1194 1354 1248 te,
1377 1185 1463 1256 qui
1489 1188 1656 1255 posuit
1691 1187 1816 1254 ﬁnes

235 1281 339 1330 tuos
363 1290 544 1342 pacem
567 1272 742 1342 (Paul.
765 1289 978 1342 exuit,
1011 1275 1222 1346 12-”).
1253 1276 1476 1344 Quando
1502 1277 1644 1331 enim
1683 1291 1817 1332 con.-

237 1361 456 1417 ftrmatm
485 1363 682 1420 fuerint
709 1381 844 1420 serae
867 1375 1136 1436 portarum
1157 1367 1301 1436 ejus,
1327 1365 1436 1440 jam
1467 1368 1518 1422 in
1543 1368 1684 1422 illam
1705 1368 1819 1422 nul-

235 1455 306 1522 ius
333 1455 590 1522 intrabit,
621 1473 721 1512 nec
747 1457 814 1512 ab
843 1459 928 1512 illa
958 1459 1097 1514 ullus
1123 1459 1306 1514 exibit.
1329 1461 1408 1514 Ac
1437 1475 1530 1529 per
1557 1461 1657 1514 hoc
1686 1459 1818 1515 [lues

234 1543 341 1612 ejus
371 1561 494 1600 eam
525 1545 781 1602 debemus
803 1547 888 1602 hic
919 1547 1214 1620 intelligere
1243 1565 1422 1620 pacem
1443 1589 1458 1612 ,
1489 1565 1646 1620 quam
1667 1550 1818 1619 volui

235 1649 344 1688 mus
385 1633 760 1692 demonstrare
817 1637 1049 1694 finalem.
1109 1637 1240 1692 Nam
1283 1649 1338 1694 et
1381 1639 1544 1708 ipsius
1590 1638 1820 1700 civitatis

234 1726 512 1798 mysticum
547 1717 763 1792 nomen,
795 1729 846 1784 id
897 1739 980 1784 est
1037 1729 1366 1794 Jerusalem,
1397 1731 1538 1800 quod
1591 1739 1648 1786 et
1693 1741 1818 1786 ante

231 1801 326 1886 jam
364 1815 600 1871 diximus
621 1859 636 1884 ,
669 1817 812 1872 Visio
832 1819 976 1888 pacis
999 1820 1393 1890 interpretatur.
1433 1820 1538 1875 Sed
1567 1822 1818 1890 quoniam

233 1911 370 1980 pacis
397 1926 598 1964 nomen
626 1911 784 1966 etiam
815 1911 866 1966 in
907 1911 991 1966 his
1033 1913 1192 1967 rebus
1235 1913 1548 1968 mortalibus
1575 1913 1820 1982 frequen-3

233 2011 386 2068 tahtr,
416 2003 506 2058 ubi
535 2004 714 2074 utique
743 2019 846 2058 non
873 2014 954 2058 est
973 2005 1080 2058 vita
1107 2014 1332 2068 aeterna;
1351 2013 1629 2074 propterea
1659 2004 1816 2060 finem

234 2094 458 2148 civitatis
481 2094 638 2164 hujus
657 2136 672 2159 ,
707 2095 795 2150 ubi
819 2095 920 2158 erit
941 2111 1207 2168 summum
1235 2098 1430 2152 bonum
1483 2097 1630 2165 ejus,
1659 2107 1818 2152 teter-

236 2199 346 2236 nam
373 2183 542 2238 vitam
597 2185 880 2252 maluimus
930 2201 1350 2240 commemorare
1393 2202 1554 2256 quam
1609 2201 1812 2255 pacem.

235 2271 304 2348 De
320 2289 434 2339 quo
461 2273 568 2328 fine
596 2275 880 2342 Apostolus
905 2275 1012 2340 ait,
1045 2274 1198 2336 Nunc
1219 2292 1331 2338 vero
1353 2277 1548 2330 liberati
1574 2294 1604 2328 a
1641 2261 1817 2346 pecco?

237 2377 300 2432 to,
327 2368 466 2421 servi
516 2375 684 2420 autent
727 2368 848 2438 facti
883 2367 1008 2436 Deo,
1031 2369 1220 2422 habetis
1269 2371 1491 2440 fructum
1528 2378 1744 2422 vestrum
1767 2369 1820 2422 in

236 2449 686 2536 iuncti/irationem
706 2501 720 2526 ,
747 2460 900 2528 linem
925 2475 1040 2516 vero
1069 2465 1220 2528 vitam
1249 2469 1488 2524 cateruam
1517 2459 1692 2532 (Rom.
1725 2463 1782 2524 ιε
1803 2501 1818 2526 ,

235 2549 339 2618 Si).
371 2551 485 2606 Sed
514 2565 698 2604 rursus
724 2551 842 2622 quia
871 2551 974 2604 vita
1003 2562 1202 2606 aeterna
1250 2551 1318 2606 ab
1349 2551 1429 2604 his
1473 2551 1560 2620 qui
1590 2549 1819 2604 familia-

235 2645 440 2699 ritatem
491 2659 600 2698 non
646 2642 847 2698 habent
883 2659 1002 2700 cum
1033 2643 1324 2714 Scripturis
1367 2644 1601 2714 sanctis,
1647 2650 1822 2712 potest

233 2735 388 2804 accipi
437 2734 600 2788 etiam
633 2733 891 2790 malorum
920 2737 1057 2800 vita;
1088 2735 1172 2790 vel
1221 2735 1514 2796 secundum
1561 2733 1820 2804 quosdam

235 2826 382 2902 etiam
415 2825 806 2896 philosophos,
839 2837 1058 2896 propter
1083 2828 1274 2882 anima:
1325 2829 1814 2893 immortalitatem;

233 2919 306 2988 vel
327 2919 496 2973 etiam
525 2918 824 2974 secundum
867 2920 1024 2976 ﬁdem
1066 2931 1302 2986 nostram
1327 2961 1342 2984 ,
1375 2932 1592 2990 propter
1639 2936 1822 2990 pmnas

234 3003 663 3058 interminabiles
711 3004 1031 3072 impiorum,
1083 3007 1171 3072 qui
1220 3007 1400 3074 utique
1451 3007 1506 3066 in
1563 3015 1821 3060 teternnm

235 3093 450 3160 cruciari
477 3109 584 3148 non
607 3103 892 3164 poterunt,
918 3095 1016 3148 nisi
1039 3098 1198 3150 etiam
1227 3097 1518 3152 vixerintin
1539 3105 1818 3152 teternum:

235 3184 469 3254 profecto
501 3183 622 3238 finis
642 3183 868 3238 civitatis
897 3185 1052 3254 hujus
1071 3227 1084 3250 ,
1115 3187 1166 3240 in
1187 3203 1294 3256 quo
1319 3202 1586 3242 summum
1609 3187 1823 3244 habebit

237 3275 450 3352 bonum,
471 3276 556 3330 vel
589 3292 689 3344 pax
721 3276 770 3330 in
802 3278 904 3330 vita
933 3280 1252 3346 aeterna,vel
1279 3281 1378 3334 vita
1399 3287 1596 3334 aiterna
1623 3277 1676 3334 in
1695 3295 1825 3348 pace

233 3365 482 3422 dicendus
513 3378 632 3432 est,
667 3377 723 3420 ut
751 3367 952 3424 facilius
982 3371 1049 3424 ab
1097 3371 1344 3426 omnibus
1381 3373 1548 3440 possit
1577 3372 1822 3440 intelligi.

233 3452 452 3509 Tantum
470 3467 554 3510 est
571 3457 712 3510 enim
739 3457 881 3525 pacis
911 3459 1126 3520 bonum.
1149 3459 1376 3516 utetiam
1407 3463 1458 3516 in
1476 3463 1636 3516 rebus
1656 3473 1824 3518 terrea

233 3543 308 3610 nis
335 3555 497 3616 atque
527 3547 844 3600 mortalibus
874 3548 1006 3602 nihil
1039 3550 1238 3618 gratius
1262 3551 1431 3604 soleat
1465 3551 1670 3616 audiri,
1695 3551 1822 3608 nihil

235 3633 638 3689 desiderabilius
665 3637 965 3705 concupisci
989 3680 1004 3704 ,
1035 3639 1162 3692 nihil
1194 3650 1468 3712 postremo
1491 3644 1659 3710 possit
1707 3659 1822 3697 me-

237 3721 330 3799 lius
353 3725 612 3788 inveniri.
649 3725 722 3780 De
750 3743 854 3796 quo
883 3727 926 3782 si
949 3727 1217 3798 aliquanto
1245 3729 1442 3784 diutius
1465 3731 1603 3799 loqui
1635 3734 1819 3786 volue-

233 3798 392 3868 rimus
413 3855 430 3878 ,
459 3829 568 3868 non
594 3815 815 3882 erimus,
845 3827 1100 3889 quantum
1131 3819 1381 3886 arbitror,
1405 3821 1617 3874 onerosi
1644 3819 1824 3890 legen-

233 3902 362 3960 tibus
384 3945 398 3968 ,
433 3915 490 3958 et
519 3915 737 3973 propter
769 3908 926 3960 linem
951 3907 1183 3988 civitatis
1209 3908 1364 3978 hujus
1383 3951 1398 3973 ,
1430 3909 1496 3964 de
1542 3925 1643 3980 qua
1669 3911 1824 3972 nobis

233 4009 406 4050 sertae
431 4005 631 4061 est,et
655 4007 872 4066 propter
919 3997 1086 4068 ipsam
1133 3998 1470 4076 dulcedinem
1517 4003 1661 4072 pacis
1705 4019 1822 4073 qua:

231 4087 476 4142 omnibus
502 4087 666 4142 chara
687 4097 762 4142 est
779 4126 794 4144 .

233 4191 456 4254 ειρυτ
493 4195 612 4252 XII.
645 4228 718 4240 -—
748 4197 898 4264 Quod
918 4201 1066 4254 etiam
1093 4200 1386 4256 bellantium
1411 4203 1599 4266 amcitia
1628 4221 1823 4262 emites-

293 4310 386 4363 que
410 4294 678 4347 hominum
721 4295 1090 4364 inquietudine;
1136 4296 1204 4350 ad
1233 4297 1372 4365 pacis
1417 4299 1568 4370 ﬁnem
1616 4302 1823 4370 cupiant

297 4384 566 4453 pervenire
586 4425 600 4447 ,
632 4385 740 4438 sine
759 4387 904 4456 cujus
923 4387 1148 4456 appetitu
1176 4387 1318 4440 nulla
1345 4397 1526 4441 natura
1551 4389 1636 4442 sit.

294 4497 348 4552 ι.
389 4496 552 4566 Quod
579 4497 724 4552 enim
753 4513 960 4554 mecum
987 4499 1228 4570 quisquis
1250 4515 1337 4556 res
1363 4500 1620 4556 humanas
1665 4512 1822 4558 natu-.-

231 4603 452 4660 ramque
501 4604 844 4645 communem
899 4599 1184 4662 utcumque
1235 4591 1470 4646 intuetur
1539 4592 1820 4662 agnoscit,

226 4679 354 4734 sicut
393 4696 562 4735 nemo
610 4693 692 4736 est
720 4682 806 4752 qui
827 4681 1060 4752 gaudere
1115 4683 1268 4748 nolit,
1299 4685 1368 4738 ita
1400 4697 1558 4738 nemo
1596 4691 1678 4740 est
1731 4683 1820 4752 qui

227 4784 406 4840 pacem
446 4771 648 4844 habere
679 4772 851 4848 nolit".
875 4772 1314 4843 Quandoquidem
1335 4784 1390 4828 et
1413 4773 1511 4846 ipsi
1538 4774 1628 4844 qui
1681 4775 1820 4830 bella

225 4863 446 4928 volunt,
481 4863 612 4917 nihil
631 4863 770 4930 aliud
795 4879 954 4934 quam
974 4864 1186 4920 vincere
1207 4865 1425 4926 volunt:
1449 4864 1514 4918 ad
1535 4865 1820 4934 gloriosam

225 4969 348 5024 ergo
375 4971 570 5026 pacem
597 4955 843 5012 bellando
867 4956 1086 5027 cupiunt
1113 4959 1412 5026 pervenire.
1435 4957 1568 5013 Nam
1589 4957 1714 5026 quid
1739 4965 1822 5012 est

221 5047 358 5102 aliud
402 5048 670 5112 victoria,
727 5049 830 5104 nisi
883 5050 1140 5117 subjectio
1199 5049 1650 5120 repugnantium?
1679 5049 1822 5118 quod

221 5148 338 5192 cum
361 5139 570 5194 factum
617 5140 808 5207 fuerit,
838 5157 937 5208 pax
969 5142 1095 5196 erit.
1127 5141 1280 5196 Pacis
1329 5142 1489 5212 igitur
1525 5141 1826 5196 intentione

223 5239 491 5298 geruntur
511 5237 566 5283 et
591 5227 728 5284 bella
752 5270 768 5296 ,
793 5232 860 5286 ab
889 5231 970 5285 his
995 5231 1156 5288 etiam
1187 5233 1274 5302 qui
1301 5235 1550 5286 virtutem
1577 5233 1822 5286 bellicam

227 5319 452 5374 student
477 5335 734 5376 exercere
776 5321 1088 5392 imperando
1128 5335 1285 5394 atque
1317 5324 1619 5394 pugnando.
1671 5324 1822 5380 Unde

221 5425 410 5481 pacem
464 5423 678 5470 constat
733 5415 858 5471 belli
905 5433 1025 5472 esse
1071 5417 1358 5488 optabilem
1405 5421 1586 5475 linem.
1637 5421 1822 5476 Omnis

279 5527 297 5596 ξ
321 5533 400 5596 ξι.
427 5534 482 5596 et
503 5534 637 5596 l.0_\'.,
661 5525 1018 5596 ﬁnem._t‘;eteri
1043 5530 1170 5596 libri,
1195 5529 1329 5596 ﬁnes.

276 5589 411 5658 ξεν..
445 5589 598 5658 Lugd:
643 5589 762 5638 V’en.
809 5593 880 5641 sic
902 5593 1074 5654 legunt
1099 5589 1226 5643 hunc
1267 5593 1458 5645 locum:
1485 5595 1614 5654 Quod
1637 5607 1824 5658 mecum

215 5648 438 5718 quisquis
470 5648 548 5700 re}
571 5650 806 5718 [nimiique
827 5648 1142 5718 mtturamquc
1163 5668 1456 5706 conummem
1479 5648 1730 5718 utcumque
1753 5655 1825 5718 in-

213 5715 394 5784 tuetur,
440 5711 678 5784 agnoscit.
702 5712 828 5784 sicut
849 5715 994 5784 _em'm
1017 5711 1154 5784 nemo
1175 5724 1243 5766 est
1263 5718 1345 5781 qui
1364 5719 1576 5784 gaudere
1599 5711 1732 5780 nolit,
1755 5717 1824 5769 ita

213 5783 354 5824 nam
373 5777 454 5826 est
473 5772 558 5836 qui
577 5787 750 5840 pacem
780 5775 954 5830 habere
969 5777 1100 5830 nolit.
1197 5785 1254 5829 ιι.

3395 331 3498 388 633

1925 443 2068 502 enim
2087 443 2250 500 homo
2275 443 2436 500 etiam
2457 443 2821 516 belligerando
2849 459 3033 515 pacem
3061 446 3314 516 requirit:
3338 461 3498 502 nemo

1919 541 2098 590 autem
2121 533 2316 590 bellum
2351 527 2694 606 pacificando.
2719 534 2852 590 Nam
2871 545 2928 590 et
2955 535 3032 590 illi
3079 537 3170 606 qui
3197 551 3380 606 pacem
3401 579 3415 602 ,
3439 539 3494 593 in

1919 641 2022 696 qua
2047 633 2190 690 sunt,
2219 627 2512 696 perturbari
2527 627 2730 692 volunt,
2761 642 2864 682 non
2885 641 3067 698 pacem
3109 627 3372 694 oderunt,
3401 629 3512 684 sed.

1918 731 2036 776 eaut
2051 733 2146 788 pro
2163 717 2380 772 arbitrio
2393 732 2490 771 suo
2505 717 3066 786 cupiuntcommutari.
3085 717 3198 772 Non
3211 733 3342 788 ergo
3359 727 3416 770 ut
3433 717 3504 772 sit

1919 823 2026 880 pax
2045 808 2250 873 nolunt,
2273 807 2366 862 sed
2381 817 2436 861 ut
2453 822 2512 872 ea
2532 809 2767 878 sitquam
2787 809 2989 865 volunt.
3005 807 3242 878 Denique
3265 809 3368 864 etsi
3404 821 3501 876 per

1919 901 2230 956 seditionem
2251 915 2310 956 se
2331 901 2398 954 ab
2421 901 2536 954 aliis
2561 902 2942 970 separaverunt,
2965 917 3088 958 cum
3111 902 3190 958 eis
3217 901 3347 970 ipsis
3371 915 3502 956 cou-

1919 990 2134 1060 Spiratis
2164 991 2244 1046 vel
2281 990 2570 1064 coniuratis
2620 991 2730 1044 suis
2781 991 2882 1044 nisi
2923 993 3360 1061 qualemcumque
3397 1004 3498 1060 pa-

1919 1081 1997 1138 cis
2024 1083 2254 1152 speciem
2289 1091 2532 1146 teneant,
2567 1095 2672 1146 non
2724 1079 2960 1136 efﬁciunt
2998 1081 3140 1151 quod
3197 1081 3500 1136 intendunt.

1919 1173 2148 1234 Proinde
2173 1175 2402 1232 latrones
2433 1175 2568 1243 ipsi,
2599 1182 2654 1226 ut
2687 1172 3056 1226 vehementius
3102 1181 3158 1228 et
3205 1173 3368 1228 tutius
3420 1172 3500 1226 in-

1920 1263 2040 1320 festi
2070 1265 2175 1320 sint
2205 1265 2319 1334 paci
2347 1273 2666 1320 ceterorum
2690 1305 2704 1328 ,
2733 1277 2916 1334 pacem
2939 1263 3124 1316 volunt
3165 1261 3364 1316 habere
3405 1275 3498 1317 so-

1920 1355 2143 1410 ciorum.
2175 1354 2280 1410 Sed
2309 1355 2412 1424 etsi
2440 1370 2574 1408 unus
2599 1355 2666 1408 sit
2697 1363 2801 1412 tam
2833 1353 3148 1424 prtepollens
3175 1351 3373 1407 viribus
3397 1391 3414 1418 ,
3441 1360 3500 1408 et

1921 1447 2162 1516 conscios
2185 1448 2200 1478 ¹
2231 1449 2298 1506 ita
2321 1462 2546 1518 cavens,
2575 1457 2630 1504 ut
2659 1445 2790 1502 nulli
2843 1446 2992 1500 socio
3046 1459 3104 1498 se
3153 1443 3449 1498 committat
3477 1483 3494 1509 ,

1921 1538 2174 1608 solusque
2217 1538 2472 1594 insidians
2541 1547 2596 1592 et
2640 1536 2974 1606 prmvalens,
3029 1534 3222 1605 quibus
3273 1534 3505 1602 potuerit

1923 1629 2194 1700 oppressis
2243 1639 2294 1684 et
2338 1629 2616 1684 exstinctis
2656 1627 2862 1698 praedas
2901 1638 3040 1698 agat,
3095 1641 3218 1682 cum
3243 1627 3322 1680 eis
3361 1633 3507 1680 certe

1921 1735 2055 1790 quos
2081 1719 2324 1774 occidere
2351 1735 2453 1773 non
2483 1729 2689 1790 potest,
2715 1727 2770 1772 et
2809 1733 2946 1788 quos
2999 1719 3115 1774 vult
3153 1719 3322 1774 latere
3363 1715 3506 1786 quod

1923 1809 2081 1876 facit,
2107 1811 2547 1880 qualemcumque
2573 1810 2812 1864 umbram
2843 1809 2990 1879 pacis
3023 1815 3186 1864 tenet.
3237 1808 3292 1862 lu
3345 1806 3508 1864 domo

1921 1911 2096 1970 autem
2127 1917 2220 1956 sua
2242 1919 2360 1956 cum
2385 1917 2556 1958 uxore
2577 1911 2768 1958 etcum
2811 1902 2940 1964 filiis
2960 1943 2975 1968 ,
3003 1911 3056 1954 et
3107 1901 3154 1954 si
3193 1915 3326 1969 quos
3372 1900 3508 1956 alios

1923 1993 2030 2062 illic
2055 1992 2242 2058 habet,
2267 1993 2444 2048 studet
2473 1991 2711 2062 profecto
2740 2006 2860 2046 esse
2901 2001 3149 2060 pacatus:
3179 1990 3258 2044 eis
3311 1989 3506 2060 quippe

1921 2085 1988 2139 ad
2031 2093 2216 2137 nutum
2267 2083 2766 2153 obtemperantibus
2815 2083 2929 2138 sine
2975 2083 3140 2140 dubio
3189 2081 3504 2144 delectatur.

1921 2175 2052 2232 Nam
2107 2178 2150 2232 si
2205 2193 2308 2232 non
2341 2177 2431 2232 fiat
2453 2219 2467 2241 ,
2497 2177 2822 2248 indignatur,
2859 2175 3121 2246 corripit,
3143 2175 3404 2230 vindicat:
3451 2181 3507 2228 et

1921 2269 2112 2324 domus
2135 2284 2244 2322 sua:
2273 2285 2454 2338 pacem
2476 2309 2492 2336 .
2521 2271 2564 2324 si
2599 2270 2669 2324 ita
2693 2283 2913 2324 necesse
2941 2270 3010 2322 sit
3035 2309 3052 2333 ,
3085 2269 3244 2324 etiam
3271 2266 3499 2320 saavien-

1923 2359 1994 2414 do
2017 2363 2329 2428 componit;
2357 2376 2514 2431 quam
2543 2361 2704 2416 sentit
2725 2374 2845 2414 esse
2877 2374 2980 2414 non
3009 2373 3165 2428 posse
3184 2399 3200 2424 ,
3233 2357 3332 2411 nisi
3385 2355 3504 2414 cui-

1923 2449 2046 2510 dam
2076 2450 2332 2519 principio
2353 2493 2368 2516 ,
2397 2450 2536 2520 quod
2569 2450 2682 2520 ipse
2710 2449 2762 2504 in
2793 2450 2952 2504 domo
2979 2463 3073 2502 sua
3091 2458 3198 2514 est,
3223 2456 3414 2503 etetera
3447 2446 3504 2506 in

1924 2541 2115 2596 eadem
2143 2542 2434 2596 domeStica
2453 2542 2708 2598 societate
2736 2542 2974 2610 subjecta
3027 2541 3152 2600 sint.
3181 2539 3410 2608 ideoque
3453 2537 3500 2592 si

1925 2631 2206 2688 oll’erretur
2225 2635 2273 2688 ei
2304 2633 2537 2688 servitus
2569 2633 2833 2704 plurium,
2868 2635 2948 2686 vel
2975 2631 3204 2685 civitatis
3249 2631 3330 2682 vel
3371 2643 3505 2698 gen-

1925 2727 1993 2782 tis
2013 2767 2029 2798 ,_
2059 2727 2131 2780 ita
2153 2733 2213 2780 ut
2235 2727 2312 2786 sic
2333 2727 2381 2782 ei
2409 2725 2712 2794 servirent,
2739 2723 3188 2794 quemadmodum
3229 2719 3334 2774 sibi
3361 2717 3508 2774 dolui

1925 2831 2036 2872 sua:
2064 2817 2257 2872 serviri
2288 2817 2543 2883 volebat;
2563 2831 2669 2871 non
2719 2829 2778 2869 se
2813 2815 2920 2884 jam
2975 2813 3236 2867 latronem
3289 2809 3510 2864 latebris

1925 2909 2332 2974 conderet,sed
2369 2923 2548 2979 regem
2597 2907 2942 2978 conspicuum
2987 2905 3331 2968 sublimaret,
3385 2915 3508 2958 cum

1925 3001 2185 3058 eademin
2219 3001 2311 3054 illo
2331 3001 2590 3070 cupiditas
2619 3010 2672 3056 et
2699 2999 2898 3056 malitia
2927 3007 3282 3068 permaneret.
3316 2995 3510 3050 Pacem

1927 3095 2104 3164 itaque
2131 3111 2252 3148 cum
2279 3096 2392 3148 suis
2411 3109 2596 3148 omnes
2621 3093 2818 3148 habere
2845 3091 3086 3160 cupiunt,
3111 3103 3244 3160 quos
3261 3087 3326 3142 ad
3344 3101 3502 3140 suum

1927 3188 2202 3242 arbitrium
2215 3188 2402 3242 volunt
2415 3187 2614 3242 vivere.
2635 3185 2766 3242 Nam
2785 3193 2970 3240 etcum
2991 3183 3184 3252 quibus
3199 3181 3396 3236 bellum
3415 3195 3508 3250 ge.

1927 3288 2072 3346 runt,
2103 3295 2232 3334 suos
2273 3281 2478 3344 facere,
2523 3279 2572 3342 si
2597 3277 2834 3350 possint,
2874 3275 3091 3342 volunt,
3113 3275 3298 3343 eisque
3323 3271 3508 3342 subje-

1927 3371 2026 3426 ctis
2053 3371 2193 3441 leges
2218 3386 2328 3425 sua:
2351 3371 2497 3440 pacis
2525 3369 2821 3438 imponere.

1999 3461 2053 3516 2.
2093 3459 2198 3518 Sed
2231 3460 2488 3516 faciamus
2527 3461 2778 3530 aliquem,
2809 3457 3024 3528 qualem
3049 3453 3192 3512 canit
3217 3453 3422 3524 poetica
3453 3460 3508 3508 et

1929 3549 2164 3608 fabulosa
2191 3551 2464 3618 narratio;
2492 3565 2650 3622 quem
2687 3548 2931 3612 fortasse,
2969 3556 3188 3617 propter
3217 3545 3384 3614 ipsam
3418 3543 3506 3597 in-

1928 3643 2233 3698 sociabilem
2282 3643 2568 3707 feritatem,
2611 3639 3018 3696 semihominem
3048 3652 3206 3708 quam
3237 3636 3505 3690 hominem

1927 3735 2104 3790 dicere
2149 3733 2448 3788 maluerunt
2493 3731 2592 3806 (a).
2624 3730 2878 3806 Quamvis
2918 3743 3045 3800 ergo
3085 3727 3241 3798 hujus
3283 3741 3506 3798 regnum

1926 3826 2056 3882 dira:
2081 3825 2352 3896 speluncae
2403 3823 2564 3880 fuerit
2590 3824 2840 3890 solitudo,
2877 3831 3094 3892 tamque
3123 3824 3143 3853 ³
3175 3820 3371 3876 malitia
3397 3820 3510 3874 siu-

1925 3917 2139 3990 gularis,
2173 3927 2230 3972 ut
2255 3933 2323 3974 ex
2366 3915 2466 3972 hac
2494 3917 2544 3972 ei
2581 3929 2788 3998 nomen
2815 3915 3084 3970 inventum
3115 3911 3218 3976 sit;
3247 3926 3368 3966 nam
3397 3925 3510 3966 ma-

1924 4011 2008 4080 l_us
2038 4027 2210 4082 grmce
2259 4021 2398 4078 κᾳχός
2435 4009 2629 4066 dicitur
2651 4051 2665 4074 ,
2695 4009 2835 4080 quod
2882 4008 2969 4063 ille
2997 4006 3286 4062 vocabatur
3321 4022 3334 4060 :
3365 4004 3510 4060 nulla

1925 4103 2185 4172 coiijuxei
2207 4101 2458 4158 blandum
2485 4101 2650 4156 ferret
2675 4099 3003 4170 referretque
3031 4111 3354 4162 sermonem,
3385 4096 3506 4150 nul-

1925 4195 1992 4272 lis
2019 4195 2141 4250 filiis
2169 4195 2250 4250 vel
2293 4195 2555 4252 alluderet
2581 4193 2834 4264 parvulis,
2861 4192 2944 4248 vel
2982 4189 3372 4262 grandiusculis
3399 4189 3500 4242 im-

1927 4293 2156 4356 peraret,
2201 4286 2344 4340 nullo
2387 4285 2544 4340 amici
2589 4283 2857 4354 colloquio
2908 4283 3198 4348 frueretur,
3244 4296 3346 4336 nec
3379 4280 3508 4334 γυι-

1924 4377 2044 4436 cani
2073 4379 2255 4449 patris,
2279 4392 2384 4449 quo
2427 4379 2510 4434 vel
2537 4376 2658 4432 hinc
2697 4385 2901 4432 tantum
2946 4389 3050 4430 non
3083 4389 3266 4443 parum
3307 4373 3510 4440 felicior

1925 4467 2048 4536 fuit,
2075 4470 2198 4541 quia
2227 4470 2331 4524 tale
2377 4480 2672 4524 monstrum
2705 4467 2817 4537 ipse
2845 4481 2950 4520 non
2971 4466 3156 4536 genuit
3189 4482 3202 4518 :
3233 4463 3362 4518 nihil
3387 4463 3499 4518 cui-

1925 4577 2083 4633 quam
2126 4561 2300 4626 daret,
2347 4561 2441 4616 sed
2487 4575 2517 4614 a
2557 4573 2661 4629 quo
2688 4567 2868 4628 posset
2915 4553 3170 4627 quidquid
3219 4555 3398 4618 vellet,
3452 4561 3506 4608 et

1925 4652 2136 4725 quando
2165 4661 2383 4722 posset,
2413 4660 2469 4707 et
2509 4659 2764 4722 quantum
2792 4647 2998 4704 vellet‘
3023 4647 3256 4704 auferret
3286 4663 3300 4701 :
3329 4653 3502 4700 tamen

1927 4744 1978 4798 in
2021 4743 2134 4812 ipsa
2165 4757 2258 4797 sua
2287 4742 2540 4812 spelunca
2584 4739 2841 4804 solitaria,
2871 4738 3046 4808 cujus,
3074 4746 3132 4792 ut
3159 4734 3498 4798 describitur,

1925 4851 2138 4906 semper
2161 4835 2361 4890 recenti
2399 4833 2546 4890 caede
2576 4834 2784 4904 tepebat
2815 4835 3005 4888 humus
3031 4833 3050 4901 (
3077 4829 3257 4902 Virgil.
3285 4825 3502 4882 Eneid.

1926 4929 2012 4990 lib.
2037 4927 2091 4994 8,
2120 4943 2245 4982 vers.
2281 4925 2407 4994 195,
2437 4925 2540 4982 196
2568 4925 2587 4997 )
2613 4966 2629 4992 ,
2670 4923 2803 4979 nihil
2831 4921 2971 4977 aliud
2999 4936 3156 4992 quam
3202 4931 3382 4988 pacem
3411 4929 3504 4970 vo-

1929 5020 2093 5088 lebat,
2119 5019 2172 5074 in
2197 5033 2300 5090 qua
2329 5033 2486 5074 nemo
2513 5017 2586 5072 illi
2615 5015 2873 5074 molestus
2899 5021 3061 5079 esset,
3089 5024 3188 5065 nec
3213 5008 3328 5077 ejus
3353 5005 3506 5078 quie.

1929 5129 2034 5176 tem
2085 5119 2164 5172 vis
2193 5117 2353 5172 ullius
2381 5125 2618 5171 terrorve
2657 5113 2912 5168 turbaret.
2957 5108 3089 5164 Cum
3131 5117 3355 5174 corpore
3404 5116 3507 5156 suo

1926 5211 2156 5284 denique
2185 5226 2371 5284 pacem
2399 5209 2596 5264 habere
2634 5205 2916 5278 cupiebat:
2957 5211 3011 5258 et
3056 5207 3312 5271 quantum
3341 5200 3504 5257 habeo

1991 5409 2010 5440 ⁸
2031 5405 2134 5456 Sola
2159 5405 2306 5455 editio
2326 5408 2454 5460 Lov.,
2476 5396 2728 5450 consocios.
2751 5394 2894 5444 —sic
2915 5391 3053 5442 codd.
3079 5390 3171 5442 9.58
3194 5395 3243 5440 et
3264 5389 3402 5441 2030.
3446 5399 3504 5442 \t.

1989 5471 2010 5501 ³
2044 5467 2353 5528 I'luresstss.,
2377 5471 2662 5528 tauquam.“
2698 5525 2706 5528 Α
2853 5519 2863 5528 ι
3021 5521 3032 5528 η

1991 5532 2013 5564 ³
2034 5512 2250 5580 nonnulli
2275 5512 2424 5588 iiiis...
2445 5512 2553 5586 quae
2571 5519 2706 5588 uellet
2733 5531 2750 5576 ;
2773 5519 2964 5588 omisso.
2989 5521 3050 5566 et.
3071 5514 3174 5588 alii,
3197 5526 3378 5588 quem;
3402 5512 3503 5588 vel,

1927 5575 2329 5655 φιωὶιξῖιῖῖέωη
2351 5575 2486 5655 vellet
2523 5599 2541 5636 :
2567 5575 2992 5647 paucisexceptis,
3024 5579 3106 5640 qui
3131 5575 3240 5626 cum
3261 5575 3404 5625 editis
3427 5575 3506 5622 ba-

1929 5647 2547 5715 ῡρηι,⁷ειφιςιπιωηξιῖηθιι
2717 5703 2729 5715 ,
2867 5714 2872 5715 γ
2919 5703 2967 5715 ,,.
3035 5700 3063 5715 ..
3343 5697 3374 5715 ιε

2402 5695 2486 5760 hic
2513 5715 2673 5768 (ἓως,
2699 5703 2765 5754 de
2787 5714 2884 5767 quo
2919 5700 3084 5766 Virgil.
3121 5699 3290 5750 illeid
3343 5697 3426 5747 lib.
3453 5695 3500 5752 8,

2063 5793 2114 5825 δ’
2205 5806 2222 5822 ο

1934 5792 1960 5826 v
1970 5813 1980 5826 .
2007 5776 2222 5826 185-275.
