4062 6542
490 370 596 428 6‘59

490 485 603 549 bat,
647 491 854 540 tantum
891 485 965 540 illi
991 484 1128 540 bene
1153 492 1289 540 erat.
1337 483 1780 556 Quandoquidem
1820 486 2076 541 membris

490 577 982 648 obtemperantibus
1011 576 1336 647 imperabat;
1365 585 1419 632 ει
1439 584 1498 632 ιιι
1522 591 1671 632 suam
1699 578 2079 634 mortalitatem

492 669 776 726 adversum
798 685 857 725 se
880 685 948 725 ex
976 668 1265 741 indigentia
1286 669 1656 736 rebellantem,
1679 685 1741 725 ac
1763 669 2079 725 seditionem

493 761 649 817 famis
675 762 742 817 ad
764 760 1154 816 dissociandam
1174 768 1335 832 atque
1360 761 1744 817 excludendam
1776 761 1841 816 de
1857 775 2081 831 corpore

494 852 726 909 animam
764 853 1117 908 concitantem
1139 893 1155 919 ,
1187 861 1385 923 quanta
1416 861 1597 924 posset
1625 852 1964 908 festinatione
1989 867 2081 922 pa—

493 953 658 1012 caret,
683 945 945 1016 rapiebat,
975 945 1220 1010 necabat,
1249 946 1507 1011 vorabat;
1535 955 1588 1000 et
1615 945 1859 1016 quamvis
1890 945 2080 999 imma-

494 1036 579 1091 nis
603 1051 666 1092 ac
696 1035 861 1104 ferus,
893 1038 1009 1107 paci
1042 1046 1218 1093 tamen
1241 1053 1351 1094 suae
1375 1039 1498 1094 vita:
1524 1054 1587 1093 ac
1606 1039 1795 1094 salutis
1837 1039 2083 1092 immani-

494 1135 578 1182 ter
621 1136 676 1183 et
714 1128 973 1186 ferociter.
1002 1130 1312 1185 consulebat
1348 1148 1362 1185 :
1393 1146 1456 1185 ac
1503 1146 1598 1200 per
1639 1133 1739 1185 hoc
1780 1132 1824 1184 si
1869 1134 2080 1204 pacem,

502 1234 663 1290 quam
715 1221 769 1274 in
829 1236 923 1275 sua
976 1221 1232 1291 spelunca
1285 1230 1444 1292 atque
1493 1222 1547 1276 in
1595 1237 1654 1277 se
1711 1222 1825 1292 ipso
1889 1221 2085 1276 habere

497 1312 629 1367 satis
667 1313 856 1383 agebat
906 1315 947 1378 ³,
988 1329 1107 1368 eum
1146 1315 1265 1369 aliis
1303 1315 1462 1370 etiam
1503 1313 1700 1370 habere
1750 1315 1926 1380 vellet,
1987 1331 2086 1370 nec

496 1405 669 1460 malus
693 1447 706 1469 ,
750 1421 847 1460 nec
897 1417 1188 1462 monstrum
1223 1449 1249 1479 ,ι
1288 1423 1386 1464 nec
1426 1409 1722 1464 semihomo
1781 1420 2082 1474 vocaretur.

497 1497 606 1551 Aut
632 1497 675 1550 si
705 1497 822 1567 ejus
846 1498 1086 1568 corporis
1114 1499 1282 1553 forma
1310 1540 1325 1564 ,
1353 1507 1410 1554 et
1437 1509 1673 1555 atrorum
1701 1501 1898 1572 ignium
1925 1501 2091 1556 vomi-

501 1596 588 1642 tus
614 1589 680 1643 ab
710 1604 776 1643 eo
803 1589 1107 1645 deterrebat
1134 1589 1411 1646 hominum
1439 1578 1748 1646 societatem
1773 1609 1788 1656 ;
1822 1593 1955 1648 forte
1981 1607 2089 1647 non

503 1679 731 1734 nocendi
760 1679 1070 1750 cupiditate,
1103 1680 1206 1736 sed
1228 1681 1444 1736 vivendi
1471 1683 1787 1738 necessitate
1813 1682 2087 1737 szeviebat.

506 1768 706 1825 Verum
749 1772 848 1827 iste
891 1787 993 1826 non
1038 1771 1216 1839 fuerit,
1247 1773 1368 1840 vel,
1400 1774 1537 1844 quod
1570 1775 1737 1845 magis
1763 1775 2089 1830 credendum

504 1871 607 1927 est,
641 1863 760 1917 talis
788 1878 890 1917 non
923 1862 1102 1932 fuerit,
1129 1864 1304 1934 qualis
1331 1867 1566 1919 vanitate
1595 1866 1800 1934 poetica
1831 1864 2095 1921 describi-

504 1963 630 2010 tur:
663 1954 762 2009 nisi
791 1955 932 2010 enim
953 1956 1113 2010 nimis
1137 1965 1482 2011 accusaretur
1506 1954 1698 2022 Cacus,
1730 1971 1917 2026 parum
1954 1955 2092 2011 Her-

505 2046 655 2100 cules
709 2046 1031 2101 laudaretur.
1079 2046 1226 2102 Talis
1255 2063 1384 2118 ergo
1414 2047 1596 2115 homo,
1620 2049 1736 2102 sive
1772 2047 2091 2117 semihomo,

507 2137 723 2205 melius,
756 2148 814 2192 nt
842 2139 972 2203 dixi,
1008 2139 1246 2194 creditur
1273 2155 1379 2194 non
1409 2140 1590 2206 fuisse,
1622 2140 1760 2196 sicut
1801 2140 1963 2195 multa
1997 2141 2094 2212 lig-

507 2241 688 2286 menta
724 2240 1019 2300 poetarum.
1065 2231 1197 2302 ipsae
1242 2235 1387 2288 enim
1423 2234 1733 2295 saevissimae
1772 2233 1920 2302 ferte,
1954 2233 2096 2294 unde

511 2322 602 2377 ille
623 2333 822 2392 partem
839 2322 1023 2378 habuit
1043 2323 1268 2378 feritatis
1284 2325 1428 2397 (nam
1449 2324 1790 2380 etsemiferus
1803 2325 1974 2381 dictus
1989 2325 2095 2398 est)

507 2412 751 2486 (Virgil.,
767 2413 980 2470 lEneid.
1001 2415 1086 2471 lib.
1101 2416 1153 2481 8,
1170 2433 1217 2470 υ.
1232 2416 1384 2487 267),
1399 2431 1567 2486 genus
1585 2417 1853 2487 preprium
1867 2417 2095 2494 quadam

509 2520 641 2576 pace
667 2507 993 2576 custodiunt,
1024 2509 1269 2563 coeundo
1292 2548 1306 2572 ,
1332 2508 1618 2579 gignendo,
1657 2509 1931 2579 pariendo,
1963 2508 2099 2564 fetus

507 2595 738 2652 fovendo
763 2606 926 2668 atque
956 2599 1260 2665 nutriendo,
1289 2613 1408 2653 cum
1441 2599 1548 2653 sint
1576 2599 1843 2670 pleraeque
1869 2599 2100 2662 insocia-

509 2687 648 2744 biles
695 2697 749 2744 ct
786 2690 1078 2760 solivagas:
1111 2705 1217 2745 non
1255 2691 1458 2746 scilicet
1502 2699 1561 2745 nt
1603 2705 1751 2759 oves,
1793 2691 1958 2756 cervi,
2004 2705 2095 2746 co-

508 2779 726 2850 Iumbm,
756 2781 948 2849 sturni,
993 2797 1158 2852 apes;
1194 2782 1288 2838 sed
1311 2792 1368 2837 ut
1393 2783 1596 2850 leones,
1636 2784 1842 2854 vulpes,
1883 2784 2097 2854 aquilas,

512 2880 742 2927 nactum.
792 2872 920 2940 Quae
950 2873 1090 2928 enim
1117 2873 1266 2944 tigris
1295 2891 1401 2929 non
1429 2875 1550 2929 filiis
1573 2875 1684 2931 suis
1709 2876 1852 2930 mitis
1879 2876 2102 2930 immur-

513 2974 726 3032 murat,
781 2974 834 3020 et
875 2975 1059 3036 pacata
1105 2966 1316 3023 feritate
1355 2967 1665 3022 blanditur?
1714 2968 1832 3036 quis
1884 2968 2098 3036 milvus,

512 3058 901 3127 quantumlibet
925 3060 1194 3114 solitarius
1210 3059 1409 3129 rapinis
1433 3059 1801 3125 circumvolet,
1833 3075 1937 3114 non
1965 3075 2099 3114 eon-

511 3147 714 3219 jugium
741 3149 974 3219 copulat,
999 3151 1179 3205 nidum
1210 3152 1468 3221 congerit,
1499 3166 1598 3206 ova
1626 3150 1897 3217 confovet,
1927 3151 2102 3221 pullos

512 3240 642 3307 alit,
672 3248 726 3294 et
753 3240 903 3310 quasi
932 3256 1052 3296 cum
1086 3257 1186 3322 sua
1215 3242 1613 3297 matrefamilias
1661 3245 1968 3298 societatem
2000 3243 2102 3298 do-

511 3329 789 3385 mesticam
818 3340 1013 3402 quanta
1046 3340 1219 3403 potest
1255 3347 1385 3404 pace
1414 3334 1733 3388 conservat?
1762 3334 1972 3399 Quanto
1999 3349 2104 3387 ma-

515 3423 597 3493 gis
637 3422 799 3479 homo
825 3423 994 3480 fertur
1021 3426 1417 3493 quodammodo
1440 3437 1641 3482 naturce
1671 3444 1780 3483 sua:
1806 3427 2014 3499 legibus
2035 3429 2103 3485 ad

516 3516 803 3571 ineundam
867 3518 1177 3573 societatem
1232 3532 1526 3588 pacemque
1578 3534 1699 3574 cum
1763 3518 2104 3588 hominibus,

515 3620 773 3679 quantum
818 3610 870 3666 in
907 3609 1026 3680 ipso
1069 3619 1171 3679 est,
1223 3612 1471 3675 omnibus
1513 3610 1858 3677 obtinendam
1914 3629 1928 3666 :
1979 3628 2103 3668 cum

515 3703 676 3758 etiam
709 3703 831 3757 mali
861 3717 958 3774 pro
1002 3718 1134 3774 pace
1159 3718 1383 3766 suorum
1405 3703 1748 3775 belligerent,
1782 3719 2107 3776 omnesque,

515 3793 562 3848 si
594 3794 820 3862 possint,
850 3809 978 3850 suos
1017 3794 1197 3851 facere
1219 3795 1403 3862 velint,
1431 3805 1488 3851 ut
1513 3796 1602 3850 uni
1629 3796 1805 3851 cuncti
1835 3805 1890 3853 et
1912 3804 2106 3857 cuncta

515 3884 845 3954 deserviant;
895 3903 1003 3959 quo
1047 3900 1223 3960 pacto,
1278 3889 1379 3944 nisi
1423 3889 1478 3944 in
1523 3889 1639 3959 ejus
1687 3905 1872 3961 pacem
1923 3892 1968 3959 ³,
2022 3889 2106 3946 vel

519 3979 770 4046 amando,
802 3979 886 4036 vel
913 3981 1148 4037 timendo
1172 3981 1544 4038 consentiant?
1573 3982 1661 4037 Sic
1689 3983 1829 4038 enim
1860 3983 2106 4053 superbia

519 4085 772 4141 perverse
812 4071 1050 4127 imitatur
1101 4073 1292 4128 Deum.
1341 4071 1465 4128 Odit
1515 4089 1749 4146 namque
1777 4089 1901 4132 cum
1945 4073 2106 4128 sociis

518 4161 876 4231 aequalitatem
905 4164 1006 4218 sub
1048 4163 1180 4218 illo:
1213 4163 1308 4219 sed
1358 4164 1636 4232 imponere
1667 4165 1781 4218 vult
1809 4164 1970 4219 sociis
2004 4163 2105 4218 do-

522 4253 870 4309 minationem
906 4271 1056 4311 suam
1097 4271 1195 4326 pro
1244 4256 1353 4310 illo.
1382 4255 1507 4310 Odit
1533 4256 1878 4326 ergojnstam
1921 4271 2105 4326 pacem

520 4343 616 4399 Dei
644 4353 699 4398 et
717 4353 862 4399 amat
888 4345 1120 4416 iniquam
1153 4361 1341 4416 pacem
1367 4361 1513 4400 suam
1545 4364 1558 4400 :
1589 4363 1693 4401 non
1716 4361 1896 4402 amare
1927 4356 2105 4408 tamen

521 4439 967 4511 qualemcumque
1016 4455 1202 4512 pacem
1245 4442 1393 4496 nullo
1445 4440 1607 4497 modo
1654 4450 1849 4512 potest.
1893 4441 2108 4498 Nullum

522 4533 719 4604 quippe
743 4533 928 4597 vitium
963 4535 1035 4588 ita
1063 4542 1248 4589 contra
1275 4543 1518 4589 naturam
1547 4542 1649 4599 est,
1682 4544 1738 4590 ut
1773 4543 1979 4590 natura:
2017 4535 2111 4591 de-

524 4625 633 4680 lcat
657 4625 817 4680 etiam
844 4632 1083 4686 extrema
1111 4626 1354 4696 vestigia.

598 4716 652 4770 3.
687 4716 870 4786 Itaque
906 4729 1090 4785 pacem
1122 4716 1423 4787 iniquorum
1459 4716 1511 4771 in
1540 4717 1682 4789 pacis
1713 4717 2111 4792 comparatione

525 4807 792 4878 justorum
815 4807 903 4862 ille
925 4807 1088 4870 videt,
1111 4822 1210 4862 nec
1234 4822 1418 4878 pacem
1443 4822 1563 4865 esse
1587 4808 1889 4873 dicendam,
1905 4811 1991 4879 qui
2017 4824 2112 4862 no-

525 4900 604 4954 vit
648 4913 959 4969 prazponere
1009 4907 1155 4954 recta
1196 4899 1372 4970 pravis
1422 4905 1476 4954 et
1524 4899 1767 4960 ordinata
1814 4899 2106 4974 perversis.

526 4996 678 5065 Quod
708 5005 882 5054 autem
902 5011 1212 5069 perversum
1239 5006 1342 5063 est,
1390 4997 1490 5052 hoc
1515 4999 1674 5054 etiam
1704 5015 1924 5055 necesse
1951 5008 2032 5054 est
2057 5008 2114 5056 ut

530 5091 585 5145 in
620 5090 794 5162 aliqua
823 5099 876 5147 ct
902 5107 967 5147 ex
992 5091 1168 5162 aliqua
1193 5101 1390 5147 etcum
1431 5092 1603 5162 aliqua
1631 5107 1809 5148 rerum
1841 5105 1990 5163 parte
2016 5108 2112 5162 pa-

528 5193 706 5237 catum
733 5184 821 5246 sit,
854 5183 906 5237 in
936 5182 1126 5254 quibus
1153 5192 1256 5251 est,
1279 5183 1362 5239 vel
1388 5199 1457 5240 ex
1487 5183 1678 5254 quibus
1702 5192 1945 5251 constat;
1977 5185 2112 5239 alio-

530 5277 658 5346 quin
702 5275 833 5330 nihil
861 5285 1005 5331 esset
1050 5275 1287 5332 omnino.
1318 5277 1478 5332 Velut
1522 5277 1566 5331 si
1615 5277 1892 5348 quisquam
1940 5277 2114 5346 capite

531 5369 781 5424 deorsum
803 5370 1049 5439 pendeat,
1076 5384 1358 5440 perversus
1385 5379 1466 5425 est
1495 5370 1676 5441 utique
1701 5370 1836 5424 situs
1871 5370 2114 5439 corporis

531 5469 587 5515 et
612 5458 744 5513 ordo
773 5459 1131 5515 membrorum
1155 5477 1170 5528 ;
1198 5461 1319 5532 quia
1353 5461 1405 5516 id
1439 5461 1580 5533 quod
1608 5461 1840 5534 desuper
1868 5476 1988 5517 esse
2019 5477 2115 5516 na-

532 5561 649 5606 tura
669 5549 921 5620 postulat,
946 5551 1126 5608 subter
1141 5561 1241 5615 est.
1270 5562 1324 5608 et
1349 5552 1490 5624 quod
1510 5553 1597 5608 illa
1623 5553 1808 5609 subter
1834 5552 1946 5607 vult
1970 5566 2109 5618 esse,

531 5643 765 5712 desuper
794 5641 988 5698 factum
1019 5654 1102 5700 est
1125 5661 1140 5711 ;
1166 5645 1499 5700 conturbavit
1524 5645 1546 5678 ⁸
1577 5646 1752 5701 carnis
1783 5659 1966 5716 pacem
2011 5643 2113 5699 ista

597 5735 617 5806 ξ
641 5735 719 5806 sic
729 5734 1059 5806 manuscripti.
1076 5736 1194 5806 editi
1216 5751 1353 5796 vero,
1377 5737 1636 5806 satagebat.

596 5797 618 5864 ξ
641 5797 776 5864 (aliti,
801 5797 896 5847 nisi
916 5797 1038 5864 utin
1079 5798 1183 5857 eius
1205 5813 1386 5864 pacein.
1402 5797 1579 5864 abest,
1610 5805 1676 5861 ut,
1703 5813 1730 5851 a
1757 5797 2110 5864 atauuscriptts.

600 5861 621 5894 ³
644 5859 716 5912 sic
742 5865 847 5910 las.
870 5857 988 5915 [diti
1004 5873 1141 5922 vero,
1165 5857 1477 5916 conturbabit.

1487 373 1574 428 ne
1611 327 1930 430 amrin:
1971 373 2108 444 nsi,
2145 372 2203 429 s.
2245 335 2610 430 AUGUSTINI

3682 375 3794 432 8-ῐο

2193 484 2548 557 perversitas,
2577 492 2632 540 et
2662 482 2782 540 ideo
2803 491 2885 541 est
2910 483 3134 547 molesta
3171 501 3184 539 :
3216 492 3582 542 verumtamen
3603 488 3788 542 anima

2187 576 2397 646 corpori
2420 591 2517 630 suo
2546 584 2731 645 pacata
2777 585 2880 642 est,
2925 583 2979 632 et
3003 591 3100 646 pro
3129 575 3245 645 ejus
3268 575 3440 632 salute
3467 578 3685 647 satagit,
3723 586 3789 633 et

2188 668 2310 723 ideo
2338 676 2420 723 est
2445 667 2535 739 qui
2553 667 2732 723 doleat
2756 685 2770 734 ;
2800 683 2916 738 qua:
2937 668 2982 722 si
3008 667 3266 723 molestiis
3294 668 3412 738 ejus
3431 669 3644 723 exclusa
3671 669 3791 725 dis-

2187 761 2440 826 cesserit,
2482 759 2712 830 quandiu
2745 761 3105 815 membrorum
3140 769 3318 815 manet
3356 776 3646 832 compago,
3677 778 3789 816 non

2189 860 2272 906 est
2297 851 2413 907 sine
2433 852 2660 922 quadarn
2688 852 2921 922 partium
2950 866 3082 922 pace
3111 851 3254 922 quod
3283 862 3545 918 remanet,
3576 862 3629 907 et
3662 853 3794 908 ideo

2190 933 2366 990 adhuc
2405 945 2488 990 est
2513 936 2603 1004 qui
2652 936 2903 1006 pendeat.
2935 937 3002 991 Et
3031 936 3175 1007 quod
3204 945 3476 991 terrenum
3505 952 3704 1007 corpus
3735 938 3792 991 in

2193 1036 2388 1081 terram
2430 1026 2635 1092 nititur,
2681 1034 2735 1081 et
2760 1026 2974 1081 vinculo
2999 1041 3106 1096 quo
3131 1041 3449 1096 suspensum
3493 1036 3576 1082 est
3601 1027 3791 1082 reniti-

2192 1123 2297 1182 tur,
2325 1114 2379 1170 in
2401 1129 2510 1170 suae
2533 1117 2677 1185 pacis
2701 1115 2943 1171 ordinem
2963 1115 3152 1182 tendit,
3175 1124 3231 1171 et
3246 1117 3420 1171 locum
3449 1132 3555 1187 quo
3581 1118 3796 1188 requie-

2192 1215 2304 1260 scat
2329 1200 2725 1275 quodammodo
2762 1205 3017 1277 ponderis
3046 1221 3176 1262 voce
3203 1207 3393 1277 poscit,
3419 1207 3641 1278 jamque
3660 1223 3794 1262 exa-

2193 1296 2337 1351 nime
2351 1310 2415 1351 ac
2430 1297 2546 1351 sine
2561 1296 2667 1351 ullo
2684 1311 2866 1363 sensu,
2891 1312 2921 1351 a
2945 1312 3074 1368 pace
3091 1307 3268 1353 tamen
3292 1299 3519 1353 naturali
3547 1301 3630 1352 sui
3652 1299 3793 1353 ordi-

2193 1389 2278 1444 nis
2305 1404 2409 1444 non
2438 1389 2664 1453 recedit,
2686 1389 2771 1444 vel
2795 1405 2917 1444 cum
2937 1398 3083 1445 tenet
3103 1405 3246 1456 eam,
3274 1389 3360 1444 vel
3385 1405 3507 1444 cum
3529 1388 3702 1444 fertur
3726 1389 3795 1444 ad

2194 1497 2335 1537 eam.
2363 1481 2418 1537 Si
2442 1483 2582 1536 enim
2609 1481 2967 1538 adhibeantur
3009 1482 3418 1547 medicamenta,
3450 1491 3610 1553 atque
3630 1498 3797 1538 cura-

2195 1575 2293 1642 tio,
2333 1591 2450 1645 quaz
2471 1574 2698 1629 formam
2727 1574 3004 1630 cadaveris
3032 1573 3252 1630 dissolvi
3291 1575 3558 1642 dilabique
3593 1591 3704 1629 non
3731 1575 3798 1630 si-

2196 1667 2342 1732 nat‘,
2373 1667 2548 1722 adhuc
2578 1684 2680 1738 pax
2713 1667 2953 1738 qumdam
2985 1677 3162 1737 partes
3204 1667 3443 1737 partibus
3477 1667 3673 1738 jungit,
3709 1677 3793 1723 to-

2198 1765 2414 1829 tamque
2439 1759 2633 1814 molem
2655 1758 2886 1830 applicat
2910 1766 3126 1814 terreno
3147 1766 3201 1812 et
3226 1757 3588 1822 convenienti,
3607 1773 3671 1812 ac
3700 1774 3798 1828 per

2199 1847 2302 1904 hoc
2367 1851 2488 1904 loco
2525 1860 2734 1920 pacato.
2765 1849 2824 1906 Si
2872 1857 3050 1904 autem
3103 1848 3247 1904 nulla
3313 1848 3630 1902 adhibeatur
3667 1863 3798 1904 cura

2198 1937 2481 1994 condiendi
2505 1943 2548 2004 ’,
2585 1940 2689 1995 sed
2724 1939 2950 1993 naturali
2994 1938 3174 1993 cursui
3221 1937 3569 2008 relinquatur,
3595 1937 3798 1993 tamdiu

2199 2031 2350 2101 quasi
2419 2032 2766 2088 tumultuatur
2822 2032 3204 2089 dissidentibus
3259 2031 3672 2087 exaltationibus
3739 2040 3798 2087 et

2202 2129 2388 2178 nostro
2427 2122 2917 2179 inconvenientibus
2953 2124 3135 2179 sensui
3178 2140 3192 2176 :
3244 2123 3295 2178 id
3349 2123 3492 2178 enim
3541 2133 3626 2178 est
3653 2121 3798 2194 quod

2199 2211 2255 2268 in
2306 2223 2493 2284 putore
2545 2216 2804 2281 sentitur,
2861 2213 3032 2269 donec
3098 2213 3280 2268 mundi
3339 2215 3625 2269 conveniat
3681 2213 3797 2271 ele-

2199 2305 2416 2372 mentis,
2448 2314 2503 2361 et
2533 2305 2584 2360 in
2606 2321 2794 2362 eorum
2836 2321 3020 2375 pacem
3049 2305 3408 2376 particulatim
3437 2306 3799 2376 paulatimque

2201 2397 2460 2454 discedat.
2515 2401 2672 2456 Nullo
2720 2400 2880 2455 modo
2935 2409 3110 2455 tamen
3169 2399 3294 2453 inde
3340 2399 3540 2469 aliquid
3588 2397 3797 2468 legibus

2201 2491 2396 2546 summi
2427 2491 2568 2546 illius
2591 2491 2862 2547 Creatoris
2905 2491 3345 2560 Ordinatorisque
3384 2489 3734 2555 subtrahitur,
3765 2504 3798 2543 a

2202 2595 2310 2651 quo
2352 2597 2458 2652 pax
2505 2582 2871 2636 universitatis
2908 2580 3313 2636 administratur
3359 2598 3373 2634 :
3417 2581 3540 2650 quia
3590 2581 3690 2634 etsi
3729 2580 3825 2636 de‘

2202 2665 2469 2722 cadavere
2498 2666 2716 2736 majoris
2753 2665 3040 2720 animantis
3064 2665 3312 2719 animalia
3341 2665 3544 2718 minuta
3573 2679 3800 2718 nascan-

2205 2765 2294 2810 tur
2317 2799 2332 2822 ,
2365 2756 2551 2812 eadem
2579 2757 2695 2827 lege
2729 2757 2998 2812 Creatoris
3036 2771 3261 2826 quaeque
3287 2756 3602 2824 corpuscula
3647 2757 3699 2810 in
3725 2771 3801 2810 sa-

2205 2847 2330 2902 lutis
2359 2864 2492 2918 pace
2538 2849 2649 2904 suis
2675 2848 2926 2904 animulis
2955 2849 2980 2880 ³
3003 2849 3245 2904 serviunt
3275 2867 3291 2903 :
3327 2849 3427 2903 etsi
3469 2859 3801 2904 mortuorum

2205 2953 2399 2994 carnes
2425 2939 2494 2994 ab
2530 2940 2649 2995 aliis
2676 2940 2995 2996 animalibus
3019 2939 3365 3004 devorentur,
3411 2939 3626 2994 easdem
3661 2941 3802 3010 leges

2206 3046 2305 3102 per
2333 3039 2523 3087 cuncta
2554 3030 2774 3086 dilfusas
2799 3030 2864 3085 ad
2889 3031 3113 3085 salutem
3139 3029 3352 3099 generis
3375 3028 3634 3098 cujusque
3661 3044 3804 3081 mor-

2206 3120 2417 3185 talium,
2443 3135 2682 3191 congrua
2707 3119 2962 3190 congruis
2984 3118 3348 3189 paciﬁcantes,
3377 3130 3804 3188 quaquaversum

2207 3210 2503 3279 trahantur,
2527 3219 2583 3266 et
2607 3211 2766 3266 rebus
2789 3210 3209 3279 quibuscumque
3231 3209 3538 3278 jungantur,
3561 3217 3612 3262 et
3635 3209 3687 3262 in
3715 3222 3808 3262 res

2207 3303 2474 3374 quaslibet-
2506 3311 2885 3359 convertantur
2923 3310 2978 3356 et
3032 3309 3457 3363 commutentur,
3499 3297 3804 3352 inveniunt.

2207 3416 2434 3473 CAPUT
2473 3416 2612 3471 XIII.
2641 3445 2714 3457 —
2740 3414 2818 3482 De
2863 3431 2988 3488 pace
3026 3414 3320 3479 universali,
3361 3428 3472 3483 qua:
3497 3412 3622 3464 inter
3658 3425 3810 3479 quas-

2281 3508 2401 3562 libet
2430 3507 2829 3580 perturbationes
2871 3507 3060 3578 privari
3099 3521 3200 3560 non
3251 3513 3410 3574 potest
3455 3505 3804 3570 legenaturc,

2281 3599 2404 3653 dum
2423 3583 2516 3652 sub
2532 3599 2676 3669 justo
2708 3597 2886 3669 judice
2927 3598 2995 3650 ad
3020 3596 3074 3651 id
3093 3597 3302 3667 quisque
3332 3594 3560 3666 pervenit
3586 3593 3801 3648 ordina-

2281 3690 2435 3755 u'one,
2464 3689 2598 3760 quod
2627 3691 2802 3744 meruit
2824 3688 3097 3742 uoluntate.

2282 3803 2335 3858 l.
2366 3803 2473 3858 Pax
2508 3801 2686 3872 itaque
2730 3801 3006 3871 corporis,
3035 3808 3120 3856 est
3161 3798 3406 3854 ordinata
3452 3805 3807 3868 temperatura

2211 3894 2464 3968 partium.
2515 3893 2623 3948 Pax
2671 3893 2863 3947 animm
2910 3891 3256 3955 irrationalis,
3304 3890 3547 3946 ordinata
3593 3890 3807 3959 requies

2211 3985 2617 4056 appetitionum.
2663 3983 2770 4038 Pax
2801 3982 3000 4038 anima:
3039 3981 3334 4048 rationalis,
3360 3981 3603 4036 ordinata
3628 3980 3813 4052 cogni-

2213 4077 2371 4131 tionis
2397 4076 2727 4145 actionisque
2754 4074 3057 4130 consensio.
3092 4073 3198 4128 Pax
3223 4073 3463 4143 corporis
3491 4081 3547 4127 et
3593 4073 3812 4138 animae,

2212 4167 2456 4223 ordinata
2483 4167 2590 4221 vita
2613 4175 2668 4222 et
2697 4166 2841 4221 salus
2869 4166 3181 4223 animantis.
3215 4165 3322 4219 Pax
3350 4164 3585 4225 hominis
3607 4175 3810 4220 morta-

2213 4261 2278 4315 lis
2305 4269 2359 4315 et
2384 4259 2477 4314 liei
2505 4259 2548 4327 ⁵,
2571 4259 2813 4314 ordinata
2837 4260 2888 4314 in
2922 4258 3023 4313 lide
3044 4260 3143 4312 sub
3167 4266 3364 4311 mterna
3395 4256 3509 4326 lege
3535 4255 3801 4311 obedien-

2214 4353 2306 4408 tia.
2337 4353 2449 4409 Pax
2489 4353 2788 4420 hominum,
2825 4341 3074 4407 ordinata~
3105 4349 3412 4405 concordia.
3443 4349 3551 4402 Pax
3593 4348 3812 4416 domus,

2215 4447 2458 4503 ordinata
2487 4445 2779 4516 imperandi
2807 4455 2967 4515 atque
3002 4441 3283 4500 obediendi
3325 4441 3610 4497 concordia
3640 4440 3812 4496 coha-

2214 4538 2519 4596 bitantium.
2564 4538 2672 4592 Pax
2723 4536 2982 4600 civitatis,
3017 4535 3261 4589 ordinata
3305 4532 3597 4603 imperandi
3648 4540 3813 4602 atque

2215 4629 2503 4686 obediendi
2541 4627 2828 4683 concordia
2875 4627 3091 4681 civium.
3125 4625 3234 4680 Pax
3277 4624 3513 4680 caelestis
3552 4622 3811 4689 civitatis,

2216 4721 2612 4778 ordinatissima
2638 4729 2694 4774 et
2716 4717 3136 4773 concordissima
3180 4716 3411 4770 societas
3451 4713 3666 4768 fruendi
3701 4713 3818 4767 Deo

2215 4824 2270 4870 et
2294 4813 2520 4868 invicem
2548 4811 2600 4866 in
2646 4811 2775 4865 Deo.
2807 4809 2914 4863 Pax
2945 4808 3184 4863 omnium
3213 4821 3389 4861 rerum
3415 4846 3429 4872 ,
3461 4804 3821 4874 tranquillitas

2216 4905 2438 4961 ordinis.
2489 4903 2634 4960 Ordo
2687 4910 2770 4958 est
2811 4903 3017 4972 parium
3067 4899 3466 4969 dispariumque
3505 4913 3690 4952 rerum
3720 4912 3821 4952 sua

2217 4999 2412 5070 cuique
2441 4998 2559 5052 loca
2582 4996 2821 5051 tribuens
2851 4992 3150 5063 dispositio.
3184 4990 3412 5046 Proinde
3433 4989 3637 5055 miseri,
3667 4989 3819 5059 quia,

2219 5090 2270 5146 in
2300 5098 2555 5162 quantum
2605 5087 2786 5142 miseri
2835 5093 2979 5148 sunt,
3012 5083 3196 5154 utique
3239 5083 3293 5136 in
3344 5096 3472 5153 pace
3510 5095 3616 5135 non
3656 5090 3822 5146 sunt,

2221 5180 2604 5252 tranquillitate
2641 5177 2854 5248 quidem
2887 5175 3096 5233 ordinis
3130 5181 3334 5239 carent,
3367 5171 3454 5232 ubi
3484 5170 3826 5242 perturbatio

2220 5273 2362 5328 nulla
2393 5279 2476 5326 est
2509 5289 2522 5326 :
2550 5278 2917 5324 verumtamen
2951 5266 3073 5337 quia
3120 5264 3310 5324 merito
3347 5261 3597 5332 justeque
3629 5259 3826 5315 miseri

2219 5375 2364 5432 sunt,
2391 5365 2444 5420 in
2471 5379 2532 5420 ea
2562 5377 2772 5435 quoque
2819 5359 2931 5433 ipsa
2979 5375 3076 5414 sua
3106 5355 3318 5413 miseria
3353 5364 3544 5426 praeter
3570 5353 3826 5409 ordinem

2284 5543 2302 5576 ι
2327 5540 2429 5592 Sola
2451 5540 2598 5592 0dlll0
2619 5546 2750 5599 ωιτη
2772 5536 2946 5588 sinant.

2283 5607 2304 5638 ι
2326 5605 2480 5655 Nostri
2501 5597 3066 5663 codices,'condendi-__.
3105 5603 3161 5644 Μι
3443 5657 3482 5663 --
3688 5651 3702 5662 .
3797 5650 3810 5660 .

2286 5669 2307 5702 ³
2328 5650 2478 5718 aliud.
2497 5650 2550 5716 et
2569 5650 2832 5726 iamq'suis
2849 5655 3155 5711 animalibus.
3198 5650 3415 5705 Nonnulli
3443 5657 3576 5712 Mss,
3619 5651 3702 5701 sui
3723 5650 3832 5703 arri-

2219 5730 2466 5855 mqht‘sgditi,
2495 5797 2540 5846 ct
2566 5786 2654 5841 mi
2675 5783 2971 5839 immortalis.
2995 5784 3154 5846 Abest,
3183 5774 3482 5837 inmortalis,
3506 5789 3534 5825 ιι
3559 5777 3833 5826 marimari-

2224 5857 2335 5919 ptis.
