4062 6486
242 397 332 456 681

239 527 353 568 esse
378 523 484 565 non
518 515 776 580 possunt;
806 522 911 562 non
955 505 1166 576 quidem
1193 506 1460 575 conjuncti
1496 505 1684 567 beatis,
1724 502 1819 557 sed

238 603 302 655 ab
328 601 407 656 eis
445 609 624 654 tamen
650 599 849 653 ordinis
869 597 981 667 lege
1002 597 1248 666 sejuncti.
1281 597 1380 662 Qui
1405 612 1526 650 cuin
1557 598 1670 650 sine
1701 609 1824 663 per-

241 691 545 744 turbatione
571 696 698 743 sunt
726 689 765 753 ¹,
794 686 956 741 rebus
1000 686 1053 739 in
1083 686 1272 754 quibus
1301 692 1446 751 sunt,
1479 694 1825 754 quantacum-

239 794 338 848 que
378 778 731 848 congruentia
772 784 1084 844 coaptantur
1123 793 1136 828 :
1173 790 1234 828 ac
1263 791 1358 844 per
1402 774 1502 828 hoc
1530 785 1610 829 cst
1649 775 1700 827 in
1746 773 1824 828 eis

239 868 444 922 ordinis
493 867 751 921 nonnulla
801 866 1198 935 tranquillitas:
1233 866 1370 920 inest
1414 881 1542 934 ergo
1571 865 1824 919 nonnulla

240 973 364 1028 pax.
424 957 622 1012 \‘erum
654 957 774 1010 ideo
815 955 994 1010 miseri
1035 964 1178 1017 sunt.
1213 956 1356 1024 quia,
1406 955 1505 1009 etsi
1563 954 1614 1008 iu
1653 955 1825 1024 aliqua

241 1047 532 1101 securitate
560 1061 667 1100 non
692 1046 894 1110 dolent,
928 1060 1031 1099 non
1056 1053 1231 1099 tamen
1273 1045 1344 1099 ibi
1370 1053 1514 1110 sunt,
1537 1045 1626 1099 ubi
1653 1045 1826 1100 securi

240 1154 358 1194 esse
384 1153 448 1193 ac
470 1138 656 1193 dolere
687 1153 792 1192 non
809 1137 1039 1192 debeant
1064 1155 1078 1191 :
1103 1137 1407 1192 miseriores
1421 1146 1617 1203 autem,
1651 1137 1693 1192 si
1727 1153 1827 1207 pax

241 1230 316 1284 eis
343 1244 468 1283 cum
499 1229 613 1298 ipsa
645 1229 760 1298 lege
785 1243 892 1282 non
921 1237 1023 1295 est,
1066 1243 1167 1297 qua
1198 1228 1451 1284 naturalis
1489 1228 1618 1283 ordo
1660 1227 1830 1283 adrni-

241 1321 516 1376 nistratur.
541 1317 673 1374 Cum
696 1328 870 1372 autem
893 1319 1093 1384 dolent,
1118 1333 1186 1372 ex
1210 1333 1312 1388 qua
1341 1327 1489 1388 parte
1514 1317 1713 1382 dolent,
1742 1335 1831 1389 pa-

241 1409 319 1464 cis
345 1411 675 1479 perturbatio
700 1408 835 1464 facta
858 1419 968 1464 est:
997 1409 1048 1462 in
1079 1409 1167 1463 illa
1190 1425 1315 1462 vero
1338 1409 1509 1464 adhuc
1533 1425 1629 1478 pax
1651 1419 1753 1476 est,
1778 1409 1830 1464 in

243 1515 344 1570 qua
367 1515 469 1555 nec
499 1501 653 1554 dolor
677 1501 799 1562 urit,
832 1514 929 1554 nec
953 1514 1207 1568 compago
1228 1499 1340 1568 ipsa
1368 1488 1691 1554 dissolvitur.
1721 1501 1833 1555 Sic-

243 1597 300 1643 ut
332 1605 464 1660 ergo
507 1598 591 1645 est
622 1589 862 1659 qumdam
907 1589 1010 1642 vita
1061 1589 1176 1643 sine
1210 1587 1417 1651 dolore,
1459 1589 1612 1643 dolor
1654 1599 1832 1644 autem

243 1681 360 1735 sine
403 1681 579 1751 aliqua
625 1681 730 1733 vita
759 1694 878 1734 esse
924 1694 1028 1734 non
1082 1688 1255 1748 potest
1288 1696 1300 1732 :
1330 1681 1408 1732 sic
1432 1689 1514 1733 est
1544 1695 1643 1749 pax
1687 1695 1833 1750 qua:-

249 1771 372 1825 dam
397 1771 516 1825 sine
544 1771 651 1825 ullo
675 1767 834 1838 bello,
861 1770 1054 1824 bellum
1081 1785 1207 1824 vero
1231 1785 1348 1824 csse
1367 1770 1480 1824 sine
1503 1772 1675 1842 aliqua
1706 1786 1835 1841 pace

246 1876 355 1916 non
387 1870 608 1930 potest;
653 1877 764 1916 non
792 1860 1082 1916 secundum
1123 1860 1174 1914 id
1215 1860 1357 1930 quod
1387 1861 1582 1915 bellum
1614 1872 1712 1926 est,
1742 1862 1835 1917 sed

244 1951 540 2006 secundum
568 1952 618 2006 id
647 1951 788 2022 quod
817 1951 883 2006 ab
911 1953 990 2005 eis
1011 1951 1092 2006 vel
1127 1951 1178 2005 in
1213 1952 1292 2006 cis
1317 1953 1519 2022 geritur
1543 1993 1558 2016 ,
1593 1970 1711 2022 qua:
1737 1955 1834 2008 ali-

243 2056 362 2110 qua:
379 2053 586 2096 natura:
611 2051 733 2096 sunt
763 2059 776 2095 :
801 2041 940 2112 quod
960 2042 1107 2095 nullo
1120 2042 1278 2097 modo
1297 2051 1496 2110 essent,
1515 2043 1558 2096 si
1581 2059 1683 2097 non
1706 2058 1836 2114 qua-

242 2124 513 2205 licumque
553 2149 680 2204 pace
715 2135 1085 2189 subsisterent.
1373 2187 1380 2192 .

310 2223 368 2277 2.
403 2226 738 2294 Quapr0pter
778 2233 965 2278 natura
1007 2233 1088 2278 est
1113 2265 1129 2290 ,
1163 2222 1214 2278 in
1245 2239 1348 2293 qtta
1381 2217 1584 2279 nullum
1631 2226 1828 2280 malum

244 2328 347 2384 est,
368 2318 456 2371 vel
485 2317 646 2372 etiam
674 2317 725 2370 in
753 2331 854 2386 qua
884 2315 1083 2369 nullum
1112 2325 1281 2384 potest
1307 2331 1426 2370 esse
1453 2317 1650 2370 malum
1679 2335 1690 2369 :
1715 2332 1834 2373 esse

243 2417 423 2462 autem
454 2415 666 2470 natura,
700 2408 751 2460 in
781 2422 884 2476 qua
917 2407 1116 2460 nullum
1148 2406 1342 2459 bonum
1375 2407 1465 2470 sit,
1499 2423 1605 2460 non
1637 2415 1830 2476 potest.

243 2501 480 2560 Proinde
507 2516 607 2556 nec
631 2500 796 2570 ipsius
824 2499 1021 2554 diaboli
1054 2508 1262 2563 natura,
1281 2499 1333 2553 in
1361 2507 1616 2569 quantum
1645 2509 1832 2555 natura

242 2601 363 2659 est,
411 2592 610 2646 malum
636 2597 722 2645 est
751 2605 766 2643 :
798 2589 890 2645 sed
936 2589 1257 2659 perversitas
1283 2604 1401 2644 eam
1445 2590 1640 2645 malam
1686 2590 1830 2646 facit.

243 2684 430 2754 Itaque
456 2684 509 2737 in
537 2684 761 2738 veritate
789 2697 892 2736 non
917 2682 1063 2736 stetit
1095 2681 1271 2751 (Joan.
1302 2697 1391 2736 vttt
1414 2723 1428 2746 ,
1462 2683 1552 2752 44)
1580 2722 1597 2747 .
1625 2683 1717 2736 sed
1745 2699 1835 2739 ve-

240 2774 418 2845 ritatis
439 2772 700 2842 judicium
727 2787 832 2825 non
861 2772 1025 2826 evasit
1053 2789 1065 2824 :
1093 2771 1144 2824 in
1169 2772 1189 2802 ’
1220 2770 1424 2826 ordinis
1453 2773 1834 2842 tranquillitate

244 2881 347 2920 non
390 2867 626 2930 mansit,
659 2881 758 2920 nec
799 2865 918 2919 ideo
949 2873 1124 2917 tamen
1156 2878 1184 2915 a
1216 2871 1476 2934 potestate
1501 2864 1834 2921 Ordinatoris

242 2955 452 3024 eil'ugit.
484 2955 687 3009 Bonum
722 2955 835 3018 Dei,
869 2954 1009 3024 quod
1045 2953 1116 3007 illi
1147 2964 1227 3008 est
1257 2954 1308 3008 in
1339 2963 1543 3018 natura,
1579 2970 1682 3009 non
1710 2971 1833 3011 eum

246 3046 515 3101 subtrahit
537 3047 756 3115 jUSlllitB
785 3045 899 3111 Dei,
922 3061 1023 3114 qua
1051 3043 1326 3099 ordinatur
1352 3046 1403 3099 in
1431 3061 1587 3116 poma
1608 3062 1621 3098 :
1643 3061 1742 3102 nec
1763 3047 1833 3102 ibi

243 3136 383 3197 Deus
435 3137 636 3192 bonum
681 3137 978 3208 insequitur
1023 3136 1162 3206 quod
1207 3138 1445 3204 creavit,
1496 3137 1587 3191 sed
1634 3138 1831 3194 malum

241 3232 382 3303 quod
431 3228 523 3287 ille
566 3229 851 3286 commisit.
899 3226 1082 3298 Neque
1109 3227 1250 3282 enim
1279 3237 1446 3282 totum
1475 3227 1648 3283 aufert
1691 3229 1832 3300 quod

241 3337 450 3382 natum:
475 3325 662 3392 dedit;
696 3325 788 3380 sed
815 3320 1010 3394 aliquid
1041 3319 1263 3383 adimit,
1293 3320 1490 3389 aliquid
1536 3321 1788 3388 relinquit
1813 3363 1829 3390 ,

242 3425 298 3470 ut
337 3419 413 3471 sit
459 3417 552 3487 qui
580 3416 759 3470 doleat
784 3414 925 3485 quod
970 3409 1156 3467 adimit
1185 3409 1227 3462 ³.
1262 3409 1330 3463 Et
1359 3411 1471 3479 ipse
1498 3409 1652 3464 dolor
1683 3411 1832 3465 testi-

241 3507 482 3561 monium
529 3515 613 3561 est
639 3506 761 3560 boni
789 3505 1020 3574 adempti
1067 3513 1122 3559 et
1164 3502 1285 3557 boui
1315 3501 1508 3558 relicti.
1538 3501 1647 3555 Nisi
1689 3503 1831 3556 enim

239 3596 440 3652 bonum
489 3597 734 3652 relictum
763 3603 943 3660 esset,
987 3595 1182 3649 bonum
1225 3595 1478 3648 amissum
1509 3592 1696 3652 dolere
1725 3607 1830 3647 non

239 3697 442 3756 posset.
463 3686 596 3741 Nam
620 3686 709 3756 qui
736 3694 940 3755 peccat,
963 3685 1111 3755 pejor
1137 3692 1236 3747 est,
1257 3683 1301 3738 si
1326 3684 1536 3738 hetatur
1559 3683 1611 3738 in
1635 3683 1832 3740 damno

238 3779 530 3848 aequitatis.
561 3777 660 3844 Qui
691 3791 819 3830 vero
859 3775 1128 3830 cruciatur
1151 3815 1166 3840 ,
1195 3774 1238 3829 si
1283 3773 1413 3828 nihil
1443 3773 1562 3828 inde
1591 3777 1832 3845 acquirat

238 3865 362 3922 boni
392 3909 409 3930 ,
456 3867 606 3921 dolet
649 3866 898 3920 damnum
947 3865 1152 3920 salutis.
1200 3865 1268 3919 Et
1312 3865 1559 3934 quoniam
1608 3867 1831 3936 tequitas

236 3972 299 4012 sc
349 3958 503 4013 salus
554 3968 836 4028 utrumque
885 3958 1084 4012 bonum
1114 3966 1232 4024 est,
1265 3957 1494 4027 bonique
1543 3959 1830 4016 amissione

236 4047 534 4104 dolendum
565 4058 646 4104 est
672 4050 845 4119 potius
871 4064 1028 4118 quam
1074 4048 1358 4103 lactandum
1388 4048 1470 4119 (si
1504 4057 1680 4104 tamen
1723 4065 1828 4105 non

235 4141 305 4195 sit
348 4141 720 4210 compensatio
765 4140 1042 4204 melioris,
1085 4140 1274 4193 melior
1319 4147 1401 4194 est
1443 4149 1621 4194 autem
1667 4142 1829 4197 animi

233 4233 486 4303 aequitas,
518 4246 674 4300 quam
705 4233 948 4302 corporis
973 4231 1216 4301 sanitas),
1247 4232 1486 4300 profecto
1511 4234 1831 4287 convenien-

234 4328 341 4382 tius
390 4326 626 4396 injustus
651 4326 796 4381 dolet
838 4327 888 4379 in
916 4325 1178 4395 supplicio
1201 4366 1216 4390 ,
1245 4340 1403 4395 quam
1433 4325 1638 4378 lartatus
1665 4334 1747 4379 est
1775 4325 1826 4380 in

232 4419 463 4474 delicto.
512 4417 664 4474 Sicut
704 4432 831 4488 ergo
879 4418 1060 4471 lmtitia
1105 4416 1299 4472 deserti
1345 4417 1468 4472 boni
1511 4418 1563 4471 in
1612 4427 1829 4487 peccato

229 4514 390 4568 testis
438 4521 521 4566 est
549 4511 837 4565 voluntatis
867 4509 1059 4574 malai;
1093 4509 1163 4563 ita
1201 4508 1356 4563 dolor
1397 4509 1577 4563 amissi
1609 4509 1732 4562 boni
1775 4509 1828 4564 in

228 4604 502 4674 supplicio
551 4603 701 4656 testis
747 4609 829 4655 est
875 4609 1077 4654 natura:
1123 4598 1296 4654 bonaa.
1346 4598 1444 4665 Qui
1493 4599 1633 4652 enim
1681 4596 1830 4654 dolet

225 4697 494 4751 amissam
542 4705 744 4748 natura:
789 4708 897 4746 sua:
944 4705 1125 4761 pacem
1151 4733 1166 4757 ,
1195 4706 1261 4745 ex
1304 4689 1565 4759 aliquibus
1593 4690 1829 4760 reliquiis

225 4787 382 4855 pacis
431 4784 483 4838 id
511 4783 656 4837 dolet
678 4824 692 4845 ,
721 4783 912 4852 quibus
955 4782 1010 4834 fit
1034 4823 1048 4846 ,
1097 4789 1152 4834 ut
1182 4780 1281 4834 sibi
1310 4779 1476 4832 amica
1507 4788 1693 4833 natura
1735 4780 1823 4833 sit.

224 4875 344 4931 lloc
391 4883 575 4929 autem
603 4874 655 4928 in
699 4883 942 4928 extremo
968 4872 1229 4942 supplicio
1255 4881 1396 4925 recte
1437 4871 1532 4936 fit,
1565 4881 1621 4925 ut
1665 4873 1827 4941 iniqui

222 4978 280 5022 et
327 4967 488 5035 impii
535 4965 854 5020 naturalium
887 4963 1146 5018 bonorum
1175 4962 1368 5017 damna
1411 4963 1462 5016 in
1507 4961 1827 5018 cruciatibus

217 5059 514 5122 deﬂeant,
567 5056 860 5112 sentientes
906 5069 1090 5109 eorum
1139 5053 1428 5108 ablatorem
1473 5052 1827 5122 justissinium

218 5152 408 5206 Deum
436 5191 451 5212 .
498 5163 658 5220 quem
703 5154 1140 5217 contempserunt
1185 5145 1621 5216 benignissimum
1670 5145 1830 5217 largi-

218 5251 433 5300 torem.
465 5243 608 5298 Deus
633 5254 762 5311 ergo
791 5250 1095 5295 naturarum
1122 5237 1359 5293 omnium
1402 5237 1827 5307 sapientissimus

215 5336 482 5391 Conditor
533 5343 588 5389 et
628 5333 954 5404 justissimus
1000 5329 1313 5397 ordinator,
1359 5329 1446 5399 qui
1492 5337 1827 5384 terrenarum

214 5436 678 5485 ornamentorum
723 5425 1012 5479 maximum
1040 5422 1267 5477 instituit
1292 5421 1512 5477 mortale
1537 5437 1703 5490 genus
1731 5421 1829 5477 hu-

213 5536 498 5586 manum,
541 5518 688 5573 dedit
729 5516 1032 5572 hominibus
1071 5514 1310 5586 quaedam
1356 5515 1492 5569 bona
1537 5514 1659 5570 huic
1702 5515 1826 5570 vita:

211 5627 514 5683 cangrua,
569 5608 624 5664 id
671 5617 788 5672 est,
841 5621 1025 5678 pacem
1075 5605 1418 5676 temporalem
1465 5617 1563 5676 pro
1613 5604 1828 5662 modulo

282 5729 300 5759 ³
334 5727 423 5775 sic
438 5730 546 5772 Mss.
572 5721 690 5770 Fditi
716 5732 848 5773 vero.
873 5719 1086 5768 nons'nt.
1129 5753 1132 5756 ~

279 5789 304 5818 ²
332 5786 482 5840 Editi,
507 5783 622 5848 quia
643 5795 712 5832 in.
730 5788 788 5850 [tt
807 5794 922 5850 mss.
948 5793 1044 5829 non
1065 5779 1266 5839 habent,
1290 5779 1420 5842 quia.

280 5851 306 5883 ⁸
333 5855 424 5897 Er.
448 5855 498 5896 et
523 5843 652 5906 Mss,
676 5843 868 5893 ademit.

1443 390 1640 447 LlBEll
1683 386 1975 444 DECIMUS
2011 387 2254 445 NONUS.

3396 394 3501 450 ωε

1933 501 2174 554 mortalis
2202 502 2322 554 vita:
2363 501 2414 555 in
2456 500 2566 571 ipsa
2591 501 2760 559 salute
2785 510 2839 558 et
2863 500 3224 558 incolumitate
3249 519 3310 558 ac
3334 506 3504 560 socie-

1929 600 2038 646 tate
2083 591 2164 646 sui
2208 592 2418 660 generis
2443 633 2458 658 ,
2489 604 2544 648 et
2583 608 2809 663 quaeque
2855 592 2978 648 huic
3023 595 3136 664 paci
3168 584 3250 650 vel
3295 595 3505 648 tuenda:

1927 683 2010 738 vel
2039 683 2414 752 recuperanda:
2457 685 2752 740 necessaria
2785 695 2947 752 sunt,
2976 685 3112 740 sicut
3136 700 3197 740 ea
3224 701 3342 755 qua:
3383 694 3506 754 apte

1929 787 1992 828 ac
2015 773 2394 830 convenienter
2419 773 2658 842 adjacent
2682 776 2925 830 sensibus
2949 817 2963 840 ,
2993 776 3079 830 lux
3105 816 3117 840 ,
3147 791 3251 829 nox
3274 775 3290 806 ί
3320 816 3336 838 ,
3362 789 3508 829 aura:

1929 864 2209 935 spirabiles
2232 905 2250 932 ,
2279 879 2430 934 aqua;
2459 865 2712 933 potabiles
2734 908 2748 930 ,
2779 876 2834 922 et
2860 867 3110 938 quidquid
3138 866 3203 921 ad
3229 866 3504 933 alendutn,

1931 955 2237 1025 tegendum,
2265 955 2557 1010 curandum
2581 956 2980 1026 ornandumque
3009 974 3202 1028 corpus
3222 959 3465 1027 congruit
3489 971 3504 1009 :

1931 1061 1997 1102 eo
2025 1056 2176 1116 pacto
2201 1045 2525 1114 aequissimo,
2549 1054 2604 1100 ut
2624 1047 2712 1116 qui
2738 1047 2974 1102 mortalis
3000 1049 3192 1102 talibus
3217 1044 3368 1104 bonis
3391 1039 3508 1116 paci

1932 1137 2238 1192 mortalium
2265 1136 2679 1191 accommodatis
2721 1147 2866 1191 recte
2897 1154 3019 1191 usus
3049 1137 3245 1206 fuerit,
3287 1137 3510 1208 accipiat

1933 1228 2189 1297 ampliora
2235 1236 2393 1296 atque
2435 1220 2654 1281 meliora
2680 1268 2696 1293 ,
2742 1227 2909 1297 ipsam
2953 1227 3157 1283 scilicet
3197 1228 3512 1283 immortali-

1935 1318 2058 1371 tatis
2081 1333 2286 1386 pacem,
2317 1318 2472 1386 eique
2497 1319 2900 1373 convenientem
2925 1319 3148 1388 gloriam
3175 1328 3229 1374 et
3253 1319 3512 1374 honorem

1937 1407 1990 1461 in
2038 1407 2144 1460 vita
2189 1417 2386 1461 teterua
2434 1407 2499 1460 ad
2549 1408 2828 1462 fruendum
2877 1409 3024 1472 Deo,
3071 1419 3125 1463 et
3171 1410 3414 1478 proximo
3459 1411 3513 1465 in

1940 1499 2049 1553 Deo
2080 1517 2092 1552 :
2125 1499 2214 1569 qui
2240 1509 2418 1554 autem
2449 1515 2725 1570 perperam
2751 1540 2766 1568 ,
2795 1515 2893 1556 nec
2918 1501 3006 1554 illa
3031 1500 3296 1570 accipiat,
3323 1509 3378 1556 et
3402 1500 3516 1556 lucc

1937 1590 2160 1644 amittat.

1937 1699 2161 1756 CAPUT
2190 1700 2330 1756 XIV.
2361 1725 2431 1743 -ι-
2459 1700 2536 1756 De
2560 1703 2736 1757 ordine
2758 1720 2820 1757 ac
2848 1703 2954 1776 lege
2975 1744 2991 1770 ,
3021 1706 3126 1760 sive
3165 1704 3353 1760 caelesti
3375 1744 3392 1771 ,
3418 1705 3520 1761 sive

2009 1803 2225 1858 terrena,
2250 1811 2340 1864 per
2362 1811 2512 1864 quant
2533 1796 2757 1850 societati
2780 1796 3015 1851 humana:
3035 1797 3185 1851 etiam
3211 1797 3522 1852 dominantia

2007 1887 2305 1966 consulitur,
2327 1886 2410 1939 cui
2428 1895 2476 1941 et
2495 1887 2802 1942 consulendo
2821 1889 3051 1942 servitur.

2007 1996 2192 2052 Omnis
2234 1998 2391 2066 igitur
2418 2007 2547 2052 ttsus
2575 2014 2753 2053 rerum
2797 1998 3166 2069 temporalium
3193 1998 3428 2054 refertur
3451 1997 3519 2054 ad

1937 2085 2165 2140 fructum
2193 2096 2420 2142 terrente
2446 2088 2592 2157 pacis
2619 2089 2670 2142 in
2696 2087 2907 2143 civitate
2947 2100 3155 2144 terrena
3189 2105 3203 2142 :
3236 2089 3289 2142 in
3313 2087 3520 2145 ctelesti

1937 2187 2113 2232 autem
2161 2179 2375 2234 civitate
2421 2177 2652 2233 refertur
2699 2178 2766 2233 ad
2815 2179 3043 2234 fructum
3092 2181 3237 2250 pacis
3281 2189 3518 2235 alterum.

1937 2271 2270 2341 Quapropter
2303 2271 2348 2326 si
2395 2271 2720 2327 irrationalia
2747 2287 2988 2327 essemus
3029 2273 3316 2328 animantia
3342 2316 3358 2340 ,
3389 2273 3521 2330 nihil

1937 2371 2310 2430 appeteremus
2334 2368 2527 2430 praeter
2541 2360 2836 2417 ordinatam
2865 2371 3273 2434 temperaturam
3294 2365 3522 2434 partium

1936 2451 2177 2520 corporis
2204 2459 2258 2505 et
2291 2451 2528 2520 requiem
2553 2453 2939 2522 appetitionum
2973 2469 2986 2505 :
3020 2454 3150 2508 nihil
3175 2469 3304 2523 ergo
3331 2463 3523 2524 praeter

1937 2543 2170 2612 quietem
2196 2542 2372 2596 carnis
2397 2550 2451 2596 et
2477 2543 2684 2611 copiam
2710 2543 3064 2612 voluptatum,
3086 2553 3145 2597 ut
3164 2545 3185 2575 ⁸
3209 2558 3308 2612 pax
3333 2555 3524 2614 corpo-

1937 2633 2011 2688 ris
2037 2632 2314 2702 prodesset
2338 2632 2453 2702 paci
2479 2634 2694 2688 animm.
2718 2635 2774 2688 Si
2800 2636 2942 2690 enim
2964 2635 3099 2690 desit
3129 2650 3230 2705 pax
3259 2636 3522 2705 corporis,

1937 2723 2224 2793 impeditur
2241 2723 2400 2778 etiam
2420 2724 2742 2780 irrationalis
2768 2741 2869 2795 pax
2893 2727 3115 2790 animae;
3134 2726 3257 2796 quia
3285 2727 3524 2796 requiem

1937 2818 2322 2888 appetitionum
2351 2817 2606 2888 consequi
2647 2834 2754 2872 non
2797 2828 2993 2889 potest.
3027 2818 3321 2888 Utrumque
3346 2829 3526 2875 autem

1937 2911 2097 2964 simul
2122 2911 2170 2965 ei
2199 2910 2311 2980 paci
2341 2910 2577 2980 prodest,
2609 2927 2767 2981 quam
2801 2912 2940 2966 inter
2966 2926 3023 2966 se
3050 2911 3246 2966 habent
3271 2912 3445 2967 anima
3470 2920 3527 2968 et

1937 3016 2132 3071 corpus
2157 3041 2172 3065 ,
2203 3000 2252 3055 id
2281 3009 2362 3056 est
2385 3043 2400 3067 ,
2430 3001 2687 3056 ordinata:
2711 3003 2831 3057 vita:
2857 3017 2920 3056 ac
2963 3001 3166 3057 salutis.
3194 3002 3343 3057 Sicut
3381 3003 3524 3061 enim

1938 3107 2121 3162 pacem
2149 3093 2388 3161 corporis
2415 3108 2596 3147 amare
2635 3107 2695 3147 se
2724 3092 3013 3146 ostendunt
3039 3093 3329 3147 animantia
3355 3135 3370 3157 ,
3400 3109 3525 3148 cum

1939 3185 2141 3255 fugiunt
2157 3185 2416 3250 dolorem;
2439 3195 2488 3238 et
2508 3199 2688 3254 pacem
2707 3185 2920 3251 animae,
2939 3201 3060 3241 cum
3081 3196 3297 3256 propter
3311 3188 3525 3256 explan.

1937 3275 2034 3332 das
2071 3275 2386 3346 iudigentias
2409 3276 2790 3347 appetitionum
2811 3279 3152 3350 voluptatem
3179 3289 3473 3346 sequuntur
3505 3295 3522 3333 :

1938 3366 2009 3421 ita
2053 3375 2278 3422 mortem
2309 3366 2555 3437 fugiendo
2584 3369 2712 3422 satis
2742 3367 2977 3423 indicant
3018 3378 3272 3439 quantum
3299 3369 3523 3439 diligant

1937 3478 2123 3533 pacem
2149 3503 2164 3529 ,
2193 3479 2294 3534 qua
2330 3463 2430 3518 sibi
2475 3463 2826 3518 conciliantur
2852 3465 3027 3518 anima
3071 3473 3125 3518 et
3167 3478 3380 3533 corpus.
3414 3463 3524 3518 Sed

1937 3553 2061 3622 quia
2089 3552 2290 3608 homini
2319 3553 2591 3608 rationalis
2617 3555 2793 3608 anima
2838 3554 3011 3621 inest,
3044 3563 3210 3609 totum
3241 3555 3341 3608 hoc
3381 3552 3522 3624 quod

1937 3642 2098 3699 habet
2124 3660 2410 3699 commune
2435 3661 2554 3699 cum
2585 3645 2768 3699 bestiis
2791 3685 2807 3711 ,
2851 3645 3027 3700 subdit
3057 3645 3173 3714 paci
3215 3647 3406 3699 anima:
3432 3653 3521 3698 ra-

1939 3736 2171 3800 tionalis,
2203 3745 2260 3790 ut
2286 3745 2464 3791 mente
2487 3736 2682 3805 aliquid
2711 3737 3118 3805 contempletur.
3149 3746 3202 3791 et
3229 3736 3520 3795 secundum

1936 3829 2040 3884 hoc
2063 3827 2263 3898 aliquid
2291 3838 2410 3898 agat
2435 3869 2449 3892 ,
2494 3836 2549 3880 ut
2573 3829 2641 3880 sit
2665 3829 2713 3881 ei
2741 3829 2980 3882 ordinata
3008 3830 3327 3899 Cognitionis
3351 3831 3521 3884 actioa-

1936 3920 2126 3991 nisque
2154 3919 2436 3974 consensio
2459 3961 2474 3984 ,
2503 3935 2660 3989 quam
2690 3934 2871 3989 pacein
2901 3913 3178 3975 rationalis
3219 3922 3410 3977 anima:
3435 3922 3522 3976 di-

1936 4024 2204 4064 xeramus.
2235 4009 2316 4065 Ad
2346 4011 2444 4064 huc
2471 4011 2611 4064 enim
2655 4011 2792 4066 velle
2817 4011 2976 4066 debet
3018 4029 3115 4067 nec
3142 4012 3328 4068 dolore
3356 4013 3522 4070 mole-

1934 4100 2086 4167 stari,
2116 4115 2213 4154 nec
2243 4099 2508 4155 desiderio
2537 4101 2853 4170 perturbari,
2878 4117 2979 4156 nec
3005 4113 3174 4157 morte
3200 4103 3442 4171 dissolvi,
3465 4115 3524 4162 ut

1933 4194 2130 4264 aliquid
2155 4193 2284 4248 utile
2301 4203 2606 4263 cognoscat,
2624 4202 2678 4248 et
2701 4194 2993 4249 secundum
3019 4210 3136 4250 eam
3162 4197 3521 4266 cognitionem

1935 4285 2096 4338 vitam
2140 4299 2421 4355 moresque
2467 4295 2772 4355 componat.
2805 4285 2910 4341 Sed
2956 4301 3024 4341 ne
3067 4288 3184 4357 ipso
3225 4289 3404 4344 studio
3431 4305 3524 4346 co-

1933 4375 2187 4446 gnitionis
2238 4385 2454 4445 propter
2505 4375 2752 4431 humana:
2802 4377 2997 4432 mentis
3049 4377 3410 4434 inﬁrmitatem
3465 4381 3520 4437 in

1934 4478 2138 4539 pestem
2157 4468 2382 4539 alicujus
2397 4470 2596 4524 erroris
2615 4471 2868 4534 incurrat,
2888 4485 3024 4538 opus
3042 4469 3198 4526 habet
3214 4472 3522 4541 magisterio

1934 4563 2114 4622 divino
2138 4603 2152 4627 ,
2183 4562 2268 4617 cui
2295 4572 2474 4617 certus
2493 4562 2864 4639 obtemperet,
2893 4572 2946 4616 et
2972 4561 3239 4632 adjutorio
3262 4604 3279 4630 ,
3307 4573 3362 4618 ut
3384 4563 3522 4620 liber

1934 4655 2288 4725 obtemperet.
2318 4653 2387 4708 Et
2411 4653 2684 4724 quoniam,
2709 4654 2962 4724 quamdiu
2988 4664 3071 4710 est
3097 4655 3147 4709 iu
3177 4656 3281 4710 isto
3307 4657 3517 4712 mortali

1933 4760 2178 4816 corpore,
2204 4745 2570 4816 peregrinatur
2597 4761 2628 4800 a
2661 4745 2884 4798 Domino
2909 4761 2924 4810 ;
2953 4746 3190 4800 ambulat
3214 4763 3310 4818 per
3337 4747 3518 4816 fidem,

1935 4851 2042 4890 non
2068 4851 2162 4905 per
2190 4835 2421 4904 Speciem
2440 4835 2505 4908 (ll
2523 4835 2640 4890 Cor.
2659 4851 2711 4903 v,
2737 4837 2770 4891 6
2787 4846 2833 4890 et
2855 4837 2943 4909 7):
2969 4853 3032 4894 ac
3058 4854 3152 4908 per
3177 4839 3278 4892 hoc
3305 4854 3520 4895 omnem

1935 4941 2119 4998 pacem
2146 4927 2230 4982 vel
2272 4927 2514 4996 corporis
2537 4967 2553 4992 ,
2584 4927 2667 4982 vel
2711 4928 2902 4983 animae
2924 4969 2941 4996 ,
2971 4929 3054 4983 vel
3081 4929 3236 4982 simul
3280 4931 3524 4999 corporis

1933 5025 1989 5073 et
2013 5017 2225 5085 animm,
2252 5019 2416 5073 refert
2440 5017 2506 5072 ad
2535 5017 2675 5072 illam
2706 5034 2911 5088 pacem,
2936 5034 3055 5089 qua:
3081 5018 3284 5072 homini
3310 5021 3520 5076 mortali

1935 5116 2019 5164 est
2043 5124 2163 5162 cum
2193 5109 2479 5163 immortali
2510 5109 2653 5176 Deo;
2689 5118 2745 5162 ut
2768 5108 2818 5163 ei
2848 5110 2917 5162 sit
2943 5108 3184 5163 ordinata
3209 5110 3262 5163 in
3291 5109 3395 5165 fide
3421 5110 3522 5166 sub

1937 5209 2140 5256 teterna
2165 5199 2282 5270 lege
2307 5199 2632 5254 obedientia.
2673 5197 2791 5252 Jan)
2823 5213 2949 5252 vero
2973 5199 3093 5268 quia
3119 5198 3226 5253 duo
3253 5196 3520 5270 praecipua

1937 5299 2202 5362 pracepta
2225 5331 2240 5356 ,
2289 5290 2391 5345 hoc
2415 5298 2536 5356 est,
2579 5288 2918 5343 dilectionem
2947 5288 3041 5343 Dei
3085 5299 3141 5343 et
3179 5289 3518 5346 dilectionem

1937 5382 2166 5453 proximi
2191 5425 2206 5450 ,
2236 5383 2393 5437 docet
2417 5383 2668 5450 magister
2693 5380 2870 5442 Deus;
2900 5379 2954 5434 in
2980 5381 3170 5450 quibus
3198 5383 3296 5435 tria
3322 5379 3525 5437 invenit

1940 5475 2101 5530 homo
2129 5488 2247 5543 quae
2271 5473 2493 5543 diligat,
2526 5473 2690 5527 Deum
2715 5511 2730 5536 ,
2759 5485 2818 5525 se
2845 5470 3017 5541 ipsum
3038 5512 3054 5538 ,
3083 5481 3138 5527 et
3178 5473 3477 5543 proximum
3503 5483 3520 5538 ;

1998 5656 2014 5686 ί
2057 5653 2129 5700 sic
2163 5663 2233 5715 ex
2250 5651 2534 5701 auctoritate
2559 5659 2664 5702 Mss.
2691 5651 2960 5715 legendum
2994 5653 3173 5715 iudicat
3195 5652 3375 5715 alorci,
3415 5651 3496 5701 Elo

1933 5721 2086 5764 ment.
2129 5713 2303 5772 critic”
2333 5725 2443 5774 pag.
2492 5715 2596 5762 153.
2639 5720 2691 5764 In
2725 5713 2794 5776 nl,
2821 5713 2908 5765 tua:
2944 5713 3038 5766 ista
3074 5713 3271 5765 visibilis
3295 5751 3308 5775 ,
3352 5725 3520 5776 aurw,

1937 5782 2032 5825 etc.
2098 5781 2156 5822 Μ.

2000 5838 2021 5868 θ
2044 5836 2148 5884 Sola
2171 5833 2320 5884 editio
2337 5841 2448 5885 Lor.
2469 5842 2532 5902 et.
