4062 6490
549 397 654 458 643

550 503 709 583 atque
738 510 825 566 ille
855 507 906 565 in
935 523 992 563 se
1020 492 1286 577 diligendo
1312 508 1414 559 non
1442 511 1583 558 errat
1610 505 1698 575 qui
1724 503 1894 575 diligit
1922 505 2084 559 Deum
2111 521 2124 558 :

551 619 885 672 consequens
934 609 1052 665 est,
1100 607 1160 652 ut
1201 596 1363 653 etiam
1410 595 1653 667 proximo
1695 596 1760 650 ad
1807 596 2128 665 diligendum

551 694 719 750 lleum
746 691 1007 753 consulat,
1031 699 1189 760 quem
1215 688 1428 758 jubetur
1452 681 1589 741 sicut
1614 701 1672 742 se
1693 687 1863 757 ipsum
1888 687 2125 756 diligere.

549 785 640 842 Sic
668 785 838 848 uxori,
867 784 943 837 sic
971 782 1109 848 ﬁliis,
1141 782 1218 836 sic
1243 781 1572 846 domesticis,
1600 781 1678 834 Sic
1703 776 1912 834 caeteris
1941 777 2131 848 quibus

545 875 780 946 potuerit
822 873 1162 937 hominibus;
1209 879 1265 926 et
1309 871 1374 926 ad
1420 871 1521 925 hoc
1562 870 1662 924 sibi
1693 886 1722 923 a
1754 870 1997 939 praximo
2023 912 2036 935 ,
2085 869 2128 924 si

546 965 685 1022 forte
711 966 948 1036 indiget,
977 964 1181 1020 consuli
1207 963 1335 1018 velit
1366 979 1380 1016 :
1411 977 1474 1017 ac
1500 969 1593 1032 per
1619 956 1720 1015 lloc
1746 961 1848 1016 erit
1877 969 2089 1030 pacatus
2114 1000 2127 1024 ,

545 1065 804 1128 quantum
832 1058 883 1110 in
928 1057 1045 1127 ipso
1069 1063 1153 1111 est
1173 1097 1188 1121 ,
1219 1054 1362 1109 omni
1391 1052 1591 1108 homini
1617 1093 1631 1118 ,
1660 1067 1788 1123 pace
1815 1050 2086 1106 hominum
2111 1062 2128 1118 ς

543 1147 598 1203 id
625 1157 706 1203 est
727 1147 968 1202 ordinata
995 1145 1278 1202 concordia
1299 1161 1312 1197 :
1333 1145 1484 1214 cujus
1510 1144 1596 1199 hic
1621 1143 1751 1198 ordo
1774 1151 1877 1209 est,
1901 1145 2128 1212 primum

545 1246 605 1293 ut
633 1238 763 1293 nulli
806 1228 1034 1303 noceat,
1062 1234 1256 1292 deinde
1283 1243 1339 1290 ut
1377 1237 1534 1289 etiam
1559 1235 1727 1306 prosit
1752 1235 1836 1289 cui
1875 1225 2126 1304 potuerit;

543 1329 796 1384 Primitus
840 1337 968 1399 ergo
993 1328 1132 1383 inest
1173 1328 1222 1381 ei
1250 1341 1466 1381 suorum
1510 1341 1635 1380 cura
1671 1342 1684 1379 :
1715 1324 1782 1379 ad
1817 1340 1910 1379 eos
1936 1319 2130 1393 quippe

547 1419 708 1475 habet
723 1420 1159 1490 opportuniorem
1173 1417 1568 1486 facilioremque
1583 1415 1782 1470 aditum
1797 1416 2126 1481 conSulendi,

547 1510 636 1564 vel
684 1518 887 1565 natura:
932 1509 1156 1571 ordine,
1203 1508 1288 1563 vel
1336 1507 1501 1576 ipsius
1546 1506 1816 1562 societatis
1861 1505 2126 1560 humanrc.

546 1601 700 1657 Unde
726 1601 1011 1671 Apostolus
1035 1600 1161 1655 dicit
1192 1617 1204 1652 :
1241 1599 1478 1668 Quisquis
1502 1609 1668 1652 autent
1692 1599 1818 1664 suis,
1844 1607 1889 1652 et
1915 1598 2131 1652 maxime

547 1693 840 1747 domesticis
858 1709 958 1746 non
988 1692 1210 1762 providet
1233 1732 1247 1756 ,
1276 1692 1428 1759 ﬁdem
1455 1691 1666 1761 denegat
1691 1729 1706 1756 ,
1748 1698 1794 1742 et
1837 1700 1907 1743 est
1933 1690 2131 1758 inﬁdeli

547 1784 820 1855 deterior(l
844 1783 977 1837 Tim.
997 1799 1048 1846 v,
1067 1782 1122 1854 8)
1163 1782 1298 1836 Hinc
1325 1783 1504 1851 itaque
1531 1783 1688 1835 etiam
1718 1787 1820 1850 pax
1837 1779 2128 1835 domestica

545 1875 735 1941 oritur,
769 1873 820 1927 id
850 1882 951 1939 est,
983 1872 1221 1926 ordinata
1254 1871 1547 1942 imperandi
1576 1870 1966 1940 obediendiqne
1992 1885 2125 1923 coa-

543 1965 726 2018 cordia
752 1963 1191 2018 cohabitantium.
1223 1963 1491 2030 Imperant
1519 1961 1660 2016 enim
1685 1961 1772 2030 qui
1801 1959 2085 2015 consulunt
2109 1975 2123 2012 :

541 2056 679 2111 sicut
705 2056 787 2109 vir
824 2055 985 2110 uxori
1009 2097 1024 2115 ,
1057 2062 1306 2124 parentes
1335 2053 1495 2118 ﬁliis,
1525 2051 1726 2106 domini
1768 2051 1960 2106 servis.
1990 2047 2129 2105 Obe-

543 2148 698 2202 diunt
737 2156 913 2202 autem
941 2146 1132 2216 quibus
1175 2135 1470 2200 consulitur
1501 2161 1515 2198 :
1550 2144 1689 2198 sicut
1733 2142 1986 2197 mulieres
2015 2157 2128 2195 ma-

539 2237 660 2292 ritis
683 2277 698 2302 ,
732 2237 824 2291 ﬁlii
871 2236 1218 2306 parentibus,
1251 2237 1394 2290 servi
1437 2233 1688 2288 dominis.
1717 2233 1821 2288 Sed
1866 2233 1917 2287 in
1965 2232 2126 2287 domo

537 2325 669 2396 justi
697 2327 926 2383 viventis
953 2342 1013 2382 ex
1063 2327 1163 2381 fide
1189 2368 1204 2392 ,
1233 2336 1290 2381 et
1325 2325 1501 2380 adhuc
1543 2326 1610 2378 ab
1639 2325 1725 2379 illa
1751 2324 1954 2378 cmlesti
1998 2324 2127 2378 civi-

542 2427 654 2474 tate
701 2419 1124 2489 peregrinantis,
1178 2418 1338 2472 etiam
1387 2416 1477 2485 qui
1527 2418 1826 2485 itnperant,
1883 2416 2126 2469 serviunt

541 2510 662 2575 eis,
695 2510 885 2579 quibus
930 2509 1179 2564 videntur
1222 2507 1506 2578 imperare.
1537 2509 1719 2576 Neque
1765 2508 1905 2561 enim
1949 2506 2124 2561 domi-

543 2601 704 2656 nandi
748 2601 1038 2668 cupiditate
1085 2603 1387 2670 imperant,
1419 2598 1512 2653 sed
1561 2599 1741 2652 ofﬁcio
1769 2598 2120 2663 consulendi;

543 2706 642 2746 nec
691 2692 1019 2762 principandi
1065 2691 1353 2762 superbia,
1404 2690 1498 2744 sed
1547 2687 1864 2760 providendi
1910 2687 2124 2742 miseri-

538 2783 741 2839 cordia.

540 2895 768 2952 CAPUT
796 2896 912 2952 XV.
943 2927 1014 2938 --
1041 2897 1118 2951 De
1155 2896 1380 2950 libertate
1405 2889 1627 2950 naturali
1651 2935 1664 2958 ,
1695 2894 1740 2948 ei
1767 2893 1828 2947 de
1853 2893 2084 2948 seruitute
2103 2925 2126 2960 ,

613 2989 760 3058 cujus
806 2989 968 3058 prima
996 3005 1150 3042 causa
1196 2998 1453 3059 peccatum
1495 2997 1567 3041 est
1593 3029 1606 3052 ,
1639 3003 1739 3058 qua
1781 2987 1930 3040 homo
1976 2986 2125 3040 mala:

611 3075 883 3132 uoluntatis
899 3077 1093 3132 etiamsi
1119 3095 1217 3131 non
1233 3087 1306 3132 est
1332 3077 1637 3147 mancipium
1653 3076 1861 3131 alterius
1881 3076 2119 3142 hominis,

610 3183 778 3222 servus
798 3177 870 3221 est
890 3169 1111 3239 propria:
1134 3168 1376 3222 libidinis.

611 3280 723 3336 IIoc
751 3281 1007 3336 naturalis
1037 3279 1168 3336 ordo
1198 3281 1489 3352 prtescribil
1515 3298 1530 3348 ;
1561 3280 1632 3336 ita
1662 3279 1809 3337 Deus
1851 3278 2120 3336 hominem

539 3375 797 3429 condidit.
845 3375 972 3429 Nam
995 3416 1010 3441 ,
1041 3374 1380 3440 Dominctur,‘
1413 3375 1620 3444 inquit;
1668 3375 1883 3445 piscium
1926 3375 2082 3428 maris
2104 3416 2120 3440 ,

538 3478 586 3522 et
629 3469 907 3522 volatilium
950 3469 1100 3533 caeli,
1129 3467 1172 3520 et
1215 3469 1438 3521 omnium
1484 3468 1760 3537 repentium
1787 3480 1900 3536 qua
1942 3462 2124 3537 repunt

535 3575 687 3630 super
732 3570 916 3614 terram
962 3558 1132 3630 (Gen.
1182 3575 1236 3623 ι,
1266 3557 1401 3628 26).
1434 3556 1762 3612 Rationalem
1809 3556 2006 3611 factum
2052 3555 2120 3611 ad

535 3649 818 3720 imaginem
847 3665 994 3703 suam
1025 3646 1186 3702 noluit
1213 3650 1313 3702 nisi
1344 3647 1792 3702 irrationabilibus
1819 3647 2078 3702 dominari
2103 3663 2116 3698 :

534 3753 642 3796 non
687 3742 957 3796 hominem
1008 3740 1246 3806 homini,
1294 3739 1389 3796 sed
1436 3740 1704 3794 hominem
1750 3740 1948 3808 pecori.
1995 3739 2122 3794 Inde

535 3834 692 3903 primi
739 3834 907 3903 justi,
959 3844 1198 3902 pastores
1247 3848 1498 3902 pecorum
1547 3833 1714 3902 magis
1759 3847 1918 3902 quam
1967 3846 2121 3900 rcges

534 3926 807 3980 hominum
826 3927 1095 3980 constituti
1118 3937 1273 3980 sunt:
1294 3925 1526 3979 utetiam
1546 3924 1623 3979 sic
1645 3924 1935 3978 insinuaret
1957 3924 2114 3987 Deus,

533 4018 658 4087 quid
685 4018 917 4087 postulet
943 4018 1074 4071 ordo
1099 4027 1484 4082 creaturarum,
1513 4015 1638 4086 quid
1666 4015 1842 4083 exigat
1868 4014 2118 4068 meritum

532 4101 892 4177 peccatorum.
911 4107 1156 4162 Conditio
1171 4109 1364 4176 quippe
1383 4107 1655 4161 servitutis
1669 4106 1788 4175 jure
1808 4105 2121 4174 intelligitdr

534 4197 784 4266 imposita
839 4198 1123 4266 peccaturi.
1155 4195 1386 4252 Proinde
1431 4211 1690 4266 nusquam
1722 4194 2117 4263 Scripturarum

529 4288 756 4357 legimus
781 4302 990 4342 servum
1019 4330 1034 4352 ,
1079 4296 1358 4356 antequam
1402 4286 1505 4340 hoc
1530 4285 1786 4339 vocabulo
1811 4285 1923 4340 Noe
1945 4285 2118 4354 justus

529 4391 807 4453 peccaturo
839 4380 927 4434 lilii
955 4379 1247 4434 vindicaret
1275 4377 1397 4452 (Id.
1429 4393 1482 4432 ιχ
1507 4420 1522 4442 ,
1552 4378 1622 4431 25
1639 4376 1680 4450 ).
1711 4377 1912 4431 Nomen
1941 4377 2117 4447 itaque

529 4471 671 4527 istud
696 4473 848 4541 culpa
878 4471 1090 4535 meruit,
1119 4485 1224 4524 non
1250 4478 1455 4523 natura.
1483 4468 1645 4538 Origo
1668 4477 1845 4521 autem
1870 4466 2115 4522 vocabuli

524 4558 805 4620 servorum
836 4563 888 4617 in
918 4563 1076 4617 latina
1104 4562 1279 4632 lingua
1323 4561 1446 4616 inde
1487 4559 1724 4616 creditur
1748 4559 1904 4615 ducta
1929 4601 1945 4626 ,
1973 4559 2115 4630 quod

527 4657 584 4714 hi
632 4659 720 4729 qui
761 4657 880 4727 jure
924 4657 1051 4712 belli
1099 4665 1318 4727 possent
1361 4655 1567 4717 occidi,
1601 4669 1630 4708 a
1662 4653 1952 4708 victoribus
1993 4665 2114 4707 cum

524 4751 893 4812 servabantur,
917 4750 1054 4804 servi
1078 4749 1291 4813 ﬁebant,
1327 4763 1356 4802 a
1386 4747 1645 4802 servando
1667 4745 1948 4816 appellati;
1973 4744 2114 4816 quod

527 4843 686 4897 etiam
716 4842 886 4912 ipsum
916 4841 1032 4895 sine
1053 4840 1250 4910 peccati
1276 4841 1466 4893 merito
1490 4853 1593 4891 non
1620 4846 1721 4892 est.
1748 4837 1878 4892 Nam
1907 4847 1962 4892 et
1989 4841 2113 4892 cum

525 4933 727 5004 justum
775 4933 976 5004 geritur
1021 4930 1257 4996 bellum,
1305 4944 1402 4999 pro
1442 4939 1664 5000 peccato
1706 4939 1760 4984 et
1788 4943 1817 4982 a
1846 4930 2114 4985 contrario

533 5023 815 5078 dimicatur
844 5023 860 5054 ‘
897 5039 910 5075 :
942 5030 995 5077 ct
1018 5021 1192 5076 Omnis
1215 5019 1454 5083 victoria,
1484 5034 1603 5074 cum
1629 5019 1787 5073 etiam
1815 5020 1968 5074 malis
1992 5035 2116 5088 pro-

530 5115 678 5169 venit
700 5155 714 5180 ,
742 5113 921 5169 divino
956 5112 1156 5182 judicio
1180 5113 1347 5167 victos
1385 5111 1630 5166 humiliat
1654 5152 1667 5176 ,
1695 5110 1777 5166 vel
1823 5111 2112 5166 emendans

527 5214 742 5275 peccata
767 5248 782 5272 ,
815 5207 896 5262 vel
939 5207 1185 5275 puniens.
1231 5203 1404 5260 Testis
1431 5212 1516 5260 est
1557 5202 1717 5258 homo
1745 5202 1840 5258 Dei
1887 5202 2108 5268 Daniel,

525 5311 647 5350 cum
689 5297 742 5350 in
789 5297 1093 5366 captivitate
1138 5296 1343 5367 positus
1366 5329 1390 5362 ,»
1411 5303 1627 5365 peccata
1673 5305 1766 5349 sua
1795 5303 1850 5349 et
1893 5303 2110 5363 peccata

525 5388 706 5458 populi
733 5387 814 5441 sui
840 5388 1122 5443 conﬁtetur
1150 5388 1258 5442 Deo
1283 5424 1298 5452 ,
1327 5396 1382 5441 et
1407 5387 1543 5441 hanc
1567 5399 1686 5441 esse
1726 5400 1938 5440 causam
1969 5385 2108 5439 illius

525 5478 844 5548 captivitatis
868 5479 954 5548 pio
977 5479 1159 5534 dolore
1187 5486 1407 5533 testatur
1436 5476 1594 5549 (Dan.
1623 5493 1700 5544 Ix,
1730 5476 1902 5547 5-19).
1930 5477 2107 5532 Prima

527 5583 655 5640 ergo
693 5569 960 5625 servitutis
985 5585 1142 5624 causa
1170 5579 1445 5639 peccatum
1471 5576 1592 5635 est;
1622 5576 1679 5623 ut
1718 5567 1878 5623 homo
1907 5565 2109 5622 homini

594 5682 632 5731 ⁸.
658 5680 792 5730 \‘ind.
818 5688 918 5730 Am.
946 5687 998 5744 et
1036 5681 1217 5744 aliquot
1241 5687 1366 5734 Mss..
1390 5692 1480 5744 pro
1500 5686 1694 5742 peccato
1712 5692 1739 5730 e
1770 5677 2011 5744 contrario
2034 5677 2110 5744 di-

526 5742 751 5812 micetur.
789 5749 863 5791 Er.
892 5750 943 5792 et
958 5743 1038 5812 alii
1059 5738 1255 5812 quidam
1278 5738 1403 5800 Mss,
1427 5738 1519 5804 pro
1539 5738 1992 5812 peccatocontrario
2011 5738 2108 5812 ,αἰ-

519 5805 751 5915 micam?!
769 5831 832 5840 —-
865 5805 1018 5854 Nostri
1039 5801 1250 5863 codices,
1273 5816 1362 5867 pro
1382 5801 1576 5867 peccato
1594 5816 1621 5855 ε
1644 5801 1884 5854 contrario
1902 5801 2107 5853 dimica-

1635 383 1720 445 nt:
1759 377 2077 446 curram
2120 386 2250 453 DEI.
2292 391 2352 447 s.
2389 392 2750 449 AUGITSTINI

3715 392 3820 459 6M

2237 507 2554 562 conditionis
2575 508 2781 562 vinculo
2806 506 3119 563 subderetur
3153 525 3164 562 :
3198 511 3336 580 quod
3365 527 3468 566 non
3500 514 3557 568 ﬁt
3585 514 3685 569 nisi
3711 516 3823 572 Deo

2230 597 2540 668 judicante,
2591 599 2727 670 apud
2757 615 2913 670 quem
2964 615 3067 654 non
3099 610 3181 655 est
3227 602 3476 672 iniquitas
3503 646 3518 671 ,
3569 614 3625 660 et
3669 609 3826 663 novit

2235 688 2475 745 diversas
2524 705 2708 761 ptenas
2759 691 2962 746 meritis
3007 691 3328 748 distribuere
3374 694 3820 766 delinquentium.

2234 781 2383 838 Sicut
2408 792 2583 837 autem
2623 793 2882 854 supernus
2913 783 3166 839 Dominus
3191 785 3354 853 dicit,
3389 786 3566 842 Omnis
3591 791 3680 859 qui
3701 790 3823 858 facit

2235 879 2493 944 peccatum
2518 917 2532 941 ,
2561 892 2728 930 servus
2755 885 2827 931 est
2852 876 3042 945 peccati
3063 878 3083 949 (
3104 875 3260 932 Joan.
3290 895 3379 934 vnt
3402 922 3417 944 ,
3445 879 3557 952 54)
3591 897 3604 933 :
3635 895 3699 936 ac
3725 897 3827 951 per

2236 963 2338 1019 hoc
2363 966 2512 1020 multi
2530 965 2740 1036 quidem
2767 967 2998 1037 religiosi
3018 965 3247 1023 dominis
3273 969 3483 1040 iniquis,
3505 985 3609 1026 non
3640 981 3824 1027 tamen

2236 1055 2416 1110 liberis
2442 1055 2682 1112 serviunt
2712 1074 2726 1112 :
2758 1058 2801 1109 A
2828 1074 2928 1128 quo
2955 1059 3086 1112 enim
3109 1060 3220 1128 quis
3243 1060 3462 1116 devictus
3486 1070 3560 1116 est
3581 1105 3593 1129 ,
3628 1062 3750 1116 huic
3774 1071 3823 1118 et

2233 1163 2402 1202 servus
2427 1149 2656 1203 addictus
2683 1160 2756 1204 est
2784 1149 2850 1222 (II
2880 1148 3024 1205 Petr.
3051 1144 3091 1205 tt
3116 1193 3130 1218 ,
3165 1151 3274 1222 l9).
3308 1152 3374 1207 Et
3402 1154 3582 1224 utique
3609 1153 3822 1210 felicius

2234 1234 2464 1294 Servitur
2506 1239 2706 1294 homini
2731 1281 2747 1306 ,
2775 1255 2933 1309 quam
2975 1240 3179 1295 libidini
3204 1257 3219 1307 ;
3249 1239 3370 1296 cum
3401 1237 3696 1299 ἐξηνὶέείωὸ
3723 1244 3823 1299 (1οτΙι

2233 1329 2436 1384 minatu
2465 1340 2636 1386 vastet
2677 1321 2836 1385 corda
2885 1325 3183 1386 mortalium
3210 1373 3225 1399 ,
3258 1340 3316 1387 ut
3359 1333 3489 1388 alias
3530 1321 3817 1401 omittam,

2232 1411 2398 1476 libido
2445 1421 2558 1493 ipsa
2587 1420 2916 1476 dominandi.
2950 1422 3261 1477 Hominibus
3309 1432 3486 1478 autem
3533 1423 3626 1479 illo
3671 1426 3820 1495 pacis

2233 1513 2457 1577 ordine,
2487 1529 2593 1584 quo
2640 1513 2756 1568 aliis
2802 1505 2891 1567 alii
2943 1512 3168 1583 Subjecti
3221 1523 3382 1580 sunt,
3413 1515 3550 1571 sicut
3599 1516 3820 1584 prodest

2231 1604 2504 1660 humilitas
2556 1603 2913 1660 servientibus
2945 1648 2960 1673 ,
3016 1607 3088 1660 ita
3139 1614 3296 1661 nocet
3345 1607 3590 1675 superbia
3642 1608 3818 1663 domi-

2232 1695 2501 1750 nantibus.
2533 1696 2717 1750 Nullus
2760 1689 2937 1751 autem
2983 1697 3169 1750 natura
3195 1736 3209 1759 ,
3243 1696 3294 1750 in
3340 1711 3442 1766 qua
3487 1697 3634 1767 prius
3678 1698 3817 1753 Deus

2231 1787 2503 1842 hominem
2532 1786 2806 1852 condidit,
2833 1801 3019 1841 servus
3060 1794 3141 1840 est
3167 1785 3434 1850 hominis,
3466 1796 3556 1839 aut
3585 1788 3814 1856 peccati.

2230 1877 2427 1932 Verum
2459 1886 2512 1931 et
2539 1875 2764 1947 pmnalis
2807 1876 3036 1931 servitus
3080 1891 3142 1931 ea
3187 1876 3302 1946 lege
3331 1869 3646 1940 ordinatur,
3695 1893 3816 1947 qua:

2231 1967 2522 2022 naturalem
2542 1967 2782 2022 ordinem
2797 1968 3101 2021 conservari
3124 1966 3295 2036 jubet,
3315 1967 3613 2036 perturbari
3631 1974 3774 2022 vetat
3795 1983 3809 2021 :

2229 2058 2349 2127 quia
2367 2058 2411 2112 si
2437 2067 2619 2113 contra
2647 2054 2764 2111 eam
2791 2057 2958 2127 legem
2977 2072 3083 2110 non
3110 2064 3252 2112 esset
3275 2054 3493 2122 factum,
3511 2055 3642 2110 nihil
3671 2065 3817 2113 esset

2231 2149 2426 2219 poenali
2483 2150 2742 2204 servitute
2798 2148 3175 2203 coercendum.
3238 2147 3468 2216 Ideoque
3522 2149 3815 2218 Apostolus

2229 2239 2388 2294 etiam
2416 2253 2598 2293 servos
2625 2235 2804 2292 monet
2830 2233 3067 2292 Subtlilds
3094 2252 3211 2293 esse
3235 2228 3465 2293 dominis
3490 2239 3600 2292 Suis
3622 2281 3636 2302 ,
3671 2247 3724 2294 et
3747 2255 3815 2294 ex

2227 2331 2408 2384 animo
2427 2330 2516 2406 eis
2541 2345 2659 2383 cum
2689 2328 2824 2382 bona
2845 2323 3116 2383 voluntate
3145 2328 3345 2383 servire
3367 2327 3584 2399 (Epltes.
3614 2345 3685 2394 vt,
3709 2331 3765 2401 5)
3796 2348 3811 2385 :

2227 2431 2289 2478 ut
2338 2407 2576 2487 scilicet,
2610 2422 2653 2475 si
2702 2437 2808 2476 non
2858 2430 3079 2491 possunt
3108 2437 3136 2475 a
3171 2421 3402 2475 dominis
3452 2421 3602 2476 liberi
3651 2420 3810 2488 ﬁeri,

2227 2530 2376 2569 suam
2405 2513 2716 2569 servitutem
2761 2515 2860 2582 ipsi
2891 2514 3280 2583 quodammodo
3306 2509 3529 2568 liberam
3574 2513 3808 2582 faciant:

2227 2618 2332 2660 non
2362 2607 2552 2660 timore
2579 2605 2802 2658 subdolo
2827 2643 2841 2670 ,
2871 2604 2963 2658 sed
3004 2605 3145 2658 ﬁdeli
3173 2597 3460 2660 dilectione
3486 2604 3768 2660 serviendo
3789 2633 3808 2672 ι

2227 2693 2397 2749 donec
2443 2702 2680 2748 transeat
2709 2694 2958 2763 iniquitas
2983 2735 2996 2758 ,
3029 2702 3083 2747 et
3128 2697 3413 2748 etacuetur
3456 2695 3629 2749 omnis
3661 2696 3810 2765 prin-

2227 2784 2430 2855 cipalus
2455 2825 2470 2850 ,
2499 2794 2553 2839 et
2591 2787 2828 2855 potestas
2872 2785 3096 2839 humana
3125 2800 3140 2852 ,'
3171 2793 3225 2839 et
3253 2786 3322 2838 sit
3351 2785 3491 2840 Deus
3534 2788 3712 2841 omnia
3758 2788 3811 2842 in

2227 2875 2494 2930 omnibus.

2389 2985 2611 3043 CAPUT
2652 2985 2789 3042 XVI.
2812 3017 2884 3027 —
2922 2986 2997 3042 De
3021 2992 3164 3058 teque
3182 2989 3305 3060 jure
3331 2987 3623 3042 dominandi

2295 3095 2552 3169 Quocirca
2583 3101 2792 3155 etiamsi
2825 3099 3124 3154 habuerunt
3145 3111 3326 3154 servus
3351 3100 3479 3170 justi
3511 3109 3687 3170 patres
3715 3116 3814 3154 no-

2225 3193 2344 3256 stri,
2362 3193 2438 3246 sic
2467 3190 2681 3260 quidem
2709 3189 3150 3244 administrabant
3168 3193 3184 3220 ¹
3214 3189 3556 3244 domesticam
3577 3203 3768 3266 pacem
3791 3228 3811 3257 ,

2225 3282 2590 3340 utsecundum
2625 3281 2738 3340 hmo
2764 3280 3073 3354 temporalia
3102 3279 3258 3350 bona,
3294 3284 3514 3342 ﬁliorum
3542 3289 3745 3342 sortem
3777 3302 3812 3341 a

2225 3391 2502 3431 servorum
2529 3377 2834 3432 conditione
2871 3377 3256 3448 distinguerent
3286 3378 3302 3444 ξ
3342 3376 3408 3431 ad
3438 3379 3602 3432 Deum
3626 3390 3814 3433 autem

2224 3467 2532 3534 colendum,
2565 3469 2617 3522 in
2643 3484 2749 3538 quo
2778 3477 2978 3522 interna
3005 3469 3141 3522 bona
3172 3469 3435 3537 speranda
3465 3477 3611 3535 sunt,
3634 3471 3812 3524 omnl-

2224 3559 2324 3614 bus
2349 3559 2538 3613 domus
2566 3573 2675 3613 suae
2703 3560 2957 3614 membris
2985 3559 3098 3630 pari
3131 3560 3416 3614 dilectione
3440 3559 3808 3615 consulerent.

2224 3649 2375 3717 Quod
2395 3651 2652 3704 naturalis
2669 3649 2801 3704 ordo
2829 3651 2900 3705 ita
2926 3651 3245 3719 praescribit,
3273 3657 3329 3704 ut
3349 3666 3543 3705 nomen
3568 3660 3811 3721 patrum-

2223 3742 2454 3798 familias
2482 3743 2604 3797 hinc
2629 3753 2872 3796 exortum
2904 3743 3008 3807 sit,
3037 3751 3092 3796 et
3121 3751 3227 3796 tam
3267 3743 3369 3796 late
3400 3743 3672 3812 vulgatum
3694 3785 3710 3808 ,
3751 3753 3812 3798 ut

2223 3835 2403 3904 inique
2431 3834 2590 3889 etiam
2622 3833 2958 3888 dominantes
2991 3833 3094 3888 hoc
3133 3849 3191 3889 se
3230 3833 3496 3904 gaudeant
3526 3835 3808 3904 appellari.

2223 3927 2322 3994 Qui
2343 3935 2518 3981 autem
2543 3927 2653 3981 veri
2675 3926 3085 3994 patreslamilias
3106 3929 3248 3992 sunt,
3268 3927 3513 3980 omnibus
3537 3928 3588 3981 in
3611 3927 3812 3983 familia

2222 4031 2318 4071 sua
2365 4028 2615 4087 tanquam
2666 4018 2786 4071 ﬁliis
2834 4017 2899 4071 ad
2950 4017 3236 4072 colendum
3283 4027 3338 4072 et
3390 4019 3813 4088 promerendum

2226 4107 2390 4162 Deum
2418 4108 2733 4173 consulunt;
2766 4107 3129 4162 desiderantes
3153 4116 3314 4178 atque
3342 4116 3592 4177 Optantes
3622 4109 3815 4164 venire

2224 4199 2288 4254 ad
2311 4199 2582 4255 t-(Blestem
2609 4199 2845 4264 domum,
2869 4199 2954 4253 ubi
2980 4199 3334 4253 necessarium
3358 4215 3464 4253 non
3486 4199 3811 4254 sitoﬂiciunt

2223 4291 2518 4361 imperandi
2550 4291 2884 4354 mortalibus,
2915 4291 3036 4360 quia
3067 4292 3424 4345 necessarium
3453 4306 3561 4345 non
3592 4292 3699 4345 erit
3725 4291 3816 4346 of-

2221 4382 2400 4437 ﬁcium
2432 4382 2743 4437 consulendi
2766 4382 2876 4451 jam
2907 4383 2959 4436 in
2987 4382 3076 4436 illa
3104 4383 3502 4437 immortalitate
3527 4382 3812 4438 felicibus:

2221 4491 2329 4545 quo
2350 4474 2521 4528 donec
2542 4475 2805 4533 veniatur,
2835 4473 3004 4543 magis
3026 4471 3222 4528 debent
3250 4482 3427 4543 patres
3451 4473 3595 4545 quod
3622 4474 3816 4530 domi—

2221 4574 2435 4628 nantur,
2477 4580 2634 4635 quam
2677 4566 2816 4619 servi
2849 4566 3079 4619 tolerare
3105 4562 3246 4634 qUod
3290 4565 3552 4620 serviunt.
3591 4565 3649 4621 Si
3688 4565 3818 4636 quis

2219 4667 2396 4712 autem
2444 4657 2497 4710 in
2538 4655 2700 4711 domo
2739 4669 2836 4726 per
2880 4656 3295 4711 inobedieutiam
3333 4656 3643 4713 domestica:
3692 4660 3817 4728 paci

2219 4747 2551 4814 adversatur,
2595 4747 2904 4816 corripitur,
2934 4762 3028 4801 seu
3057 4745 3220 4801 Verbo
3239 4787 3256 4814 ,
3284 4761 3379 4801 seu
3411 4748 3631 4802 verbere
3653 4788 3669 4812 ,
3714 4764 3818 4804 seu

2218 4837 2456 4908 quolibet
2481 4839 2587 4893 alio
2608 4852 2805 4908 genere
2845 4852 3017 4906 ptenze
3051 4836 3196 4906 justo
3225 4846 3384 4907 atque
3413 4837 3596 4902 licito,
3635 4852 3820 4907 quan-

2220 4940 2329 4984 tum
2356 4930 2586 4984 societas
2615 4929 2846 4982 humana
2875 4928 3154 4992 concedit,
3188 4943 3284 4997 pro
3313 4928 3429 4996 ejus
3454 4927 3541 4997 qui
3571 4928 3820 4996 corripi-'-

2217 5025 2305 5074 tttr
2335 5017 2580 5084 utilitate,
2605 5023 2662 5070 ut
2687 5017 2801 5086 paci
2830 5015 2970 5070 unde
2995 5015 3299 5070 dissiluerat
3320 5024 3616 5083 coaptetur.
3654 5015 3822 5072 Sicut

2217 5111 2362 5166 enim
2394 5124 2498 5164 non
2525 5117 2610 5164 est
2636 5107 3019 5171 beneﬁcentiae,
3049 5106 3351 5177 adjuvando
3376 5105 3591 5162 efﬁcere
3617 5115 3684 5160 ut
3717 5107 3824 5163 bo-

2217 5217 2346 5257 num
2376 5199 2516 5270 quod
2547 5199 2718 5269 majus
2745 5208 2828 5254 est
2854 5198 3163 5264 amittatur;
3197 5198 3268 5252 ita
3298 5212 3400 5252 non
3433 5205 3517 5253 est
3546 5196 3825 5253 innocen-

2221 5295 2306 5350 tia:
2325 5333 2341 5355 ,
2373 5290 2642 5363 parcendo
2672 5291 2851 5346 sinere
2876 5300 2936 5345 ut
2966 5291 3018 5345 in
3050 5291 3242 5345 malum
3269 5289 3481 5361 gravius
3510 5289 3823 5348 incidatur.

2219 5385 2460 5441 Pertinet
2486 5392 2613 5454 ergo
2649 5382 2714 5438 ad
2745 5383 3045 5437 innocentis
3074 5380 3307 5437 ofﬁcium
3328 5424 3342 5446 ,
3369 5397 3476 5438 non
3502 5380 3682 5436 solum
3718 5399 3828 5440 ne-

2217 5475 2347 5532 mini
2370 5476 2566 5530 malum
2596 5475 2812 5539 inferre,
2837 5483 3020 5528 verum
3043 5474 3203 5529 etiam
3223 5473 3477 5532 cohibere
3500 5488 3529 5525 a
3555 5481 3825 5543 peccato,

2219 5567 2298 5623 vel
2330 5566 2521 5637 punire
2552 5573 2855 5635 peccatum;
2886 5573 2942 5618 ut
2967 5572 3059 5618 aut
3086 5565 3200 5633 ipse
3225 5565 3312 5633 qui
3342 5564 3610 5632 plectitur,
3635 5567 3832 5622 corria

2216 5667 2370 5730 gatur
2394 5655 2780 5725 experimento,
2811 5662 2903 5708 aut
2929 5655 3017 5708 alii
3050 5663 3353 5709 terreantur
3375 5653 3646 5722 exemplo.
3673 5655 3830 5724 Quia

2217 5749 2374 5820 igitur
2391 5746 2622 5801 hominis
2639 5745 2830 5800 domus
2852 5744 3056 5799 initium
3080 5744 3192 5798 sive
3219 5743 3473 5813 particula
3495 5741 3658 5800 debet
3687 5759 3832 5804 esse

2285 5863 2300 5893 ³
2335 5868 2461 5920 uss,
2487 5857 2558 5908 sic
2575 5854 2976 5907 administrabant
2996 5883 3010 5917 ,-
3034 5856 3240 5917 omisso,
3264 5853 3474 5915 quidem.
