4062 6482
220 394 318 451 6⁸3

219 506 462 574 civitatis,
493 519 656 562 omne
686 517 860 558 autem
891 501 1096 556 initium
1126 499 1190 556 ad
1217 501 1446 572 aliquem
1478 501 1557 555 sui
1584 501 1798 570 generis

221 601 394 664 finem,
425 605 479 652 et
503 597 684 651 omnis
713 609 835 666 pars
863 592 928 648 ad
957 593 1186 648 universi
1208 634 1222 656 ,
1246 595 1400 662 cujus
1431 608 1552 662 pars
1577 601 1680 652 est.
1715 592 1798 644 in-

219 689 514 760 tegritatem
559 688 791 742 refertur
825 704 838 739 :
871 685 1000 740 satis
1026 695 1250 754 apparet
1280 699 1398 739 esse
1427 699 1762 754 consequens
1781 723 1798 748 ,

217 787 268 834 ut
289 779 354 832 ad
389 793 578 847 pacem
605 777 828 832 civicam
863 792 962 846 pax
989 775 1280 829 domestica
1306 773 1589 838 referatur,
1616 773 1666 828 id
1696 783 1798 842 est,

217 881 268 926 ut
291 870 544 924 ordinata
579 868 876 939 imperandi
907 865 1300 936 obediendique
1327 865 1612 920 concordia
1635 865 1798 918 colza-

219 961 498 1015 bitantium
521 959 783 1014 referatur
802 958 868 1012 ad
897 956 1198 1012 ordinatam
1227 957 1520 1026 imperandi
1548 955 1802 1012 obedien-

219 1051 374 1121 diquc
403 1050 754 1106 concordiam
786 1049 1004 1103 civium.
1043 1048 1113 1102 Ita
1147 1047 1224 1112 ﬁt,
1249 1059 1306 1102 ιιι
1333 1065 1396 1102 ex
1428 1049 1542 1118 lege
1571 1049 1802 1102 civitatis

219 1151 486 1212 pra-cepta
515 1135 730 1196 sumere
759 1135 1195 1209 patremfamilias
1217 1149 1480 1208 oporteat,
1499 1139 1688 1209 quibus
1708 1137 1804 1192 do-

217 1248 352 1288 mum
385 1249 542 1288 suam
569 1233 650 1288 sic
677 1241 826 1303 regat
845 1273 860 1294 ,
899 1221 958 1286 ut
985 1232 1052 1286 sit
1095 1231 1210 1300 paci
1239 1230 1640 1286 accommodata
1671 1232 1686 1262 ⁸
1719 1231 1800 1285 ci-

215 1324 410 1378 vitatis.

217 1433 434 1491 ιιιιιυτ
475 1433 642 1490 XVII.
672 1463 744 1476 -—
804 1433 952 1489 Unde
979 1435 1190 1490 scelestis
1217 1435 1430 1488 societas
1455 1451 1570 1488 cum
1600 1445 1799 1491 terrena

383 1525 592 1578 ciuitate
615 1541 788 1593 pacem
818 1523 1028 1588 habent,
1057 1535 1104 1579 et
1135 1523 1268 1578 unde
1291 1525 1619 1579 disrardian’t.

275 1637 380 1692 Sed
407 1638 599 1692 domus
627 1637 902 1691 hominum
925 1637 1014 1706 qui
1042 1652 1146 1690 non
1169 1631 1354 1691 vivunt
1376 1653 1440 1690 ex
1468 1636 1589 1700 ﬁde,
1616 1653 1798 1708 pacem

217 1737 482 1784 terrenam
513 1745 578 1782 ex
609 1727 765 1793 huius
799 1727 1110 1798 letnporalis
1137 1728 1260 1780 vita:
1287 1727 1446 1781 rebus
1472 1727 1796 1798 commodis-

215 1835 306 1890 que
333 1829 595 1874 sectatur.
629 1821 826 1874 Domus
853 1828 1030 1873 autem
1075 1818 1348 1872 hominum
1381 1833 1446 1872 ex
1481 1819 1584 1874 ﬁde
1609 1820 1794 1874 viven-

216 1913 333 1965 tium
356 1954 372 1977 ,
409 1919 686 1981 CXSpECIilI
714 1929 774 1965 ea
804 1928 922 1980 qum
949 1912 1000 1965 in
1031 1911 1263 1966 futurum
1305 1923 1502 1966 aeterna
1535 1914 1796 1982 promissa

214 2009 348 2068 sunt,
373 2003 712 2072 terreniSque
739 2001 898 2056 rebus
923 2017 984 2056 ac
1011 2001 1390 2067 temporalibus
1408 2009 1654 2072 tanquam
1675 2019 1798 2074 per-

215 2094 384 2162 egrina
414 2097 600 2156 utitur,
631 2109 736 2148 non
777 2093 968 2163 quibus
1015 2093 1256 2162 capiatur
1293 2103 1348 2147 et
1385 2103 1654 2149 avertatur
1693 2111 1800 2166 quo

215 2182 374 2237 tendit
398 2185 452 2238 in
485 2184 672 2250 Deum,
701 2185 794 2240 sed
820 2185 1011 2254 quibus
1037 2195 1365 2239 sustentetur
1390 2187 1454 2239 ad
1485 2187 1688 2242 facilius
1719 2193 1800 2242 to-

213 2273 422 2330 leranda
455 2277 781 2346 minimeque
807 2276 1050 2346 augenda
1078 2293 1240 2330 orn-ra
1270 2278 1508 2348 corporis
1533 2281 1799 2349 corrupti-

213 2363 338 2430 bilis,
369 2365 516 2434 quod
562 2375 818 2436 aggravat
861 2367 1092 2420 animam
1123 2351 1296 2438 '(Sap.
1325 2383 1377 2420 tv
1404 2409 1417 2432 ,
1451 2369 1560 2435 15).
1593 2367 1797 2424 Idcirco

214 2469 376 2510 rerum
413 2459 540 2511 vitze
582 2458 702 2512 huic
732 2457 942 2512 mortali
974 2462 1395 2513 neceSSMiarum
1427 2461 1664 2530 utrisque
1695 2461 1795 2516 ho-

214 2549 438 2603 minibus
459 2552 480 2580 ²
509 2557 562 2604 et
593 2552 802 2620 utrique
831 2550 1012 2604 damni
1057 2551 1354 2606 communis
1385 2559 1468 2607 est
1496 2569 1658 2620 usus;
1702 2555 1798 2610 sed

213 2637 318 2692 linis
349 2639 542 2694 utendi
567 2641 759 2711 cuique
787 2656 916 2696 snns
943 2643 1189 2712 proprius
1209 2684 1222 2706 ,
1257 2643 1587 2713 multumque
1610 2645 1796 2700 diver-

213 2735 308 2782 Stts.
339 2730 417 2784 Ita
446 2731 609 2785 etiam
640 2741 849 2785 terrena
877 2733 1069 2786 civitas
1087 2775 1102 2794 ,
1129 2749 1247 2802 qua:
1273 2749 1378 2787 non
1413 2733 1542 2788 vivit
1569 2753 1632 2789 cx
1659 2736 1762 2792 ﬁde
1780 2779 1796 2802 ,

214 2821 471 2877 terrenam
519 2837 702 2892 pacem
734 2825 966 2892 appetit;
1001 2823 1052 2877 in
1081 2839 1254 2892 eoque
1284 2823 1466 2894 defigit
1495 2825 1794 2896 imperandi

213 2911 600 2983 obediendique
633 2915 976 2969 concordiam
1001 2915 1227 2980 civium,
1257 2925 1314 2969 ut
1339 2916 1410 2970 sit
1437 2916 1516 2971 eis
1543 2917 1610 2972 de
1637 2919 1796 2974 rebus

211 3003 266 3058 ad
301 3005 589 3060 mortalem
629 3007 788 3060 vitam
831 3007 1220 3074 pertinentibus
1261 3007 1615 3062 humanarum
1643 3019 1796 3080 quic-

213 3095 316 3150 dam
358 3097 694 3166 compositio
720 3099 1070 3152 voluntatum.
1101 3097 1298 3152 Civitas
1323 3109 1498 3154 autem
1525 3103 1758 3158 ctelcstis
1779 3146 1794 3169 ,

213 3190 281 3242 vel
310 3191 496 3258 potius
531 3197 652 3260 pars
677 3189 822 3256 ejus.
852 3206 972 3260 qua:
997 3191 1050 3244 in
1073 3191 1170 3245 hac
1198 3192 1523 3248 mortalitate
1552 3195 1790 3264 peregri-

215 3289 370 3345 natur,
397 3291 456 3334 et
501 3279 632 3334 vivit
676 3292 744 3335 ex
785 3279 921 3346 ﬁde,
950 3283 1108 3334 etiam
1154 3282 1250 3334 ista
1293 3297 1420 3351 pace
1459 3299 1680 3340 necesse
1713 3293 1798 3344 est

213 3382 396 3430 utatur.
435 3371 612 3426 deuec
641 3373 751 3442 ipsa
781 3371 863 3426 cui
897 3373 1012 3427 talis
1047 3389 1142 3440 pax
1169 3375 1470 3426 necessaria
1500 3386 1581 3428 est
1601 3417 1616 3440 ,
1645 3391 1794 3432 mor-

213 3462 370 3516 talitas
403 3467 664 3516 transeat.
693 3465 767 3517 Ac
797 3479 889 3532 per
919 3463 1018 3517 hoc
1042 3463 1166 3516 dum
1197 3465 1334 3533 apud
1375 3477 1638 3520 terrenam
1667 3469 1796 3522 civi-

211 3561 379 3616 tatem,
409 3553 554 3606 velut
584 3553 844 3621 captivam
873 3553 1033 3608 vitam
1063 3569 1172 3607 sua:
1199 3555 1636 3624 peregrinationis
1661 3559 1790 3628 agit,

209 3641 302 3712 jam
325 3645 692 3715 promissione
725 3645 1102 3714 redemptionis
1130 3649 1184 3699 et
1210 3645 1351 3699 dono
1381 3647 1636 3716 spirituali
1677 3657 1794 3702 tan-

209 3750 352 3800 quam
385 3736 615 3806 pignore
647 3743 885 3804 accepto,
917 3735 1124 3806 legibus
1155 3745 1379 3790 terrena:
1409 3736 1657 3800 civitatis,
1683 3739 1793 3808 qui-

211 3823 298 3880 bus
339 3827 463 3880 haec
509 3825 972 3892 administrantur,
1015 3841 1133 3894 qua:
1177 3825 1538 3879 sustentaudm
1579 3827 1790 3882 mortali

208 3918 314 3971 vita:
333 3916 744 3972 accouunodata
769 3925 908 3980 sum,
931 3915 1299 3984 obtemperare
1320 3931 1424 3968 non
1451 3915 1654 3969 dubitat
1680 3935 1691 3969 :
1715 3927 1788 3983 ut,

207 4009 450 4076 quoniam
481 4007 782 4062 communis
811 4015 892 4060 est
937 4005 1048 4076 ipsa
1093 4005 1424 4071 mortalitas,
1460 4017 1699 4062 servetur
1739 4008 1791 4062 itt

207 4097 353 4152 rebus
380 4098 454 4152 ad
483 4113 604 4154 eam
639 4097 1026 4166 pertinentibus
1053 4098 1189 4150 inter
1217 4097 1482 4150 civitatem
1514 4105 1793 4164 utramque

205 4185 721 4244 concordia.\'erttttt
745 4189 866 4258 quia
892 4199 1099 4242 terrena
1121 4187 1308 4240 civitas
1334 4185 1516 4240 habuit
1535 4187 1790 4256 quosdam

201 4294 314 4333 suos
343 4282 653 4349 sapientes,
683 4295 816 4348 quos
847 4277 1022 4332 divina
1057 4277 1320 4346 improbat
1347 4277 1622 4346 disciplina
1647 4320 1662 4344 ,
1701 4279 1800 4348 qui,

199 4371 274 4424 vel
297 4371 562 4441 SttSpicati
587 4370 668 4422 vel
697 4369 902 4438 decepti
934 4383 963 4422 a
992 4367 1325 4422 d:l!il|0ttibll5
1351 4367 1632 4422 crederent
1659 4370 1794 4423 mul-

203 4469 271 4516 los
289 4463 424 4518 deos
451 4459 817 4517 conciliandos
844 4471 964 4514 esse
991 4458 1150 4513 rebus
1181 4459 1448 4524 humanis,
1475 4459 1540 4513 ad
1567 4472 1792 4530 quorum

201 4553 400 4609 divolsa
433 4551 836 4624 quodammodo
863 4551 1033 4606 ofﬁcia
1067 4550 1282 4605 diversa
1312 4549 1522 4604 subdita
1556 4553 1791 4619 pertine-

203 4653 328 4709 rent,
353 4646 422 4698 ad
452 4645 624 4698 alium
653 4657 864 4712 corpus,
895 4641 960 4696 ad
991 4641 1154 4694 aliunt
1181 4641 1390 4694 animus
1413 4639 1455 4704 ³,
1493 4641 1651 4710 inque
1681 4641 1794 4709 ipso

198 4748 416 4804 corpore
445 4733 519 4789 ad
549 4733 710 4787 alium
741 4741 901 4802 caput
921 4773 934 4796 ,
968 4730 1034 4785 ad
1074 4731 1234 4784 alium
1261 4731 1438 4785 cervix
1460 4771 1474 4794 ,
1505 4741 1558 4785 et
1601 4742 1792 4786 caetera

201 4825 400 4896 singula
430 4825 502 4878 ad
539 4825 805 4893 singulos;
837 4823 1082 4877 similiter
1111 4823 1160 4875 in
1189 4823 1366 4874 animo
1394 4819 1458 4874 ad
1498 4822 1658 4874 aiium
1705 4823 1789 4876 in-

194 4917 434 4984 genium,
463 4916 536 4970 ad
568 4917 730 4970 alium
774 4915 1038 4978 doctrina,
1069 4911 1133 4968 ad
1173 4911 1334 4966 alium
1377 4912 1485 4976 ira,
1527 4912 1591 4966 ad
1632 4914 1794 4969 alium

195 5007 666 5079 concupiscentia;
702 5006 862 5074 inque
893 5005 1021 5074 ipsis
1049 5005 1210 5059 rebus
1239 5004 1359 5056 vitze
1388 5003 1754 5070 adjacentibus
1775 5043 1790 5074 ,

193 5098 252 5152 ad
281 5101 454 5154 alium
488 5113 674 5168 pecus,
707 5097 770 5150 ad
802 5095 962 5149 alium
996 5095 1267 5160 triticum,-
1299 5093 1364 5148 ad
1393 5095 1554 5148 alium
1587 5095 1788 5162 vinum,

191 5189 252 5246 ad
273 5193 446 5246 alium
479 5193 684 5255 oleum,
718 5189 782 5244 ad
811 5189 972 5244 alium
1001 5187 1174 5254 silvae,
1197 5192 1262 5241 ad
1289 5188 1450 5240 alium
1480 5187 1702 5248 nummi.
1724 5187 1791 5242 ad

245 5371 262 5400 ¹
301 5369 561 5432 Plerique
571 5365 1046 5432 tt:ss.,_aceo_mmoda.

244 5433 266 5464 ³
289 5432 416 5482 ινΛὶιὶ
455 5423 670 5486 'adduut,
686 5423 931 5495 ﬁdelibus
953 5433 998 5476 et
1025 5423 1329 5495 inﬁdelibus,
1361 5423 1454 5474 Sed
1494 5423 1570 5495 his
1590 5431 1794 5495 prteter-

187 5495 342 5544 missis
383 5504 548 5542 nemo
588 5485 703 5540 non'
727 5488 868 5538 facile
919 5485 1148 5550 intelligit
1171 5523 1186 5545 ,
1229 5485 1446 5550 utrisque
1499 5485 1794 5550 Itonit'aibns,

187 5555 364 5604 dictum
389 5567 522 5605 esse
563 5565 652 5616 pro
675 5557 728 5602 et
763 5552 822 5600 iis
843 5551 924 5612 qui
948 5563 1009 5598 ex
1037 5549 1149 5608 ﬁde,
1171 5556 1220 5598 et
1245 5551 1304 5598 iis
1337 5549 1418 5610 qui
1460 5561 1556 5596 non
1592 5561 1657 5596 ex
1699 5549 1795 5599 ﬁde

184 5627 436 5732 "tu
469 5675 543 5724 ad
559 5672 710 5724 alizan
725 5671 938 5722 animum
963 5683 982 5732 ξ
1013 5677 1064 5720 et
1098 5670 1218 5720 infra
1239 5675 1519 5732 constanter
1541 5669 1795 5732 accusandi

183 5752 312 5790 casu.
333 5729 610 5793 ceruicem,
653 5735 940 5793 doctrinam,
964 5731 1106 5791 iram,
1140 5730 1588 5793 concupiscentiam.
1631 5729 1794 5790 siit-as,

183 5801 422 5858 narramus,
451 5791 828 5862 naiigationem,
855 5791 948 5844 etc.
973 5795 1270 5857 castigantur
1308 5791 1366 5841 ad
1389 5793 1586 5853 Regium
1621 5803 1789 5840 mauu-
1832 5791 1838 5797 '

183 5868 442 5924 scriptum.

1456 388 1658 446 LIBER
1697 385 1991 444 DECIMUS
2029 387 2267 446 NONUS.

3385 389 3490 448 6&6

1916 500 2076 552 alium
2111 501 2404 570 navigatio,
2433 499 2496 554 ad
2544 502 2702 555 alium
2749 501 2886 556 bella
2927 513 3088 572 atque
3129 499 3394 567 victoriae,
3423 501 3488 558 ad

1907 591 2069 645 alium
2098 593 2340 662 conjugia
2359 636 2372 660 ,
2400 595 2465 648 ad
2496 595 2656 650 alium
2689 605 2868 666 partus
2894 611 2956 650 ac
2985 595 3280 650 l’ecumlitas
3301 637 3316 658 ,
3343 607 3398 650 et
3423 598 3488 651 ad

1906 683 2043 738 alios
2068 683 2171 739 alia
2197 695 2418 752 eadem;
2453 687 2686 744 ctelestis
2713 699 2891 743 autern
2921 689 3107 744 civitas
3129 703 3289 742 unum
3322 687 3490 744 lieum
3527 673 3531 678 ’

1907 773 2080 828 solum
2111 775 2394 832 colendum
2421 787 2634 846 nosset,
2671 779 2826 849 eique
2857 777 3222 834 tantummodo
3249 778 3490 836 servien-

1913 863 2036 918 dum
2067 867 2321 920 servitute
2353 867 2458 930 illa,
2491 885 2608 936 qua:
2639 885 2812 938 gra-ee
2838 873 3034 938 λατρειὸι
3057 866 3272 936 dicitur,
3299 880 3355 924 et
3383 886 3490 926 non

1907 955 2010 1010 nisi
2043 956 2152 1010 Deo
2182 957 2426 1024 debetur,
2457 959 2598 1014 fideli
2643 961 2836 1028 pietate
2873 969 3115 1015 censeret
3148 961 3228 1032 (a)
3255 979 3268 1015 :
3293 959 3490 1016 factum

1907 1055 2010 1112 est,
2039 1057 2096 1102 ut
2127 1047 2399 1118 religionis
2429 1049 2578 1120 leges
2605 1065 2726 1104 cum
2757 1059 2966 1105 terrena
2995 1053 3206 1107 civitate
3233 1067 3334 1108 non
3363 1067 3491 1122 pos-

1905 1147 1990 1193 set
2032 1139 2228 1195 habere
2267 1155 2618 1208 communes,
2655 1157 2860 1212 proque
2899 1143 2982 1198 his
3009 1144 3075 1198 ab
3103 1139 3166 1200 ea
3205 1145 3492 1202 dissentire

1907 1229 2127 1287 haberet
2145 1247 2384 1302 necesse,
2404 1243 2563 1304 atque
2581 1236 2728 1290 oneri
2751 1250 2870 1290 esse
2885 1235 3094 1316 diversa
3115 1237 3486 1306 sentientibus,

1875 1335 2198 1393 ,eorumque
2229 1325 2334 1379 iras
2358 1335 2412 1380 et
2441 1327 2562 1382 odia
2589 1335 2642 1381 et
2661 1328 3090 1397 persecutionum
3111 1330 3336 1400 impetus
3363 1347 3486 1387 sus-

1907 1412 2097 1480 tinere,
2121 1417 2220 1470 nisi
2249 1431 2370 1474 cum
2411 1419 2622 1474 animos
2647 1420 3046 1476 adversantium
3077 1421 3356 1490 aliquando
3383 1431 3490 1478 ter-

1903 1517 2028 1558 rore
2073 1520 2184 1558 sure
2227 1509 2614 1572 muititudinis.
2649 1519 2704 1564 et
2749 1525 2964 1580 semper
3007 1510 3188 1566 divino
3226 1511 3490 1581 adiutorio

1903 1591 2256 1664 propulsaret.
2299 1597 2424 1654 Have
2461 1614 2588 1669 ergo
2617 1601 2854 1656 caelestis
2879 1603 3072 1658 civitas
3095 1602 3222 1658 dum
3249 1605 3490 1675 peregri-

1903 1693 2062 1738 natur
2092 1686 2142 1739 in
2173 1696 2334 1752 terra,
2361 1703 2426 1743 ex
2453 1691 2700 1746 onniibns
2725 1692 2976 1762 gentibus
2997 1695 3144 1750 cives
3169 1699 3380 1760 evocat,
3405 1704 3492 1749 at-

1903 1789 2008 1844 que
2040 1776 2094 1830 in
2125 1780 2374 1835 onmibus
2403 1781 2598 1852 linguis
2642 1785 2976 1854 peregrinam
3019 1785 3220 1855 colligit
3259 1785 3491 1842 societa-

1905 1877 2044 1934 tem;
2079 1865 2186 1924 non
2215 1885 2412 1928 curans
2435 1875 2690 1944 quidquid
2721 1875 2772 1929 in
2799 1875 3054 1942 moribus,
3084 1878 3310 1949 legibus,
3339 1879 3492 1934 insti-

1903 1961 2140 2030 tutisque
2167 1963 2434 2018 diversum
2457 1975 2558 2028 est,
2579 1965 2769 2034 quibus
2796 1981 2893 2036 pax
2921 1967 3132 2023 terrena
3161 1969 3246 2024 vel
3271 1971 3492 2038 conqui-

1903 2052 2058 2118 ritur,
2083 2055 2162 2108 vel
2195 2063 2434 2120 tenetur;
2469 2057 2598 2110 nihil
2639 2073 2826 2112 eorum
2867 2059 3215 2126 rescindens,
3261 2075 3361 2116 nec
3389 2061 3485 2116 ιΙιι⁴

1903 2151 2116 2198 struens
2139 2185 2154 2210 ,
2189 2145 2298 2199 imo
2337 2146 2496 2200 etiam
2541 2161 2762 2202 servans
2803 2163 2868 2202 ac
2895 2163 3162 2218 sequens:
3193 2151 3334 2222 quod
3365 2150 3492 2206 licet

1901 2233 2168 2290 diversum
2219 2237 2272 2290 in
2319 2236 2550 2294 diversis
2593 2240 2898 2295 nationibus
2925 2281 2940 2305 ,
2983 2241 3050 2296 ad
3096 2257 3262 2297 unum
3307 2249 3488 2298 tamen

1901 2327 2256 2396 eamdemque
2293 2327 2452 2384 tinem
2493 2339 2719 2386 terrena:
2751 2332 2895 2400 pacis
2923 2331 3235 2399 intenditur,
3277 2332 3324 2387 si
3364 2333 3490 2388 reli-

1903 2417 2114 2486 giouem
2157 2433 2259 2487 qua
2303 2435 2440 2474 unus
2483 2437 2726 2474 summus
2771 2430 2828 2476 et
2867 2437 3026 2478 verus
3067 2423 3206 2478 Deus
3229 2423 3492 2479 colendus

1905 2509 2147 2576 docetur,
2182 2526 2288 2564 non
2327 2513 2566 2580 impedit.
2611 2513 2790 2568 Utitttr
2817 2529 2946 2584 ergo
2971 2516 3128 2570 etiam
3156 2515 3390 2570 cmlcstis
3417 2516 3492 2570 ci-

1905 2601 2044 2654 vitas
2083 2601 2134 2654 in
2179 2601 2278 2656 hac
2319 2617 2412 2656 sna
2443 2604 2874 2672 peregrinatione
2909 2621 3040 2674 pace
3066 2617 3313 2674 terrena,
3345 2616 3400 2662 et
3423 2607 3494 2664 de

1905 2691 2067 2746 rebus
2091 2692 2156 2746 ad
2187 2695 2466 2748 mortalem
2497 2695 2772 2750 hominum
2801 2705 3046 2751 naturam
3077 2699 3490 2767 pertinentibus,

1905 2781 2258 2838 humanarum
2311 2785 2642 2840 voluntatum
2695 2788 3178 2856 compositionem,
3231 2799 3490 2858 quantum

1904 2873 2050 2926 salva
2095 2877 2292 2942 pietate
2327 2889 2392 2930 ac
2432 2869 2692 2946 religione
2727 2879 3059 2944 conceditur,
3109 2887 3288 2934 tuetur
3331 2890 3492 2950 atque

1903 2967 2123 3034 appetit,
2155 2981 2380 3036 eamque
2409 2975 2676 3023 terrenam
2710 2985 2894 3038 pacem
2927 2971 3091 3026 refert
3117 2971 3182 3026 ad
3211 2973 3490 3029 ctelestem

1907 3069 2090 3122 pacem
2116 3071 2130 3106 :
2158 3067 2276 3124 qua:
2307 3071 2434 3112 vere
2457 3057 2526 3110 ita
2557 3073 2654 3126 pax
2685 3067 2768 3112 est
2787 3099 2802 3122 ,
2829 3069 2886 3114 ut
2933 3061 3212 3114 rationalis
3232 3061 3492 3118 duntaxat

1905 3153 2166 3200 creatura:
2193 3147 2302 3200 sola
2333 3163 2432 3216 pax
2461 3147 2702 3203 habenda
2727 3155 2886 3218 atque
2908 3149 3132 3204 dicenda
3157 3151 3248 3216 sit,
3273 3151 3490 3207 ordina-

1905 3236 2106 3290 tissima
2153 3237 2358 3291 scilicet
2411 3247 2466 3294 et
2521 3238 2942 3294 coucordisshna
2990 3241 3220 3295 societas
3277 3240 3486 3300 fruendi

1907 3327 2038 3389 Deo,
2066 3333 2122 3380 et
2147 3327 2373 3383 invicem
2401 3330 2454 3383 in
2479 3331 2617 3392 Deo;
2649 3345 2755 3400 quo
2781 3345 2901 3384 cum
2927 3339 3142 3385 ventum
3171 3331 3350 3396 fuerit,
3381 3347 3486 3388 non

1903 3419 2006 3471 erit
2043 3419 2146 3471 vita
2193 3421 2465 3485 mortalis,
2493 3419 2586 3474 sed
2629 3422 2786 3490 plane
2813 3421 2828 3452 ¹
2859 3433 3111 3492 certeque
3134 3423 3342 3486 vitalis;
3387 3431 3486 3477 nec

1901 3523 2096 3578 corpus
2119 3511 2372 3576 animale,
2397 3511 2534 3580 quod
2561 3513 2684 3566 dum
2707 3513 3086 3582 corrumpitur,
3105 3521 3356 3584 aggravat
3379 3515 3487 3570 ani-

1901 3615 2073 3664 mam,
2103 3601 2198 3654 sed
2247 3602 2522 3670 spirituate
2569 3603 2686 3658 sine
2729 3603 2833 3657 ulla
2883 3604 3170 3674 indigentia
3196 3646 3210 3671 ,
3249 3621 3312 3660 ex
3339 3607 3486 3662 omni

1900 3699 2048 3759 parte
2069 3690 2341 3746 subditum
2371 3693 2648 3747 voluntati.
2681 3693 2828 3748 l-lanc
2857 3711 3060 3763 pacem,
3093 3695 3219 3748 dum
3245 3697 3482 3766 pcregri-

1897 3793 2055 3836 natur
2079 3783 2130 3836 in
2155 3783 2280 3850 ﬁde,
2309 3783 2498 3848 habet;
2522 3793 2680 3854 atque
2697 3802 2760 3839 ex
2785 3788 2883 3840 hac
2909 3787 3012 3842 fide
3033 3787 3178 3855 justo
3196 3789 3342 3853 vivit,
3362 3799 3484 3844 cum

1897 3873 1963 3926 ad
1987 3873 2128 3928 illam
2155 3889 2338 3944 pacein
2355 3874 2752 3944 adipiscendam
2771 3877 2931 3930 refert
2947 3878 3200 3948 quidquid
3225 3879 3484 3935 bonarum

1897 3971 2164 4020 actionum
2213 3967 2348 4034 gerit
2389 3983 2514 4037 erga
2559 3967 2724 4020 Deum
2771 3979 2828 4023 et
2875 3971 3198 4038 proximum,
3231 3973 3484 4042 quoniam

1899 4057 2003 4108 vita
2030 4057 2256 4110 civitatis
2285 4057 2468 4126 utique
2497 4057 2710 4112 socialis
2739 4067 2842 4112 est.

1897 4169 2124 4225 CAI‘UT
2163 4169 2348 4226 XVIII.
2375 4201 2444 4212 —-
2486 4167 2650 4240 Quam
2685 4173 2879 4226 diversa
2919 4173 2984 4227 sit
3018 4172 3306 4228 Academia:
3343 4187 3486 4231 nova!

2112 4261 2412 4331 ambiguitas
2439 4279 2469 4314 ιι
2499 4264 2781 4316 constantia
2815 4263 2932 4331 ﬁdei
2960 4265 3268 4318 christianos

1968 4374 2118 4444 Quod
2147 4385 2322 4428 autem
2349 4376 2535 4430 attinet
2563 4375 2627 4430 ad
2661 4375 2802 4428 illam
2829 4373 3206 4436 diﬂ'ercutiam,
3229 4391 3386 4446 quam
3413 4377 3480 4432 de

1899 4467 2238 4522 Academicis
2267 4467 2418 4519 novis
2441 4467 2606 4520 Varro
2633 4465 2893 4528 adhibuit.
2914 4467 3107 4536 quibus
3133 4467 3331 4522 incerta
3360 4477 3484 4524 sunt

1897 4559 2073 4612 omnia
2095 4599 2110 4620 ,
2141 4558 2360 4612 omnino
2395 4559 2582 4610 civitas
2625 4559 2714 4612 Dei
2750 4559 2908 4612 talem
2941 4559 3328 4614 dubitationem
3359 4567 3481 4612 tan-

1897 4664 2052 4718 quam
2087 4647 2406 4704 dcmentiam
2439 4649 2756 4714 detestatur,
2805 4647 3008 4704 habens
3034 4649 3100 4705 de
3128 4651 3287 4706 rebus
3306 4692 3321 4713 ,
3349 4659 3484 4721 qims

1899 4748 2077 4794 mente
2105 4749 2264 4808 atque
2303 4739 2512 4792 ratione
2541 4738 2979 4807 comprehcndit,
3007 4741 3216 4796 etiamsi
3257 4755 3478 4810 parvam

1898 4838 2118 4900 propter
2144 4837 2335 4899 corpus
2363 4831 2707 4899 corruptibile
2727 4871 2742 4896 ,
2765 4829 2904 4900 quod
2931 4842 3182 4902 aggravat
3205 4833 3434 4886 animam
3455 4865 3472 4898 ,

1897 4919 2146 4989 quoniam
2177 4920 2313 4974 sicut
2336 4919 2460 4974 dicit
2491 4923 2798 4990 Apostolus,
2825 4911 2909 4976 Ea:
2929 4933 3072 4992 parte
3089 4925 3274 4977 scintus
3296 4921 3474 4994 (ICor.

1899 5025 2011 5075 xm,
2039 5011 2114 5080 9),
2141 5019 2316 5066 tamen
2344 5013 2700 5068 certissimam
2723 5013 2998 5068 scientiam
3023 5031 3038 5068 :
3059 5013 3332 5084 creditque
3349 5028 3476 5069 sen-

1898 5101 2043 5154 sibus
2091 5100 2144 5156 in
2187 5102 2260 5156 rei
2303 5103 2562 5174 cujusque
2601 5103 2864 5158 evidentia
2888 5145 2902 5167 ,
2935 5103 3125 5172 quibus
3159 5117 3254 5173 per
3279 5115 3478 5176 corpus

1895 5193 2106 5247 animus
2129 5194 2322 5248 utitur:
2347 5196 2596 5265 quoniatn
2619 5195 2972 5249 miserabilius
2991 5193 3208 5262 fallitur,
3227 5195 3315 5265 qui
3339 5213 3478 5251 nun-

1897 5301 2054 5356 quam
2079 5295 2225 5356 putat
2247 5286 2326 5342 cis
2345 5301 2464 5342 esse
2482 5285 2827 5340 credendum.
2847 5285 3030 5340 Credit
3052 5287 3211 5340 etiam
3239 5285 3479 5358 Scriptus

1897 5377 1972 5431 ris
1998 5376 2194 5430 sanctis
2222 5384 2276 5429 et
2305 5376 2568 5430 veteribus
2595 5385 2646 5429 et
2673 5375 2824 5429 novis
2847 5417 2862 5440 ,
2895 5391 3023 5445 quas
3053 5375 3351 5432 Canonicas
3376 5387 3476 5448 apo

1897 5466 2175 5536 pellamus.
2205 5465 2344 5519 unde
2375 5463 2506 5519 ﬁdes
2537 5465 2646 5532 ipsa
2675 5473 2932 5532 concepta
2961 5473 3062 5530 est,
3087 5455 3274 5536 ex'qua
3301 5467 3478 5537 justus

1897 5557 2026 5610 vivit
2053 5554 2316 5626 (Habacuc
2339 5571 2372 5608 ιι
2395 5595 2410 5618 ,
2437 5553 2523 5625 4);
2557 5571 2650 5624 per
2673 5570 2830 5624 quam
2859 5554 2975 5610 sine
3001 5555 3329 5612 dubitatione
3355 5575 3474 5614 am-

1897 5649 2160 5716 bulamus,
2187 5649 2438 5720 quamdiu
2459 5649 2859 5720 pcregrinamur
2879 5663 2908 5703 a
2944 5650 3166 5707 Domino
3187 5651 3253 5724 (Il
3281 5651 3396 5706 Cor.
3418 5661 3468 5720 ν,

1923 5827 1932 5838 ,
1959 5787 1977 5818 ι
2003 5791 2131 5843 t.ev.,
2152 5783 2236 5832 sed
2259 5781 2411 5843 plene.

1965 5849 2036 5908 (a)
2059 5841 2222 5908 supra,
2249 5841 2330 5893 lib.
2355 5845 2402 5904 5,
2427 5855 2530 5906 cap.
2559 5843 2634 5904 15,
2659 5847 2708 5892 et
2731 5841 2816 5893 lib.
2841 5841 2888 5902 6,
2913 5857 3016 5907 cap.
3045 5843 3082 5892 ι.
