4062 6484
315 397 414 455 689

306 514 704 586 qualiscumque
729 518 1105 588 multitudinis,
1130 541 1247 596 quae
1275 532 1452 601 populi
1483 538 1697 594 nomine
1716 539 1874 612 digna

306 619 407 659 non
433 615 536 660 est.
568 608 647 662 Ac
675 625 768 678 per
797 610 895 666 hoc
915 655 927 677 ,
955 615 1001 668 si
1030 619 1326 687 respublica
1358 639 1446 679 res
1482 631 1660 698 populi
1691 608 1793 698 est,
1822 641 1878 689 et

305 698 526 768 populus
556 717 661 756 non
687 707 880 774 estqui
909 722 1172 765 consensu
1205 729 1311 768 non
1341 719 1572 775 sociatus
1598 733 1680 777 est
1703 725 1870 794 juris,

302 803 404 842 non
430 799 512 844 est
541 801 719 848 autem
743 794 851 865 jus,
884 799 971 852 ubi
1000 802 1144 855 nulla
1170 802 1378 874 justitia
1409 818 1528 865 est:
1559 816 1742 881 procul
1779 817 1874 870 du-

299 878 382 932 bio
407 881 709 952 colligitur,
742 887 827 941 ubi
853 889 1057 958 justitia
1088 908 1195 948 non
1224 908 1305 951 est
1328 939 1342 961 ,
1388 915 1490 954 non
1517 878 1636 959 esse
1662 920 1872 974 rempu-

296 969 508 1028 blicam.
555 975 767 1033 Iustitia
809 996 968 1049 porro
991 999 1050 1038 ea
1079 987 1248 1042 virtus
1274 999 1388 1056 est,
1414 1007 1530 1062 quae
1561 1009 1653 1048 sua
1679 997 1872 1068 cuique

294 1065 580 1124 distribuit.
615 1071 743 1137 Qua.-
772 1072 932 1144 igitur
952 1075 1155 1146 justitia
1177 1090 1259 1134 est
1285 1081 1540 1150 hominis,
1560 1103 1678 1156 qua:
1699 1065 1870 1156 ipsum

294 1155 561 1212 hominem
609 1161 721 1216 Deo
764 1181 888 1220 vero
928 1168 1094 1232 tollit,
1123 1179 1176 1224 et
1215 1172 1499 1229 immundis
1540 1176 1870 1238 dmmonibus

291 1247 502 1302 subdit?
531 1251 764 1308 Iloccine
805 1265 888 1310 est
927 1273 1020 1312 sua
1057 1261 1246 1332 cuique
1279 1263 1633 1322 distribuere?
1660 1270 1742 1326 An
1781 1273 1869 1341 qui

289 1339 512 1398 fundum
541 1345 715 1401 aufert
743 1351 788 1401 ei
819 1364 848 1402 a
878 1365 984 1420 quo
1009 1365 1218 1422 emptus
1259 1366 1342 1411 est
1363 1397 1377 1420 ,
1423 1368 1478 1414 et
1517 1360 1677 1415 tradit
1701 1363 1748 1416 ei
1776 1339 1868 1434 qui

289 1433 417 1488 nihil
447 1435 503 1489 in
529 1452 595 1491 eo
625 1436 784 1494 habet
810 1439 978 1510 juris,
1008 1443 1236 1514 injustus
1275 1456 1386 1514 est;
1418 1459 1471 1504 et
1492 1451 1584 1520 qui
1607 1466 1666 1507 se
1695 1433 1867 1522 ipsum

287 1521 460 1578 aufert
494 1525 788 1584 dominanti
829 1530 938 1586 Deo
959 1573 973 1598 ,
1003 1548 1032 1587 a
1057 1550 1163 1605 quo
1190 1535 1359 1593 factus
1389 1549 1503 1608 est,
1532 1550 1586 1600 et
1622 1521 1865 1615 malignis

285 1616 451 1672 servit
475 1620 772 1689 spiritibus,
798 1623 972 1692 justus
1002 1627 1118 1683 est?

349 1710 404 1763 2.
448 1711 762 1783 Disputatur
788 1726 933 1772 certe
975 1721 1232 1780 acerrime
1276 1732 1436 1796 atque
1478 1725 1770 1787 fortissime
1811 1733 1865 1789 in

284 1801 488 1858 eisdem
519 1804 650 1874 ipsis
677 1806 745 1864 de
774 1808 1065 1878 Republica
1092 1812 1239 1868 libris
1267 1816 1528 1874 adversus
1551 1819 1864 1890 injustitiam

283 1908 376 1963 pro
395 1894 624 1964 justitia.
656 1898 721 1952 Et
745 1901 1016 1969 quoniam,
1047 1918 1165 1958 cum
1197 1907 1341 1975 prius
1368 1920 1614 1980 ageretur
1651 1929 1748 1984 pro
1777 1917 1863 1971 in-

276 1986 495 2055 justitiae
538 1990 778 2060 partibus
819 2003 1003 2050 contra
1040 1995 1320 2067 justitiam,
1369 2011 1427 2057 et
1464 2003 1733 2063 diceretur
1760 2009 1861 2066 nisi

279 2093 373 2147 per
425 2079 744 2150 injustitiam
791 2087 1174 2155 rempublicam
1223 2099 1366 2147 stare
1408 2097 1698 2168 augerique
1752 2115 1857 2156 non

277 2184 458 2239 posse;
495 2171 600 2230 hoc
626 2175 789 2231 veluti
831 2178 1211 2235 validissimum
1254 2184 1486 2254 positum
1534 2197 1671 2254 erat,
1717 2191 1860 2260 inju-

275 2270 410 2316 stum
440 2279 583 2331 esse,
613 2275 670 2320 ut
709 2266 950 2324 homines
978 2268 1280 2328 hominibus
1325 2275 1718 2337 dominantibus
1744 2297 1860 2338 ser-

275 2351 445 2420 viant;
473 2371 636 2426 quam
656 2365 832 2413 tamen
854 2359 1163 2430 injustitiam
1182 2363 1283 2419 nisi
1303 2375 1555 2436 sequatur
1575 2368 1857 2441 imperiosa

272 2444 478 2515 civitas,
530 2449 681 2518 cujus
721 2459 802 2504 est
841 2466 1030 2523 magna
1069 2455 1390 2524 respublica,
1419 2472 1524 2514 non
1547 2476 1668 2518 eam
1694 2477 1855 2534 posse

271 2537 558 2605 provinciis
586 2539 850 2609 imperare
885 2560 898 2596 :
930 2558 1244 2615 responsum
1273 2557 1353 2603 est
1377 2563 1406 2603 a
1439 2561 1587 2620 parte
1610 2552 1850 2622 justitiae,

269 2629 385 2685 ideo
407 2630 615 2700 justum
645 2649 782 2701 esse,
829 2637 968 2707 quod
1014 2639 1204 2696 talibus
1250 2641 1558 2700 hominibus
1596 2647 1666 2701 sit
1707 2647 1852 2704 utilis

265 2724 514 2792 servitus,
545 2735 600 2780 et
625 2742 723 2797 pro
751 2727 976 2784 utilitate
1001 2744 1184 2785 eorum
1215 2731 1327 2786 ﬁeri
1355 2748 1474 2788 cum
1520 2744 1664 2791 recte
1691 2737 1767 2802 fit,
1796 2738 1851 2794 id

264 2824 358 2881 est,
387 2829 514 2870 cum
556 2818 810 2886 improbis
859 2819 1096 2876 aufertur
1141 2821 1452 2892 injuriarum
1502 2826 1745 2895 licentia;
1793 2838 1850 2886 et

261 2906 444 2963 domiti
476 2924 535 2964 se
568 2911 757 2965 melius
788 2911 1078 2980 habebunt,
1109 2915 1230 2985 quia
1257 2916 1500 2973 indomiti
1527 2918 1762 2976 deterius
1787 2937 1847 2979 se

262 2999 596 3058 habuerunt:
621 3003 995 3075 subditumque
1023 3016 1126 3073 est,
1158 3015 1215 3062 ut
1238 3008 1335 3063 ista
1360 3009 1496 3064 ratio
1516 3010 1840 3082 ﬁrmaretur,

259 3093 416 3150 veluti
445 3111 476 3150 a
503 3106 692 3151 natura
723 3107 990 3168 sumptum
1022 3101 1198 3156 nobile
1223 3105 1546 3174 exemplum,
1579 3116 1738 3177 atque
1769 3107 1843 3164 di-

257 3195 392 3240 ctum
423 3195 530 3252 est,
561 3186 664 3243 Cur
688 3188 841 3259 igitur
864 3188 1002 3245 Deus
1033 3191 1242 3257 homini,
1271 3195 1468 3250 animus
1493 3197 1705 3267 imperat
1729 3215 1843 3254 cor-

257 3278 379 3346 pori,
427 3279 563 3333 ratio
589 3279 788 3334 libidini
830 3283 1116 3354 scelerisque
1152 3285 1338 3340 vitiosis
1382 3288 1539 3342 animi
1578 3291 1842 3358 partibus?

256 3365 413 3424 Plane
442 3369 547 3423 hoc
576 3372 822 3441 exemplo
851 3375 979 3428 satis
1005 3375 1248 3430 edoctum
1267 3384 1366 3440 est,
1390 3379 1703 3449 quibusdam
1720 3397 1840 3440 esse

254 3457 431 3512 utilem
460 3463 806 3527 servitutem;
837 3473 892 3518 et
919 3462 1028 3518 Deo
1051 3464 1264 3534 quidem
1303 3475 1362 3520 ut
1398 3470 1679 3535 serviatur,
1711 3473 1838 3530 utile

251 3562 366 3603 esse
383 3550 659 3607 omnibus.
683 3551 933 3609 Serviens
953 3564 1130 3610 autem
1159 3556 1268 3613 Deo
1297 3558 1525 3628 animus,
1558 3572 1703 3620 recte
1731 3564 1834 3621 im-

251 3649 396 3708 perat
422 3644 662 3712 corpori,
712 3645 870 3716 inque
918 3647 1033 3717 ipso
1083 3648 1262 3703 animo
1289 3650 1426 3705 ratio
1472 3652 1697 3710 Domino
1721 3657 1834 3714 Deo

247 3731 478 3802 subdita,
509 3746 658 3790 recte
687 3736 916 3809 imperat
940 3739 1144 3794 libidini
1175 3741 1422 3812 vitiisque
1449 3747 1677 3803 caeteris.
1698 3749 1833 3818 Qua-

247 3835 460 3897 propter
479 3828 569 3884 ubi
594 3829 754 3886 homo
774 3832 884 3888 Deo
907 3848 1014 3889 non
1033 3834 1216 3902 servit,
1239 3836 1364 3906 quid
1386 3837 1438 3892 in
1459 3852 1525 3894 eo
1540 3844 1830 3910 putandum

243 3929 467 3976 estesse
491 3923 743 3991 justitiae;
791 3926 1218 3997 quandoquidem
1260 3928 1371 3984 Deo
1415 3945 1520 3986 non
1565 3934 1826 4005 serviens,

243 4012 386 4067 nullo
415 4012 584 4068 modo
614 4023 791 4084 potest
814 4015 957 4085 juste
984 4018 1193 4074 animus
1215 4021 1448 4090 corpori,
1477 4031 1570 4078 aut
1597 4023 1826 4082 humana

240 4106 370 4161 ratio
427 4105 610 4161 vitiis‘
643 4107 942 4178 imperare?
975 4111 1038 4165 Et
1080 4112 1123 4166 si
1154 4112 1209 4170 in
1253 4112 1468 4171 homine
1494 4115 1586 4172 tali
1614 4131 1720 4173 non
1744 4127 1826 4176 est

238 4199 336 4252 ulla
355 4199 588 4268 justitia,
625 4203 806 4272 procul
832 4202 992 4259 dubio
1022 4221 1122 4260 nec
1149 4207 1202 4262 in
1241 4207 1516 4265 hominum
1545 4219 1710 4279 coetu,
1732 4215 1824 4284 qui

234 4303 299 4343 ex
341 4289 656 4348 hominibus
684 4293 876 4350 talibus
901 4305 1130 4352 constat.
1162 4297 1278 4354 Non
1304 4308 1386 4356 est
1414 4300 1500 4358 hic
1526 4317 1655 4374 ergo
1687 4305 1825 4375 juris

235 4382 320 4437 ille
357 4399 676 4452 consensus,
712 4389 798 4458 qui
833 4389 1106 4446 hominum
1137 4393 1528 4451 multitudinem
1567 4399 1820 4468 populum

231 4472 376 4542 facit,
407 4476 566 4546 cujus
592 4493 680 4534 res
708 4479 900 4535 dicitur
927 4496 1047 4538 esse
1098 4483 1420 4555 reSpublica.
1450 4486 1584 4543 Nam
1614 4487 1680 4545 de
1711 4492 1819 4546 uti-

231 4565 375 4623 litate
419 4569 550 4638 quid
595 4569 789 4638 dicam,
820 4572 970 4644 cujus
999 4575 1157 4630 etiam
1185 4579 1558 4637 communione
1587 4581 1821 4640 sociatus

228 4669 399 4714 costus
429 4661 729 4727 hominum,
758 4663 896 4718 sicut
923 4679 982 4719 se
1012 4664 1170 4722 habet
1192 4668 1291 4722 ista
1311 4667 1568 4737 deﬁnitio,
1593 4673 1820 4742 populus

227 4759 604 4827 nuncupatur?
633 4758 884 4826 Quamvis
923 4762 1087 4829 enim,
1138 4764 1180 4819 si
1229 4765 1511 4836 diligenter
1553 4767 1816 4835 attendas,

225 4861 326 4901 nec
353 4849 560 4903 utilitas
585 4850 658 4906 sit
680 4851 783 4906 ulla
802 4852 1117 4921 viventium,
1150 4855 1239 4925 qui
1265 4856 1449 4912 vivunt
1471 4858 1661 4928 impie;
1683 4859 1819 4915 sicut

225 4940 356 4994 vivit
379 4942 560 4996 omnis
580 4943 669 5012 qui
699 4957 804 4998 non
827 4945 989 5000 servit
1011 4947 1142 5011 Deo,
1171 4947 1440 5020 servitque
1461 4949 1816 5020 dtemonibus,

224 5037 372 5083 tanto
419 5033 591 5101 magis
620 5033 818 5105 impiis,
849 5045 1047 5106 quanto
1086 5039 1253 5108 magis
1278 5039 1398 5105 sibi,
1427 5055 1547 5096 cum
1576 5041 1680 5097 sint
1711 5041 1817 5100 im-

220 5124 569 5178 mnndissimi
601 5126 841 5195 spiritus,
875 5137 1124 5200 tanquam
1151 5130 1254 5184 diis
1277 5131 1566 5187 sacriﬁcari
1590 5134 1813 5190 volunt:

220 5222 406 5268 tamen
436 5216 579 5284 quod
609 5216 675 5272 de
695 5218 832 5288 juris
861 5235 1122 5275 consensu
1155 5221 1405 5290 diximus,
1434 5225 1566 5280 satis
1583 5241 1704 5282 esse
1731 5242 1818 5282 ar-

215 5302 417 5367 bitror,
452 5305 595 5360 unde
620 5317 874 5378 appareat
903 5325 997 5380 per
1021 5309 1158 5366 hanc
1186 5310 1546 5370 deﬁnitionem
1573 5331 1678 5372 non
1697 5332 1818 5374 esse

211 5396 504 5465 populum,
529 5397 682 5467 cujus
703 5400 999 5470 respublica
1025 5417 1144 5458 esse
1165 5404 1390 5470 dicatur,
1412 5406 1464 5461 in
1492 5423 1598 5477 quo
1611 5408 1816 5479 justltia

211 5501 325 5540 non
361 5496 463 5540 est.
495 5487 552 5542 Si
581 5489 722 5542 enim
752 5490 937 5546 dicunt
960 5508 1062 5547 non
1091 5495 1364 5563 spiritibus
1393 5497 1698 5563 immundis,
1723 5499 1816 5554 sed

209 5577 317 5631 diis
359 5578 518 5632 bonis
547 5589 708 5650 atque
731 5583 929 5637 sanctis
961 5585 1011 5637 in
1039 5601 1132 5640 sua
1162 5587 1431 5657 republica
1457 5590 1687 5646 servisse
1709 5592 1817 5645 llo-

207 5686 444 5732 manos;
476 5672 733 5741 numquid
757 5673 944 5729 eadem
977 5677 1132 5731 toties
1175 5679 1462 5748 repetenda
1508 5690 1649 5744 sunt.
1697 5700 1816 5753 qua:

201 5759 319 5829 jam
353 5760 509 5825 satis,
544 5762 650 5815 imo
691 5762 827 5816 ultra
872 5780 1028 5834 quam
1072 5767 1202 5823 satis
1243 5778 1346 5839 est,
1391 5769 1658 5827 diximus?
1687 5772 1815 5839 Quis

275 5903 294 5932 ί
323 5897 440 5948 Sola
457 5899 608 5949 editio
625 5905 754 5960 Lov.,
789 5897 913 5950 vitiis
936 5900 1138 5954 cancris.

470 5984 698 6047 SANCT.
742 5986 999 6048 Aveos'r
1074 5987 1182 6050 VII

1471 413 1668 478 LIBER
1707 423 2003 488 DECIMUS
2028 431 2282 495 NONUS.

3455 475 3562 537 650

1982 547 2125 657 enim
2156 551 2221 606 ad
2253 552 2394 614 hunc
2419 559 2590 620 locum
2621 577 2719 637 per
2745 573 3048 643 superiores
3075 580 3231 653 hujus
3275 593 3451 657 operis
3499 597 3565 651 li-

1980 636 2107 742 bros
2155 649 2411 744 pervenit,
2462 657 2549 724 qui
2601 636 2845 720 dubitare
2885 669 3058 727 adhuc
3100 636 3287 744 possit,
3313 636 3480 740 rmalis
3509 697 3564 744 et

1981 730 2201 802 impuris
2248 738 2578 802 daemonibus
2625 755 2852 812 servisse
2890 757 3178 834 Romanos,
3209 770 3309 826 nisi
3355 775 3436 829 vel
3482 779 3567 832 ni-

1982 821 2146 881 mium
2175 829 2417 900 stolidus,
2446 839 2527 892 vel
2556 840 3010 911 impudentissime
3037 821 3401 920 contentiosus
3419 866 3561 925 lScd

1981 923 2037 1025 pt
2070 927 2270 976 taceam
2300 929 2484 994 quales
2528 933 2654 1000 sint,
2700 955 2831 1009 quos
2880 947 3152 1006 sacriﬁciis
3196 954 3470 1025 colebant;
3505 961 3557 1016 in

1979 1006 2094 1078 lege
2121 1014 2232 1067 veri
2262 1015 2355 1072 Dei
2381 1021 2636 1093 scriptum
2681 1040 2781 1096 est,
2823 1033 3132 1106 Sacriﬁcans
3159 1044 3256 1099 diis
3282 1050 3558 1104 eradicabi—

1978 1108 2078 1166 tur,
2120 1104 2218 1158 nisi
2242 1105 2459 1165 Domino
2501 1123 2696 1172 tantum
2737 1121 2926 1192 (Exod.
2957 1104 3090 1196 sx",
3119 1134 3229 1205 20).
3271 1137 3377 1194 Nec
3403 1142 3556 1197 bonis

1977 1190 2152 1262 igitur,
2186 1213 2284 1254 nec
2315 1203 2467 1260 malis
2509 1207 2612 1264 diis
2655 1216 2940 1274 sacrificari
2970 1226 3154 1295 voluit,
3187 1231 3276 1299 qui
3308 1233 3408 1288 hoc
3433 1252 3555 1292 cum

1978 1291 2119 1340 tanta
2140 1295 2555 1355 comminatione
2576 1307 2844 1377 prteCCpit.

1973 1443 2199 1506 CAPUT
2237 1449 2404 1508 XXII.
2429 1487 2500 1498 —
2526 1460 2607 1515 An
2644 1478 2790 1520 verus
2833 1469 2896 1521 sit
2941 1391 3114 1541 Acus,
3156 1479 3236 1532 cui
3286 1481 3553 1540 Christiani

2255 1548 2505 1619 serviunt,
2535 1553 2618 1606 cui
2643 1556 2738 1610 soli
2771 1558 2948 1617 debeat
2973 1568 3270 1635 sacriﬁcari.

2044 1671 2172 1776 S‘cd.
2201 1682 2513 1748 responderi
2562 1697 2735 1756 potest
2769 1711 2782 1747 :
2813 1693 2942 1761 Quis
2991 1698 3092 1757 iste
3133 1703 3271 1759 Deus
3317 1716 3436 1776 est,
3467 1721 3555 1768 aut

1971 1764 2112 1866 unde
2139 1766 2331 1839 dignus
2359 1776 2631 1845 probatur,
2662 1784 2746 1838 cui
2773 1785 3031 1846 deberent
3053 1764 3554 1866 obteinperare'Ro;

1970 1856 2153 1924 mani,
2183 1867 2242 1913 ut
2268 1863 2468 1920 nullum
2498 1867 2720 1928 deorum
2759 1886 2954 1945 praeter
2978 1882 3148 1952 ipsum
3187 1888 3426 1946 colerent
3468 1911 3556 1949 sa-

1967 1945 2223 2048 crificiis?
2259 1953 2460 2024 Magna:
2498 1963 2750 2022 caecitatis
2790 1977 2909 2036 est,
2937 1945 3111 2031 adhuc
3157 1995 3395 2048 quaerere
3434 1945 3553 2054 quis

1967 2035 2066 2147 iste
2103 2041 2172 2095 sit
2197 2042 2356 2100 Deus.
2387 2047 2505 2118 Ipse
2547 2063 2629 2108 est
2674 2056 2852 2127 Deus,
2882 2064 3032 2132 cujus
3079 2035 3551 2147 Pro-phetmIprl-a;

1963 2128 2212 2189 dixerunt
2257 2135 2354 2192 ista
2392 2156 2509 2210 quae
2545 2147 2832 2208 cernimus.
2867 2153 2982 2224 Ipse
3029 2169 3112 2215 est
3152 2128 3323 2233 D'eus,
3363 2128 3549 2239 atquo

1962 2236 2278 2294 responsum
2315 2236 2519 2304 accepit
2546 2238 2855 2312 Abraham,
2888 2247 2952 2302 In
2987 2254 3177 2308 semine
3212 2266 3298 2312 tuo
3343 2236 3548 2316 benedi-

1962 2328 2134 2370 centur
2177 2338 2349 2378 omnes
2375 2337 2544 2396 gentes
2566 2331 2719 2402 (Gen.
2745 2352 2852 2394 xxn
2881 2381 2892 2404 ,
2929 2343 3042 2415 18).
3075 2346 3227 2412 Quod
3250 2351 3304 2406 in
3333 2351 3548 2411 Christo

1960 2406 2106 2474 ﬁeri,
2134 2413 2224 2483 qui
2265 2419 2558 2502 secundum
2601 2439 2816 2483 carnem
2846 2432 2912 2487 de
2957 2435 3048 2490 illo
3083 2442 3286 2497 semine
3329 2456 3546 2503 exortus

1959 2508 2042 2554 est
2065 2543 2080 2567 ,
2111 2503 2269 2560 iidem
2316 2508 2415 2579 ipsi
2444 2513 2533 2582 qui
2572 2531 2945 2578 remanserunt
2977 2527 3137 2598 hujus
3179 2536 3410 2590 nominis
3440 2538 3543 2593 ini-

1957 2591 2114 2661 mici,
2145 2599 2308 2653 velint
2357 2604 2596 2663 nolintve
2619 2649 2632 2672 ,
2674 2627 3018 2681 cognoscunt.
3047 2591 3190 2692 vIpse
3235 2635 3317 2680 est
3365 2628 3503 2685 Deus
3525 2674 3542 2698 ,

1955 2687 2105 2756 cujus
2149 2689 2358 2750 divinus
2402 2695 2629 2768 Spiritus
2675 2720 2770 2774 per
2799 2723 2891 2763 eos
2918 2687 3125 2770 locutus
3169 2728 3288 2784 est,
3317 2687 3542 2792 quorum

1952 2780 2206 2848 pnedicta
2233 2794 2393 2858 atque
2434 2794 2697 2864 completa
2725 2813 2820 2868 per
2847 2802 3142 2863 Ecclesiam
3164 2851 3180 2877 ,
3205 2780 3362 2880 quam
3398 2815 3541 2870 vidc-

1952 2886 2085 2951 mus
2100 2883 2210 2931 toto
2234 2881 2363 2936 orbe
2385 2881 2628 2942 diffusam
2649 2929 2664 2956 ,
2699 2891 2748 2944 in
2780 2891 2932 2948 libris
2969 2901 3333 2968 superioribus
3361 2908 3534 2974 posui.

1951 2960 2070 3034 Ipse
2098 2978 2180 3024 est
2207 2970 2346 3027 Deus
2365 3016 2379 3040 ,
2409 2993 2566 3046 quem
2591 2979 2759 3036 Varro
2796 2984 3137 3045 doctissimus
3176 2991 3542 3064 Romanorum,

1944 3054 2131 3116 Jovem
2180 3073 2364 3134 putat,
2401 3072 2640 3139 quamvis
2686 3077 2933 3134 nesciens
2973 3082 3098 3150 quid
3143 3084 3389 3154 loquatur
3413 3054 3534 3158 (a):

1945 3151 2088 3220 quod
2117 3161 2292 3214 tamen
2323 3157 2444 3214 ideo
2473 3169 2997 3226 commemorandum
3042 3177 3220 3245 putavi
3245 3219 3258 3240 ,
3289 3180 3534 3248 quoniam

1946 3242 2027 3298 vir
2079 3253 2238 3302 tanta:
2280 3250 2516 3308 scientiae.
2550 3271 2650 3312 nec
2701 3259 2903 3316 nullum
2945 3242 3103 3320 istum
3153 3267 3311 3323 deum
3364 3274 3534 3340 potuit

1943 3334 2279 3407 existimare,
2307 3358 2404 3398 nec
2427 3345 2606 3401 vilem.
2638 3349 2790 3406 IIunc
2819 3355 2960 3410 enim
2987 3373 3107 3412 eum
3132 3374 3250 3416 esse
3280 3366 3528 3432 credidit,

1943 3443 2126 3505 quem_
2155 3447 2420 3492 summum
2477 3444 2680 3509 putavit
2726 3444 2914 3502 Deum.
2962 3449 3238 3508 Postremo
3287 3457 3401 3528 ipse
3447 3473 3527 3516 est

1944 3519 2082 3576 Deus
2129 3564 2143 3589 ,
2177 3541 2331 3593 quem
2384 3529 2720 3592 doctissimus
2769 3536 3240 3614 philosophorum,
3285 3554 3529 3620 quamvis

1937 3607 2360 3674 Christianorum
2389 3625 2685 3683 acerrimus
2715 3629 2961 3688 inimicus
2985 3675 3000 3700 ,
3032 3636 3192 3692 etiam
3221 3656 3313 3707 per
3337 3657 3525 3699 eorum

1938 3705 2151 3760 oracula
2172 3749 2186 3772 ,
2209 3724 2340 3779 quos
2364 3711 2493 3771 deos
2519 3727 2705 3788 putat,
2728 3721 2895 3778 Deum
2919 3741 3166 3799 magnum
3196 3705 3523 3807 Porphyrius

1937 3798 2236 3856 confitetur.

1961 3951 2186 4012 CAPUT
2230 3957 2418 4015 XXIII.
2449 3963 2666 4032 -Qute
2719 3968 3039 4046 Porphyrius
3085 3980 3220 4035 dicat
3267 3988 3488 4042 oraculis

2245 4051 2452 4110 deorum
2476 4073 2720 4128 responsa
2753 4080 2859 4120 esse
2882 4066 2955 4122 de.
2976 4068 3194 4126 Christo.

2005 4182 2057 4238 1.
2095 4183 2226 4241 Nam
2257 4187 2311 4244 in
2337 4189 2486 4250 libris
2509 4210 2643 4265 quos
2661 4203 2712 4253 lx
2738 4206 2901 4269 λογίων
2923 4212 3188 4279 φιλοσοφίας
3217 4211 3232 4242 ¹
3262 4216 3516 4284 appellat,

1931 4272 1986 4327 in
2016 4275 2209 4345 quibus
2247 4283 2556 4353 exsequitur
2581 4295 2742 4359 atque
2766 4272 3056 4351 conscribit
3087 4272 3270 4363 rerum
3399 4272 3516 4377 phil

1929 4362 2222 4436 losophiam
2250 4375 2624 4441 pertinentium
2653 4381 2796 4437 velut
2820 4383 2993 4442 divina
3030 4405 3285 4461 responsa
3315 4362 3430 4469 (ὀί,
3458 4411 3516 4456 ut

1930 4456 2043 4560 ipsa
2090 4463 2248 4518 verba
2289 4466 2440 4537 ejus,
2470 4474 2917 4542 quemadmodum
2959 4498 3025 4539 ex
3056 4456 3233 4558 lingua
3455 4496 3510 4551 in

1927 4548 2141 4608 latinam
2183 4555 2528 4628 interpretata
2556 4573 2716 4634 sunt,
2758 4583 2950 4639 ponam
2985 4592 2998 4629 :
3032 4548 3402 4652 Interrog‘hnti,
3430 4548 3512 4640 in;

1925 4643 2072 4713 quit,
2123 4662 2269 4716 quem
2312 4651 2461 4707 deum
2511 4656 2764 4726 placando
2809 4680 3043 4724 revocare
3086 4643 3253 4740 passitv
3301 4692 3509 4732 uxorem

1923 4751 2067 4790 suam
2095 4756 2127 4791 a
2154 4738 2536 4802 Christianisma
2554 4790 2567 4815 ,
2596 4751 2704 4807 haec
2731 4755 2802 4809 ait
2829 4759 3046 4815 versibus
3075 4738 3278 4833 Apollo.
3308 4768 3508 4826 Deinde

1927 4831 2086 4886 verba
2129 4833 2272 4890 velut
2299 4838 2559 4908 Apollinis
2599 4844 2700 4902 ista
2743 4859 2866 4905 sunt
2896 4869 2910 4904 :
2939 4850 3097 4909 Forte
3122 4831 3300 4930 imagis
3323 4865 3508 4930 poteris

1922 4924 1976 4980 in
2001 4942 2134 4998 aqua
2156 4931 2414 5001 impressis
2442 4937 2620 4993 litteris
2649 4942 2862 4999 scribere
2883 4986 2899 5014 ,
2926 4956 3014 5000 aut
3049 4924 3303 5020 adiri/Iam
3323 4924 3351 4985 "
3376 4971 3507 5024 pen-

1988 5101 2042 5190 1..
2050 5104 2519 5190 l'l.l‘fs.:.lf‘_‘ifi?§“.°_
2527 5117 2648 5190 ἓξὲξ.
2911 5115 3270 5190 Meosne;
3299 5135 3506 5190 meno

1924 5175 2182 5272 pprperam
2204 5165 2363 5219 fuerat
2383 5165 2439 5219 in'
2457 5165 2650 5222 excusis
2672 5165 2987 5229 emendatum
2998 5165 3264 5244 uiitting
3295 5165 3504 5250 βλῖιᾶςόἶ

1924 5238 1956 5272 υ
1973 5238 2077 5272 ηαδ.

1973 5238 2077 5276 ηαδ.

1923 5238 2077 5288 putas.

1989 5289 2008 5356 ξ
2032 5292 2105 5356 sic
2148 5290 2421 5356 Mss.»F.diti,_
2448 5290 2638 5356 inﬂaris.

2009 5353 2059 5424 ᾳ)
2083 5353 2220 5424 gout.
2239 5353 2320 5424 lib.
2343 5353 2456 5424 inde
2476 5353 2827 5424 Cons._Evang.,
2842 5373 2903 5424 _n.
2926 5362 3005 5413 30.

2013 5411 2060 5488 ρ)
2078 5414 2331 5488 (ῆςεῃψᾳε
2343 5412 2491 5488 libros
2505 5420 2680 5478 passim
2694 5411 3028 5488 'rondoretus
3039 5438 3096 5476 ac
3110 5431 3343 5484 Eusebius
3350 5435 3503 5488 hocce

1923 5474 2082 5549 titulo,
2107 5475 2168 5524 de
2187 5474 2486 5549 philosophia
2498 5474 2571 5549 car
2580 5482 2810 5549 oraculis,
2832 5486 2904 5549 uti
2926 5474 3064 5538 recte
3077 5474 3134 5539 in
3149 5474 3500 5549 EEéBiﬁiﬁE

1922 5535 2682 5612 4't'ra2para'ti'onis_cyangelicw,
2722 5535 2826 5612 cap.
2862 5546 2910 5608 8,
2947 5535 3059 5600 adii
3079 5535 3494 5612 5&8;

1925 5597 2443 5681 ἳιῖνῗ¹ἓξ¹1η¹ἐίῖῗ9λ⁵φίέἐ
2455 5597 2882 5681 ἐξίπέλρηδῖηιίῖξηθ
2897 5597 2909 5608 ’
2926 5597 3438 5681 assereret.“
3451 5597 3505 5676 ὲὶ

1925 5613 2146 5706 e‘juwem
2182 5613 2304 5647 noro
2325 5613 2356 5646 ο
2375 5613 2440 5648 ae
2467 5613 2882 5658 nemonstratione
2926 5613 3227 5676 evangelica,
3251 5630 3356 5681 cap.
3382 5620 3431 5680 6,
3451 5629 3504 5676 et

1921 5660 2850 5745 iitusiﬁisl’t'ﬂ.maturataemale
2870 5671 3104 5745 τριιαίιυιτς
3121 5675 3182 5726 de
3201 5677 3504 5745 ιιωιοεοριιίιι

1921 5719 2219 5798 selectormn.
2231 5719 2255 5798 ’Δ
2268 5727 2604 5798 Inscriptiouis
2628 5719 2821 5798 causam
2865 5719 2919 5783 et
2937 5719 3504 5798 Eﬁééiﬂééﬁiiiéiiiiiii

1921 5784 2524 5856 aperitcumfugustiuus
2559 5789 2636 5838 hic
2659 5795 2933 5856 perspicue,
2980 5784 3502 5855 ium—lucu'IEHtivssinﬁ

1920 5845 2181 5960 ιὲἐῗξὺὶιιε,
2213 5843 2319 5896 loco
2353 5845 2465 5899 libri
2510 5843 2870 5912 Prcharatiouis
2899 5843 3498 5920 évéﬂgénéé'ﬁiﬁﬁi;

2798 6003 3263 6091 (l’ingt—une.)
