4062 6476
483 399 586 461 651
797 401 860 444 ’θ’

479 537 572 578 nas
600 520 728 575 leves
745 533 838 592 per
853 531 975 573 aera
998 525 1058 571 ut
1077 513 1184 570 avis
1217 512 1389 570 volare
1408 553 1426 581 ,
1455 527 1607 584 quam
1635 512 1844 584 polluta:
1869 513 1887 544 ί
1917 527 2060 566 revo-

431 617 435 621 '
478 631 562 670 ces
586 611 758 684 impite
780 609 955 667 uxoris
980 625 1200 664 seruum.
1224 601 1415 678 Pergat
1441 606 1464 640 ¹
1489 604 1741 678 quomodo
1769 603 1878 660 vult
1902 604 2070 659 inani-

481 705 573 760 bus
613 702 832 774 fallaciis
880 713 1236 774 perseverans,
1265 707 1312 754 et
1355 697 1797 754 lamentationibus
1837 695 2052 768 fallacis-

479 795 620 852 simis
650 802 901 848 mortuum
928 791 1090 847 Deum
1113 801 1322 846 cantans
1347 789 1392 860 ⁸,
1423 807 1573 862 quem
1598 807 1632 844 a
1652 789 1912 862 judicibus
1933 797 2069 844 recta

479 885 810 947 sentientibus
838 887 1093 959 perditum
1113 926 1126 952 ,
1149 887 1370 958 pessima
1391 884 1444 940 in
1471 883 1708 957 speciosis
1735 887 1874 956 ferro
1901 882 2070 937 vincta

481 999 616 1039 mors
640 980 909 1052 interfecit.
936 979 1140 1036 Deinde
1170 988 1290 1050 post
1322 979 1420 1034 hos
1445 993 1632 1036 versus
1651 976 1912 1050 Apollinis
1931 1017 1946 1042 ,
1978 976 2069 1047 qui

477 1087 590 1130 non
617 1079 800 1129 stante
815 1081 987 1128 metro
1003 1071 1164 1126 latine
1185 1070 1512 1140 interpretati
1534 1077 1676 1137 sunt,
1696 1067 1964 1139 subjunxit
1983 1075 2068 1121 at-

477 1180 582 1237 que
604 1164 679 1219 ait
709 1180 722 1217 :
751 1162 820 1218 In
837 1164 914 1218 his
933 1162 1134 1232 quidem
1165 1162 1620 1233 tergiversationem
1638 1159 1660 1192 δ
1687 1159 2070 1215 irremediabilis

475 1257 738 1313 sententia
751 1273 918 1311 eorum
934 1256 1073 1308 mani
1077 1255 1252 1326 festavi
1255 1265 1270 1308 t
1280 1297 1290 1317 ,
1307 1255 1476 1308 dicens
1487 1255 1723 1326 quoniam
1734 1251 1908 1307 Judtzi
1919 1251 2070 1308 susci-

477 1349 621 1422 piant
639 1348 798 1404 Deum
820 1348 980 1420 magis
1004 1364 1155 1418 quam
1178 1347 1278 1402 isti.
1299 1346 1437 1402 Ecce
1460 1345 1550 1402 ubi
1576 1345 1890 1401 decolorans
1915 1343 2071 1399 Chri-

477 1449 639 1506 stum,
655 1439 869 1497 Juduaos
891 1439 1179 1510 praeposuit
1194 1437 1526 1503 Christianis,
1551 1437 1808 1493 conﬁtens
1824 1436 1963 1508 quod
1975 1435 2070 1491 Ju-

477 1534 581 1587 dini
601 1532 894 1602 suscipiant
908 1532 1096 1586 Deum.
1114 1530 1206 1586 Sic
1227 1529 1370 1586 enim
1392 1528 1646 1598 exposuit
1667 1542 1852 1584 versus
1869 1526 2070 1598 Apolli-

476 1627 583 1694 nis,
600 1626 688 1681 ubi
701 1641 730 1680 a
749 1625 1014 1696 judicibus
1029 1632 1171 1680 recta
1185 1622 1535 1679 sentientibus
1554 1620 1823 1677 Christum
1837 1620 1964 1675 dicit
1980 1635 2070 1674 oc-

472 1717 667 1786 cisum,
691 1726 939 1786 tanquam
970 1713 1075 1770 illis
1097 1715 1240 1785 juste
1263 1711 1642 1784 iudicantibus,
1667 1713 1858 1767 merito
1886 1713 1954 1766 sit
1983 1710 2070 1766 ille

477 1811 716 1884 punitus.
741 1805 947 1864 Viderit
973 1807 1097 1878 quid
1126 1807 1194 1862 de
1227 1805 1442 1863 Christo
1472 1815 1622 1862 vates
1642 1804 1870 1860 mendax
1900 1803 2069 1874 Apol-

476 1901 703 1976 linis(a)
738 1901 964 1966 dixerit,
1013 1907 1172 1968 atque
1221 1898 1322 1952 iste
1370 1895 1692 1961 crediderit,
1718 1903 1808 1949 aut
1847 1895 2069 1949 fortasse

475 2002 676 2062 vatem,
709 1990 851 2064 quod
882 2006 988 2046 non
1015 1989 1184 2057 dixit,
1210 1985 1409 2044 dixisse
1433 1985 1533 2042 iste
1568 1986 1681 2055 ipse
1706 1985 2022 2041 conﬁnxerit
2051 2003 2064 2039 :

474 2101 635 2159 quam
674 2101 804 2142 vero
841 2080 944 2140 sibi
972 2091 1216 2148 constet,
1249 2079 1334 2136 vel
1363 2081 1475 2151 ipsa
1503 2078 1715 2134 oracula
1745 2077 1881 2132 inter
1900 2093 1958 2133 se
1985 2075 2067 2131 fa-

475 2180 582 2235 ciat
601 2177 910 2243 convenire,
940 2185 1125 2247 postea
1153 2174 1471 2230 videbimus.
1502 2171 1601 2228 Hic
1623 2180 1800 2226 tamen
1829 2169 2064 2236 Judaaos,

472 2280 726 2342 tanquam
771 2268 866 2324 Dei
915 2277 1292 2338 susceptores,
1335 2274 1481 2320 recte
1527 2264 1654 2321 dicit
1696 2263 1964 2333 iudicasse
2001 2263 2068 2319 de

473 2361 711 2428 Christo,
743 2358 883 2431 quod
913 2375 1034 2415 eum
1057 2367 1228 2414 morte
1253 2358 1480 2428 pessima
1509 2355 1922 2413 excruciandum
1947 2371 2083 2438 esse.

472 2453 800 2511 censuerint.
832 2454 969 2508 Deus
1000 2454 1176 2523 itaque
1198 2451 1526 2518 Judteorum,
1545 2451 1630 2505 cui
1652 2451 1894 2520 perhibet
1921 2451 2068 2505 testi-

468 2548 712 2605 monium
747 2589 762 2613 ,
820 2545 1112 2601 audiendus
1155 2543 1289 2610 fuit,
1339 2543 1523 2598 dicens
1553 2559 1566 2596 :
1596 2541 1908 2612 Sacriﬁcans
1965 2543 2066 2596 diis

473 2639 844 2703 eradicabitur,
887 2637 987 2692 nisi
1037 2634 1258 2690 Domino
1297 2641 1493 2688 tantum
1522 2633 1540 2704 (
1571 2632 1739 2688 Exod.
1775 2650 1882 2688 χχιι
1903 2678 1916 2702 ,
1945 2634 2061 2704 20).

468 2728 580 2789 Sed
629 2729 695 2784 ad
740 2727 1101 2784 manifestiora
1143 2726 1450 2792 veniamus,
1491 2734 1545 2781 et
1585 2724 1862 2781 audiamus
1906 2743 2065 2796 quam

467 2835 722 2892 magnum
749 2819 917 2875 Deum
939 2819 1081 2874 dicat
1104 2831 1223 2873 esse
1249 2816 1574 2872 Judzcorum.
1608 2817 1736 2871 ltem
1767 2815 1833 2871 ad
1864 2832 1924 2872 ea
1945 2833 2063 2887 quae

467 2911 817 2984 interrogavit
855 2909 1189 2981 Apollinem,
1229 2907 1354 2980 quid
1413 2909 1637 2975 melius,
1675 2907 1897 2964 verbum
1952 2909 2064 2966 sive

467 3005 608 3062 ratio
630 3047 643 3070 ,
675 3017 742 3059 an
768 3003 889 3070 lex;
921 3003 1179 3074 respondit
1203 3042 1218 3066 ,
1251 3002 1457 3072 inquit,
1485 3001 1706 3055 versibus
1735 3001 1841 3055 ha’c
1869 3001 2060 3058 dicens.

469 3099 550 3153 Ac
579 3096 774 3152 deinde
803 3095 1018 3166 subjicit
1048 3093 1309 3164 Apollinis
1347 3109 1533 3150 versus
1555 3137 1570 3160 ,
1595 3094 1646 3148 in
1680 3095 1872 3164 quibus
1896 3105 1949 3151 et
1976 3097 2061 3151 isti

466 3199 594 3247 sunt
617 3232 632 3255 ,
665 3200 723 3245 ut
745 3197 999 3260 quantum
1027 3190 1156 3243 satis
1188 3197 1271 3243 est
1292 3187 1413 3241 inde
1446 3185 1728 3257 decerpant
1765 3205 1777 3241 :
1807 3185 1874 3241 In
1901 3186 2062 3244 Deum

467 3295 625 3348 vero,
683 3279 890 3350 inquit,
949 3287 1329 3350 generatorem,
1377 3286 1424 3330 et
1473 3275 1527 3331 in
1573 3294 1738 3349 regem
1777 3289 1893 3332 ante
1947 3295 2060 3333 om-

468 3376 558 3428 nia
586 3373 608 3406 ⁸
640 3370 736 3445 (b),
769 3387 914 3443 quem
942 3371 1107 3424 tremit
1131 3379 1178 3424 et
1199 3370 1376 3424 cretum
1398 3411 1412 3435 ,
1442 3379 1487 3423 et
1525 3377 1658 3423 terra
1679 3412 1692 3433 ,
1724 3380 1874 3439 atque
1899 3388 2056 3440 mare,

467 3477 518 3523 et
545 3467 861 3537 infernarum
899 3463 1105 3529 abdita,
1136 3471 1184 3516 et
1226 3463 1337 3532 ipsa
1384 3463 1590 3515 numina
1635 3462 2017 3533 perhorrescunt
2041 3480 2060 3519 :

467 3573 683 3630 quorum
711 3556 796 3610 lex
820 3563 893 3609 at
920 3549 1078 3607 Pater
1096 3593 1111 3619 ,
1135 3567 1281 3622 quem
1305 3552 1451 3606 valde
1477 3553 1637 3605 sancti
1671 3553 1918 3608 honorant
1949 3553 2058 3609 He-

466 3649 592 3705 brrei
613 3647 704 3721 (c).
727 3645 841 3702 Tali
885 3645 1106 3700 oraculo
1147 3641 1230 3698 dei
1276 3643 1357 3699 Sui
1403 3641 1692 3714 Apollinis,
1736 3644 2059 3717 Porphyrius

465 3752 577 3799 tam
606 3755 852 3812 magnum
881 3739 1051 3795 Deum
1073 3735 1204 3793 dixit
1225 3733 1568 3792 Hebr-morum
1592 3777 1610 3806 ,
1641 3746 1697 3792 ut
1722 3750 1916 3794 cumet
1947 3741 2059 3811 ipsa

467 3837 687 3893 numina
728 3833 1158 3906 perhorrescant.
1205 3831 1339 3889 Cum
1367 3845 1495 3899 ergo
1529 3831 1665 3884 Deus
1697 3832 1796 3886 iste
1825 3831 2056 3897 dixerit,

475 3927 792 3996 Sacrificans
813 3926 910 3978 diis
935 3921 1294 3988 eradicabitur,
1324 3921 1490 3976 miror
1513 3923 1656 3992 quod
1684 3923 1796 3991 ipse
1823 3923 2061 3996 Porphy-

467 4022 584 4078 rius
624 4036 728 4075 non
775 4017 1179 4088 perhorruerit,
1213 4024 1268 4071 et
1315 4015 1622 4079 sacriﬁcans
1670 4017 1772 4071 diis
1802 4017 2058 4074 cradicari

469 4129 577 4169 non
611 4111 994 4166 formidaverit.

542 4202 600 4256 2.
638 4201 777 4256 Dicit
801 4201 958 4255 etiam
995 4198 1132 4253 bona
1177 4195 1524 4266 philosophus
1565 4197 1667 4253 iste
1697 4198 1763 4252 de
1805 4197 2016 4258 Christo
2038 4245 2054 4270 ,

469 4294 624 4364 quasi
651 4291 848 4345 oblitus
874 4289 1017 4345 illius
1036 4326 1056 4356 ,
1075 4288 1144 4344 de
1171 4299 1274 4358 qua
1307 4283 1468 4357 paulo
1495 4297 1619 4342 ante
1653 4289 1810 4344 locuti
1832 4305 2016 4346 sumus
2039 4337 2054 4362 ,

471 4384 808 4444 contumelia!
833 4398 976 4449 suae;
1012 4390 1106 4438 aut
1123 4371 1282 4452 quasi
1323 4380 1375 4436 in
1405 4379 1607 4435 somnis
1629 4381 1701 4436 dii
1735 4383 1851 4452 ejus
1888 4385 2056 4441 male-

536 4482 558 4515 s
579 4481 652 4531 sic
664 4478 851 4543 habent
1215 4472 1332 4523 mnu
1347 4481 1487 4534 vero,
1504 4481 1650 4538 quam
1671 4474 1818 4527 semel
1843 4475 2054 4543 polluas.

534 4545 556 4576 ⁸
576 4540 899 4598 Corbeiensis,
924 4541 1144 4598 Peragat.

536 4603 751 4666 'Begius
793 4596 934 4650 vetus
966 4596 1490 4666 eodexhperseverans
1525 4596 1778 4650 lmentari
1819 4607 2057 4666 mortuum

471 4677 630 4719 Deum
642 4659 696 4714 Et
715 4669 929 4714 cantans.
954 4661 1124 4711 Ceteri
1147 4659 1256 4710 fere
1279 4666 1387 4709 Itss.
1408 4693 1425 4720 ,
1459 4671 1769 4721 perseverem
1804 4669 1849 4712 et
1873 4659 2055 4715 tamen-

472 4735 569 4780 tan
607 4725 815 4790 fallaciis
854 4730 1090 4790 mortuum
1138 4731 1293 4790 Deum
1329 4728 1526 4790 cantans
1553 4734 1571 4771 :
1598 4731 1808 4790 excepto
1844 4724 2001 4790 altero
2025 4740 2056 4777 e

469 4784 874 4846 Corbéiensihus,‘
899 4787 981 4849 qui
1003 4784 1154 4834 habet
1193 4785 1279 4845 sic,
1329 4788 1502 4849 Pergat
1545 4784 1908 4849 quomodovnu
1946 4786 2054 4838 ina.

469 4851 609 4903 nibus
623 4849 828 4916 fallaciis
840 4846 1084 4916 mortium
1096 4855 1262 4916 Deum.
1274 4846 1629 4916 pantaitsquem
1642 4859 1674 4916 ρ
1684 4846 2053 4916 judicibus,e_tc.

537 4916 560 4946 ⁴
579 4907 798 4983 ﬂueres
818 4909 949 4982 ,ιίιπί
984 4915 1152 4983 certh
1183 4909 1336 4983 verba
1369 4907 1840 4983 ιξῖςιωσηίξξξόηριπς
1877 4911 2056 4983 etp!!-

472 4987 559 5042 res
579 4975 786 5042 habent,
811 4969 1544 5042 irremerliat:ilemlsententiam.;
1585 4970 1662 5042 alii
1680 5007 1695 5032 ,
1718 4969 2055 5025 irremediabi-

362 5074 365 5077 .
471 5036 508 5087 li
529 5030 804 5095 sententiw',
825 5032 922 5093 vel,
947 5030 1302 5083 irremediabile
1323 5031 1582 5095 sententia,

536 5100 558 5131 ⁸
581 5097 684 5148 sola
707 5093 857 5148 editio
879 5102 1019 5165 tum:
1049 5103 1278 5165 lnpeum
1299 5105 1428 5154 vero,
1440 5093 1613 5159 iniit,
1627 5106 1791 5161 regem
1808 5103 2057 5160 emerate-

477 5173 581 5209 rtm
617 5167 663 5210 et
686 5173 846 5220 regem
866 5163 974 5220 ante
995 5163 1168 5207 amna.

561 5223 611 5286 ᾳ)
635 5219 1021 5286 ὃθὶὶίὲειεςιωθ.

538 5222 611 5342 ἔα)
635 5222 823 5271 scilicet
847 5222 1021 5330 liythia.

538 5362 541 5391 ε
565 5280 1055 5393 ἷζιξὲτὲἒὲθθζιρυό
1079 5279 1387 5340 laetantium,
1423 5275 1512 5330 lib.
1534 5279 1601 5330 de
1623 5283 1696 5330 Ira
1717 5281 1821 5343 Dei,
1847 5291 1952 5345 cap.
1969 5279 2053 5345 π,

471 5347 541 5395 sic
565 5347 711 5393 habet
733 5356 894 5395 armce
917 5356 931 5392 :

733 5359 1062 5478 sana.
1085 5413 1166 5478 κριι
1192 5419 1447 5478 γυνεπαρα
1473 5413 1564 5478 προ

538 5476 610 5539 (c)
635 5476 716 5524 His
737 5472 889 5539 amne
903 5483 981 5524 est
1001 5473 1128 5539 aliud
1151 5472 1414 5539 orawlum,
1437 5472 1816 5539 cuiusmemlnit
1840 5476 2056 5528 Justinus

471 5539 523 5590 in
547 5536 777 5586 sermone
801 5537 1130 5601 exhu'tatq'io
1151 5536 1210 5601 ad
1231 5543 1430 5601 gentes.
1463 5536 1742 5601 sciscitante
1779 5539 1910 5586 enim
1931 5551 2053 5601 quo-

474 5603 606 5660 dam,
623 5601 711 5708 Iqui
736 5611 946 5662 unquam
985 5599 1075 5648 viri
1104 5597 1322 5662 religiosi
1345 5597 1568 5658 finissent,
1593 5600 1659 5648 ita
1683 5597 1968 5662 responsum
1992 5602 2054 5649 ab

474 5675 620 5708 oracu
639 5675 669 5708 ο
695 5675 706 5708 :

531 5675 669 5710 36010
695 5675 706 5709 ε

473 5676 834 5778 mammulae”:
857 5727 1097 5776 Χαλδαῖοι
1115 5733 1274 5795 σοφίην
1299 5727 1441 5791 λάχον
1461 5714 1530 5784 ἠδ’
1565 5716 1635 5793 ip.
1674 5717 1890 5792 ἑδραῖοι,

653 5799 962 5861 Amat-mres
991 5799 1175 5846 ἄνακτα
1193 5803 1492 5861 “Batonem
1511 5800 1624 5848 Θεὸν
1645 5798 1810 5858 ἁγνῶς.

475 5868 526 5921 sd
551 5873 627 5917 est
649 5879 660 5914 :
688 5860 1023 5916 solichaldrei
1044 5861 1324 5927 sapientiam
1339 5860 1496 5927 sortiti
1536 5868 1645 5914 sunt
1675 5868 1816 5925 atque
1841 5861 2052 5926 Πρω-α,

475 5939 546 5982 ea:
565 5941 616 5981 se
638 5927 740 5992 ipso
763 5931 922 5978 ortum
934 5923 1277 5978 reoem'stmcte
1297 5923 1520 5984 calantes,
1545 5932 1715 5976 Deian.
1738 5923 1988 5982 Coenus.

1561 391 1649 450 DE
1685 389 2006 451 CIVITATE
2035 385 2170 462 DEI,
2205 387 2268 448 8.
2307 386 2678 451 AUGUSTINI

2176 512 2410 569 dixerint
2457 511 2711 578 Christe,
2757 518 2812 568 et
2854 506 3168 584 evigilantes
3217 523 3341 570 eu-
3390 512 3592 576 bonum
3640 531 3763 576 esse

2171 603 2556 676 cognoverint,
2584 605 2846 676 digneque
2865 605 3220 662 laudaverint.
3250 606 3488 680 Denique
3508 617 3761 682 tanun

2172 697 2415 753 mirabile
2441 697 2637 769 aliquid
2666 706 2828 768 atque
2851 697 3164 754 incredibile
3190 699 3492 770 prolaturus
3512 742 3529 770 ,
3565 701 3764 760 Prcter

2173 789 2462 860 opinionem
2485 831 2502 859 ,
2551 790 2748 861 inquit,
2782 791 3009 864 profecto
3046 792 3346 864 quibusdam
3389 795 3625 852 uideatur
3656 810 3768 854 esu

2174 883 2308 953 quod
2333 883 2520 939 dicturi
2541 900 2734 940 sumus.
2759 882 3017 941 Christum
3036 885 3173 939 enim
3200 884 3276 940 dii
3320 886 3603 958 piissimum
3641 901 3741 960 pro

2176 977 2527 1032 nuntiaverunt
2547 987 2592 1032 et
2619 978 2958 1034 immortalem
2997 980 3190 1050 factum
3213 1019 3228 1044 ,
3254 986 3302 1033 et
3329 995 3443 1033 cum
3472 978 3604 1035 bona
3632 995 3767 1052 prm-

2175 1069 2428 1124 dicatione
2452 1071 2562 1142 ejus
2605 1071 2944 1125 meminerunt
2965 1085 2986 1125 :
3011 1069 3326 1126 Christianos
3353 1087 3469 1126 vero
3499 1072 3722 1143 pollutos
3749 1113 3765 1138 ,

2175 1161 2387 1232 inquit,
2416 1171 2464 1217 et
2489 1164 2856 1217 contaminatos
2879 1204 2894 1231 ,
2925 1172 2973 1217 et
3019 1175 3188 1217 errare
3223 1163 3512 1234 implicatos
3553 1179 3662 1219 esse
3681 1165 3768 1218 di-

2175 1261 2331 1319 cunt;
2357 1262 2402 1306 et
2422 1255 2591 1308 multis
2614 1255 2801 1309 talibus
2819 1255 3059 1310 adversus
3082 1271 3166 1310 eos
3189 1253 3513 1326 blasphemiis
3531 1265 3769 1313 utuntur.

2176 1342 2380 1399 Deinde
2422 1345 2634 1415 subjicit
2677 1346 2822 1401 velut
2862 1346 3085 1403 deorum
3133 1347 3345 1402 oracula
3393 1347 3772 1418 blaspheman-

2174 1435 2306 1491 tium
2340 1434 2691 1492 Christianos.
2745 1437 2815 1492 Et
2865 1447 2983 1508 post
3034 1439 3148 1494 haec
3171 1479 3185 1504 ,
3218 1436 3298 1492 De
3325 1437 3526 1494 Christo
3554 1447 3723 1493 autem
3748 1480 3764 1506 ,

2175 1525 2385 1596 inquit,
2417 1527 2840 1598 interrogantibus
2877 1529 2922 1583 si
2966 1539 3036 1584 est
3066 1528 3202 1584 Deus
3221 1571 3236 1598 ,
3259 1531 3330 1584 ait
3356 1529 3550 1585 Hecate
3571 1545 3592 1584 :
3619 1529 3769 1598 Quo-

2175 1619 2314 1672 niam
2337 1620 2540 1692 quidem
2566 1621 2869 1677 immortalis
2894 1623 3066 1676 anima
3095 1633 3206 1694 post
3233 1639 3420 1694 corpus
3449 1634 3503 1679 ut
3530 1625 3720 1680 incedit
3746 1667 3764 1694 ,

2174 1711 2307 1765 nosti
2334 1753 2349 1778 ,
2378 1728 2410 1765 a
2461 1712 2711 1784 sapientia
2754 1722 2922 1767 autem
2961 1715 3182 1770 abscissa
3224 1730 3425 1785 semper
3459 1725 3628 1781 errat,
3669 1717 3768 1772 viri

2175 1803 2360 1874 pietate
2389 1807 2793 1874 prastantissimi
2815 1818 2888 1861 est
2908 1807 3000 1861 illa
3017 1807 3191 1862 anima
3211 1848 3227 1876 ,
3255 1807 3387 1862 lianc
3410 1809 3582 1862 colunt
3596 1808 3768 1864 aliena

2175 1913 2208 1950 a
2234 1915 2288 1952 se
2313 1899 2539 1952 veritate.
2578 1899 2778 1956 Deinde
2818 1909 2940 1971 post
2972 1900 3134 1956 verba
3173 1901 3329 1971 hujus
3373 1902 3522 1972 quasi
3561 1901 3766 1959 oraculi

2175 2004 2270 2046 sua
2307 1990 2422 2060 ipse
2445 1999 2738 2048 contexens
2761 2033 2777 2060 ,
2807 1992 3100 2048 Piissimum
3124 1995 3282 2066 igitur
3319 1995 3481 2050 virum
3502 2037 3519 2064 ,
3554 1997 3764 2068 inquit,

2175 2098 2289 2136 eunt
2315 2082 2442 2137 dixit
2467 2124 2481 2149 ,
2512 2093 2560 2138 et
2594 2084 2706 2154 ejus
2751 2085 3004 2152 animum,
3036 2085 3166 2139 sicut
3192 2095 3238 2140 et
3278 2087 3495 2140 aliorum
3521 2089 3723 2157 piorum
3745 2131 3762 2158 ,

2175 2182 2290 2244 post
2337 2174 2523 2228 obitum
2567 2175 2948 2230 immortalitate
2996 2178 3240 2231 donatam
3270 2178 3286 2210 ⁸
3311 2217 3324 2243 ,
3347 2187 3395 2232 et
3431 2178 3562 2234 hanc
3599 2181 3768 2236 colere
3828 2229 3839 2242 ,

2175 2261 2490 2319 Christianos
2519 2266 2805 2337 ignorantes
2825 2268 2865 2320 ί.
2892 2265 3330 2339 Interrogantibus
3355 2277 3544 2337 autem,
3569 2269 3762 2342 inquit,

2173 2353 2278 2412 Cur
2302 2372 2422 2427 ergo
2446 2357 2718 2412 damnatus
2742 2368 2818 2413 est
2837 2359 2864 2413 ἵ
2887 2358 3096 2413 oraculo
3122 2359 3382 2430 respondit
3412 2360 3507 2415 dea
3523 2400 3538 2428 ,
3565 2359 3765 2432 Corpus

2172 2447 2375 2516 quidem
2404 2447 2780 2505 debilitantibus
2822 2451 3082 2504 tormentis
3106 2466 3304 2520 semper
3331 2453 3617 2523 oppositum
3644 2461 3717 2508 est
3744 2471 3764 2508 :

2173 2543 2347 2595 anima
2386 2551 2553 2597 autem
2599 2545 2798 2614 piorum
2843 2546 3031 2600 caelesti
3077 2547 3186 2601 sedi
3236 2547 3440 2603 insidet.
3497 2547 3602 2603 Illa
3647 2564 3764 2605 vero

2172 2636 2346 2690 anima
2374 2635 2490 2691 aliis
2520 2637 2786 2694 animabus
2811 2639 3040 2710 fataliter
3077 2641 3246 2710 dedit,
3287 2642 3468 2711 quibus
3512 2643 3620 2714 fata
3659 2660 3763 2700 non

2171 2739 2460 2784 annuerant
2503 2731 2712 2786 deorum
2751 2733 2972 2786 obtinere
3011 2732 3146 2787 dona
3171 2775 3186 2800 ,
3218 2749 3376 2803 neque
3413 2734 3595 2791 habere
3619 2735 3764 2793 Jovis

2171 2821 2476 2878 immortalis
2537 2824 2877 2895 agnitionem,
2931 2841 3102 2880 errore
3146 2827 3420 2896 implicari.
3480 2827 3762 2901 Propterea

2170 2933 2290 2987 ergo
2315 2917 2414 2971 diis
2441 2918 2584 2972 exosi
2615 2933 2634 2972 :
2662 2919 2780 2986 quia
2804 2919 2983 2989 quibus
3012 2923 3117 2990 fato
3143 2936 3244 2974 non
3270 2921 3367 2992 fuit
3397 2937 3544 2977 nosse
3569 2921 3755 2990 Deum,

2169 3025 2262 3064 nec
2290 3010 2426 3065 dena
2457 3027 2487 3066 a
2513 3014 2613 3067 diis
2641 3015 2870 3083 accipere
2889 3058 2903 3083 ,
2937 3015 3014 3070 Itis
3044 3015 3270 3086 fataliter
3293 3015 3432 3072 dedit
3464 3017 3560 3072 iste
3590 3032 3762 3072 errore

2169 3103 2444 3174 implicari.
2469 3105 2592 3178 Ipse
2617 3123 2733 3162 vero
2763 3109 2878 3178 pius
2903 3151 2916 3173 ,
2946 3118 2992 3163 et
3019 3109 3073 3163 in
3099 3109 3280 3164 celum
3300 3151 3313 3175 ,
3346 3111 3475 3165 sicut
3504 3112 3606 3182 pii,
3635 3127 3764 3167 con-

2169 3197 2340 3250 cessit.
2369 3195 2554 3268 Itaque
2581 3198 2715 3254 hunc
2754 3201 2956 3272 quidem
2984 3213 3085 3255 non
3114 3199 3514 3272 blasphemabis,
3545 3204 3762 3258 misere-

2170 3287 2300 3342 beris
2325 3299 2493 3343 autem
2519 3290 2780 3345 hominum
2821 3291 3167 3347 dementiam:
3197 3308 3259 3348 ex
3303 3307 3360 3348 eo
3393 3292 3445 3348 in
3489 3295 3558 3348 eis
3597 3295 3757 3367 facile

2168 3395 2492 3453 pracepsque
2513 3382 2797 3456 periculum
2822 3383 2918 3458 (α).

2235 3472 2290 3528 3.
2330 3472 2462 3540 Quis
2503 3474 2575 3528 ita
2619 3475 2812 3530 stultus
2846 3482 2964 3541 est,
3007 3486 3063 3532 ut
3106 3491 3211 3535 non
3260 3479 3517 3553 intelligat
3551 3490 3646 3539 aut
3681 3483 3756 3541 ab

2165 3564 2384 3620 homine
2407 3566 2601 3623 callido
2627 3609 2643 3634 ,
2679 3582 2849 3638 eoque
2886 3567 3203 3626 Christianis
3238 3571 3604 3630 inimicissimo
3634 3574 3756 3632 haec

2165 3658 2379 3713 oracula
2409 3658 2576 3716 fuisse
2601 3660 2824 3716 conficta
2854 3705 2869 3728 ,
2915 3671 3006 3717 aut
3042 3663 3265 3719 consilio
3289 3665 3450 3721 simili
3478 3667 3545 3722 ab
3573 3666 3753 3738 impu-

2166 3749 2243 3806 ris
2267 3750 2601 3807 dtemonibus
2629 3751 2731 3808 ista
2759 3753 2920 3809 fuisse
2941 3769 3195 3824 responsa
3221 3772 3238 3821 ;
3263 3764 3320 3810 ut
3347 3755 3592 3824 scilicet,
3618 3771 3758 3830 quo-

2165 3845 2310 3900 niam
2342 3845 2560 3901 laudant
2584 3845 2853 3902 Christum
2881 3889 2894 3913 ,
2924 3856 3207 3919 propterea
3233 3849 3519 3906 credantur
3545 3853 3750 3908 veraci-

2165 3944 2249 3991 ter
2276 3936 2580 4007 vituperare
2602 3935 2969 4005 Christianos;
2997 3949 3156 4012 atque
3183 3941 3250 3996 ita
3274 3984 3290 4010 ,
3322 3943 3366 3997 si
3395 3945 3638 4014 possint,
3671 3945 3756 4002 in-

2166 4027 2467 4082 tercludant
2494 4029 2634 4083 viam
2662 4028 2849 4085 salutis
2887 4037 3100 4086 alemus
3125 4075 3140 4100 ,
3183 4033 3236 4089 in
3278 4049 3381 4105 qua
3424 4035 3484 4090 iit
3525 4034 3756 4107 quisque

2164 4119 2488 4175 christianus
2506 4119 2532 4175 τ
2553 4119 2675 4178 Suae
2703 4122 2898 4192 quippe
2933 4125 3160 4181 nocendi
3196 4126 3402 4196 astutia)
3441 4126 3756 4184 milielormi

2163 4213 2399 4266 sentiunt
2427 4227 2533 4267 non
2564 4227 2686 4269 esse
2712 4215 3034 4269 contrarium
3057 4215 3099 4283 ³,
3145 4217 3190 4272 si
3229 4217 3478 4274 credatur
3511 4218 3593 4274 eis
3636 4218 3755 4276 lau-

2164 4301 2414 4360 dantibus
2440 4304 2711 4360 Christum
2735 4345 2751 4372 ,
2782 4305 2908 4361 dum
2938 4314 3115 4363 tamen
3145 4307 3394 4365 credatur
3417 4310 3577 4366 etiam
3609 4309 3754 4366 vituo

2163 4395 2468 4464 perantibus
2491 4394 2860 4462 Christianus;
2897 4405 2956 4452 ut
2993 4411 3114 4453 eum
3144 4399 3232 4470 qui
3258 4408 3540 4471 utrumque
3569 4401 3756 4458 credi-

2163 4485 2337 4553 derit,
2369 4487 2528 4542 talem
2552 4483 2748 4543 Christi
2777 4486 2971 4543 faciant
2997 4489 3326 4546 laudatorem
3353 4532 3369 4558 ,
3395 4506 3462 4546 ne
3481 4492 3608 4548 velit
3627 4506 3757 4550 esse

2162 4576 2486 4632 christianus
2512 4593 2526 4633 :
2557 4592 2622 4634 ac
2642 4579 2720 4634 sic
2741 4580 2985 4650 quamvis
3004 4581 3072 4635 ab
3096 4577 3188 4636 illo
3213 4581 3454 4639 laudatus
3475 4625 3492 4650 ,
3523 4583 3591 4638 ab
3617 4583 3758 4641 isto-

2161 4683 2281 4726 rum
2335 4678 2514 4727 tamen
2561 4671 2863 4727 daemonum
2908 4673 3183 4729 dominatu
3232 4688 3353 4730 eum
3400 4690 3506 4730 non
3553 4675 3759 4736 liberet

2161 4761 2423 4819 Christus.
2469 4764 2772 4819 Praesertim
2816 4765 2938 4835 quia
2983 4766 3054 4820 ita
3097 4765 3312 4822 laudant
3348 4767 3617 4824 Christum
3646 4809 3665 4835 ,
3694 4780 3760 4826 ut

2161 4857 2401 4926 quisquis
2425 4856 2476 4910 in
2503 4870 2625 4911 eum
2652 4857 2811 4911 talem
2835 4856 3161 4926 crediderit,
3197 4858 3369 4930 qualis
3405 4859 3472 4914 sb
3497 4860 3576 4914 eis
3601 4873 3758 4930 pra:-

2160 4944 2370 5001 dioatur
2393 4986 2408 5009 ,
2438 4945 2768 5001 Christianus
2792 4959 2950 5002 verus
2973 4961 3079 5006 non
3107 4949 3214 5017 sit,
3263 4949 3358 5006 sed
3395 4949 3761 5009 Photinianus

2162 5037 2449 5095 haereticus
2472 5080 2488 5106 ,
2535 5039 2626 5109 qui
2663 5040 3032 5095 tantummodo
3072 5041 3340 5097 hominem
3364 5085 3378 5108 ,
3435 5057 3542 5098 non
3581 5045 3758 5101 etiam

2162 5130 2331 5186 Deum
2362 5131 2569 5185 noverit
2591 5128 2863 5186 Christum
2891 5131 2964 5204 (ὁ)
2993 5148 3006 5184 :
3033 5142 3086 5188 et
3114 5132 3232 5188 ideo
3267 5148 3363 5204 per
3403 5149 3524 5190 eum
3564 5137 3762 5195 salvus

2160 5239 2284 5280 esse
2307 5239 2412 5278 non
2441 5225 2643 5294 possit,
2682 5239 2782 5280 nec
2819 5224 3041 5281 istorum
3073 5226 3595 5298 mendaciloquorum
3629 5229 3760 5293 da-

2162 5329 2379 5373 monnm
2409 5314 2629 5385 laqueos
2657 5317 2824 5372 vitare
2849 5317 2932 5371 vel
2961 5317 3191 5374 solvere.
3221 5317 3330 5374 Nos
3363 5326 3539 5374 autem
3568 5334 3763 5393 nequa

2245 5430 2264 5460 ι
2291 5433 2495 5497 veteres
2533 5427 2676 5497 libri,
2721 5427 3074 5482 immortalitate
3118 5431 3381 5497 dignatam.
3428 5433 3558 5497 Apud
3594 5441 3767 5488 Eusa-

2159 5491 2313 5549 bium,
2340 5489 2422 5538 lib.
2446 5490 2497 5550 δ,
2518 5491 2584 5541 de
2605 5497 2850 5542 nam.
2876 5498 3073 5556 Evang.,
3095 5489 3202 5557 eap'.
3226 5493 3276 5556 ϐ,
3300 5489 3478 5558 grece'
3505 5503 3604 5559 est,
3633 5512 3715 5561 ap
3731 5511 3764 5555 γ

2159 5551 2544 5603 thanatisthénai.

2225 5617 2246 5646 ³
2263 5617 2335 5675 Sic
2356 5619 2462 5663 Mss.
2483 5613 2603 5664 Fditi
2624 5621 2806 5675 autem,
2828 5620 3062 5666 errantes.

2222 5677 2247 5709 ³
2267 5674 2369 5725 sola
2383 5676 2542 5742 editio
2565 5683 2692 5734 Lov.,
2711 5685 2825 5742 Sua;
2848 5675 3024 5741 quippe
3044 5676 3735 5742 mutummutum
3757 5695 3774 5734 ι

2159 5749 2253 5789 non
2274 5738 2476 5787 credunt
2491 5751 2591 5787 esse
2613 5737 2924 5789 contrarium.

2221 5799 2622 5910 gguacggagem
2643 5807 2805 5852 Graece
2822 5799 2948 5863 apud
2961 5801 3239 5864 Eusebium,
3260 5801 3346 5854 lib.
3361 5804 3394 5855 3
3411 5803 3479 5857 de
3493 5810 3766 5861 nemon.

2160 5867 2360 5924 Evang.,
2387 5873 2492 5923 cap.
2513 5867 2561 5910 ϐ.

2227 5923 2302 5986 (b)
2323 5921 2453 5972 conf.
2479 5921 2566 5974 lib.
2589 5923 2653 5974 de
2671 5931 2871 5986 Haec”
2895 5923 3018 5975 liter.
3041 5922 3122 5988 μ,
3144 5924 3226 5977 ΑΒ.
