4062 6530
977 403 1004 414 -ο

250 499 350 566 65$

251 623 550 693 Apollinem
597 621 986 691 vituperantem
1031 617 1342 688 Christum,
1385 632 1560 688 neque
1599 617 1834 671 Hecaten

253 729 535 784 possumus
563 714 860 782 approbare
889 711 1210 766 laudantem.
1243 707 1338 764 Ille
1361 710 1558 780 quippe
1583 718 1832 778 tanquam

256 807 492 876 iniquum
517 805 792 860 Christum
813 803 928 860 vult
953 801 1098 858 credi
1123 841 1140 868 ,
1171 816 1330 870 quem
1354 816 1384 854 a
1401 799 1668 870 iudicibus
1689 807 1834 854 recta

253 899 606 954 sentientibus
623 897 754 954 dicit
773 896 1008 952 occisum
1033 911 1049 960 ;
1069 895 1168 948 ista
1186 933 1204 960 ,
1225 893 1494 948 hominem
1517 892 1834 962 piissimum,

253 989 340 1047 sed
371 990 650 1044 hominem
675 996 900 1044 tantum.
925 987 1036 1040 lina
1057 995 1140 1040 est
1159 993 1332 1040 tamen
1355 995 1404 1038 et
1433 983 1574 1038 illius
1599 990 1654 1038 et
1677 981 1836 1052 hujus

254 1081 476 1136 intentio
499 1119 516 1146 ,
557 1089 616 1136 ut
655 1079 826 1134 nolint
865 1075 1112 1132 homines
1151 1089 1272 1130 esse
1318 1073 1650 1130 Christianos
1673 1090 1688 1138 ;
1715 1073 1838 1142 quia

253 1173 348 1228 nisi
374 1171 669 1228 Christiani
696 1177 892 1232 erunt,
930 1169 997 1222 ab
1043 1181 1230 1221 eorum
1279 1165 1392 1220 erui
1435 1173 1698 1235 potestate
1733 1177 1836 1218 non

253 1271 522 1334 poterunt.
561 1262 666 1316 Iste
695 1275 824 1316 vero
847 1257 1196 1330 philosophus
1219 1299 1234 1326 ,
1259 1257 1344 1311 vel
1373 1257 1545 1326 potius
1585 1255 1678 1326 qui
1717 1255 1835 1310 tali.

253 1353 350 1410 bus
401 1353 661 1408 adversus
703 1351 1036 1406 Christianos
1086 1349 1234 1420 quasi
1291 1345 1520 1403 oraculis
1575 1346 1836 1412 credunt,

253 1444 398 1514 prius
430 1444 626 1498 faciant
650 1483 666 1507 ,
697 1441 740 1496 si
774 1447 1032 1512 possunt,
1068 1447 1122 1494 ut
1153 1439 1292 1493 inter
1318 1451 1378 1494 se
1396 1435 1463 1492 de
1493 1435 1607 1506 ipso
1629 1435 1842 1491 Christo

257 1533 452 1590 llecate
480 1543 641 1604 atque
667 1529 856 1602 Apollo
885 1527 1248 1596 concordent,
1287 1543 1516 1599 eumque
1549 1535 1642 1582 aut
1683 1525 1841 1582 ambo

253 1623 612 1688 condemnem
637 1666 652 1691 ,
685 1631 774 1677 aut
817 1623 973 1677 ambo
1014 1619 1336 1678 collaudent.
1383 1617 1534 1687 Quod
1577 1619 1620 1672 si
1665 1615 1842 1674 facere

255 1719 597 1792 potuissent,
630 1715 972 1770 nihilominus
997 1729 1093 1768 nos
1121 1721 1174 1769 et
1203 1713 1592 1782 vituperatores
1633 1719 1689 1765 et
1727 1709 1841 1764 lau-

255 1814 471 1869 datores
485 1807 684 1865 Christi
711 1807 924 1864 fallaces
943 1805 1212 1862 daamones
1231 1803 1540 1860 vitaremus.
1557 1801 1690 1858 Cum
1713 1815 1844 1858 vero

253 1917 436 1960 eorum
467 1899 601 1958 deus
627 1909 678 1957 et
705 1898 800 1955 dea
831 1900 972 1955 inter
1007 1911 1066 1954 se
1107 1895 1176 1953 de
1209 1895 1424 1952 Christo
1449 1937 1463 1962 ,
1509 1895 1603 1950 ille
1641 1893 1846 1963 vitupe-

254 1993 420 2052 rando
445 2037 462 2063 ,
495 1993 597 2049 ista
627 1991 891 2048 laudando
931 1989 1284 2055 dissentiant;
1329 1985 1570 2058 profecto
1613 1985 1692 2041 eis
1731 1985 1844 2040 bla-

255 2084 663 2158 spliemantibus
687 2079 1017 2138 Christianos
1059 2095 1167 2136 non
1203 2077 1431 2136 credunt
1473 2076 1758 2144 homines,
1799 2075 1846 2132 si

257 2185 406 2234 rccte
435 2175 538 2247 ipsi
564 2175 814 2231 sentiant.

325 2267 378 2324 ι.
419 2267 564 2324 Sane
605 2265 872 2320 Christum
921 2261 1180 2328 laudans,
1219 2261 1308 2318 vel
1351 2259 1678 2332 Porphyrius
1703 2301 1718 2326 ,
1759 2259 1850 2316 vel

255 2357 454 2416 Hecate
477 2401 492 2422 ,
525 2371 646 2412 cum
677 2355 816 2411 dicat
851 2369 972 2410 eum
1005 2351 1180 2423 ipsum
1199 2351 1410 2408 dedisse
1437 2349 1668 2408 fataliter
1693 2351 1848 2407 Chri-

255 2451 444 2506 stianis
468 2493 482 2518 ,
517 2456 574 2502 ut
601 2447 996 2517 implicarentur
1023 2457 1226 2514 errore,
1267 2455 1456 2498 causas
1495 2449 1670 2498 tamen
1697 2441 1842 2512 ejus-

257 2541 376 2598 dem
405 2583 420 2608 ,
449 2541 590 2596 sicut
616 2545 800 2609 putat,
851 2537 1032 2606 pandit
1057 2535 1274 2591 erroris.
1309 2533 1451 2600 Quas
1473 2543 1756 2603 antequam
1779 2545 1850 2586 ex

257 2633 438 2691 verbis
465 2633 582 2703 ejus
609 2645 871 2701 exponam
895 2669 911 2696 ,
939 2629 1085 2699 prius
1113 2641 1296 2698 quaero
1319 2669 1334 2695 ,
1365 2625 1422 2682 Si
1449 2625 1678 2680 fataliter
1701 2623 1850 2678 dedit

261 2725 510 2782 Christus
557 2719 874 2779 Christianis
917 2721 1122 2778 erroris
1169 2719 1578 2788 implicationem
1605 2759 1620 2784 ,
1671 2725 1846 2772 utrum

256 2816 480 2882 volens,
513 2827 582 2868 an
609 2813 794 2868 nolens
819 2811 1046 2868 dederit.
1093 2809 1148 2864 Si
1189 2809 1374 2864 volens
1397 2847 1416 2876 ,
1457 2807 1726 2878 quomodo
1763 2805 1848 2877 ju-

255 2917 368 2964 stus
387 2909 413 2962 τ
443 2908 492 2962 si
526 2907 712 2962 nolens
738 2947 752 2971 ,
783 2903 1050 2974 quomodo
1093 2901 1322 2958 beatus?
1359 2899 1466 2956 Sed
1507 2900 1616 2968 jam
1659 2912 1851 2954 causas

253 2997 424 3069 ipsius
447 2997 728 3054 audiamus
751 2993 968 3052 erroris.
1005 2995 1135 3048 Sunt
1161 3033 1174 3056 ,
1203 2993 1374 3060 inquit
1397 3031 1412 3058 ,
1435 2991 1644 3056 spiritus
1667 2987 1852 3044 terreni

255 3091 454 3144 minimi
479 3091 591 3144 loco
609 3089 828 3158 quodam
853 3087 869 3120 *
897 3085 1146 3140 titulorum
1171 3085 1456 3138 “manum
1483 3083 1712 3154 potestati
1733 3083 1858 3137 sub-

253 3181 394 3254 iecti.
429 3181 506 3234 Ab
527 3181 606 3234 his
629 3179 880 3250 sapientes
907 3177 1232 3232 llebrcorum
1255 3215 1270 3242 ,
1311 3190 1528 3244 quorum
1577 3188 1710 3226 unus
1753 3172 1850 3226 ists

255 3277 406 3330 etiam
437 3272 472 3328 J
479 3290 592 3327 esus
623 3273 756 3343 fuit,
789 3272 916 3326 sicut
959 3269 1148 3323 audisti
1191 3267 1362 3321 diuina
1397 3265 1652 3334 Apollinis
1669 3265 1712 3330 ⁸,
1739 3277 1856 3334 qua

253 3367 496 3438 superius
521 3363 658 3418 dicta
685 3351 836 3427 sunt;
857 3361 918 3414 ab
941 3361 1018 3416 Itis
1039 3375 1156 3430 ergo
1183 3357 1384 3414 Hebrtci
1408 3354 1718 3410 dtemonibrts
1741 3371 1856 3424 pes-

253 3461 398 3514 simis
421 3467 472 3514 et
493 3456 772 3512 minoribus
793 3455 1056 3526 spiritibus
1077 3455 1304 3508 uetabant
1329 3450 1588 3520 religiosos
1611 3489 1626 3514 ,
1655 3457 1704 3503 et
1729 3448 1853 3521 ipsis

253 3563 438 3603 cacare
459 3546 790 3620 prohibebant
814 3543 1074 3600 :venerari
1095 3551 1260 3596 autem
1281 3541 1441 3612 magis
1462 3539 1680 3594 caelestes
1695 3538 1814 3594 deos
1835 3579 1849 3602 ,

251 3640 482 3710 antplius
511 3647 680 3692 autem
705 3637 926 3692 venerari
955 3633 1116 3688 Deum
1143 3633 1365 3686 Patrem.
1399 3629 1510 3684 lloc
1537 3639 1703 3683 autem
1728 3668 1745 3696 ,
1777 3629 1853 3684 in-

251 3731 374 3804 quit
399 3773 416 3798 ,
449 3740 498 3786 et
525 3729 598 3784 dii
626 3729 922 3800 praecipiunt
947 3769 962 3794 ,
990 3736 1036 3780 et
1061 3726 1114 3780 in
1141 3723 1482 3796 superioribus
1503 3719 1810 3776 ostendimus
1834 3761 1848 3787 ,

243 3819 686 3894 quemadmodum
715 3821 936 3872 animum
964 3817 1219 3870 advertere
1245 3815 1312 3868 ad
1349 3811 1511 3866 Deum
1539 3819 1738 3866 monent
1761 3851 1778 3878 ,
1804 3821 1853 3866 et

243 3915 402 3970 illum
427 3915 598 3968 colere
623 3911 802 3982 ubique
826 3911 1092 3980 imperant.
1141 3903 1323 3962 Verum
1361 3905 1548 3958 indocti
1592 3911 1638 3956 et
1682 3903 1855 3972 impia

241 4019 498 4072 naturae,
533 4005 710 4072 quibus
749 4019 858 4056 uere
901 4003 1061 4073 fatum
1097 4016 1198 4054 non
1224 3999 1466 4052 concessit
1509 4011 1540 4050 a
1584 3995 1680 4050 diis
1718 3994 1854 4048 dona

241 4097 484 4152 obtinere
507 4137 524 4160 ,
558 4111 716 4164 neque
742 4091 922 4146 habere
946 4090 1088 4144 Iouis
1105 4089 1406 4144 imntortalis
1429 4089 1681 4141 notionem
1707 4128 1720 4150 ,
1751 4101 1852 4139 non

235 4191 526 4244 audientes
549 4197 594 4240 et
625 4185 744 4240 deos
771 4195 814 4238 et
842 4183 1036 4238 divinos
1059 4183 1190 4236 viros
1215 4223 1229 4248 ,
1275 4179 1392 4234 deos
1430 4179 1632 4248 quidem
1679 4193 1852 4231 euntes

235 4287 621 4334 recusaverunt
647 4317 662 4340 ,
705 4273 978 4344 prohibitos
1025 4281 1191 4326 autem
1241 4271 1492 4324 dtemones
1533 4277 1579 4322 et
1619 4269 1709 4322 Itos
1753 4284 1852 4322 non

231 4373 424 4426 odisse
450 4411 470 4436 ,
499 4367 590 4422 sed
613 4365 844 4420 revereri.
889 4363 1054 4418 Deum
1093 4371 1260 4416 autem
1299 4361 1593 4414 simulantes
1623 4359 1784 4414 colere
1807 4357 1850 4426 ⁸,

231 4479 298 4516 ea
328 4463 460 4517 sola
491 4477 582 4532 per
607 4474 720 4528 qua:
745 4455 880 4510 Deus
905 4456 1146 4508 adoretur
1165 4495 1179 4518 ,
1212 4469 1312 4506 non
1342 4461 1520 4522 agunt.
1549 4447 1690 4505 Nam
1717 4449 1854 4504 Deus

211 4555 466 4628 ﬂuidam
495 4594 508 4618 ,
551 4557 723 4619 utpote
767 4547 987 4600 omnium
1030 4543 1218 4608 Pater,
1269 4542 1458 4595 nullius
1501 4541 1731 4612 indiget:
1767 4541 1856 4594 sed

225 4645 386 4699 nobis
441 4647 528 4696 est
575 4639 698 4693 bene
723 4681 736 4704 ,
780 4653 894 4690 cum
931 4653 1043 4689 eum
1085 4649 1173 4705 per
1208 4633 1462 4702 justitiam
1495 4639 1542 4685 et
1577 4633 1854 4686 castitatem

219 4737 494 4804 aliasque
515 4732 724 4784 virtutes
751 4729 1024 4781 adoramus
1041 4767 1056 4792 ,
1083 4725 1246 4794 ipsam
1276 4723 1428 4776 vitam
1461 4737 1653 4792 precem
1679 4721 1748 4774 ad
1775 4723 1854 4792 ip-

221 4845 344 4882 sum
385 4823 654 4898 facientes
677 4861 691 4886 ,
723 4835 810 4902 p_er
834 4817 1162 4873 imitationem
1187 4825 1234 4868 et
1255 4815 1619 4886 inquisitionem
1641 4812 1848 4884 ἀείρεο.

219 4917 538 4992 Inquisitio
567 4914 702 4968 enim
729 4921 910 4983 purgat
941 4953 956 4976 ,
983 4909 1154 4980 inquit
1196 4927 1208 4964 :
1251 4907 1465 4962 imitatio
1505 4907 1704 4976 deiﬁcat
1727 4903 1859 4972 απε-

217 5015 476 5068 ειὶοηειη
514 5007 589 5060 ad
613 5003 780 5074 ipsum
809 5001 1082 5074 aperantto.
1129 4999 1272 5056 Bene
1297 4997 1510 5070 quidem
1547 4995 1856 5069 praedicavit

213 5103 410 5158 Deum
451 5099 684 5154 Patrem
709 5137 724 5163 ,
753 5103 809 5151 et
835 5095 1025 5164 quibus
1055 5093 1126 5148 sit
1153 5091 1405 5146 colendus
1433 5089 1670 5144 moribus
1695 5087 1849 5145 dixit.

211 5193 457 5264 Quibus
499 5187 788 5260 praeceptis
817 5183 1110 5256 prophetici
1133 5183 1274 5238 Libri
1295 5181 1438 5252 pleni
1459 5189 1584 5234 sunt
1605 5179 1854 5234 Hebraeo-

207 5305 342 5344 rum
377 5327 398 5352 ,
439 5277 678 5356 quando
716 5287 1017 5334 sanctorum
1039 5277 1148 5331 vita
1177 5275 1290 5330 sive
1313 5275 1652 5343 vituperatur
1669 5269 1710 5338 ⁵,
1739 5272 1854 5326 sive

275 5423 303 5492 1_
329 5417 514 5492 editi,
557 5411 664 5462 loco
699 5417 888 5461 terreno
922 5407 1149 5472 quodam.
1175 5407 1337 5468 Abest,
1361 5411 1565 5467 terreno,
1610 5417 1641 5455 ιι
1681 5416 1852 5454 manu-

197 5489 458 5616 ἀξνξῗὲ
497 5537 560 5586 in
587 5533 730 5586 caus
749 5532 956 5594 additur,
999 5529 1233 5594 παρείη
1269 5529 1399 5594 quod
1432 5529 1576 5578 abest
1616 5539 1646 5577 a
1679 5537 1854 5578 unau-

187 5611 780 5730 ’σέθέἷὲὀιιωεεηιιεες
796 5654 1083 5730 29“}qu
1121 5649 1392 5730 vim
1411 5649 1852 5730 assuerat?

185 5739 300 5781 non
325 5709 530 5778 ἱὸῖιᾱη
575 5717 722 5768 nullis
751 5714 876 5786 odiis
895 5709 1098 5786 insequi,
1122 5709 1234 5786 'sed_
1251 5711 1396 5764 ett'ast
1415 5709 1626 5763 reuereri
1665 5709 1853 5775 detege-

187 5775 349 5842 ὢί
611 5789 771 5831 autem
789 5775 1068 5842 simulantes
1084 5789 1133 5828 se
1161 5777 1334 5826 colere.

263 5831 566 5902 ΓῬίῖιῖἔε
600 5851 725 5901 Mss,
757 5837 853 5902 sine
885 5839 1172 5902 imperatur.
1219 5845 1346 5886 Hanc
1381 5835 1660 5902 lectionem_
1681 5831 1852 5902 pt'obat

185 5895 522 5968 ἰωὰ)ἷῖεῶ
553 5895 733 5962 Vives}
1003 5902 1276 5968 improbat;
1313 5911 1424 5968 nam
1475 5895 1842 5968 «proﬂictas

465 5971 812 6019 «multum
855 5962 1470 6024 vitamnonvituperanta
1513 5962 1735 6022 toqu
1758 5965 1848 6007 Atl-

1497 497 1698 556 LIBER
1739 495 2034 554 DECIMUS
2073 496 2318 556 NONUS.

1939 613 2198 670 laudatur.
2225 614 2328 670 Sed
2352 615 2403 670 in
2425 613 2738 672 Christianis
2759 625 2966 672 tantum
2988 623 3134 672 errat
3156 657 3171 684 ,
3198 623 3289 671 aut
3315 625 3517 674 tantum

1937 707 2293 762 calumniatur
2315 749 2330 772 ,
2353 719 2604 778 quantum
2627 709 2812 764 volunt
2835 709 3106 764 daemones
3129 751 3144 776 ,
3175 723 3312 780 quos
3335 708 3521 780 opina-

1939 803 2026 850 tur
2053 797 2181 852 dcos
2204 837 2220 864 ,
2252 799 2400 866 quasi
2441 799 2684 867 cuiquam
2731 791 3052 854 diﬂicile’sit
3087 799 3326 854 recolere
3351 841 3365 864 ,
3403 815 3524 871 qua!

1941 887 2153 958 turpia,
2207 905 2324 958 qum
2365 887 2626 944 dedecora
2671 907 2796 960 erga
2844 891 3062 946 deorum
3105 891 3417 964 obsequium
3466 891 3519 950 in

1941 983 2164 1038 theatris
2189 983 2478 1052 agebantur
2497 991 2549 1036 et
2572 985 2780 1052 templis
2803 1002 2816 1048 ;
2839 994 2892 1038 et
2911 984 3184 1040 attendere
3205 1001 3322 1054 quae
3341 986 3520 1057 legan-

1942 1079 2028 1126 tur
2053 1115 2068 1138 ,
2101 1073 2344 1128 dicantur
2369 1113 2384 1140 ,
2417 1073 2698 1128 audiantur
2722 1074 2774 1128 in
2803 1075 3038 1130 ecclesiis
3065 1117 3080 1142 ,
3121 1077 3202 1130 vel
3241 1077 3348 1130 Deo
3395 1091 3526 1132 vero

1945 1164 2072 1232 quid
2099 1163 2389 1230 oﬂ'eratur;
2421 1175 2474 1219 et
2505 1165 2630 1220 hinc
2665 1165 2957 1236 intelligere
2984 1167 3074 1221 ubi
3105 1168 3382 1223 aedilicium
3407 1210 3424 1235 ,
3470 1177 3526 1224 et

1945 1255 2034 1310 ubi
2063 1256 2212 1310 ruina
2243 1255 2310 1310 sit
2337 1273 2567 1312 morum.
2595 1256 2724 1324 Quis
2747 1265 2922 1311 autem
2951 1257 3071 1312 huic
3097 1257 3230 1312 dixit
3250 1260 3331 1313 vel
3359 1259 3524 1328 inSpi-

1945 1349 2080 1402 ravit
2105 1389 2120 1414 ,
2151 1349 2250 1404 nisi
2282 1348 2574 1404 diabolieus
2601 1349 2816 1419 spiritus
2843 1390 2858 1414 ,
2904 1359 3010 1404 tam
3036 1365 3228 1404 vanum
3257 1359 3526 1422 apertum-

1947 1453 2049 1508 que
2079 1439 2407 1494 mcndacium
2435 1481 2448 1506 ,
2477 1439 2616 1510 quod
2636 1439 2908 1496 daemones
2927 1439 2995 1494 ab
3017 1439 3251 1496 Hebraeis
3272 1443 3370 1496 coli
3401 1459 3524 1511 pro-

1949 1528 2144 1586 hibitos
2175 1540 2519 1586 revereantur
2543 1531 2717 1600 potius
2741 1572 2756 1598 ,
2789 1546 2943 1600 quam
2967 1529 3177 1585 oderint
3203 1531 3531 1588 Christiani?

1947 1621 2053 1678 Sed
2085 1623 2220 1676 Deus
2248 1623 2334 1678 ille
2356 1639 2512 1694 quem
2543 1624 2820 1679 coluerunt
2851 1624 3119 1694 sapientes
3147 1623 3491 1680 lIebrteorum
3511 1666 3528 1694 ,

1947 1714 2108 1769 etiam
2142 1714 2450 1771 cmlestibus
2477 1717 2675 1770 sanctis
2714 1715 2928 1786 Angelis
2965 1723 3019 1770 et
3057 1713 3354 1771 Virtutibus
3397 1717 3530 1786 Dei,

1948 1819 2085 1874 quos
2117 1804 2451 1861 beatissimos
2479 1815 2724 1875 tanquam
2753 1805 2897 1861 cives
2954 1807 3003 1862 in
3046 1805 3144 1862 hac
3183 1819 3365 1862 nostra
3409 1823 3531 1878 per-

1947 1897 2278 1968 egrinatione
2303 1897 2514 1952 mortali
2543 1913 2860 1953 veneramur
2877 1905 2930 1952 et
2959 1913 3221 1966 amamus,
3240 1897 3531 1954 sacriﬁcari

1949 1997 2092 2044 vetat
2113 2031 2127 2052 ,
2157 1989 2404 2044 intonans
2445 1991 2497 2044 in
2535 1989 2650 2060 lege
2687 2005 2778 2044 sua
2801 2031 2816 2055 ,
2848 2005 3006 2060 quam
3037 1989 3174 2044 dedit
3211 1991 3403 2060 populo
3432 2003 3531 2045 suo

1949 2077 2176 2136 Hebraeo
2200 2121 2214 2148 ,
2245 2089 2300 2136 et
2324 2081 2475 2136 valde
2505 2083 2783 2136 minaciter
2818 2081 3000 2136 dicens
3024 2125 3037 2148 ,
3083 2081 3392 2152 Sacriﬁcans
3433 2081 3532 2136 diis

1949 2167 2307 2226 eradicabitur.
2333 2173 2399 2226 Et
2425 2187 2492 2228 ne
2513 2173 2796 2242 quisquam
2819 2181 3028 2242 putaret
3052 2171 3382 2228 daemonibus
3407 2187 3529 2243 pes-

1949 2265 2102 2320 simis
2133 2265 2464 2336 terrenisque
2493 2265 2766 2334 Spiritibus
2791 2308 2805 2330 ,
2839 2279 2970 2333 quos
3001 2267 3098 2320 iste
3127 2265 3256 2320 dicit
3285 2267 3534 2322 minimos

1949 2357 2032 2412 vel
2065 2357 2298 2412 minores
2321 2397 2336 2422 ,
2377 2371 2444 2410 ne
2490 2356 2820 2412 sacriﬁcetur
2857 2371 2978 2411 esse
3017 2367 3374 2426 praaceptum;
3410 2359 3532 2426 quia

1950 2457 2006 2503 et
2035 2449 2132 2518 ipsi
2167 2449 2218 2502 in
2243 2447 2533 2520 Scripturis
2573 2447 2774 2502 sanctis
2819 2447 2942 2502 dicti
2986 2457 3106 2502 sunt
3149 2447 3260 2512 dii,
3295 2463 3400 2502 non
3429 2449 3532 2503 lle-

1951 2538 2216 2594 brteorum
2245 2581 2260 2608 ,
2289 2539 2382 2594 sed
2412 2541 2686 2610 gentium;
2721 2539 2862 2609 quod
2901 2539 3176 2594 evidenter
3223 2539 3276 2594 in
3321 2539 3530 2595 Psalmc

1951 2631 2294 2706 Septuaginta
2343 2635 2660 2704 interpretes
2703 2641 3030 2704 posuerunt,
3070 2633 3348 2698 dicentes,
3398 2631 3538 2700 Quo-

1951 2724 2089 2776 niam
2115 2740 2285 2779 omnes
2311 2723 2382 2778 dii
2407 2725 2630 2794 gentium
2657 2722 2908 2776 damtonia
2949 2721 2968 2792 (
2993 2719 3136 2776 Psal.
3167 2735 3285 2798 xcv,
3315 2721 3348 2777 5
3371 2719 3391 2790 )
3415 2733 3433 2776 :
3470 2733 3534 2778 ne

1953 2817 2076 2886 quis
2103 2831 2230 2886 ergo
2258 2825 2468 2888 putaret
2497 2815 2610 2870 istis
2635 2815 2848 2886 quidem
2872 2813 3149 2868 daemoniis
3177 2813 3496 2883 prohibitum
3515 2849 3534 2879 ,

1953 2907 2258 2964 coelestibus
2286 2916 2462 2962 autem
2497 2907 2575 2962 vel
2605 2907 2854 2962 omnibus
2880 2947 2894 2974 ,
2929 2905 3013 2960 vel
3043 2905 3307 2974 aliquibus
3339 2905 3528 2959 sacriﬁ-

1953 3001 2064 3054 cari
2090 3015 2210 3056 esse
2236 2999 2553 3070 permissum
2577 3041 2592 3066 ,
2625 3015 2746 3054 mox
2777 2999 3011 3064 addidit,
3041 2997 3140 3052 nisi
3159 2997 3380 3053 Domino
3407 2997 3504 3052 soli
3522 3040 3536 3064 ,

1955 3091 2006 3146 id
2033 3101 2115 3146 est
2133 3131 2150 3158 ,
2177 3091 2279 3146 nisi
2303 3091 2527 3146 Domino
2555 3097 2760 3144 tantum
2792 3109 2804 3144 :
2835 3105 2903 3144 ne
2924 3087 3061 3144 forte
3091 3089 3142 3142 in
3167 3103 3234 3144 eo
3259 3087 3398 3159 quod
3424 3087 3536 3155 ait,

1955 3181 2053 3235 nisi
2083 3179 2298 3236 Domino
2326 3181 2443 3250 soli,
2469 3179 2751 3236 Dominum
2787 3180 2954 3235 solem
3003 3180 3188 3234 credat
3221 3195 3342 3234 esse
3387 3179 3538 3250 quis-

1955 3273 2094 3343 piam
2121 3315 2138 3340 ,
2169 3267 2258 3328 cui
2282 3269 2685 3328 sacriﬁcandum
2717 3279 2864 3342 putat
2899 3271 2916 3304 ί
2943 3287 2958 3326 :
2989 3271 3130 3342 quod
3159 3287 3262 3326 non
3305 3273 3374 3326 ita
3415 3281 3536 3326 esse

1957 3365 2354 3436 intelligendum
2375 3407 2392 3433 ,
2410 3365 2460 3420 in
2479 3365 2766 3434 Scripturis
2783 3364 2970 3434 grarcls
2985 3362 3238 3419 facillime
3249 3364 3537 3433 reperitur.

2027 3457 2082 3510 5.
2123 3457 2264 3511 Deus
2291 3455 2454 3526 igitur
2481 3455 2820 3511 Hebraeorum
2845 3493 2864 3523 ,
2885 3455 2972 3510 cui
3001 3465 3110 3510 tam
3139 3470 3388 3527 magnum
3417 3464 3538 3514 tan-

1957 3555 2044 3602 tus
2085 3547 2248 3602 etiam
2301 3547 2402 3602 iste
2451 3545 2798 3617 philosophus
2851 3545 3096 3618 perhibet
3135 3546 3498 3604 testimonium
3519 3585 3538 3614 ,

1957 3637 2128 3708 legem
2161 3636 2310 3693 dedit
2347 3635 2578 3692 Hebrao
2619 3637 2814 3708 popqu
2851 3653 2950 3692 suo
2975 3677 2992 3706 ,
3034 3637 3248 3692 hebrato
3289 3651 3544 3694 sermone

1955 3731 2312 3799 conscriptam
2339 3770 2354 3794 ,
2383 3743 2486 3784 non
2515 3729 2798 3782 obswram
2823 3737 2880 3784 et
2905 3728 3226 3798 incognitam
3251 3769 3266 3796 ,
3299 3727 3394 3784 sed
3418 3742 3536 3786 om-

1957 3823 2112 3880 nibus
2133 3823 2240 3894 jam
2267 3822 2511 3892 gentibus
2535 3821 2860 3876 didamatam
2879 3859 2896 3889 ,
2925 3821 2978 3876 in
3011 3835 3115 3891 qua
3139 3821 3257 3892 lege
3279 3820 3538 3892 scripturn

1957 3924 2038 3970 est
2061 3955 2078 3982 ,
2099 3913 2408 3982 Sacri/iocus
2427 3913 2527 3966 diis
2547 3911 2886 3966 eradicobitttr
2907 3951 2922 3976 ,
2953 3912 3052 3966 nisi
3081 3910 3294 3966 Domino
3321 3921 3537 3966 tantum.

1959 4005 2094 4072 Quid
2121 4019 2254 4074 opus
2281 4005 2440 4060 estin
2469 4003 2566 4058 hac
2589 4003 2708 4072 ejus
2735 4002 2852 4072 lege
2873 4043 2890 4068 ,
2917 4003 3140 4072 ejusque
3167 4001 3448 4070 Prophetis
3469 4001 3540 4058 de

1961 4096 2060 4152 hac
2087 4112 2147 4152 re
2175 4096 2340 4152 multa
2371 4093 2721 4166 perquirere?
2747 4095 2858 4150 lmo
2897 4107 3004 4150 non
3045 4093 3352 4162 perquirere
3374 4133 3390 4158 ,
3429 4107 3540 4150 non

1958 4190 2102 4246 enim
2131 4191 2372 4246 abstrusa
2399 4189 2482 4244 vel
2511 4203 2630 4243 rara
2667 4195 2826 4250 sunt;
2876 4183 2972 4242 sed
3015 4195 3196 4255 aperta
3243 4195 3300 4240 et
3347 4185 3536 4242 crebra

1956 4281 2212 4352 colligere
2233 4321 2250 4347 ,
2275 4289 2332 4337 et
2357 4281 2410 4336 in
2435 4279 2538 4336 hac
2561 4279 2916 4350 dieputatione
2939 4292 3058 4332 mea
3081 4291 3282 4346 ponere
3309 4295 3321 4330 :
3347 4277 3540 4348 quibus

1958 4375 2076 4430 luce
2105 4375 2298 4430 clarius
2323 4383 2542 4446 apparet
2565 4374 2608 4439 ³,
2651 4372 2780 4428 nulli
2805 4371 3024 4426 omnino
3063 4369 3166 4424 nisi
3195 4376 3397 4424 tantum
3435 4370 3538 4426 sibi

1959 4469 2126 4524 Deum
2157 4485 2340 4524 verum
2369 4477 2426 4524 et
2460 4481 2722 4524 summurn
2763 4465 2998 4520 voluisse
3045 4462 3354 4518 sacriﬁcari.
3395 4461 3536 4516 Ecce

1959 4559 2062 4614 hoc
2091 4575 2250 4614 unum
2278 4557 2512 4614 breviter
2536 4598 2549 4619 ,
2583 4556 2690 4612 imo
2731 4555 3002 4625 granditer
3023 4594 3038 4620 ,
3079 4551 3357 4608 minaciter
3377 4591 3396 4618 ,
3439 4551 3534 4606 sed

1957 4653 2214 4706 veraciter
2237 4650 2436 4704 dictum
2463 4647 2642 4704 abillo
2671 4647 2784 4702 Deo
2805 4685 2821 4712 ,
2851 4659 3009 4714 quem
3035 4652 3144 4700 tam
3165 4641 3487 4698 excellenter
3513 4639 3534 4672 ³

1957 4761 2142 4802 eorum
2193 4744 2484 4802 doctissimi
2537 4741 2870 4818 praedicant,
2917 4739 3198 4802 audiatur,
3249 4740 3532 4800 timeatur,

1959 4839 2242 4908 impleatur
2263 4877 2280 4905 ,
2313 4851 2381 4892 ne
2427 4833 2794 4890 inobedientes
2833 4831 3122 4886 eradicatio
3158 4833 3532 4896 consequatur.

1961 4931 2270 4998 Sarriﬁcans
2293 4971 2306 4992 ,
2353 4928 2562 4998 inquit,
2599 4927 2698 4980 diis
2743 4923 3078 4980 eradicabitur
3098 4961 3116 4988 ,
3171 4919 3267 4973 nisi
3315 4916 3534 4972 Domino

1957 5033 2150 5076 tantum
2174 5037 2190 5076 :
2217 5037 2324 5076 non
2355 5035 2460 5092 quo
2487 5019 2564 5075 rei
2592 5025 2744 5087 egeat
2782 5015 3045 5084 alicujus,
3080 5011 3178 5068 sed
3216 5011 3340 5082 quia
3381 5010 3538 5066 nobis

1958 5116 2172 5187 expedit
2193 5125 2253 5170 ut
2277 5129 2364 5170 res
2387 5113 2504 5184 ejus
2527 5112 2716 5168 simus.
2763 5109 2897 5164 Hinc
2915 5104 2940 5140 ⁵
2959 5105 3102 5162 enim
3126 5103 3335 5158 canitur
3361 5101 3416 5158 in
3443 5118 3532 5156 sa-

1955 5275 2186 5338 διιειίτιιιε.
2200 5271 2265 5322 de
2286 5275 2558 5338 εειιιςιοῖμιηι
2581 5267 2677 5338 vita
2689 5266 2752 5338 in.
2769 5261 2933 5338 tetris
2945 5257 3537 5338 Euﬁjﬁnﬁimﬁi‘fif

1953 5317 2261 5396 ἕειῖιῖἶιῖιιῖᾱ
2276 5317 2368 5396 {at
2389 5325 2817 5396 indicarevidetur
3205 5317 3315 5396 9110i
3323 5330 3536 5396 ΕΦΨ)

1955 5399 2022 5460 de
2043 5387 2236 5446 vitando
2271 5391 2416 5460 meo.
2451 5389 2582 5460 asod
2605 5388 2654 5438 ιη
2675 5399 2862 5460 sors“!
2885 5387 3348 5460 sissesisse.
3381 5387 3534 5460 02993

1955 5441 2202 5518 Salustii;
2212 5441 2432 5503 moribus
2454 5441 2752 5512 vituperatur
2775 5460 2791 5510 ;
2811 5453 2865 5497 et
2892 5447 2956 5495 de
2973 5441 3194 5494 faciendo
3221 5441 3370 5502 bono,
3406 5441 3534 5506 quod

1955 5523 2002 5564 in
2026 5519 2210 5564 eisdem
2233 5513 2463 5564 laudatur.
3452 5563 3461 5564 ί
3485 5563 3510 5564 Π

1956 5523 2002 5564 in
2026 5521 2210 5564 eisdem
2233 5521 2463 5564 laudatur.

1953 5523 2002 5572 in
2026 5519 2210 5569 eisdem
2233 5519 2463 5564 laudatur.

2019 5583 2036 5613 ί
2065 5588 2192 5639 Lov.,
2211 5581 2362 5640 partes.
2371 5574 2492 5640 rem
2515 5579 2680 5640 autem
2699 5567 2786 5640 alii
2804 5575 2856 5620 et
2875 5565 3204 5640 manusaipti,
3220 5569 3385 5640 piant.
3401 5563 3540 5640 addit

1953 5625 2482 5708 Augustinusiaeill’ime
2505 5633 2713 5708 reperiri
2737 5632 2786 5680 in
2819 5629 3068 5704 scripturis
3087 5625 3262 5692 graecis
3296 5625 3536 5700 quomodo

1953 5703 2088 5750 locus
2131 5699 2217 5750 ille
2267 5699 2334 5749 sit
2375 5693 2739 5750 intelligendus,
2763 5695 2872 5750 quia
2915 5703 2967 5740 tn
2991 5691 3066 5741 eis
3100 5703 3198 5740 non
3221 5689 3448 5750 amlngue
3469 5685 3536 5735 dt-

1953 5701 2088 5754 locits
2131 5701 2217 5751 ille
2267 5701 2334 5749 sit
2375 5701 2739 5806 intelligendus,
2763 5701 2872 5756 quia
2915 5701 2967 5740 tn
2991 5701 3066 5741 eis
3100 5703 3198 5740 non
3221 5701 3414 5751 ammgu

1952 5773 2084 5818 αιιιιι
2107 5773 2200 5822 ea.
2221 5759 2370 5810 ειοάο
2393 5771 2512 5816 ιιιιν
2595 5753 2782 5828 tertii
2801 5752 3020 5828 ἠοξ
3052 5819 3087 5828 ί,
3269 5818 3414 5828 ,μμ

2015 5810 2222 5874 THE—ct
2241 5829 2374 5881 ιλιι,
2394 5810 2642 5883 appareat.
2663 5816 2782 5866 Editi
2802 5827 2924 5868 vero
2943 5810 3026 5876 si“
3041 5819 3092 5867 et
3113 5817 3240 5876 llam,
3262 5811 3480 5876 σρρωει

2014 5891 2037 5922 ⁸
2059 5887 2228 5940 Plures
2241 5877 2368 5944 llas,
2392 5877 2718 5944 succedentem.

2018 5951 2041 5984 δ
2059 5937 2201 6000 ἰ’ίιιᾱ.
2225 5954 2326 5996 Am.
2353 5937 2406 5994 et
2425 5948 2554 6004 las,
2583 5937 2720 5990 Huic.
