4062 6576
490 451 596 511 655

487 567 598 624 cris
622 563 839 622 Litteris
862 562 1249 619 Hebraeorum:
1291 558 1416 616 Dixi
1454 557 1675 614 Domino
1699 600 1714 625 ,
1760 558 1896 614 Deus
1939 575 2077 614 meus

489 677 545 717 es
568 669 624 715 tu
646 701 662 726 ,
689 658 926 731 quoniam
954 656 1199 712 bonorum
1227 644 1454 708 meorum
1484 670 1587 708 non
1627 669 1739 724 eges
1770 651 1789 724 (
1811 651 1957 707 Psal.
1983 669 2073 721 xv,

485 751 528 808 2
548 749 592 827 ).
625 751 791 822 Hujus
818 759 996 805 autem
1022 746 1487 821 pmclarissimum
1515 756 1673 817 atque
1703 745 1961 815 optimum
1987 760 2076 800 sa-

488 843 745 902 criﬁcium
770 858 870 899 nos
891 841 992 913 ipsi
1010 856 1195 897 sumus
1218 881 1234 909 ,
1257 837 1361 895 hoc
1396 847 1478 895 est
1505 839 1522 871 ¹
1544 837 1731 893 civitas
1756 837 1871 906 ejus
1888 877 1904 904 ,
1926 836 2077 907 cujus

488 936 570 995 rei
598 934 910 1010 mysterium
941 934 1278 993 celebramus
1305 932 1661 990 oblationibus
1691 931 1889 987 nostris
1911 972 1926 997 ,
1956 946 2076 1001 quae

487 1026 736 1085 ﬁdelibus
780 1036 920 1083 notae
963 1037 1089 1084 sunt
1115 1068 1130 1093 ,
1175 1026 1314 1082 sicut
1361 1026 1414 1081 in
1461 1026 1612 1082 libris
1655 1023 2077 1095 praecedentibus

486 1119 873 1189 diaputavimus
900 1118 920 1191 (
947 1117 1061 1173 Lib.
1092 1117 1161 1173 10
1180 1158 1196 1183 ,
1223 1133 1338 1186 cap.
1366 1114 1401 1172 6
1423 1157 1440 1183 ,
1473 1124 1520 1170 et
1545 1115 1667 1170 alibi
1693 1112 1737 1187 ).
1762 1113 2087 1170 Cessaturas

486 1212 630 1269 enim
661 1211 905 1266 victimas
929 1252 946 1279 ,
974 1224 1107 1282 quas
1131 1209 1184 1265 in
1213 1208 1403 1263 umbra
1445 1207 1608 1263 futuri
1651 1206 1945 1262 oﬁ'erebant
1980 1204 2075 1261 Ju-

486 1304 590 1360 daei
619 1345 634 1370 ,
664 1311 721 1360 et
743 1320 907 1360 unum
937 1302 1255 1359 sacriﬁcium
1280 1312 1469 1373 gentes
1504 1316 1536 1355 a
1572 1300 1701 1359 solis
1742 1310 1863 1356 ortu
1908 1314 2078 1371 usque

487 1396 555 1451 ad
583 1411 834 1452 occasum
860 1437 873 1461 ,
903 1397 1042 1452 sicut
1059 1397 1170 1466 jam
1200 1393 1317 1451 ﬁeri
1343 1395 1614 1451 cernimus
1639 1393 1913 1450 oblaturas
1932 1435 1948 1462 ,
1984 1408 2078 1464 per

488 1487 784 1559 Pr0phetas
829 1486 1085 1543 Hebraeos
1118 1485 1331 1541 oracula
1377 1485 1691 1557 increpuere
1727 1483 1905 1540 divina
1942 1501 1957 1541 :
2010 1499 2076 1540 ex

488 1578 681 1651 quibus
710 1591 966 1650 quantum
996 1578 1126 1633 satis
1163 1577 1334 1633 visum
1381 1586 1505 1645 est,
1553 1576 1809 1634 nonnulla
1849 1577 2073 1648 protuli-

375 1694 382 1700 ·
487 1687 609 1728 mus
635 1714 650 1741 ,
682 1680 737 1728 et
767 1672 888 1726 huic
912 1671 1023 1740 jam
1052 1670 1201 1741 operi
1229 1669 1578 1739 aspersimus.
1621 1670 1958 1740 Quapropter
1984 1668 2074 1723 ubi

486 1777 595 1819 non
621 1773 703 1819 est
727 1764 823 1818 ista
843 1762 1045 1832 justitia
1070 1803 1086 1829 ,
1118 1772 1177 1817 ut
1199 1761 1489 1818 secundum
1513 1776 1664 1817 suam
1692 1762 1915 1832 gratiam
1941 1760 2074 1817 civi-

486 1856 585 1913 tati
614 1856 881 1912 obcdicnti
914 1855 1052 1911 Deus
1074 1855 1303 1926 imperet
1329 1871 1465 1910 unus
1490 1867 1544 1911 et
1565 1868 1810 1909 summus
1829 1897 1843 1923 ,
1873 1869 1940 1909 ne
1963 1855 2076 1910 cui-

488 1963 646 2020 quam
672 1946 975 2016 sacriﬁcet,
1008 1947 1109 2002 nisi
1137 1955 1339 2002 tantum
1368 1945 1468 2001 sibi
1494 1962 1509 2011 ;
1540 1954 1594 2001 et
1622 1962 1718 2016 per
1744 1944 1847 2001 hoc
1875 1946 1930 2000 in
1956 1960 2075 2000 om-

487 2038 647 2095 nibus
677 2037 985 2095 hominibus
1011 2038 1077 2092 ad
1117 2037 1357 2093 eamdem
1388 2036 1659 2093 civitatem
1686 2035 2075 2107 pertinentibus

486 2139 646 2202 atque
667 2129 1041 2186 obedientibus
1061 2130 1172 2186 Deo
1197 2172 1213 2198 ,
1235 2130 1444 2185 animus
1465 2130 1625 2185 etiam
1647 2128 1893 2200 corpori,
1916 2135 2077 2199 atque

486 2223 625 2279 ratio
642 2222 803 2289 vitiis,
826 2221 1016 2278 ordine
1041 2221 1279 2293 legitimo
1301 2220 1529 2277 ﬁdeliter
1547 2220 1794 2293 imperet;
1815 2229 1872 2276 ut
1890 2236 2076 2291 quem-

487 2313 773 2370 admodum
801 2313 981 2383 justus
1021 2329 1160 2368 unus
1184 2353 1200 2379 ,
1234 2313 1303 2367 ita
1328 2321 1498 2369 coetus
1536 2313 1867 2383 pepulusque
1904 2312 2077 2382 justo-

500 2422 603 2463 .um
632 2406 775 2461 vivat
823 2421 889 2461 ex
939 2404 1042 2460 ﬁde
1069 2446 1085 2472 ,
1128 2420 1247 2476 qua:
1286 2413 1540 2475 operatur
1567 2420 1662 2475 per
1690 2404 2029 2460 dilectionem
2055 2445 2071 2471 ,

492 2513 588 2570 qua
618 2497 781 2554 homo
809 2497 984 2569 diligit
1025 2497 1191 2553 Deum
1217 2539 1231 2562 ,
1277 2497 1415 2553 sicut
1455 2497 1753 2567 diligendus
1777 2507 1860 2553 est
1889 2498 2029 2553 Deus
2052 2542 2069 2566 ,

483 2597 537 2645 et
562 2591 860 2659 proximum
891 2588 1029 2644 sicut
1055 2589 1402 2659 semetipsum
1430 2607 1444 2644 :
1473 2588 1563 2644 ubi
1585 2603 1713 2660 ergo
1732 2604 1841 2644 non
1867 2598 1950 2645 est
1972 2590 2073 2646 ista

482 2680 687 2751 iustitia
714 2723 729 2748 ,
764 2680 1004 2750 profecto
1033 2696 1139 2745 non
1165 2690 1247 2735 est
1271 2688 1445 2737 coetus
1474 2680 1748 2736 hominum
1771 2681 1908 2752 juris
1937 2697 2069 2738 con-

485 2787 650 2828 sensu
679 2783 733 2828 et
759 2772 1000 2827 utilitatis
1025 2772 1401 2829 communione
1426 2773 1679 2828 sociatus.
1717 2772 1870 2839 Quod
1896 2773 1942 2829 si
1963 2791 2069 2831 non

481 2875 569 2920 est
589 2905 605 2930 ,
638 2865 817 2935 utique
847 2863 1072 2934 populus
1098 2879 1204 2918 non
1233 2872 1316 2920 est
1338 2904 1355 2932 ,
1385 2864 1430 2919 si
1473 2880 1599 2920 vera
1637 2872 1720 2920 est
1746 2864 1863 2922 haec
1889 2869 2072 2939 populi

481 2953 745 3012 deﬁnitio.
777 2956 916 3026 Ergo
952 2970 1053 3010 nec
1084 2955 1383 3026 respublica
1427 2966 1547 3012 est:
1597 2957 1722 3029 quia
1757 2973 1849 3015 res
1890 2959 2070 3031 populi

480 3063 590 3104 non
612 3056 695 3104 est
718 3089 733 3115 ,
763 3048 852 3104 ubi
879 3048 995 3119 ipse
1018 3049 1244 3121 populus
1269 3064 1374 3105 non
1404 3058 1509 3105 est.

475 3159 706 3217 CAPUT
745 3158 937 3215 XXIV.
962 3190 1034 3202 ——
1059 3159 1173 3226 Qua
1215 3160 1509 3229 deﬁnitione
1556 3169 1746 3216 constet
1798 3163 1978 3234 populi
2020 3171 2071 3219 et

553 3252 840 3324 reipublicre
887 3254 1311 3324 nuncupationem
1354 3261 1485 3307 recte
1510 3254 1606 3307 sibi
1628 3270 1730 3309 non
1768 3254 1934 3309 solum
1962 3255 2071 3312 Ro-

550 3362 751 3413 manos,
777 3345 867 3401 sed
894 3346 1042 3401 etiam
1068 3362 1225 3417 regna
1253 3346 1357 3401 alia
1374 3346 1660 3403 uindicare.

550 3457 606 3515 Si
635 3466 811 3515 autem
841 3458 1068 3529 populus
1093 3473 1198 3512 non
1224 3457 1348 3523 isto,
1379 3457 1472 3513 sed
1504 3457 1612 3513 alio
1639 3457 1921 3515 deﬁniatur
1946 3474 2066 3521 mo-

480 3552 573 3618 do,
630 3551 775 3607 velut
813 3551 858 3607 si
884 3551 1088 3607 dicatur
1106 3592 1122 3617 ,
1152 3550 1387 3621 Populus
1411 3559 1493 3606 est
1517 3558 1688 3607 cetus
1716 3552 2068 3611 multitudinis

478 3644 750 3701 rationalis
772 3686 788 3712 ,
818 3658 997 3699 rerum
1036 3657 1168 3713 quas
1209 3641 1380 3713 diligit
1415 3642 1669 3698 concordi
1692 3646 2068 3702 communione

477 3738 711 3795 sociatus
735 3755 748 3791 :
773 3739 1008 3807 profecto
1033 3744 1090 3791 ut
1112 3735 1358 3791 videatur
1382 3735 1556 3806 qualis
1584 3735 1809 3807 quisque
1837 3738 2066 3808 populus

476 3832 568 3895 sit,
592 3830 679 3887 illa
709 3840 834 3885 sunt
860 3828 1110 3886 intuenda
1135 3844 1254 3900 quae
1278 3828 1468 3900 diligit.
1493 3828 1852 3900 Quaecumque
1883 3839 2062 3886 tamen

473 3923 682 3995 diligat,
712 3926 759 3979 si
785 3932 958 3978 cretus
984 3930 1066 3976 est
1092 3920 1478 3985 multitudinis,
1506 3934 1613 3976 non
1642 3936 1894 3991 pecorum
1920 3962 1937 3989 ,
1967 3920 2062 3977 sed

474 4014 810 4071 rationalium
857 4022 1219 4069 creaturarum
1243 4052 1257 4076 ,
1281 4022 1336 4068 et
1374 4028 1559 4068 eorum
1585 4029 1704 4084 quae
1734 4013 1904 4084 diligit
1928 4027 2060 4070 con—

473 4108 624 4163 cordi
665 4105 1039 4163 communione
1076 4106 1310 4160 sociatus
1338 4113 1450 4170 est,
1481 4120 1585 4160 non
1628 4105 1858 4162 absurde
1889 4121 2060 4176 popu-

473 4202 558 4256 lus
600 4208 963 4270 nuncupatur;
997 4206 1144 4253 tanto
1172 4198 1353 4269 utique
1388 4198 1609 4265 meli0r,
1637 4207 1836 4269 quanto
1862 4200 1913 4254 in
1941 4215 2058 4255 me-

476 4294 720 4359 lioribus;
744 4303 993 4364 tantoque
1019 4291 1275 4357 deterior,
1296 4299 1495 4361 quanto
1519 4300 1601 4346 est
1626 4292 1679 4347 in
1703 4292 2056 4349 deterioribus

470 4402 716 4445 concors.
743 4386 1045 4442 Secundum
1073 4383 1229 4439 istam
1270 4382 1631 4441 deﬁnitionem
1672 4395 1907 4442 nostram
1942 4386 2055 4442 Ro-

468 4496 661 4537 manus
689 4477 946 4550 populus,
976 4477 1203 4548 populus
1242 4483 1355 4542 est;
1387 4485 1442 4532 et
1468 4491 1556 4533 res
1594 4476 1710 4549 ejus
1743 4479 1860 4535 sine
1896 4479 2053 4535 dubi-

471 4572 671 4628 tatione
716 4568 1034 4639 respublica.
1083 4568 1221 4637 Quid
1264 4576 1441 4625 autem
1489 4568 1676 4638 primis
1725 4571 2054 4641 temporibus

467 4663 603 4731 suis,
630 4661 821 4734 quidve
846 4659 1191 4731 sequentibus
1213 4660 1437 4731 populus
1457 4660 1546 4715 ille
1565 4660 1832 4730 dilexerit,
1851 4671 1906 4719 et
1928 4664 2051 4734 qui-

465 4756 570 4815 bus
597 4756 835 4813 moribus
862 4754 928 4810 ad
952 4754 1351 4812 cruentissimas
1390 4753 1678 4811 seditiones
1700 4796 1716 4822 ,
1744 4764 1903 4825 atque
1927 4756 2051 4813 inde

465 4850 535 4907 ad
560 4849 773 4907 socialia
799 4855 960 4920 atque
983 4846 1158 4902 civilia
1182 4845 1322 4901 bella
1357 4846 1700 4914 perveniens,
1724 4846 1891 4917 ipsam
1915 4861 2048 4904 con-

464 4938 720 5003 cordiam,
750 4954 869 5011 quae
895 4937 1038 4993 salus
1062 4935 1452 5007 quodammodo
1479 4947 1566 4994 est
1594 4937 1810 5008 populi,
1843 4940 2051 5009 ruperit

463 5043 624 5104 atque
645 5029 961 5102 corruperit,
990 5037 1212 5084 testatur
1242 5029 1459 5084 historia
1487 5046 1500 5082 :
1529 5029 1597 5085 de
1618 5045 1719 5099 qua
1754 5031 1806 5085 in
1843 5047 2046 5100 praece-

463 5124 710 5182 dentibus
748 5123 899 5178 lihris
935 5122 1099 5178 multa
1140 5121 1434 5192 posuimus.
1465 5119 1575 5176 Nec
1609 5121 1732 5176 ideo
1760 5130 1933 5178 tamen
1960 5123 2046 5180 vel

465 5216 639 5288 ipsum
666 5229 770 5269 non
797 5229 916 5270 esse
954 5213 1203 5283 populum
1229 5253 1244 5278 ,
1272 5212 1356 5267 vel
1385 5212 1500 5280 ejus
1530 5227 1643 5267 rem
1687 5212 1909 5268 dixerim
1938 5230 2041 5269 non

461 5322 585 5366 esse
608 5307 1009 5377 rempublicam,
1041 5304 1289 5377 quamdiu
1318 5313 1497 5359 manet
1526 5304 1926 5376 qualiscumque
1952 5324 2040 5363 ra—

477 5394 690 5452 tionalis
718 5396 1070 5452 multitudinis
1104 5404 1311 5462 cmtus,
1341 5411 1517 5452 rerum
1552 5411 1683 5467 quas
1712 5396 1883 5468 diligit
1909 5414 2042 5456 con-

460 5489 612 5545 cordi
641 5489 1017 5544 communione
1047 5489 1297 5543 sociatus.
1324 5487 1478 5555 Quod
1502 5500 1679 5545 antem
1709 5488 1779 5546 de
1806 5490 1907 5544 isto
1942 5506 2040 5562 po-

460 5582 588 5652 pulo
612 5590 663 5636 et
689 5580 755 5634 de
784 5579 882 5634 ista
920 5579 1192 5650 republica
1217 5579 1324 5634 dixi
1348 5620 1366 5647 ,
1392 5578 1495 5637 hoc
1530 5579 1598 5636 de
1636 5580 2039 5641 Atheniensium

465 5674 548 5728 vel
569 5687 1016 5743 «plurumcumque
1044 5671 1374 5739 Graecorum,
1403 5671 1505 5728 hoc
1530 5673 1597 5729 de
1627 5672 1995 5747 Egyptiorum
2020 5717 2036 5743 ,

454 5757 657 5822 boc'de
696 5766 783 5820 illa
812 5764 992 5836 priore
1031 5765 1302 5838 Babylone
1339 5766 1677 5837 Assyriorum
1702 5806 1718 5835 ,
1742 5767 1953 5838 quando
1981 5767 2036 5827 in

516 5920 1232 5988 'mAm.etur.,h¢eccst.

1548 444 1637 501 DE
1674 442 1995 501 CIVITATE
2032 443 2167 517 DEI,
2208 445 2270 505 8.
2310 446 2676 509 AUGUSTINI

2184 561 2346 620 rebus
2387 565 2499 621 suis
2538 565 2764 636 publicis
2794 566 3014 638 imperia
3039 566 3127 624 vel
3161 581 3324 640 parva
3355 568 3439 626 vel
3466 584 3659 643 magna
3689 580 3772 630 te-

2181 664 2451 723 nuerunt,
2480 664 2535 713 et
2574 657 2643 714 de
2680 658 2783 715 alia
2812 674 3145 731 quacumque
3168 660 3392 717 aliarum
3416 662 3661 734 gentium
3684 665 3771 721 ln-

2182 744 2394 817 telligar
2442 748 2641 805 dixisse
2683 758 2843 822 atque
2886 751 3140 809 sensisse.
3188 751 3527 811 Generaliter
3574 757 3775 829 quippe

2181 837 2368 894 civitas
2401 840 2683 912 impiorum
2708 883 2724 908 ,
2746 843 2843 898 eui-
2879 858 2985 899 non
3043 844 3272 913 imperat
3317 846 3459 902 Deus
3500 846 3774 905 obediemi

2181 930 2322 1001 sibi,
2354 942 2413 987 ut
2457 934 2776 992 sacriﬁcium
2826 952 2933 993 non
2983 937 3173 995 oﬁ'erat
3201 980 3217 1006 ,
3248 939 3351 995 nisi
3402 943 3773 1000 tantummodo

2180 1021 2282 1079 sibi
2306 1064 2324 1087 ,
2351 1033 2405 1081 et
2432 1040 2530 1095 per
2557 1027 2658 1084 hoc
2693 1028 2747 1083 in
2781 1028 2871 1086 illa
2912 1038 2967 1086 et
3000 1031 3213 1088 animus
3250 1034 3461 1105 corpori
3485 1077 3499 1102 ,
3531 1036 3777 1107 ratioque

2183 1113 2328 1170 vitiis
2369 1125 2515 1174 recte
2549 1133 2613 1175 ac
2651 1118 2878 1178 ﬁdeliter
2905 1122 3174 1193 imperet,
3200 1133 3350 1182 caret
3381 1125 3602 1197 justitia:
3633 1128 3778 1184 veri-

2180 1211 2308 1261 tate.

2180 1319 2406 1378 CAPUT
2443 1320 2615 1379 XXV.
2653 1356 2724 1367 —
2763 1325 2914 1396 Quod
2938 1346 3039 1385 non
3068 1331 3262 1400 possint
3289 1333 3359 1387 ibi
3386 1348 3516 1389 uerte
3541 1349 3650 1390 esse
3674 1335 3771 1389 vir-

2559 1426 2707 1490 tutes,
2736 1420 2822 1475 ubi
2842 1438 2943 1477 non
2964 1432 3035 1479 est
3058 1439 3178 1479 uera
3198 1424 3395 1497 religio.

2250 1520 2553 1590 Quamlibet
2577 1524 2719 1580 enim
2747 1526 2990 1583 videatur
3028 1529 3238 1586 animus
3270 1531 3521 1603 corpori,
3553 1540 3608 1589 ct
3634 1534 3774 1590 ratio

2178 1613 2321 1671 vitiis
2348 1614 2685 1673 laudabiliter
2721 1619 3025 1690 imperare;
3052 1622 3095 1677 si
3123 1622 3239 1679 Deo
3281 1624 3491 1681 animus
3532 1633 3590 1682 et
3633 1627 3776 1682 ratio

2179 1705 2293 1776 ipsa
2324 1724 2431 1764 non
2465 1711 2658 1778 servit,
2690 1712 2829 1769 sicut
2851 1713 2952 1768 sibi
2980 1716 3321 1773 serviendum
3350 1732 3471 1775 esse
3491 1719 3608 1790 ipse
3630 1720 3775 1776 Deus

2180 1800 2450 1870 praecepit,
2476 1801 2624 1858 nullo
2649 1804 2809 1859 modo
2832 1805 3049 1878 corpori
3075 1807 3326 1881 vitiisque
3352 1818 3498 1867 recte
3520 1811 3772 1883 imperat.

2177 1889 2312 1947 Nam
2340 1894 2513 1964 qualis
2540 1897 2782 1969 corporis
2807 1905 2967 1970 atque
2992 1899 3241 1957 vitiorum
3267 1911 3446 1973 potest
3469 1919 3591 1961 esse
3616 1920 3775 1963 mens

2178 1984 2414 2056 domina,
2435 1990 2551 2045 veri
2580 1989 2673 2045 Dei
2703 1991 2904 2059 nescia,
2931 2007 3033 2050 nec
3054 1993 3170 2065 ejus
3192 1994 3419 2067 imperio
3442 1996 3725 2069 subjugata
3750 2037 3771 2065 ,

2178 2078 2273 2135 sed
2303 2080 2660 2139 vitiosissimis
2686 2082 3018 2141 daemonibus
3058 2089 3525 2159 corrumpentibus
3566 2091 3772 2160 prosti-

2178 2170 2331 2226 tuta?
2358 2171 2589 2229 Proinde
2613 2175 2858 2245 virtutes,
2885 2192 3016 2249 quas
3041 2176 3145 2246 sibi
3173 2177 3375 2236 habere
3396 2180 3606 2237 videtur
3629 2223 3644 2249 ,
3673 2197 3776 2253 per

2177 2277 2310 2333 quas
2334 2263 2560 2335 imperat
2586 2267 2799 2338 corpori
2828 2277 2883 2324 et
2901 2269 3044 2326 vitiis
3081 2269 3149 2324 ad
3174 2271 3448 2342 quodlibet
3471 2272 3776 2343 adipiscen-

2177 2354 2303 2410 dum
2327 2358 2414 2413 vel
2444 2359 2754 2426 tenendum,
2786 2360 2888 2416 nisi
2912 2358 2981 2416 ad
3007 2361 3176 2417 Deum
3205 2362 3466 2430 retulerit,
3498 2363 3658 2421 etiam
3683 2365 3774 2436 ip-

2176 2461 2252 2503 sa:
2279 2449 2403 2504 vitia
2433 2459 2559 2505 sunt
2594 2452 2773 2523 potius
2806 2468 2964 2525 quam
2992 2454 3232 2511 virtutes.
3262 2454 3397 2512 Nam
3432 2456 3558 2513 licet
3584 2473 3615 2513 a
3644 2458 3772 2529 qui-

2177 2537 2399 2596 busdam
2429 2552 2554 2598 tnnc
2581 2558 2722 2599 verae
2749 2552 2804 2599 et
2832 2544 3071 2602 honestas
3100 2556 3353 2618 putentur
3376 2564 3498 2607 esse
3522 2549 3772 2622 virtutes,

2175 2649 2297 2689 cum
2323 2634 2391 2690 ad
2426 2650 2487 2692 se
2521 2636 2665 2708 ipsas
2690 2637 2995 2696 referuntur
3013 2681 3030 2708 ,
3058 2657 3158 2697 nec
3187 2653 3406 2713 propter
3429 2645 3574 2701 aliud
3600 2660 3771 2717 ωρο-

2177 2738 2396 2799 tuntur;
2427 2733 2589 2788 etiam
2619 2738 2744 2790 ωηο
2764 2734 2962 2791 inﬂatse
2988 2751 3054 2792 ac
3080 2737 3325 2809 superbae
3353 2748 3482 2795 sunt
3514 2757 3528 2794 :
3556 2747 3613 2796 et
3645 2739 3770 2797 ideo

2174 2837 2281 2879 non
2324 2824 2585 2891 virtutes,
2630 2827 2727 2883 sed
2773 2828 2939 2885 vitia‘
2976 2829 3261 2901 judicanda
3313 2842 3439 2888 sunt
3479 2832 3581 2906 (α).
3619 2834 3775 2893 Sicut

2174 2915 2315 2970 enim
2342 2932 2449 2973 non
2479 2930 2564 2973 est
2598 2934 2628 2973 a
2654 2934 2847 2988 carne,
2877 2921 2973 2978 sed
3000 2937 3162 2994 super
3190 2939 3405 2981 carnem
3426 2966 3443 2994 ,
3468 2926 3613 2998 quod
3642 2943 3771 2984 car-

2174 3024 2297 3065 nem
2332 3009 2461 3066 facit
2484 3011 2663 3070 vivere
2694 3015 2810 3069 :sic
2838 3030 2943 3071 non
2980 3025 3063 3073 est
3089 3017 3159 3073 ab
3184 3018 3400 3076 homine
3421 3060 3438 3088 ,
3469 3021 3565 3078 sed
3605 3035 3774 3094 super

2173 3099 2468 3171 hominem,
2495 3105 2635 3176 quod
2662 3103 2933 3163 hominem
2960 3106 3086 3165 facit
3117 3109 3274 3167 beate
3298 3112 3515 3179 vivere;
3544 3128 3648 3171 nec
3672 3130 3773 3170 so-

2171 3191 2281 3247 lum
2304 3192 2606 3263 hominem,
2640 3196 2734 3253 sed
2764 3199 2925 3255 etiam
2951 3201 3245 3272 quamlibet
3272 3202 3600 3262 Potestatem
3638 3206 3771 3262 Vir-

2172 3292 2448 3357 tutemque
2475 3289 2770 3344 ctelestem.

2168 3397 2399 3456 CAPUT
2436 3399 2627 3457 XXVI.
2657 3431 2729 3444 -—
2752 3400 2835 3457 De
2861 3419 2986 3474 pace
3011 3406 3186 3477 populi
3218 3406 3425 3462 alienati
3443 3425 3475 3461 a
3501 3408 3627 3476 Deo,
3660 3426 3775 3482 qua

2243 3492 2403 3545 utitur
2421 3491 2489 3545 ad
2517 3492 2993 3566 pietatem‘populus
3017 3495 3115 3551 Dei
3135 3537 3153 3566 ,
3184 3496 3309 3552 dum
3331 3498 3386 3554 in
3414 3499 3509 3554 hoc
3533 3503 3775 3573 peregri-

2240 3600 2336 3640 nus
2359 3592 2434 3639 est
2461 3586 2670 3642 mundo.
3762 3626 3771 3637 ι

2239 3695 2498 3763 Quocirca
2538 3706 2597 3752 ut
2644 3698 2751 3754 vita
2789 3700 2965 3755 carnis
3008 3701 3187 3757 anima
3233 3709 3336 3771 est,
3366 3702 3439 3760 ita
3465 3703 3619 3760 beata
3653 3705 3766 3769 vita

2167 3787 2399 3843 hominis
2428 3789 2568 3845 Deus
2596 3798 2719 3858 est,
2746 3790 2814 3847 de
2835 3807 2941 3863 quo
2978 3792 3161 3849 dicunt
3200 3808 3369 3850 sacra:
3404 3795 3621 3853 Litterae
3649 3796 3765 3854 Be-

2167 3880 2453 3951 brazorum,
2480 3881 2668 3939 Beatus
2695 3883 2937 3955 populus,
2961 3887 3109 3957 cujus
3137 3896 3211 3942 est
3236 3886 3485 3945 Dominus
3513 3889 3655 3946 Deus
3679 3891 3763 3962 ipe

2164 3976 2271 4030 sius
2300 3975 2472 4047 (Psal.
2503 3992 2663 4034 cxmn
2688 4022 2703 4046 ,
2731 3976 2842 4053 15).
2883 3980 3044 4037 Miser
3072 3982 3232 4053 igitur
3271 3984 3499 4054 populus
3539 3985 3606 4040 ab
3652 3986 3761 4042 isto

2162 4069 2423 4125 alienatus
2452 4070 2581 4126 Deo.
2616 4072 2796 4143 Diligit
2818 4082 2994 4130 tamen
3023 4073 3136 4144 ipse
3155 4077 3315 4130 etiam
3342 4076 3627 4147 quamdam
3655 4092 3759 4148 pa-

2162 4177 2279 4218 cem
2310 4179 2461 4218 suam
2488 4180 2596 4220 non
2625 4165 3052 4236 improbandam,
3081 4182 3240 4239 quam
3270 4169 3487 4240 quidem
3514 4185 3622 4226 non
3651 4169 3757 4226 ha-

2162 4253 2309 4310 bebit
2334 4254 2387 4310 in
2409 4256 2537 4322 ﬁne,
2561 4258 2683 4328 quia
2705 4273 2812 4314 non
2831 4274 2895 4315 ea
2914 4260 3050 4316 bene
3069 4260 3237 4317 utitur
3255 4271 3381 4318 ante
3400 4264 3582 4319 ﬁnem.
3602 4263 3755 4321 Hanc

2159 4355 2338 4403 autem
2386 4357 2446 4403 ut
2487 4349 2699 4405 interim
2735 4349 2931 4408 habeat
2972 4352 3025 4407 in
3055 4351 3160 4408 hac
3183 4353 3310 4421 vita,
3335 4363 3519 4410 nostra
3543 4356 3565 4387 ³
3586 4355 3754 4413 etiam

2159 4439 2382 4496 interest
2422 4459 2435 4494 :
2482 4442 2731 4513 quoniam
2784 4443 3036 4514 quamdiu
3081 4445 3358 4515 permixtae
3403 4455 3529 4502 sunt
3575 4447 3754 4504 amba:

2156 4532 2398 4589 civitates
2422 4574 2439 4602 ,
2469 4534 2666 4589 utimur
2687 4544 2742 4590 et
2775 4550 2876 4591 nos
2921 4550 3051 4606 pace
3084 4535 3370 4609 Babylonis
3400 4555 3415 4592 :
3440 4554 3507 4594 ex
3540 4554 3645 4610 qua
3672 4539 3754 4596 ita

2155 4640 2252 4696 per
2274 4626 2432 4683 ﬁdem
2460 4628 2691 4698 populus
2720 4627 2814 4683 Dei
2842 4629 3137 4697 liberatur,
3164 4639 3224 4686 ut
3254 4632 3395 4703 apud
3425 4632 3563 4688 hanc
3606 4632 3753 4689 inte-

2156 4720 2255 4774 rim
2297 4721 2684 4790 peregrinetur.
2714 4721 2940 4793 Propter
2965 4723 3106 4794 quod
3139 4733 3195 4780 et
3230 4725 3522 4797 Apostolus
3558 4726 3753 4784 admo-

2153 4810 2272 4867 nuit
2293 4812 2608 4880 Eeclesiam,
2631 4822 2691 4869 ut
2717 4824 2896 4872 oraret
2920 4830 3019 4886 pro
3041 4817 3258 4887 regibus
3285 4818 3403 4888 ejus
3428 4828 3589 4890 atque
3616 4818 3750 4875 sub-

2154 4901 2407 4971 limibus,
2446 4904 2649 4962 addens
2688 4914 2743 4962 et
2766 4906 2983 4977 dicens,
3022 4920 3076 4962 ut
3101 4910 3389 4978 quietamet
3414 4912 3751 4984 tranquillam

2151 4994 2304 5049 vitam
2330 5010 2544 5068 agamus
2571 5014 2687 5051 cum
2711 4999 2847 5053 omni
2876 4999 3060 5069 pietate
3077 5010 3124 5054 et
3148 4999 3435 5056 charitate'
3454 5002 3495 5075 (ι
3525 5000 3652 5056 Tun.
3679 5018 3745 5073 ιι,

2149 5085 2251 5158 2).
2283 5088 2353 5144 Et
2405 5088 2662 5159 propheta
2707 5089 2965 5146 Jeremias
3010 5106 3134 5146 cum
3184 5093 3383 5164 pepulo
3425 5094 3520 5150 Dei
3567 5095 3747 5152 veteri

2148 5192 2426 5238 venturam
2453 5183 2474 5213 δ
2504 5185 2884 5254 praenuntiam
2928 5185 3291 5254 captivitatem
3316 5227 3332 5254 ,
3379 5195 3436 5243 et
3480 5186 3747 5244 divinitus

2148 5273 2437 5345 imperaret
2461 5283 2520 5328 ut
2545 5274 2857 5332 ohedienter
2878 5274 2932 5330 in
2955 5275 3301 5348 Babyloniam
3321 5276 3478 5343 irent,
3508 5278 3618 5332 Deo
3637 5292 3746 5334 suo

2147 5367 2307 5423 etiam
2327 5365 2428 5423 ista
2447 5366 2699 5438 patientia
2720 5368 3038 5437 servientes,
3056 5369 3329 5426 monuitet
3347 5370 3363 5425 i
3369 5385 3462 5441 pse
3478 5378 3534 5425 ut
3548 5385 3745 5426 orare-

2169 5606 2183 5619 .
2210 5546 2230 5578 ι
2253 5543 2359 5619 sola
2403 5545 2554 5596 editio
2591 5552 2701 5597 ων.
2722 5552 2771 5598 et
2812 5544 2925 5599 ideo
2942 5558 3039 5597 ηοη
3058 5544 3273 5615 victm,
3297 5544 3511 5607 virtutes,
3551 5545 3637 5597 sed
3660 5546 3744 5597 vi-

2141 5614 2214 5661 tia
2230 5644 2245 5663 .
2273 5615 2370 5660 etc.

2207 5670 2231 5732 ξ
2254 5677 2379 5732 tu”
2398 5676 2563 5722 nostri.

2207 5730 2231 5764 ³
2257 5730 2910 5818 nt-gi‘usnttﬁmetﬂfgstitate
2955 5747 2974 5785 :
3017 5734 3157 5797 juxta
3194 5731 3442 5797 vulgatam
3477 5741 3530 5784 et
3588 5732 3747 5795 juxta

2150 5808 2376 5855 grauatur,
2402 5795 2484 5846 kai
2506 5795 2768 5847 senmoteu'.
3020 5795 3031 5797 ἡ
3289 5795 3303 5797 ’

2204 5858 2232 5932 t
2254 5858 2417 5932 413:9},
2441 5863 2703 5932 ηετιςμηαῖῐιν
2722 5860 2779 5932 is
2801 5857 3290 5932 φέίάδιιεέαῖιξίεο.
3319 5865 3417 5932 ...λι-

2209 5918 2283 5985 (α)
2306 5918 2424 5969 \'ide
2443 5920 2509 5969 de
2530 5917 2696 5973 'Iriuit.
2719 5919 2804 5970 lib.
2828 5920 2908 5983 13,
2930 5935 3015 5973 nn.
3034 5919 3115 5985 25,
3138 5921 3217 5986 26,
3245 5926 3299 5973 et
3318 5917 3401 5972 lib.
3427 5917 3505 5985 ll,
3529 5933 3578 5972 n.
3600 5920 3662 5979 3.
