4062 6492
284 481 384 540 657

285 601 365 646 tur
401 602 495 658 pro
523 587 610 640 illa
635 627 650 652 ,
675 585 860 641 dicens
888 625 902 651 ,
927 583 1044 655 quia
1080 585 1134 638 in
1167 585 1278 656 ejus
1311 593 1384 638 est
1412 599 1534 654 pace
1569 599 1672 654 pax
1713 595 1876 638 ucstra

286 681 492 752 (let-em.
517 695 665 744 xxix,
691 677 770 748 Ἰ),
796 677 974 748 utique
997 676 1208 732 interim
1227 675 1560 746 temporalis,
1583 690 1700 746 qua:
1721 674 1878 730 bonis

284 773 542 840 malisque
567 769 868 824 communis
893 775 993 822 est.

283 863 505 922 CAPUT
545 859 759 915 XXVII.
801 889 872 900 —
913 858 988 914 De
1028 875 1150 930 pace
1192 859 1512 914 servientium
1555 857 1700 922 Deo,
1732 858 1878 928 cujus

352 959 572 1026 perfecta
605 951 946 1008 tranauitlitas
979 951 1036 1006 in
1055 951 1151 1006 hac
1179 951 1444 1024 temporali
1465 951 1567 1006 vita
1593 967 1692 1006 non
1719 959 1878 1021 potest

353 1044 692 1116 apprehendi.
1721 1105 1754 1124 η

355 1141 460 1194 Pax
491 1149 672 1192 autem
703 1147 886 1191 nostra
919 1137 1152 1208 propria,
1182 1145 1236 1192 et
1265 1135 1352 1192 hic
1379 1145 1466 1192 est
1489 1152 1610 1191 cum
1643 1136 1756 1190 Deo
1785 1151 1880 1206 per

289 1231 439 1290 ﬁdem
463 1275 478 1296 ,
507 1240 562 1288 et
587 1232 639 1284 iu
666 1241 924 1286 :ntcruum
959 1230 1060 1285 erit
1084 1245 1206 1284 cum
1235 1229 1329 1284 illo
1353 1244 1450 1300 per
1485 1229 1736 1300 speciem.
1773 1228 1878 1284 Sed

285 1325 368 1380 hic
390 1326 508 1379 sive
533 1323 620 1377 illa
645 1321 944 1378 communis
968 1364 984 1389 ,
1005 1321 1118 1376 sive
1147 1329 1328 1376 nostra
1359 1323 1572 1392 propria
1597 1362 1612 1388 ,
1643 1320 1763 1374 talis
1793 1329 1878 1375 est

284 1433 402 1488 pax,
422 1427 486 1471 ut
513 1415 758 1470 solatium
789 1415 1015 1470 miseria:
1045 1415 1114 1468 sit
1139 1413 1320 1483 potius
1343 1429 1502 1484 quam
1535 1413 1878 1468 beatitudinis

285 1509 554 1582 gaudium.
585 1508 702 1578 Ipsa
730 1523 940 1578 quoque
967 1515 1146 1562 nostra
1187 1507 1390 1578 justitia
1417 1548 1432 1574 ,
1462 1507 1709 1576 quamvis
1749 1523 1880 1562 vera

285 1605 348 1658 sit
373 1611 600 1671 propter
619 1601 730 1655 veri
749 1599 876 1654 boni
893 1597 1050 1654 ﬁnem
1077 1601 1118 1666 ¹,
1141 1599 1206 1656 ad
1229 1615 1386 1670 quem
1411 1597 1642 1654 refertur
1659 1641 1676 1666 ,
1701 1609 1880 1656 tamen

287 1704 423 1750 tanta
450 1701 538 1747 est
563 1693 613 1745 in
639 1691 739 1746 hac
759 1691 886 1756 vita,
921 1699 980 1746 ut
1011 1693 1185 1760 potius
1206 1699 1544 1762 peccatorum
1565 1693 1880 1749 remissione

286 1794 535 1851 constet,
564 1800 724 1855 quam
770 1783 1094 1854 perfectione
1133 1785 1388 1840 virtutum
1435 1783 1534 1858 (α).
1577 1785 1752 1841 Testis
1799 1796 1884 1842 est

287 1879 456 1934 oratio
489 1879 654 1932 totius
679 1877 907 1932 civitatis
937 1877 1051 1944 Dei,
1075 1893 1194 1948 quae
1225 1877 1594 1948 peregrinatur
1617 1879 1668 1931 in
1699 1879 1878 1934 terris.

289 1973 385 2028 Per
409 1973 594 2026 omnia
625 1973 821 2042 quippe
851 1970 1088 2026 membra
1121 1985 1214 2025 sua
1245 1972 1436 2026 clamat
1467 1971 1532 2026 ad
1565 1973 1752 2040 Demn,
1780 1969 1881 2026 Di-

287 2067 421 2120 mitte
444 2067 590 2118 nobis
615 2065 782 2119 debita
808 2075 999 2130 nostra,
1023 2065 1152 2118 sicut
1178 2073 1226 2120 et
1251 2081 1342 2120 nos
1371 2067 1669 2120 dimittimus
1691 2067 1884 2121 debito-

287 2159 419 2212 ribus
463 2157 652 2212 nostris
675 2156 884 2227 (Matth.
915 2172 990 2220 VI,
1029 2155 1140 2226 12).
1169 2157 1280 2212 Nec
1321 2173 1418 2228 pro
1453 2159 1532 2212 eis
1571 2169 1654 2214 est
1691 2159 1882 2214 efficax

290 2251 396 2305 btec
426 2250 606 2302 oratio
629 2292 642 2315 ,
677 2265 900 2318 quorum
931 2249 1062 2304 ﬁdes
1101 2251 1216 2305 sine
1258 2251 1508 2320 operibus
1548 2261 1755 2306 mortua
1801 2261 1884 2308 est

291 2343 494 2414 (Jacobi
541 2341 610 2408 ti,
645 2341 746 2408 l7,
782 2341 874 2413 26)
905 2360 916 2396 :
949 2341 1042 2396 sed
1085 2357 1182 2412 pro
1223 2343 1301 2396 eis
1345 2359 1570 2412 quorum
1615 2343 1748 2398 ﬁdes
1789 2359 1883 2413 per

291 2435 634 2490 dilectionem
687 2444 938 2504 operatur
969 2433 1165 2506 (Galat.
1193 2449 1226 2488 v
1248 2477 1263 2502 ,
1293 2433 1372 2504 6).
1403 2433 1536 2502 Quia
1583 2437 1723 2492 enim
1773 2435 1884 2492 Deo

291 2525 504 2597 quidem
537 2525 747 2580 subdita
771 2567 784 2590 ,
811 2526 862 2579 in
891 2525 990 2580 hac
1017 2535 1192 2580 tamen
1220 2525 1528 2582 conditione
1551 2529 1761 2584 mortali
1787 2569 1801 2594 ,
1831 2537 1886 2583 et

291 2635 520 2689 corpore
545 2617 876 2687 corruptibili
905 2617 1046 2688 quod
1075 2628 1330 2688 aggravat
1359 2621 1588 2674 animam
1619 2619 1775 2696 (Sap.
1805 2637 1880 2690 ιι,

295 2712 376 2782 15)
402 2753 418 2778 ,
449 2725 558 2764 ηοιι
603 2709 840 2780 perfecte
869 2709 1009 2764 vitiis
1035 2709 1262 2780 imperat
1291 2711 1424 2766 ratio
1449 2754 1464 2778 ,
1495 2711 1615 2766 ideo
1641 2727 1886 2768 necessa-

294 2803 367 2858 ria
408 2811 498 2857 est
535 2801 697 2872 justis
739 2801 856 2856 talis
895 2801 1086 2856 oratio.
1127 2801 1258 2856 Nam
1307 2799 1546 2872 profecto
1583 2819 1882 2874 quanquam

293 2895 610 2966 imperetur,
637 2907 970 2962 nequaquam
995 2893 1112 2948 sine
1130 2893 1378 2948 conflictu
1402 2893 1544 2948 vitiis
1571 2895 1880 2966 imperatur.

295 2985 358 3038 Et
403 2987 594 3054 utique
633 2983 873 3052 subrepit
909 2983 1108 3054 aliquid
1149 2985 1199 3038 in
1247 2983 1348 3040 hoc
1395 2985 1514 3040 loco
1561 2985 1886 3042 inﬁrmitatis

293 3080 450 3132 etiam
501 3077 636 3132 bene
676 3077 979 3148 conﬁigenli
1005 3119 1019 3144 ,
1053 3079 1164 3132 sive
1209 3077 1454 3134 hostibus
1493 3079 1684 3136 talibus
1731 3082 1888 3136 victis

295 3169 627 3238 subditisque
654 3167 968 3236 dominanti,
995 3169 1153 3234 unde,
1178 3169 1220 3223 si
1246 3185 1354 3223 non
1385 3169 1522 3224 facili
1549 3173 1881 3242 operatione,

294 3271 436 3315 certe
465 3261 612 3314 labili
643 3261 910 3316 locutione
935 3267 1026 3314 aut
1049 3261 1248 3316 volatili
1269 3261 1590 3332 cogitatione
1615 3273 1883 3332 peccetur.

299 3351 363 3406 Et
391 3351 520 3406 ideo
547 3351 793 3421 quamdiu
820 3351 962 3405 vitiis
987 3351 1298 3422 imperatur,
1325 3353 1476 3422 plena
1506 3369 1607 3424 pax
1632 3369 1736 3408 non
1759 3363 1842 3410 est
1869 3373 1882 3408 :

294 3446 414 3515 quia
465 3451 523 3499 ct
563 3443 656 3498 illa
707 3459 826 3515 qua:
875 3446 1170 3512 resistunt,
1205 3446 1506 3516 periculoso
1551 3446 1889 3504 debellantur

293 3537 506 3608 praelia;
539 3544 594 3592 ct
617 3537 706 3591 illa
733 3553 852 3607 quae
883 3538 1018 3593 victa
1045 3547 1188 3604 sunt,
1220 3539 1456 3594 nondum
1479 3553 1669 3594 securo
1703 3541 1888 3595 trium-

297 3631 530 3698 pltantur
553 3630 685 3696 otio,
719 3629 812 3684 sed
845 3630 1016 3685 adhuc
1044 3629 1275 3686 sollicito
1301 3643 1614 3702 premuntur
1641 3633 1884 3703 imperio.

295 3721 346 3776 in
369 3723 457 3776 bis
486 3735 616 3792 ergo
643 3722 1044 3784 teutationibus,
1077 3721 1144 3777 de
1169 3723 1362 3793 quibus
1389 3723 1636 3778 omnibus
1663 3724 1716 3778 in
1746 3725 1887 3800 divi-_

293 3814 373 3868 nis
403 3815 634 3885 eloquiis
663 3813 895 3869 breviter
935 3813 1134 3870 dictum
1161 3825 1274 3878 est,
1307 3814 1572 3886 Numquid
1601 3831 1700 3870 non
1726 3829 1894 3871 tenta-

294 3909 358 3962 tio
379 3918 454 3961 est
481 3909 584 3960 vita
609 3909 830 3960 humana
855 3923 1008 3976 super
1029 3917 1210 3962 terram
1229 3905 1352 3978 (Job
1381 3923 1475 3974 vn,
1501 3909 1551 3976 l,
1575 3925 1672 3962 sec.
1695 3908 1888 3982 LXX)?

293 4001 410 4068 quis
439 4001 510 4052 ita
541 3999 722 4053 vivere
760 4013 820 4054 se
848 4009 1166 4068 pratsumat,
1199 4009 1258 4054 ut
1305 3999 1484 4056 dicere
1515 4001 1646 4066 Deo,
1677 3999 1889 4056 Dimitte

293 4093 436 4146 nobis
465 4091 634 4146 debita
655 4101 848 4158 nostra,
869 4106 972 4146 non
995 4105 1218 4146 necesse
1245 4091 1456 4156 habeat,
1479 4091 1580 4146 nisi
1603 4091 1762 4148 homo
1779 4093 1888 4148 ela-

293 4183 418 4238 tus?
441 4183 551 4237 Nec
591 4199 718 4238 vero
761 4197 984 4254 magnus
1005 4225 1019 4248 ,
1042 4183 1138 4238 sed
1169 4181 1380 4238 inflatus
1408 4199 1470 4238 ac
1500 4184 1729 4240 tumidus
1752 4227 1768 4252 ,
1801 4187 1886 4240 cui

293 4289 390 4340 per
412 4272 676 4344 justitiam
705 4275 904 4329 resistit
943 4275 1030 4344 qui
1059 4273 1282 4344 gratiam
1313 4273 1534 4346 largitur
1571 4275 1883 4333 humilibus.

293 4349 520 4436 Propter
560 4363 702 4436 quod
747 4367 1000 4436 scriptum
1045 4377 1126 4422 est
1154 4383 1166 4418 :
1195 4363 1335 4420 Deus
1377 4367 1603 4438 superbis
1655 4369 1880 4436 resistit,

358 4503 376 4565 '_
403 4507 614 4565 Veteres
633 4500 762 4565 libri.
787 4509 980 4565 praeter
1001 4513 1174 4565 verm
1191 4499 1301 4552 boni
1315 4498 1478 4565 ﬁnan-

357 4563 434 4626 (a)
457 4561 932 4626 Nonintelligendits
956 4570 1032 4613 est
1053 4561 1138 4612 ille
1161 4561 1324 4624 locus,
1338 4567 1483 4626 quasi
1509 4565 1698 4626 justitia
1721 4571 1886 4616 nostra

289 4623 488 4688 constet
506 4623 612 4674 sola
623 4623 921 4688 remissione
929 4633 1254 4688 peccatorum.
1279 4623 1370 4674 Hie
1384 4623 1558 4688 potius,
1570 4627 1886 4688 quemadmo-

292 4686 408 4735 dum
432 4685 786 4750 animadvertit
810 4693 876 4750 iet
909 4685 1018 4750 ipse
1051 4685 1392 4750 Bellarminus,
1413 4685 1499 4736 lib.
1525 4689 1554 4736 2
1577 4685 1640 4737 de
1663 4689 1882 4750 Justiﬁc.,

290 4749 502 4816 cap._l'.'g,
529 4761 626 4796 non
648 4745 863 4816 excludit
885 4745 1238 4816 perfectionem
1263 4745 1508 4816 virtutum,
1535 4751 1624 4816 sed
1649 4745 1886 4816 praeponit

291 4811 637 4874 remissionem
655 4810 1003 4874 peccati;adeo
1025 4817 1080 4860 ut
1099 4823 1276 4874 sensus
1289 4812 1369 4870 sit,
1391 4813 1626 4872 justitiam
1647 4810 1877 4874 nostram,

293 4883 400 4936 quae
427 4871 602 4936 partim
625 4871 676 4921 in
712 4871 1000 4936 remissione
1045 4873 1246 4934 peccati,
1293 4871 1466 4936 partim
1499 4875 1548 4922 in
1581 4871 1884 4936 perfectione

291 4933 524 5000 virtptum
541 4933 636 4983 sita
653 4940 748 5000 est,
773 4935 930 5000 nugis
954 4933 1180 5000 constare
1203 4933 1490 5000 remissione
1515 4933 1714 5000 peccati,
1736 4951 1882 5000 quam

291 4993 600 5062 perfectione
623 4995 818 5062 virtutis
839 4993 1010 5062 {illam
1035 4997 1164 5044 enim
1211 4993 1404 5062 plenius
1447 4993 1592 5060 quam
1613 4993 1742 5062 hanc
1753 4993 1884 5062 prte-

289 5063 422 5105 stare
445 5057 684 5122 valemus.
711 5063 766 5106 Et
787 5057 877 5122 hoc
900 5057 1224 5122 etiamsensu’
1243 5057 1572 5122 Hieronymus,
1613 5059 1698 5109 lib.
1717 5057 1882 5122 Icon-

293 5125 368 5166 tra
391 5116 578 5183 Pelag.,
612 5117 864 5183 contendit
895 5119 946 5168 in
985 5117 1126 5183 nobis
1170 5131 1282 5170 esse
1325 5116 1490 5169 veram
1508 5121 1742 5183 justitiam
1767 5121 1882 5173 licet

289 5191 386 5228 non
408 5179 605 5228 omnino
648 5179 942 5243 perfectam;
967 5179 1186 5244 perfecta
1217 5187 1382 5231 autem
1419 5187 1496 5232 est
1508 5179 1751 5234 'remissio
1765 5197 1880 5247 pec-

289 5247 526 5290 catorum.
542 5247 612 5292 Ex
631 5247 854 5306 nequeo.

1625 471 1828 528 LIBER
1869 471 2256 532 VlGESlMUS.

3461 481 3566 539 658

1982 584 2257 641 humilibus
2275 599 2441 644 autem
2478 591 2564 645 dat
2587 593 2802 662 gratiam
2849 593 2870 666 (
2896 593 3077 648 Jacobi
3105 609 3158 648 tv
3179 633 3192 660 ,
3217 593 3286 661 6;
3313 592 3498 650 IPetr.
3519 609 3580 665 τ,

1999 681 2028 726 ῖς
2061 719 2072 730 .
2109 679 2206 734 llic
2235 679 2412 751 itaque
2437 683 2490 736 in
2516 697 2834 754 unoquoque
2854 684 3060 754 justitia
3083 693 3188 752 est,
3221 695 3278 740 ut
3303 685 3581 742 obedientl

1989 769 2134 828 Deus
2159 771 2382 838 homini,
2405 773 2610 828 animus
2633 777 2863 846 corpori,
2883 777 3019 833 ratio
3043 785 3222 832 autem
3245 777 3388 832 vitiis
3408 777 3574 833 etiam

1987 864 2404 934 repugnantibus
2435 864 2675 936 imperet,
2697 865 2780 922 vel
2801 865 3117 938 subigendo,
3141 869 3224 924 vel
3249 867 3582 934 resistendo;

1987 963 2150 1025 atque
2173 965 2230 1009 ut
2253 955 2320 1008 ab
2347 955 2464 1026 ipso
2489 955 2600 1010 Deo
2629 967 2839 1028 petatur
2865 969 2922 1014 et
2948 960 3260 1015 meritorum
3289 959 3458 1031 gratia
3481 1001 3499 1028 ,
3523 967 3584 1015 et

1989 1047 2140 1100 venia
2163 1045 2499 1114 delictorum,
2518 1063 2582 1102 ac
2603 1045 2670 1102 de
2699 1049 2928 1118 acceptis
2947 1049 3102 1106 bonis
3123 1051 3412 1122 gratiarum
3437 1050 3582 1107 actio

1991 1139 2344 1208 persolvatur.
2373 1137 2432 1194 ln
2465 1139 2552 1193 illa
2583 1153 2711 1196 vero
2743 1155 2872 1210 pace
2895 1141 3070 1206 ﬁnali,
3101 1157 3208 1212 quo
3255 1141 3538 1198 referenda
3559 1183 3580 1211 ,

1989 1245 2040 1288 ct
2063 1233 2214 1304 cujus
2243 1233 2600 1303 adipiscenda:
2629 1249 2788 1288 causa
2826 1233 3068 1290 habenda
3095 1245 3176 1291 cst
3205 1237 3306 1290 ista
3329 1237 3536 1306 justitia
3559 1277 3576 1302 ,

1987 1326 2238 1396 quoniam
2290 1335 2472 1380 sanata
2523 1325 2921 1380 immortalitate
2973 1335 3132 1397 atque
3179 1327 3582 1398 incorruptione

1988 1425 2174 1470 natura
2199 1415 2322 1470 vitia
2349 1431 2455 1470 non
2487 1415 2741 1482 habebit,
2771 1431 2870 1472 nec
2905 1417 3188 1487 unicuique
3215 1426 3454 1473 nostrum
3491 1419 3584 1474 vel

1989 1507 2056 1562 ab
2083 1507 2188 1562 alio
2215 1507 2298 1562 vel
2326 1523 2354 1562 a
2385 1521 2444 1562 se
2475 1509 2591 1578 ipso
2621 1509 2910 1578 quidquam
2941 1507 3277 1579 repugnabit,
3309 1525 3413 1564 non
3445 1525 3584 1580 opus

1991 1601 2094 1656 erit
2135 1609 2194 1656 ut
2235 1601 2371 1656 ratio
2410 1603 2551 1656 vitiis
2575 1643 2589 1670 ,
2618 1617 2737 1672 quae
2783 1601 2926 1656 nulla
2966 1611 3162 1667 erunt,
3187 1604 3454 1674 imperet:
3487 1602 3586 1658 sed

1991 1691 2272 1761 imperabit
2315 1693 2454 1748 Deus
2497 1693 2740 1760 homini,
2767 1693 2980 1748 animus
3033 1697 3288 1764 corpori;
3331 1702 3584 1763 tantaque

1990 1783 2272 1839 obediendi
2295 1785 2366 1840 ibi
2397 1785 2500 1840 erit
2527 1787 2759 1840 suavitas
2777 1793 2831 1842 et
2853 1785 3079 1842 facilitas
3103 1827 3119 1854 ,
3148 1795 3346 1856 quanta
3369 1786 3582 1842 vivendi

1989 1877 2354 1948 regnandiqne
2376 1877 2620 1934 felicitas.
2652 1879 2715 1934 Et
2739 1877 2841 1934 hoc
2869 1879 2974 1934 illic
3017 1881 3070 1933 in
3105 1879 3355 1934 omnibus
3381 1881 3398 1912 ¹
3425 1887 3587 1950 atque

1990 1971 2044 2026 in
2094 1973 2315 2042 singulis
2363 1983 2622 2027 aeternum
2653 1971 3182 2043 erit,:eternumque
3210 1985 3332 2028 esse
3375 1982 3586 2028 certum

1990 2065 2090 2118 erit
2113 2083 2124 2116 :
2144 2074 2196 2118 et
2213 2065 2332 2119 ideo
2355 2079 2454 2134 pax
2477 2063 2818 2120 beatitudinis
2841 2063 3017 2134 hujus,
3035 2063 3122 2119 vel
3143 2063 3417 2119 beatitudo
3437 2064 3584 2133 pacis

1991 2155 2170 2225 hujus,
2202 2171 2470 2210 summum
2501 2155 2696 2212 bonum
2728 2157 2850 2212 erit.

1989 2247 2216 2304 CAPUT
2255 2248 2490 2304 XXVIII.
2513 2279 2584 2292 —-
2607 2247 2674 2303 In
2695 2239 2840 2318 quem
2871 2250 3024 2320 finem
3043 2257 3276 2304 uenturus
3314 2251 3378 2304 sit
3417 2249 3586 2306 exitus

2645 2343 2938 2412 impiorum.

2065 2433 2260 2487 Eorum
2288 2444 2464 2488 autem
2493 2433 2582 2504 qui
2607 2449 2714 2488 non
2746 2434 3011 2504 pertinent
3034 2433 3102 2490 ad
3125 2436 3282 2490 istam
3309 2435 3586 2490 civitatem

1993 2523 2120 2588 Dei,
2149 2524 2252 2580 erit
2279 2533 2332 2578 et
2356 2525 2624 2580 contrario
2655 2525 2868 2580 miseria
2890 2525 3212 2597 sempiterna
3234 2567 3248 2592 ,
3279 2541 3398 2598 quze
3423 2527 3588 2582 etiam

1991 2619 2224 2672 secunda
2257 2633 2402 2672 mors
2427 2617 2620 2672 dicitur
2654 2619 2834 2688 (Apoc.
2865 2633 2900 2672 ll
2924 2659 2940 2686 ,
2969 2618 3066 2682 ll;
3099 2635 3166 2672 xx
3189 2661 3203 2686 ,
3233 2619 3287 2682 6;
3311 2635 3398 2672 ut
3418 2659 3432 2682 ,
3463 2615 3540 2690 8)
3571 2635 3586 2671 :

1993 2711 2114 2778 quia
2163 2725 2262 2764 nec
2303 2709 2478 2764 anima
2525 2709 2596 2764 ibi
2641 2710 2822 2764 vivere
2857 2708 3084 2764 dicenda
3111 2719 3232 2776 est,
3257 2725 3378 2780 quae
3411 2724 3441 2762 a
3481 2709 3592 2764 vita

1997 2801 2088 2856 Dei
2111 2802 2336 2855 alit-nata
2360 2803 2492 2866 erit;
2520 2815 2619 2856 nec
2645 2815 2860 2870 corpus,
2887 2799 3032 2871 quod
3063 2801 3278 2854 mtcrnis
3313 2799 3591 2854 doloribus

1993 2895 2308 2962 subjacebit.
2337 2896 2414 2950 Ac
2441 2909 2536 2964 per
2567 2893 2666 2948 hoc
2707 2893 2828 2948 ideo
2853 2893 3040 2948 durior
3061 2893 3158 2948 ista
3188 2892 3419 2948 secunda
3447 2906 3594 2948 mors

1994 2989 2114 3052 erit,
2143 2989 2264 3057 quia
2299 2987 2436 3040 ﬁniri
2461 2995 2630 3040 morte
2659 2999 2764 3040 non
2793 2985 3008 3055 poterit.
3035 2983 3144 3038 Sed
3171 2984 3422 3054 quoniam
3453 2983 3596 3038 sicut

1993 3081 2210 3135 miseria
2243 3079 2579 3144 beatitudini,
2605 3087 2660 3133 et
2685 3093 2832 3132 mors
2857 3077 3009 3142 vitai,
3034 3075 3106 3130 ita
3137 3075 3332 3130 bellum
3364 3075 3479 3144 paci
3507 3075 3591 3130 vi-

1995 3173 2152 3229 detur
2179 3187 2296 3227 esse
2327 3170 2683 3236 contrarium;
2717 3169 2911 3224 merito
2929 3167 3218 3239 quaeritur,
3241 3167 3383 3220 sicut
3409 3181 3510 3238 pax
3535 3167 3590 3222 in

1995 3268 2260 3322 bonorum
2301 3263 2494 3320 ﬁnibus
2537 3261 2820 3334 praedicata
2847 3269 2931 3316 est
2974 3267 3133 3330 atque
3167 3259 3376 3314 laudata
3401 3300 3418 3326 ,
3447 3257 3592 3330 quod

1995 3360 2080 3416 vel
2101 3359 2257 3430 quale
2279 3358 2476 3414 bellum
2505 3357 2552 3410 in
2579 3357 2770 3412 ﬁnibus
2787 3355 3046 3410 malorum
3075 3370 3106 3409 e
3125 3355 3394 3408 contrario
3420 3352 3592 3422 possit

1997 3453 2238 3522 intelligi.
2295 3449 2489 3506 Verum
2543 3449 2632 3518 qui
2669 3445 2772 3502 hoc
2813 3445 3002 3516 qttterit
3031 3486 3044 3510 ,
3077 3443 3315 3498 attendat
3362 3442 3489 3512 quid
3535 3442 3593 3497 in

1997 3545 2138 3599 bello
2169 3544 2384 3598 noxium
2407 3541 2870 3612 perniciosumque
2893 3539 2984 3604 sit,
3005 3545 3060 3594 et
3075 3535 3275 3592 videbit
3295 3535 3426 3590 nihil
3444 3535 3592 3591 aliud

1997 3649 2118 3690 esse
2137 3675 2154 3702 ,
2185 3649 2342 3704 quam
2372 3633 2510 3687 inter
2534 3647 2593 3686 se
2637 3645 2814 3686 rerum
2857 3628 3232 3684 adversitatem
3274 3635 3432 3698 atque
3456 3639 3592 3681 con-

1997 3724 2222 3780 ﬂictum.
2255 3723 2406 3792 Quod
2439 3723 2598 3794 igitur
2627 3721 2822 3776 bellum
2851 3721 3064 3791 gravius
3093 3728 3146 3773 et
3175 3717 3410 3774 amarius
3437 3718 3586 3790 cogi-

1995 3817 2098 3872 tari
2125 3825 2320 3886 potest,
2347 3830 2508 3886 quam
2537 3813 2626 3868 ubi
2657 3813 2901 3866 voluntas
2931 3813 3006 3866 sic
3029 3810 3250 3866 adversa
3279 3819 3362 3867 est
3387 3809 3592 3882 passio-

1996 3910 2073 3976 ni,
2103 3919 2158 3964 et
2184 3907 2358 3978 passio
2388 3907 2668 3973 voluntati,
2695 3915 2752 3960 ut
2775 3905 2970 3960 nullius
2994 3919 3180 3958 earum
3204 3903 3422 3958 victoria
3454 3901 3590 3959 tales

1995 4003 2285 4059 inimicitiae
2301 4001 2570 4066 ﬁniantur;
2585 4009 2640 4056 et
2656 3999 2742 4054 ubi
2766 3999 2842 4054 sic
2865 3997 3098 4068 conﬂigit
3117 4011 3238 4054 cum
3271 3997 3380 4066 ipsa
3401 4004 3592 4050 natura

1993 4097 2236 4167 corporis
2289 4095 2368 4150 vis
2419 4095 2617 4148 doloris
2645 4134 2658 4156 ,
2687 4101 2746 4146 ut
2785 4101 3034 4146 neutrum
3083 4089 3234 4144 alteri
3270 4087 3464 4144 cedat?
3491 4086 3590 4143 Hic

1995 4189 2138 4244 enim
2157 4188 2370 4260 quando
2391 4186 2648 4256 contingit
2673 4186 2772 4240 istc
2798 4183 3096 4246 conflictus,
3119 4191 3210 4236 aut
3231 4181 3384 4236 dolor
3403 4181 3588 4244 vincit,

1995 4293 2050 4340 et
2079 4297 2294 4339 sensum
2323 4297 2470 4337 mors
2491 4279 2678 4335 adimit
2703 4295 2716 4344 ;
2751 4287 2842 4332 aut
2869 4285 3054 4330 natura
3084 4275 3244 4330 vincit
3271 4276 3314 4340 ',
3347 4284 3400 4329 et
3429 4273 3586 4328 dolo-

1993 4393 2108 4432 rem
2157 4375 2358 4430 sanitas
2401 4373 2554 4428 tollit.
2601 4371 2676 4426 lbi
2728 4379 2903 4424 autem
2959 4377 3012 4422 et
3065 4367 3220 4421 dolor
3266 4375 3586 4435 permanet,

1993 4479 2050 4522 ιιι
2079 4467 2366 4538 afﬁigat;et
2393 4473 2580 4520 natura
2609 4461 2878 4533 perdurat,
2899 4471 2956 4516 ut
2983 4460 3204 4514 sentiat:
3225 4459 3348 4528 quia
3374 4467 3582 4510 utrum-

1992 4579 2096 4634 que
2129 4562 2248 4617 ideo
2275 4577 2380 4616 non
2411 4559 2610 4626 deﬁcit,
2637 4571 2704 4614 ne
2727 4571 2882 4628 penna
2909 4555 3140 4610 deficiat.
3173 4553 3252 4608 Ad
3281 4552 3379 4606 hos
3407 4560 3586 4606 autem

1994 4655 2124 4708 ﬁnes
2167 4655 2426 4708 bonorum
2457 4661 2511 4706 et
2552 4649 2810 4704 malorum
2843 4688 2858 4714 ,
2889 4645 3010 4700 illos
3050 4643 3376 4714 expetendos
3407 4684 3420 4708 ,
3455 4643 3588 4697 istos

1991 4747 2280 4810 cavendus,
2309 4746 2558 4815 quoniam
2599 4757 2694 4812 per
2729 4739 2988 4810 judicium
3020 4737 3322 4794 transibunt
3350 4733 3418 4790 ad
3463 4734 3586 4790 illos

1991 4845 2112 4902 boni
2136 4885 2150 4909 ,
2180 4840 2246 4896 ad
2293 4839 2425 4893 istos
2473 4833 2632 4900 ntali;
2665 4831 2734 4888 de
2763 4834 2864 4886 hoc
2887 4831 3092 4902 judicio
3115 4871 3132 4898 ,
3155 4838 3410 4900 quantum
3444 4827 3586 4884 Deus

1991 4933 2288 4997 donaverit,
2317 4932 2366 4985 iu
2395 4925 2744 4998 consequenti
2777 4923 3044 4981 volumine
3066 4920 3366 4991 disputabo.

2055 5061 2070 5091 ι
2095 5059 2234 5115 Editi,
2279 5051 2494 5106 matribus
2535 5046 2822 5102 hominibus.
2855 5043 3018 5104 Abest,
3059 5037 3346 5100 hominibus,
3366 5049 3398 5088 a
3418 5051 3587 5088 manu-

1989 5129 2227 5241 mimi,
2251 5185 2332 5230 aut
2369 5183 2545 5228 natura
2579 5171 2852 5241 perdurat:
2873 5161 3036 5218 uincit.
3067 5163 3184 5214 Editl
3220 5161 3300 5213 alii
3345 5169 3400 5214 et
3419 5174 3586 5214 manu-

1987 5249 2100 5308 εει-η
2115 5247 2152 5296 ti
2175 5235 2346 5295 carent
2365 5241 2536 5296 verbo,
2559 5235 2849 5301 pet-duram.

2479 5326 3584 5354 Μ

1194 5399 1680 5508 LIBER
1757 5395 2430 5510 VIGESIJVI
2443 5393 2648 5500 US.

517 5591 586 5634 De
603 5584 782 5648 judicio
803 5585 1084 5646 novissimo,
1111 5583 1274 5648 deque
1298 5585 1588 5633 testimoniis
1609 5597 1718 5633 cum
1742 5589 1874 5648 Novi,
1903 5595 2005 5638 tum
2031 5587 2218 5635 Veteris
2243 5581 2569 5640 lustrumenti,
2594 5577 2772 5641 quibus
2793 5575 3106 5624 denuntiatur
3131 5573 3359 5624 futurum.

292 5691 520 5749 CAPUT
558 5691 842 5748 PRIMUM.
889 5723 961 5734 --
1005 5693 1152 5758 Quod
1207 5693 1430 5760 quamvis
1476 5693 1612 5744 omni
1667 5701 1885 5762 tempore

369 5785 503 5840 Drus
515 5785 734 5856 judicct,
761 5787 814 5838 iu
841 5787 934 5840 hac
955 5794 1118 5840 tamen
1146 5785 1274 5840 libro
1296 5786 1357 5840 de
1385 5785 1648 5840 novissimo
1671 5787 1779 5856 ejus
1793 5789 1884 5858 ju-

369 5877 500 5931 dicio
533 5877 594 5931 sit
623 5879 823 5946 proprie
840 5877 1222 5948 disputandum.

371 5971 420 6024 l.
449 5969 526 6026 De
551 5968 636 6026 die
673 5971 843 6026 ultimi
871 5969 1054 6044 judicii
1085 5971 1198 6036 Dei,
1236 5971 1374 6042 quod
1424 5972 1538 6042 ipse
1577 5971 1871 6038 donaverit,

1991 5692 2239 5753 locuturi,
2269 5703 2500 5758 eumque
2527 5683 2780 5738 asserturi
2813 5682 3065 5740 adversus
3103 5681 3290 5750 impios
3320 5687 3374 5733 et
3399 5677 3578 5735 incre-

1989 5785 2174 5846 duIOs,
2207 5791 2454 5850 tanquam
2499 5779 2552 5832 in
2595 5775 2802 5830 aedilicii
2833 5773 3178 5829 fundamento
3205 5773 3351 5842 prius
3381 5784 3583 5840 pauere

1992 5873 2288 5932 testimonia
2332 5872 2506 5926 divina
2549 5869 2824 5924 debemus.
2867 5867 3068 5936 Quibus
3107 5867 3194 5936 qui
3239 5863 3426 5918 nolunt
3459 5876 3580 5916 cre-

1987 5971 2138 6033 dere,
2161 5965 2406 6023 humanis
2429 5961 2744 6022 ratiunculis
2771 5959 2920 6017 falsis
2953 5967 3112 6031 atque
3139 5955 3414 6018 fallacibus
3437 5963 3573 6018 oon-
