4062 6490
1925 337 1996 349 -νδ
2031 343 2036 346 -

492 439 602 504 859

498 555 763 618 travenire
791 563 1066 624 conanmr,
1107 553 1176 612 ad
1215 555 1318 611 hoc
1359 561 1416 610 nt
1459 560 1551 609 aut
1589 553 1734 610 aliud
1777 553 2078 627 signiﬁcare

501 647 825 706 contendam
865 645 1004 717 quod
1044 644 1324 703 adhibetur
1364 643 1723 702 testimonium
1758 645 1826 701 de
1865 645 2084 704 Litteris

497 739 692 805 sacris,
717 746 810 794 aut
827 738 1044 795 omnino
1068 737 1321 792 divinitus
1347 751 1466 792 esse
1491 736 1690 792 dictum
1712 746 1926 809 negent.
1951 737 2082 794 Nam

495 833 704 893 nullum
738 830 984 888 existimo
1024 845 1145 888 esse
1182 831 1507 897 mortalium,
1537 831 1627 904 qui
1655 847 1777 887 cum
1815 847 1910 900 ea,
1947 833 2086 888 sicut

492 924 638 984 dicta
676 933 820 991 sunt,
861 924 1200 987 intellexerit,
1231 931 1287 982 et
1310 938 1340 978 a
1369 939 1578 980 summo
1601 939 1665 980 ac
1693 939 1818 980 vero
1853 925 1962 984 Deo
1990 940 2088 996 per

491 1017 705 1076 unus
735 1024 948 1072 sanctas
984 1014 1125 1076 dicta
1161 1031 1280 1072 esse
1325 1016 1645 1082 crediderit,
1677 1031 1782 1072 non
1823 1018 1903 1072 eis
1935 1017 2091 1073 cedat

501 1116 661 1177 atque
687 1107 986 1164 consentiat
1016 1123 1031 1162 :
1060 1108 1174 1163 sive
1203 1108 1256 1167 id
1277 1109 1434 1164 etiam
1461 1124 1555 1168 ore
1583 1108 1827 1176 fateatur,
1858 1110 1971 1166 sive
1997 1110 2091 1166 ali-

503 1211 611 1272 quo
635 1198 765 1254 vitio
796 1199 944 1256 fateri
974 1199 1277 1266 erubescat,
1299 1207 1391 1255 aut
1415 1209 1650 1264 metuat;
1681 1202 1763 1257 vel
1783 1202 1939 1258 etiam
1966 1216 2087 1272 per-

504 1289 701 1344 vicacia
739 1281 1008 1348 simillima
1043 1289 1296 1358 insania,
1324 1290 1377 1346 id
1407 1289 1548 1361 quod
1577 1288 1765 1345 falsum
1791 1305 1909 1347 esse
1934 1292 2082 1347 novit

504 1390 594 1436 aut
619 1380 788 1441 credit
807 1421 822 1450 ,
853 1389 1038 1442 contra
1066 1381 1122 1438 id
1153 1382 1292 1452 quod
1321 1397 1507 1441 verum
1535 1397 1653 1439 esse
1677 1384 1826 1442 novit
1861 1393 1952 1438 aut
1976 1397 2092 1440 cre—

505 1469 604 1538 dit,
628 1472 788 1525 etiam
813 1471 1296 1530 contentiosissime
1327 1471 1616 1528 defendere
1644 1475 1910 1530 moliatur.

577 1561 632 1616 3.
672 1561 825 1632 Quod
862 1578 991 1640 ergo
1037 1565 1089 1620 in
1131 1566 1462 1622 confessione
1490 1582 1551 1622 ac
1579 1566 1911 1639 professione
1952 1578 2093 1627 tenet

508 1654 681 1710 omnis
715 1654 951 1714 Ecclesia
991 1656 1080 1712 Dei
1117 1657 1248 1726 veri,
1278 1658 1545 1716 Christum
1565 1661 1630 1716 de
1656 1661 1794 1717 calo
1819 1675 1940 1718 esse
1964 1678 2092 1718 ven-

510 1755 686 1802 turum
724 1746 791 1803 ad
824 1748 968 1804 vivos
1006 1762 1072 1806 ac
1113 1758 1354 1808 mortuos
1387 1751 1724 1823 judicandos,
1755 1755 1893 1810 hunc
1928 1755 2094 1810 divini

506 1839 686 1912 judicii
728 1839 970 1896 ulu’mum
1007 1840 1148 1898 diem
1187 1842 1448 1910 dicimus,
1487 1844 1540 1902 id
1593 1855 1698 1910 est,
1745 1847 2094 1904 novissimum

509 1941 739 2004 tempus.
780 1932 913 1992 Nam
953 1949 1046 2006 per
1084 1946 1213 2005 quot
1251 1935 1364 1994 dies
1405 1936 1505 1994 hoc
1534 1937 1788 2010 judicium
1825 1941 2091 2007 tendatur,

511 2022 772 2082 incertum
821 2031 905 2080 est
948 2043 962 2084 ;
1003 2027 1099 2084 sed
1143 2026 1536 2099 Scripturarum
1589 2045 1737 2088 more
1790 2041 2092 2087 sanctarum

513 2115 654 2171 diem
683 2117 806 2186 poni
835 2117 1011 2174 solere
1036 2133 1133 2189 pro
1157 2129 1420 2191 tempore,
1452 2137 1611 2178 nemo
1637 2122 1726 2196 qui
1751 2123 1871 2180 illas
1890 2125 2096 2180 litteras

499 2197 801 2282 'quamlibet
830 2209 1154 2281 negligenter
1173 2212 1378 2284 legerit,
1402 2213 1589 2270 nescit.
1619 2213 1742 2270 ideo
1769 2222 1946 2270 autem
1973 2230 2096 2272 cum

511 2297 653 2354 diem
693 2298 875 2369 judicii
921 2301 1009 2354 Dei
1056 2301 1302 2370 dicimus,
1335 2303 1576 2360 addimus
1613 2305 1854 2358 ultimum
1883 2306 1962 2361 vel
1994 2321 2096 2361 no-

511 2388 817 2457 vissimum;
851 2390 970 2460 quia
1006 2401 1061 2452 et
1097 2407 1235 2450 nunc
1258 2391 1478 2463 judicat,
1507 2404 1563 2451 et
1595 2396 1663 2450 ab
1694 2396 1908 2451 humani
1936 2400 2130 2473 geueg"

511 2481 586 2538 ris
627 2481 778 2537 initio
809 2481 1085 2554 judicavit,
1111 2483 1384 2540 dimittens
1411 2486 1475 2540 de
1501 2473 1777 2556 paradiso,
1811 2498 1863 2545 et
1889 2504 1919 2543 a
1951 2487 2096 2560 lign'o

510 2575 633 2630 vitae
669 2590 920 2646 separaris
955 2576 1153 2646 primos
1182 2579 1422 2636 homines
1459 2581 1659 2652 peccati
1697 2572 2093 2655 magni-perpe-

516 2675 742 2724 tratores
766 2686 779 2724 :
807 2669 913 2726 imo
950 2670 1109 2731 etiam
1144 2671 1356 2744 quando
1393 2673 1596 2744 angelis
1623 2659 2097 2745 peccantibus'non

514 2760 751 2830 pepercit
779 2758 856 2830 (Il
887 2759 1028 2816 Petr.
1051 2772 1110 2832 tt,
1141 2743 1234 2833 ἰ),
1261 2743 1486 2838 quorum
1517 2743 1761 2838 princeps
1792 2766 2035 2823 homines
2061 2783 2095 2824 a

512 2865 574 2906 se
595 2850 710 2920 ipso
731 2851 1050 2908 subversus‘
1067 2853 1364 2934 jnvidendo
1395 2857 1672 2924 subvertit,
1711 2859 1894 2928 procul
1934 2858 2096 2915 dubio

509 2941 783 3012 judicavit.
830 2942 939 2999 Nec
972 2945 1088 3002 sine
1122 2946 1265 3006 illius
1295 2949 1400 3007 alto
1421 2948 1672 3020 justeque
1697 2950 1916 3022 judicio,
1947 2961 2001 3008 et
2041 2953 2096 3009 in

512 3033 617 3091 hoc
639 3036 786 3090 aerio
809 3035 969 3105 coelo,
991 3044 1046 3093 et
1073 3037 1124 3092 in
1149 3039 1324 3116 terris,
1343 3049 1398 3096 et
1415 3039 1715 3108 daemimum
1745 3051 1799 3098 et
1822 3042 2096 3099 hominum

516 3128 809 3186 miserrima
833 3139 914 3186 est
934 3128 1060 3210 vita,
1083 3131 1353 3188 erroribus
1381 3134 1736 3205 aerumnisque
1765 3135 2092 3205 plenissima.

519 3217 712 3276 Verum
738 3220 835 3276 etsi
863 3235 1022 3280 nemo
1049 3231 1354 3294 peccasset,
1393 3237 1498 3278 non
1525 3224 1642 3280 sine
1668 3225 1810 3280 bono
1839 3233 2095 3297 rectoque

510 3310 710 3381 judicio
748 3312 1049 3370 universam
1081 3315 1391 3374 rationalem
1417 3327 1716 3374 creaturam
1746 3333 2094 3389 perseveran-

516 3402 717 3468 tissime
742 3405 842 3463 sibi
872 3405 1094 3462 Domino
1133 3422 1231 3463 suo
1267 3407 1626 3468 cohaerentem
1655 3411 1708 3466 in
1735 3419 1936 3468 aeterna
1967 3411 2096 3467 bea-

515 3495 740 3556 titudine
761 3497 1029 3553 retineret.
1057 3490 1266 3571 Judicat
1285 3469 1466 3565 etiam,
1489 3514 1594 3556 non
1620 3500 1790 3556 solum
1817 3501 2094 3556 universa-

515 3585 638 3648 liter
661 3586 730 3646 de
749 3602 946 3660 genere
973 3587 1274 3646 dzemonum
1314 3599 1472 3662 atque
1507 3591 1802 3656 hominum,
1831 3601 1890 3647 ut
1915 3593 2097 3649 miseri

515 3677 624 3738 sint
670 3687 886 3756 propter
931 3680 1222 3752 primorum
1269 3681 1518 3738 meritum
1575 3691 1951 3753 peccatorum;
1998 3682 2098 3738 sed

516 3769 676 3826 etiam
709 3769 777 3826 de
809 3771 1137 3843 singulorum
1169 3758 1417 3843 operibus
1452 3775 1712 3846 propriis,
1749 3790 1867 3847 qua:
1907 3781 2099 3845 gerunt

515 3859 737 3916 arbitrio
756 3861 1058 3918 voluntatis.
1094 3863 1226 3920 Nam
1253 3873 1308 3920 et
1335 3864 1604 3922 daemones
1629 3881 1697 3921 ne
1728 3875 2092 3938 torqueantur,

516 3962 796 4024 precantur
842 3953 1050 4024 (Matth.
1076 3943 1208 4019 "vui,
1255 3953 1348 4029 29)
1380 3973 1395 4013 :
1425 3973 1523 4012 nec
1565 3959 1744 4028 utique
1783 3959 1975 4027 injuste
2011 3957 2097 4012 vel

514 4044 889 4119 parcitur'eis,
917 4046 999 4101 vel
1031 4062 1124 4118 pro
1149 4063 1241 4102 sua
1265 4048 1459 4119 quique
1478 4049 1811 4120 improbitate
1840 4061 2094 4122 torquen-

515 4142 621 4190 tur.
669 4135 737 4191 Et
775 4136 1015 4194 homines
1047 4139 1355 4210 plerumque
1389 4150 1590 4212 aperte,
1620 4157 1832 4212 semper
1868 4143 2093 4212 occulte,

517 4227 673 4284 luunt
689 4243 787 4300 pro
812 4231 923 4285 suis
947 4230 1099 4286 factis
1127 4233 1380 4290 divinitus
1402 4249 1605 4305 parias,
1631 4236 1743 4292 sive
1767 4237 1816 4290 in
1840 4235 1941 4293 hac
1968 4238 2092 4306 vita,

517 4319 632 4376 sive
654 4329 772 4392 post
800 4331 1024 4378 mortem
1059 4340 1072 4376 :
1097 4325 1337 4392 quamvis
1365 4326 1542 4380 nullus
1569 4325 1841 4381 hominum
1869 4337 1990 4398 agat
2011 4343 2098 4384 re-

515 4417 625 4480 cte,
651 4411 752 4466 nisi
786 4411 964 4468 divino
997 4412 1274 4484 adjuvetur
1303 4416 1531 4484 auxilio;
1579 4418 1754 4472 nullus
1793 4418 2096 4475 daemonum

515 4512 609 4562 aut
635 4503 908 4561 hominum
937 4517 1057 4580 agat
1086 4506 1298 4578 inique,
1328 4507 1430 4562 nisi
1465 4507 1646 4564 divino
1683 4509 1974 4580 eodemque
2011 4511 2098 4581 ju-

515 4599 752 4657 stissima
764 4599 965 4672 judicio
983 4604 1338 4676 permittatur.
1367 4602 1514 4660 Sicut
1537 4607 1678 4661 enim
1697 4607 1770 4661 ait
1788 4608 2095 4678 Apostolus,

515 4689 641 4750 Non
667 4702 740 4746 est
762 4692 998 4764 iniquitas
1022 4695 1164 4764 apud
1195 4693 1358 4750 Deum
1385 4695 1563 4766 (Rom.
1601 4713 1675 4765 rx,
1708 4697 1828 4767 ﬂ);
1861 4708 1934 4763 et,
1962 4699 2100 4754 sicut

515 4784 630 4856 ipse
657 4783 780 4840 alibi
800 4784 946 4850 dicit,
973 4783 1330 4841 Inscrutabilia
1350 4795 1464 4842 sunt
1475 4787 1678 4854 judicia
1698 4788 1811 4854 Dei,
1832 4799 1877 4843 et
1896 4791 2100 4845 investi-

514 4874 702 4948 gabiles
738 4877 833 4932 viae
855 4878 964 4951 ejus
988 4876 1007 4950 (
1032 4876 1116 4931 Id.
1144 4893 1219 4944 x1,
1245 4879 1374 4950 35).
1418 4877 1533 4934 Non
1567 4881 1726 4950 igitur
1749 4881 1801 4935 in
1830 4880 1933 4936 hoc
1962 4883 2098 4938 libro

516 4964 587 5023 de
611 4966 714 5022 illis
739 4967 941 5038 primis,
969 4983 1069 5024 nec
1092 4968 1160 5024 de
1186 4969 1301 5024 istis
1329 4970 1517 5024 mediis
1544 4971 1636 5027 Dei
1653 4971 1884 5040 judiciis,
1909 4972 2004 5028 sed
2031 4971 2098 5029 t'le

523 5056 643 5128 ipso
664 5057 953 5114 novissimo
973 5058 1194 5130 judicio,
1219 5069 1472 5131 quantum
1495 5061 1608 5130 ipse
1629 5061 1891 5131 tribuerit,
1916 5062 2097 5134 dispu-

518 5147 663 5217 tabo,
692 5149 903 5219 quando
928 5149 1168 5207 Christus
1196 5150 1266 5208 de
1291 5150 1432 5210 colo
1454 5159 1711 5210 venturus
1734 5161 1817 5208 est
1835 5153 1983 5209 vivos
2004 5154 2094 5224 ju-

515 5241 786 5298 dicaturus
809 5250 864 5298 et
886 5252 1142 5300 mortuos.
1183 5243 1289 5301 lste
1314 5244 1508 5316 quippe
1531 5243 1647 5300 dies
1669 5244 1854 5316 judicii
1883 5248 2097 5317 proprie

513 5335 622 5406 jam
642 5343 883 5403 vocatur,
901 5350 966 5390 eo
993 5332 1134 5409 quod
1163 5335 1339 5394 nullus
1363 5337 1432 5394 ibi
1453 5339 1555 5395 erit
1579 5338 1837 5408 imperita:
1865 5341 2096 5411 querela;

518 5425 688 5492 locus,
710 5441 807 5482 cur
831 5427 1056 5497 injustus
1077 5428 1166 5486 ille
1188 5428 1257 5484 sit
1285 5429 1424 5496 felix,
1453 5440 1506 5486 et
1530 5446 1628 5486 cur
1648 5430 1735 5486 ille
1757 5431 1934 5501 justus
1965 5433 2099 5488 infe-

516 5516 616 5571 lix.
657 5516 905 5572 Omnium
937 5533 1163 5594 namque
1200 5529 1330 5578 tunc
1362 5523 1570 5578 nonnisi
1598 5524 1859 5579 bonorum
1887 5539 2011 5579 vera
2042 5535 2097 5581 et

519 5608 671 5677 plena
704 5607 926 5665 felicitas
944 5651 958 5675 ,
986 5619 1043 5667 et
1069 5614 1304 5668 omnium
1331 5613 1542 5692 nonnisi
1571 5614 1834 5670 malorum
1860 5615 2017 5687 digna
2041 5626 2096 5674 et

515 5713 720 5754 summa
746 5697 1024 5758 infelicitas
1042 5704 1336 5777 apparebit.

581 5855 600 5888 ί
642 5852 908 5910 Mem.
933 5864 988 5911 et
1027 5858 2090 5925 μιωιςηοιίειμιὼναωοεωὶιιωδωθ.

1556 438 1646 495 ns
1682 437 2004 497 ClYlTATE
2043 438 2181 511 DEI,
2221 440 2280 498 s.
2325 407 2688 497 incusum

2197 554 2422 612 CAPUT
2452 555 2515 611 ll.
2537 585 2609 596 —
2633 553 2711 609 De
2736 553 2977 610 varietate
3007 567 3177 608 rerum
3201 551 3559 617 humanarum,
3575 549 3660 605 cui
3675 566 3779 608 non

2269 655 2428 716 potest
2453 647 2552 700 dici
2577 645 2743 700 deesse
2759 645 3012 718 judicium
3046 642 3163 712 Dei,
3192 643 3418 716 quamvis
3454 650 3664 714 nequeat
3689 657 3777 699 υσ-

2265 741 2459 811 stigari.
2859 801 2877 821 ο

2264 831 2414 887 Nunc
2459 841 2636 890 autem
2671 839 2726 890 et
2762 831 2901 890 mala
2929 845 3083 904 aequo
3115 831 3294 889 animo
3324 829 3466 888 ferre
3500 829 3781 901 discimus,

2193 942 2313 996 qua:
2357 926 2627 996 patiuntur
2666 936 2718 981 et
2757 925 2914 991 boni;
2949 933 3004 981 et
3031 924 3168 980 bona
3203 939 3308 981 non
3347 923 3782 996 magnipendere,

2195 1032 2313 1087 qua:
2334 1018 2698 1087 adipiscuntur
2721 1027 2774 1073 et
2797 1017 2940 1071 mali.
2971 1019 3048 1072 Ac
3078 1033 3180 1088 per
3203 1017 3303 1073 hoc
3325 1018 3485 1073 etiam
3510 1017 3564 1072 in
3593 1016 3676 1072 his
3701 1033 3789 1072 re-

2195 1089 2338 1178 bus‘,‘
2347 1109 2399 1164 in
2437 1109 2627 1180 quibus
2668 1125 2776 1164 non
2813 1118 3031 1181 apparet
3069 1109 3245 1166 divina
3281 1108 3508 1181 justitia,
3537 1109 3788 1164 salutaris

2193 1211 2280 1258 est
2303 1201 2480 1257 divina
2507 1201 2766 1260 doctrina.
2811 1201 3089 1260 Nescimus
3125 1203 3268 1258 enim
3311 1217 3416 1273 quo
3450 1201 3654 1272 judicio
3696 1200 3790 1256 Dei

2198 1293 2370 1351 bonus
2408 1295 2497 1351 ille
2535 1297 2604 1352 sit
2643 1309 2863 1366 pauper,
2892 1295 3063 1354 malus
3089 1294 3179 1351 ille
3208 1295 3279 1352 sit
3304 1294 3453 1350 dives
3485 1311 3500 1350 :
3530 1294 3634 1351 iste
3662 1308 3790 1364 gau~

2199 1386 2343 1452 deat,
2364 1402 2522 1458 quem
2547 1402 2644 1459 pro
2663 1388 2775 1444 suis
2796 1386 3015 1460 perditis
3036 1387 3273 1443 moribus
3293 1387 3518 1442 cruciari
3539 1386 3790 1442 debuisse

2198 1479 2519 1536 maeroribus
2561 1479 2912 1544 arbitramur;
2960 1480 3304 1535 contristetur
3340 1478 3448 1546 ille,
3491 1493 3653 1549 quem
3686 1478 3791 1533 vita

2198 1569 2481 1626 laudabilis
2506 1570 2738 1644 gaudere
2763 1571 3011 1630 debuisse
3037 1571 3320 1644 persuadet
3346 1589 3361 1627 :
3388 1578 3544 1626 exeat
3561 1569 3630 1626 de
3647 1569 3791 1640 judi-

2201 1662 2285 1717 cio
2313 1678 2420 1718 non
2446 1663 2618 1719 solum
2660 1663 2880 1730 inultus,
2917 1678 3102 1718 verum
3132 1663 3290 1718 etiam
3323 1663 3604 1718 damnatus
3633 1663 3790 1717 inno-

2202 1768 2350 1818 cens,
2379 1763 2469 1808 aut
2500 1755 2775 1825 iniquitate
2795 1754 2989 1826 judicis
3016 1771 3251 1826 pressus,
3283 1765 3376 1810 aut
3401 1754 3548 1810 falsis
3567 1754 3795 1810 obrutus

2202 1845 2554 1915 testimoniis;
2598 1861 2630 1901 e
2675 1845 2942 1902 contrario
2989 1847 3250 1903 scelestus
3293 1846 3635 1902 adversarius
3679 1846 3795 1916 ejus

2202 1923 2310 1994 nOn
2335 1937 2507 1991 solum
2541 1936 2833 2008 impunitus
2851 1979 2867 2004 ,
2899 1953 3081 1994 verum
3107 1939 3266 1994 etiam
3294 1938 3592 1994 vindicatus
3618 1938 3794 1992 insul-

2204 2033 2282 2082 tet
2311 2026 2545 2104 :jnipius
2587 2029 2788 2098 optime
2829 2028 3019 2096 valeat,
3052 2030 3169 2099 pius
3213 2029 3464 2100 languore
3512 2027 3792 2084 tabescat:

2206 2118 2594 2174 latrocinantur
2639 2120 2905 2176 sanissimi
2949 2120 3212 2191 juvenes;
3257 2128 3311 2174 et
3355 2119 3444 2189 qui
3488 2134 3588 2174 nec
3628 2119 3796 2175 verbo

2205 2200 2525 2280 quemquam
2552 2210 2746 2264 laedere
2767 2219 3071 2280 potuerunt,
3095 2211 3303 2266 diversa
3324 2211 3632 2270 morborum
3655 2219 3798 2264 atro-

2205 2300 2364 2356 citate
2383 2299 2683 2371 afﬂigantur
2703 2301 2931 2355 infantes
2961 2318 2974 2355 :
3002 2300 3145 2356 utilis
3166 2301 3324 2355 rebus
3343 2301 3589 2356 humanis
3608 2301 3797 2355 imma-

2207 2400 2324 2446 tura
2369 2388 2542 2448 morte
2569 2393 2833 2464 rapiatur;
2863 2403 2918 2450 et
2964 2395 3054 2464 qui
3083 2393 3331 2450 videntur
3369 2409 3468 2448 nec
3507 2394 3653 2448 nasci
3697 2394 3794 2450 de-

2154 2481 2406 2554 ;‘buisse,
2431 2485 2728 2542 diutissime
2751 2488 2968 2558 insuper
2996 2487 3174 2542 vivant
3203 2505 3215 2540 :
3248 2487 3436 2558 plenus
3469 2488 3794 2545 criminibus

2205 2576 2522 2634 sublimetur
2549 2577 2860 2644 honoribus,
2879 2587 2934 2634 et
2953 2577 3223 2634 hominem
3247 2579 3362 2634 sine
3394 2577 3610 2649 querela
3642 2588 3796 2635 tene-

2205 2668 2318 2724 brze
2370 2668 2714 2740 ignobilitatis
2753 2669 3082 2725 abscondant
3114 2687 3126 2724 :
3157 2679 3213 2725 et
3249 2679 3438 2726 caetera
3467 2669 3794 2741 hujusmodi,

2207 2775 2327 2831 qua:
2353 2761 2473 2831 quis
2498 2759 2718 2832 colligit,
2747 2761 2868 2832 quis
2891 2761 3209 2817 enumerat?
3237 2761 3367 2829 Quae
3387 2759 3433 2816 si
3461 2761 3722 2817 haberent
3744 2763 3797 2823 in

2207 2853 2320 2924 ipsa
2345 2853 2489 2908 velut
2521 2852 2847 2909 absurditate
2872 2854 3248 2922 constantiam,
3277 2862 3334 2908 ut
3363 2854 3417 2908 in
3449 2853 3550 2908 hac
3577 2854 3709 2922 vita,
3741 2854 3797 2910 in

2203 2960 2308 3016 qua
2331 2945 2501 3013 homo,
2525 2946 2662 3001 sicut
2686 2960 2837 3001 sacer
2861 2944 3104 3001 Psalmus
3122 2946 3406 3017 eloquitur,
3424 2947 3636 3001 vanitati
3652 2949 3796 3002 simi-

2207 3037 2271 3094 lis
2295 3043 2460 3111 factus
2483 3048 2575 3106 est,
2607 3047 2652 3094 et
2675 3038 2783 3094 dies
2807 3041 2916 3112 ejus
2935 3039 3068 3094 velut
3089 3040 3268 3094 umbra
3297 3048 3597 3112 pratereunt
3620 3038 3794 3113 (Psat.

2204 3146 2388 3200 cxuu,
2443 3133 2539 3205 4),
2593 3131 2806 3190 nonnisi
2853 3133 2980 3188 mali
3021 3132 3444 3204 adipiscerentur
3489 3133 3796 3189 transitoria

2205 3223 2343 3280 bona
2366 3226 2464 3280 ista
2492 3233 2652 3298 atque
2677 3233 2909 3296 terrena,
2934 3241 3032 3286 nec
3055 3227 3156 3282 nisi
3186 3227 3310 3282 boni
3339 3225 3458 3280 talia
3484 3234 3797 3297 paterentur

2205 3318 2366 3384 mala,
2399 3325 2580 3392 posset
2607 3317 2711 3376 hoc
2747 3319 2934 3376 referri
2964 3319 3030 3375 ad
3053 3319 3310 3390 judicium
3333 3319 3531 3390 justum
3557 3319 3674 3386 Dei,
3707 3318 3800 3379 vel

2205 3411 2366 3466 etiam
2395 3411 2714 3481 benignum;
2754 3421 2813 3467 ut
2852 3413 2941 3484 qui
2981 3427 3088 3470 non
3125 3420 3278 3468 erant
3315 3410 3609 3466 assecuturi
3650 3409 3797 3466 bona

2205 3513 2426 3570 aeterna,
2458 3519 2576 3574 quae
2603 3503 2803 3560 faciunt
2831 3503 3037 3571 beatos,
3064 3502 3444 3574 temporalibus
3464 3501 3550 3557 vel
3574 3501 3795 3572 decipe-

2204 3604 2390 3651 rentur
2414 3610 2510 3666 pro
2539 3597 2736 3652 malitia
2767 3611 2883 3664 sua,
2912 3597 2995 3652 vel
3029 3610 3125 3666 pro
3150 3595 3245 3651 Dei
3271 3592 3636 3650 misericordia
3664 3607 3768 3649 con

2204 3686 2510 3742 solarentur
2545 3686 2732 3756 bonis;
2781 3696 2835 3742 et
2877 3687 2968 3757 qui
3014 3701 3120 3743 non
3158 3694 3314 3742 erant
3351 3685 3559 3755 passuri
3593 3693 3791 3740 aeterna

2206 3785 2493 3848 tormenta,
2518 3780 2901 3851 temporalibus
2921 3780 3006 3837 vel
3030 3795 3125 3851 pro
3153 3781 3263 3836 suis
3292 3779 3715 3851 quibuscumque
3738 3787 3794 3836 et

2203 3871 2700 3943 quantuliscumque
2741 3874 2972 3944 peccatis
3016 3871 3398 3944 affligerentur,
3444 3871 3530 3928 vel
3576 3881 3791 3944 prepter

2200 3963 2501 4036 implendas
2545 3965 2767 4020 virtutes
2815 3975 3194 4022 exercerentur
3244 3964 3417 4021 malis.
3469 3963 3620 4020 Nunc
3663 3979 3791 4020 vero

2203 4055 2416 4125 quando
2443 4071 2548 4111 non
2570 4055 2742 4111 solum
2769 4057 2819 4111 in
2842 4057 2982 4111 malo
3003 4066 3128 4112 sunt
3151 4057 3294 4123 boni,
3323 4056 3449 4112 etin
3475 4057 3617 4112 bono
3643 4056 3787 4122 mali,

2204 4147 2345 4217 quod
2359 4147 2564 4203 videtur
2575 4148 2647 4218 inj
2655 4156 2855 4216 ustum;
2873 4164 3060 4204 verum
3076 4149 3232 4204 etiam
3248 4148 3562 4221 plerumque
3571 4159 3625 4204 et
3636 4149 3790 4205 malis

2205 4240 2342 4295 mala
2353 4241 2625 4307 eveniunt,
2643 4252 2698 4297 et
2717 4241 2868 4298 bonis
2885 4242 3020 4298 bona
3043 4244 3386 4314 proveniunt:
3404 4243 3572 4315 magis
3592 4243 3794 4299 inseru-

2207 4333 2384 4390 tabilia
2411 4333 2753 4406 fiuntjudicia
2778 4337 2872 4392 Dei
2902 4337 3076 4410 (Rom.
3094 4352 3168 4403 xl,
3188 4337 3300 4409 55),
3318 4346 3372 4393 et
3400 4337 3792 4408 investigabiles

2205 4426 2304 4480 via:
2317 4426 2474 4480 illius.
2488 4425 2739 4494 Quamvis
2750 4443 2878 4497 ergo
2889 4428 3188 4484 nesciamus
3203 4427 3519 4499 quojudicio
3533 4429 3674 4484 Deus
3691 4429 3793 4485 ista

2204 4518 2289 4573 vel
2316 4518 2492 4586 faciat,
2519 4519 2602 4575 vel
2630 4520 2741 4574 fieri
2766 4519 2924 4589 sinat,
2953 4519 3089 4590 apud
3111 4536 3268 4591 quem
3293 4536 3499 4576 summa
3519 4523 3690 4577 virtus
3711 4531 3794 4577 est

2204 4620 2260 4667 et
2286 4625 2492 4668 summa
2521 4611 2802 4682 sapientia,
2831 4627 3039 4668 summa
3064 4615 3080 4646 ³
3105 4614 3308 4684 justitia
3329 4657 3345 4682 ,
3382 4613 3525 4669 nulla
3564 4613 3793 4669 inﬁrmi-

2206 4711 2306 4768 tas,
2339 4703 2482 4758 nulla
2506 4703 2797 4771 temeritas,
2821 4705 2965 4759 nulla
2991 4706 3241 4775 iniquitas
3267 4724 3279 4760 :
3306 4705 3587 4763 salubriter
3611 4716 3794 4764 tamen

2203 4795 2458 4852 discimus
2486 4811 2590 4851 non
2621 4797 3033 4867 magnipendere
3061 4813 3156 4854 seu
3185 4800 3344 4864 bona,
3367 4814 3461 4856 seu
3487 4800 3648 4866 mala,
3672 4815 3795 4871 quae

2203 4887 2445 4943 videmus
2474 4903 2593 4944 esse
2623 4889 2775 4945 bonis
2804 4889 3064 4962 malisque
3090 4893 3423 4959 communia;
3451 4901 3506 4948 et
3531 4892 3621 4948 illa
3651 4892 3795 4948 bona

2203 4995 2462 5049 quaerere,
2489 4996 2608 5050 qua:
2638 4980 2922 5049 bonorum,
2949 4991 3110 5052 atque
3151 4983 3236 5039 illa
3270 4984 3408 5038 mala
3443 4985 3676 5040 maxime
3707 4983 3793 5038 fu-

2203 5087 2348 5141 gere,
2380 5086 2498 5143 quaa
2525 5073 2738 5142 prepria
2759 5079 2882 5129 sunt
2911 5074 3191 5130 malorum.
3238 5075 3373 5132 Cum
3401 5091 3531 5132 vero
3559 5074 3625 5132 ad
3657 5076 3793 5131 illud

2202 5164 2294 5218 Dei
2335 5164 2592 5234 judicium
2630 5167 2965 5232 venerimus,
3007 5167 3157 5238 cujus
3196 5177 3404 5239 tempus
3437 5167 3547 5239 jam
3577 5171 3796 5239 proprie

2202 5256 2318 5312 dies
2350 5257 2554 5327 judicii,
2593 5267 2648 5314 et
2691 5258 2980 5330 aliquando
3017 5259 3134 5316 dies
3177 5261 3381 5315 Domini
3423 5271 3792 5330 nuncupatur;

2203 5362 2312 5403 non
2357 5348 2528 5403 solum
2584 5364 2930 5418 qumcumque
2983 5359 3110 5406 tunc
3150 5349 3544 5419 iudicabuntur,
3596 5367 3794 5408 verum

2201 5443 2361 5498 etiam
2386 5441 2744 5513 [quaecumque
2783 5443 2851 5498 ab
2899 5443 3050 5498 initio
3072 5446 3329 5513 judicata,
3355 5457 3410 5499 et
3437 5458 3796 5514 quaecumque

2203 5550 2370 5605 usque
2393 5535 2457 5590 ad
2486 5535 2611 5591 illud
2642 5545 2853 5606 tempus
2877 5534 3050 5590 adhuc
3071 5535 3358 5606 judicanda
3385 5546 3530 5601 sunt,
3559 5551 3792 5605 appare-

2200 5630 2332 5685 bunt
2355 5644 2474 5685 esse
2497 5629 2810 5700 justissima.
2849 5627 2951 5686 Ubi
2979 5629 3080 5683 hoc
3105 5643 3316 5700 quoque
3343 5628 3786 5693 manifestabitur,

2199 5737 2357 5794 quam
2393 5721 2536 5791 justo
2571 5719 2770 5790 judicio
2810 5721 2899 5776 Dei
2947 5719 3053 5786 fiat,
3085 5729 3142 5776 ut
3181 5737 3321 5776 nunc
3363 5729 3468 5776 tam
3514 5721 3681 5776 multa
3727 5735 3794 5777 ac

2198 5833 2335 5890 pene
2370 5816 2546 5871 omnia
2579 5815 2718 5886 justa
2742 5813 2940 5885 judicia
2961 5814 3056 5870 Dei
3086 5828 3276 5870 sensus
3303 5822 3612 5885 mentesque
3637 5829 3785 5870 mor-

2284 5929 3165 5992 titcnastrtlulnsqswunaque.
3262 5934 3320 5977 Μ.
