4062 6514
201 463 294 521 665

208 581 420 636 sudiunt
449 582 678 639 verbum
706 585 855 656 ejus,
888 593 942 642 et
971 587 1197 644 credunt
1223 588 1273 645 ei
1307 590 1394 661 qui
1427 592 1573 646 misit
1613 591 1784 648 illum.

213 674 424 732 CAPUT
468 676 557 732 Vl.
603 707 676 719 —
722 678 849 745 Qute
890 679 955 735 sit
993 682 1159 751 prima
1195 684 1527 752 resurrectio,
1568 699 1682 755 quae
1707 700 1789 740 se-

904 773 1094 830 cunda.

281 863 332 916 1.
373 862 581 918 Deinde
624 863 879 935 adjungit,
930 875 984 920 et
1031 866 1161 922 dicit
1198 885 1212 920 :
1258 869 1450 931 Amen,
1485 883 1633 922 amen
1679 867 1794 922 dico

220 957 341 1011 tabis
369 957 491 1026 quia
517 958 652 1010 venit
678 958 823 1025 hora,
873 968 918 1013 et
945 976 1077 1013 nunc
1103 970 1175 1014 est
1196 1000 1210 1026 ,
1255 961 1458 1030 quando
1483 961 1669 1014 mortui
1697 977 1793 1014 au-

221 1049 342 1101 dient
369 1064 541 1102 vocem
579 1048 705 1104 Fidi
732 1050 870 1116 Dei;
913 1063 957 1106 et
986 1053 1072 1122 qui
1101 1053 1371 1119 audierint,
1420 1054 1600 1108 vivent.
1649 1054 1797 1109 Sicut

214 1139 340 1194 enim
365 1137 526 1192 Pater
555 1141 700 1196 habet
728 1144 877 1196 vitam
903 1144 955 1196 in
983 1145 1248 1213 semetipso
1270 1187 1284 1209 ,
1316 1145 1389 1197 sic
1418 1145 1553 1199 dedit
1583 1153 1629 1200 et
1656 1145 1796 1200 Filio

218 1231 388 1286 habere
407 1233 562 1286 vitam
579 1233 631 1287 in
646 1236 907 1306 semetipso
921 1235 1097 1308 (Joan.
1125 1253 1178 1302 v,
1197 1237 1269 1292 25
1280 1248 1326 1291 et
1339 1236 1451 1309 26).
1469 1237 1714 1293 Nondum
1731 1238 1799 1293 de

214 1325 446 1378 secunda
486 1331 912 1393 resurrectione,
970 1328 1021 1383 id
1064 1338 1146 1383 est
1188 1344 1494 1400 corporum,
1540 1329 1797 1399 loquitur,

214 1431 330 1486 qua:
356 1416 411 1470 in
437 1416 544 1475 ﬁne
569 1418 742 1473 futura
771 1429 892 1486 est;
924 1421 1018 1476 sed
1047 1421 1113 1477 de
1141 1423 1342 1492 prima,
1381 1439 1498 1494 qua:
1523 1439 1664 1478 nunc
1695 1431 1795 1478 est.

213 1508 360 1564 Hane
386 1512 585 1582 quippe
613 1522 668 1567 ut
695 1513 1077 1586 distingueret,
1104 1518 1205 1584 ait,
1242 1516 1384 1572 Venit
1427 1518 1573 1585 hora,
1601 1529 1648 1572 et
1669 1535 1802 1574 nunc

216 1611 304 1658 est.
348 1603 468 1659 Non
507 1615 685 1661 autem
733 1609 832 1662 ista
862 1623 1144 1679 corporum
1168 1651 1180 1675 ,
1214 1609 1308 1665 sed
1355 1611 1655 1666 animarum
1697 1621 1799 1667 est.

217 1694 425 1751 Habent
452 1697 594 1752 enim
636 1707 692 1754 et
729 1701 921 1755 animae
968 1711 1195 1757 mortem
1242 1719 1388 1758 suam
1431 1704 1482 1757 in
1530 1703 1803 1774 impietate

217 1796 375 1858 atque
433 1791 664 1858 peccatis
715 1809 729 1846 :
775 1793 1066 1848 secundum
1121 1809 1278 1864 quam
1328 1804 1556 1850 mortem
1606 1795 1802 1852 mortui

219 1889 358 1946 sunt,
386 1881 454 1937 de
481 1883 674 1953 quibus
701 1885 838 1940 idem
864 1887 1120 1943 Dominus
1140 1889 1234 1955 ait,
1261 1889 1387 1944 Sine
1410 1903 1634 1947 mortuos
1659 1908 1804 1961 sepe-

221 1975 310 2028 (ire
352 1986 579 2031 mortuos
626 1995 742 2031 suos
785 1981 802 2049 (
825 1977 1012 2035 Matth.
1040 1997 1167 2047 vm,
1205 1982 1356 2053 22);
1402 1992 1458 2037 ut
1498 1984 1704 2039 scilicet
1751 1984 1802 2038 in

221 2067 395 2119 anima
427 2068 647 2135 mortui,
695 2070 745 2124 in
785 2085 1013 2142 corpore
1057 2082 1295 2130 mortuos
1333 2075 1639 2145 sepelirent.
1671 2076 1804 2131 Pro-

221 2166 338 2226 pter
367 2159 502 2213 istos
533 2175 658 2231 ergo
690 2161 961 2232 impietate
991 2175 1047 2220 et
1074 2166 1352 2237 iniquitate
1381 2168 1432 2222 in
1459 2168 1635 2223 anima
1662 2185 1806 2223 mor-

223 2256 361 2314 tuos,
394 2248 559 2315 Venit,
605 2253 793 2323 inquit,
825 2255 984 2324 hora,
1013 2268 1059 2310 et
1093 2275 1227 2312 nunc
1255 2270 1329 2314 est
1348 2303 1363 2327 ,
1393 2262 1596 2330 quando
1622 2261 1807 2315 mortui

224 2343 426 2396 audient
450 2360 619 2398 vocem
648 2345 773 2400 Filii
798 2347 936 2414 Dei;
971 2361 1018 2403 et
1056 2353 1141 2421 qui
1181 2353 1462 2419 audierint,
1492 2354 1674 2408 vivent.
1708 2354 1807 2420 Qui

225 2437 477 2492 audierint
520 2439 673 2507 dixit,
720 2442 808 2512 qui
855 2443 1183 2512 obedierint,
1225 2447 1314 2516 qui
1359 2447 1709 2517 crediderint,
1755 2458 1809 2504 et

226 2546 389 2602 usque
421 2534 474 2589 in
520 2534 679 2590 tinem
711 2540 1191 2606 perseveraverint.
1223 2540 1330 2596 Nec
1358 2542 1479 2596 fecit
1519 2543 1607 2598 hic
1644 2541 1808 2598 ullam

227 2624 582 2681 diﬂ'ercntiam
633 2629 895 2685 bonorum
939 2640 993 2685 et
1036 2632 1320 2688 malorum.
1368 2633 1625 2689 Omnibus
1663 2637 1807 2692 enim

228 2715 421 2770 bonum
452 2728 536 2774 est
563 2719 753 2775 audire
783 2735 967 2776 vocem
998 2722 1150 2793 ejus,
1195 2733 1246 2779 et
1275 2725 1490 2791 vivere,
1537 2727 1604 2780 ad
1647 2726 1809 2782 vitam

228 2808 439 2877 pietatis
485 2825 550 2864 ex
600 2813 889 2882 impietatis
936 2825 1110 2870 morte
1154 2817 1478 2871 transeundo
1503 2817 1542 2870 ⁸.
1592 2818 1666 2872 De
1705 2834 1806 2888 qua

229 2915 398 2959 morte
423 2906 498 2958 ait
527 2907 798 2974 apostolus
825 2907 1051 2976 Paulus,
1077 2907 1215 2981 Ergo
1257 2927 1428 2964 omnes
1459 2912 1643 2964 mortui
1667 2920 1804 2979 sunt,

229 3006 270 3049 et
300 3013 391 3064 pro
421 2997 652 3050 omnibus
696 3010 922 3054 mortuus
953 3002 1090 3068 est’,
1128 3011 1181 3054 ut
1218 3003 1305 3073 qui
1348 3003 1538 3069 vivunt,
1565 3003 1670 3072 jam
1708 3020 1810 3058 non

230 3087 318 3140 sibi
345 3089 512 3142 vivant
534 3131 546 3153 ,
575 3089 664 3143 sed
690 3090 735 3143 ei
758 3092 843 3162 qui
871 3108 964 3161 pro
1004 3093 1128 3163 ipsis
1168 3104 1393 3150 mortuus
1417 3105 1510 3161 est,
1553 3106 1598 3149 et
1637 3112 1808 3150 resur—

231 3179 354 3232 rexit
381 3179 401 3248 (
427 3177 470 3233 ll
498 3179 616 3233 Cor.
647 3196 698 3245 v,
728 3181 814 3245 14,
849 3182 974 3253 l5).
1005 3183 1205 3239 Omnes
1248 3186 1425 3255 itaque
1451 3187 1644 3240 mortui
1689 3195 1814 3242 sunt

231 3268 281 3324 in
321 3271 582 3339 peccatis,
626 3272 839 3328 nemine
865 3289 1085 3342 prorsus
1109 3285 1335 3346 excepto
1359 3319 1372 3342 ,
1402 3279 1514 3333 sive
1537 3279 1814 3349 originali-

231 3361 347 3428 bus,
375 3362 492 3417 sive
525 3364 684 3418 etiam
715 3363 986 3422 voluntate
1012 3367 1225 3434 additis,
1259 3370 1340 3424 vel
1377 3369 1672 3440 ignorando
1693 3411 1706 3436 ,
1731 3371 1815 3426 vel

230 3454 448 3509 sciendo
488 3470 587 3510 nec
611 3454 856 3512 iaciendo
883 3458 1025 3528 quod
1051 3460 1251 3529 justum
1284 3471 1365 3516 est
1395 3480 1406 3514 :
1441 3471 1494 3517 et
1518 3478 1614 3533 pro
1640 3463 1817 3517 omni—

230 3546 326 3601 bus
356 3549 585 3602 mortuis
610 3549 759 3604 vivus
789 3561 1028 3608 mortuus
1069 3563 1152 3609 est
1184 3570 1349 3622 unus,
1380 3555 1432 3610 id
1460 3565 1542 3611 est
1567 3599 1579 3623 ,
1610 3559 1816 3614 nullum

231 3637 432 3694 habens
476 3642 698 3694 omnino
728 3652 1002 3712 peccatum
1036 3663 1052 3699 :
1087 3655 1142 3698 ut
1183 3647 1273 3716 qui
1323 3663 1415 3717 per
1443 3650 1817 3704 remissionem

233 3743 575 3800 peccatorum
606 3733 811 3799 vivunt,
855 3734 965 3806 jam
993 3751 1101 3791 non
1131 3737 1232 3791 sibi
1262 3738 1463 3806 vivant,
1510 3740 1602 3794 sed
1632 3739 1681 3794 ei
1726 3743 1817 3811 qui

233 3837 328 3892 pro
357 3825 608 3878 onmibus
636 3824 655 3855 ⁸
681 3835 921 3880 mortuus
965 3837 1046 3882 est
1092 3837 1308 3899 propter
1354 3839 1571 3900 peccata
1615 3841 1818 3901 nostra,

233 3924 286 3968 et
333 3915 633 3970 resurrexit
681 3925 898 3986 propter
944 3917 1381 3985 justiﬁcationem
1433 3931 1711 3988 nostram;
1765 3930 1822 3977 ut

233 4008 517 4064 credentes
552 4009 601 4062 in
634 4025 754 4063 eum
783 4010 872 4081 qui
899 4010 1156 4080 justiﬁcat
1182 4011 1426 4082 impium,
1453 4030 1517 4069 ex
1547 4014 1820 4084 impietate

230 4101 532 4172 iustiﬁcati,
584 4111 832 4172 tanquam
865 4118 930 4158 ex
978 4113 1149 4160 morte
1179 4105 1458 4174 viviﬁcati,
1486 4105 1554 4161 ad
1593 4109 1820 4177 primam

235 4195 706 4261 resurrectionem,
735 4212 853 4266 quae
887 4212 1027 4252 nunc
1060 4205 1143 4253 est
1163 4195 1208 4265 ⁸,
1237 4199 1506 4268 pertinere
1532 4201 1821 4270 possimus.

235 4289 317 4342 Ad
347 4286 485 4340 banc
515 4288 656 4341 enim
691 4289 917 4357 primatu
948 4304 1053 4343 non
1081 4290 1384 4358 pertinent,
1428 4291 1528 4346 nisi
1569 4291 1657 4361 qui
1687 4290 1826 4346 beati

233 4389 400 4435 erunt
427 4379 479 4433 in
523 4388 783 4433 aeternum
815 4397 828 4433 :
857 4379 923 4434 ad
950 4381 1239 4436 secundam
1268 4397 1426 4450 vero,
1457 4382 1528 4438 de
1556 4399 1658 4453 qua
1702 4400 1826 4439 mox

236 4473 516 4526 locuturus
539 4481 643 4536 est,
663 4481 717 4526 et
741 4473 923 4528 beatos
948 4474 1218 4543 pertinere
1243 4473 1476 4540 docebit,
1496 4483 1552 4531 et
1578 4476 1825 4532 miseros.

233 4566 347 4624 Ista
380 4575 461 4620 est
499 4565 914 4634 misericordiae,
957 4567 1045 4622 illa
1081 4567 1288 4636 judicii.
1335 4568 1563 4640 Pr0pter
1591 4569 1734 4639 quod
1775 4570 1831 4625 in

238 4660 458 4715 Psalmo
487 4659 742 4728 scriptum
775 4669 856 4714 est
886 4678 900 4716 :
931 4659 1336 4716 Misericordiam
1361 4671 1408 4716 et
1427 4663 1682 4733 judicium
1712 4681 1831 4718 can-

236 4755 362 4808 tabo
391 4753 494 4819 tibi,
521 4751 741 4806 Domine
770 4751 940 4823 (Psal.
968 4770 1018 4817 c,
1045 4752 1120 4823 l).

310 4846 376 4899 2.
418 4845 489 4900 De
525 4859 633 4916 quo
675 4842 876 4916 judicio
919 4855 1306 4916 consequenter
1349 4846 1627 4918 adjunxit,
1673 4857 1834 4919 atque

235 4939 318 4993 ait
352 4956 367 4991 :
393 4936 456 4991 Et
485 4946 777 5007 potestatem
804 4938 942 4991 dedit
968 4938 1014 4991 ei
1034 4937 1287 5009 judicium
1315 4943 1501 5011 facere,
1525 4940 1645 5007 quia
1666 4939 1836 4995 Filius

237 5029 468 5085 hominis
509 5038 604 5083 est.
652 5029 748 5083 Hic
792 5029 1044 5096 ostendit,
1089 5029 1229 5100 quod
1274 5031 1327 5086 in
1367 5045 1429 5085 ca
1469 5045 1630 5086 carne
1659 5031 1839 5087 veniet

233 5125 604 5202 judicaturus,
636 5123 687 5177 in
716 5137 818 5193 qua
847 5132 1062 5177 venerat
1088 5123 1428 5192 judicandus.
1458 5123 1538 5179 Ad
1569 5123 1671 5179 hoc
1695 5123 1837 5179 enim

236 5220 342 5286 ait,
378 5219 611 5287 quoniam
634 5215 803 5271 Filius
831 5216 1047 5270 hominis
1072 5224 1164 5269 est.
1193 5217 1272 5271 Ac
1295 5215 1488 5272 deinde
1515 5217 1841 5288 subjungens

311 5414 335 5445 ι
362 5413 436 5460 sic
457 5409 592 5472 Vind.
633 5419 730 5458 Am.
761 5416 812 5458 et
834 5414 940 5472 tiss.
979 5415 1030 5458 Αῑ
1053 5416 1183 5468 t.ov.,
1208 5414 1252 5458 et
1290 5408 1355 5458 ad
1390 5406 1532 5458 vitam
1557 5409 1745 5472 pietatis
1784 5423 1847 5460 ca:

233 5471 510 5538 unpietatis
525 5478 676 5521 morte
701 5467 924 5522 transire.

311 5535 334 5571 Ξ
364 5536 500 5594 miti,
525 5539 741 5584 mortuus
763 5541 833 5583 est
850 5547 988 5584 unus.
1018 5535 1180 5594 Abest,
1205 5548 1345 5592 unus,
1371 5546 1397 5581 a
1422 5535 1778 5595 manuscriptis.

312 5604 336 5633 ³
365 5605 418 5648 In
443 5597 661 5660 pluribus
684 5598 1023 5659 manuscriptis
1044 5609 1137 5660 non
1163 5597 1389 5656 habetur,
1413 5609 1501 5659 pro
1520 5595 1752 5660 omnibus.

309 5664 336 5694 δ
362 5657 462 5708 Αῐηζ
491 5667 544 5708 et
564 5665 660 5716 Et,
683 5671 792 5720 qua:
813 5657 941 5708 nunc
961 5664 1029 5709 est
1052 5657 1339 5709 animarwn.
1359 5657 1529 5708 (lartcri
1555 5658 1662 5707 libri
1684 5669 1856 5709 carent

234 5737 400 5782 voce,
424 5721 718 5784 animarum,
743 5733 852 5784 qua:
898 5721 1176 5784 exponendi
1214 5722 1358 5784 hujus
1397 5721 1855 5784 locicausaiaddita

237 5797 348 5838 est.
406 5787 476 5835 sic
512 5783 655 5846 [paulo
678 5783 802 5846 post,
831 5797 880 5833 n.
921 5783 969 5843 2,
993 5784 1182 5833 eadem
1220 5783 1476 5842 editiones,
1503 5788 1555 5846 et
1570 5783 1724 5842 Vind,
1760 5796 1855 5845 qua

232 5860 390 5901 nunc
417 5845 652 5897 transitur
675 5845 706 5893 α
725 5853 876 5896 ntorte
899 5847 1171 5896 astutiarum
1193 5847 1258 5894 ad
1288 5846 1432 5895 vitam
1475 5845 1704 5894 virtutum
1728 5858 1743 5894 :
1769 5846 1853 5895 ubi

238 5922 369 5960 ων.
401 5918 451 5961 et
477 5920 583 5961 Mss.
612 5907 794 5959 habent
815 5917 1015 5968 tantum,
1040 5920 1136 5972 qua
1157 5919 1283 5958 nunc
1306 5907 1538 5958 transitur
1561 5920 1593 5956 α
1615 5913 1765 5959 morte
1785 5907 1850 5957 ad

1513 475 1715 533 LIBER
1750 472 2137 537 VlGESlMUS.

1902 591 2043 647 unde
2068 591 2272 664 agimus
2301 609 2316 650 :
2345 591 2539 664 Nolito,
2569 595 2760 666 inquit,
2788 591 2963 648 mirari
2991 592 3104 662 hoc,
3135 593 3256 666 quia
3282 593 3441 649 veniet
3461 593 3482 629 ι

1900 684 2059 752 hora,
2091 685 2146 739 in
2173 702 2273 756 qua
2315 703 2485 742 omnes
2513 689 2598 758 qui
2631 689 2685 742 in
2722 687 3056 742 monumentis
3081 697 3236 754 sunt,
3277 686 3489 742 audient

1900 789 2069 830 vocent
2093 777 2204 847 ejus
2228 778 2248 808 "
2275 791 2289 839 ;
2318 785 2366 830 et
2397 778 2664 844 precedent
2691 778 2777 848 qui
2803 779 2931 832 bona
2961 779 3206 848 fecerunt,
3233 779 3287 832 in
3317 794 3488 832 resur-

1899 869 2171 923 rectionem
2200 869 2350 933 vitte;
2375 868 2460 938 qui
2488 885 2602 922 vero
2641 870 2776 922 mala
2805 879 3044 940 egerunt,
3085 871 3138 923 in
3162 870 3488 924 resurrectio-

1901 978 2014 1016 nem
2034 946 2220 1032 judicii
2253 961 2440 1034 (Joan.
2469 977 2522 1026 v,
2544 961 2711 1016 27-29
2731 964 2769 1032 ).
2798 963 2908 1018 lloc
2935 972 3019 1018 est
3046 962 3177 1018 illud
3203 962 3485 1033 judicium,

1902 1053 2042 1123 quod
2069 1054 2229 1122 paulo
2258 1063 2403 1120 ante,
2443 1053 2581 1107 sicut
2609 1068 2768 1119 nunc,
2803 1069 2898 1123 pro
2924 1053 3263 1110 damnatione
3289 1069 3484 1127 posue-

1902 1153 2019 1212 rat,
2047 1145 2232 1200 dicens
2253 1187 2266 1210 ,
2299 1145 2399 1212 Qui
2428 1145 2629 1199 verbum
2671 1161 2834 1199 meum
2872 1147 3035 1212 audit,
3074 1156 3120 1200 et
3149 1146 3306 1201 credit
3333 1147 3378 1201 ei
3402 1147 3490 1218 qui

1904 1238 2039 1292 misit
2082 1254 2194 1304 me,
2228 1236 2373 1290 habet
2417 1230 2569 1290 vitam
2612 1246 2886 1303 teternam,
2917 1247 2965 1291 et
3007 1239 3060 1292 in
3093 1238 3347 1309 judicium
3387 1255 3492 1293 non

1904 1331 2082 1397 veniet,
2102 1331 2190 1385 sed
2220 1331 2417 1385 transiit
2442 1349 2474 1384 a
2497 1341 2654 1385 morte
2681 1330 2732 1384 in
2760 1330 2912 1384 vitam
2937 1329 3124 1403 (Ibid.,
3149 1333 3241 1402 24)
3271 1349 3284 1386 :
3312 1332 3364 1387 id
3382 1340 3488 1399 est,

1906 1422 2221 1493 pertincndo
2267 1422 2332 1477 ad
2387 1423 2610 1492 primam
2664 1423 3146 1488 resurrectionem,
3199 1438 3300 1492 qua
3352 1438 3492 1479 nunc

1909 1516 2163 1569 transitur
2205 1530 2235 1569 a
2279 1522 2452 1570 morte
2493 1514 2559 1570 ad
2605 1516 2799 1580 vitam,
2847 1514 2899 1568 in
2944 1514 3339 1570 damnationem
3385 1529 3492 1572 non

1908 1609 2107 1674 veniet,
2152 1624 2309 1679 quam
2357 1608 2672 1679 signiﬁcavit
2715 1608 3072 1678 appellatione
3113 1605 3317 1677 judicii,
3359 1606 3498 1662 sicut

1907 1703 2067 1757 etiam
2111 1702 2212 1758 hoc
2255 1703 2392 1766 loco,
2442 1702 2528 1758 ubi
2559 1703 2651 1766 ait,
2701 1703 2799 1768 Qui
2843 1717 2956 1756 vero
2995 1701 3132 1755 mala
3171 1709 3397 1771 egerunt,
3443 1699 3498 1754 in

1907 1795 2319 1849 resurrectionem
2337 1795 2524 1865 judicii
2543 1835 2556 1856 ,
2602 1794 2653 1848 id
2685 1801 2765 1848 est
2784 1836 2800 1860 ,
2831 1792 3207 1848 damnationis.
3238 1793 3500 1862 Resurgat

1909 1903 2037 1960 ergo
2065 1889 2116 1942 in
2150 1889 2338 1958 prima,
2369 1889 2457 1958 qui
2487 1903 2592 1943 non
2627 1887 2736 1941 vult
2761 1887 2812 1941 in
2845 1886 3076 1942 secunda
3103 1884 3498 1949 resurrectione

1912 1981 2172 2036 damnari.
2213 1979 2356 2036 Venit
2382 1980 2522 2035 enim
2553 1980 2700 2047 hora,
2727 1990 2774 2034 et
2803 1995 2935 2032 nunc
2961 1987 3054 2044 est,
3086 1978 3286 2047 quando
3314 1975 3500 2030 mortui

1911 2073 2115 2127 audient
2144 2088 2310 2126 vocem
2334 2071 2459 2126 Filii
2489 2071 2618 2135 Dei;
2646 2080 2692 2125 et
2717 2071 2802 2142 qui
2831 2070 3102 2134 audierint,
3125 2069 3283 2122 vivent
3308 2066 3497 2139 (Ibid.,

1910 2164 2019 2236 25)
2041 2207 2057 2233 ,
2089 2165 2139 2220 id
2169 2174 2251 2220 est
2271 2207 2286 2231 ,
2318 2165 2372 2220 in
2413 2163 2804 2220 damnationem
2853 2178 2956 2218 non
2988 2162 3234 2227 venient,
3267 2175 3386 2232 quae
3411 2175 3497 2216 se-

1912 2257 2082 2315 cunda
2111 2273 2255 2313 mors
2298 2257 2493 2313 dicitur
2534 2273 2547 2311 :
2591 2257 2642 2311 in
2672 2271 2830 2327 quam
2862 2265 3109 2320 mortem,
3157 2263 3277 2324 post
3304 2267 3500 2308 secun-

1913 2353 2056 2418 dam,
2079 2367 2198 2422 qute
2221 2367 2502 2422 corporum
2531 2349 2702 2405 futura
2734 2357 2836 2413 est,
2867 2347 3336 2411 resurrectionem,
3363 2359 3499 2415 pra:-

1914 2445 2291 2515 cipitabuntur,
2323 2442 2413 2514 qui
2457 2443 2507 2497 in
2551 2441 2741 2512 prima,
2773 2457 2888 2512 quae
2917 2440 3211 2494 animarttm
3243 2445 3362 2504 est,
3391 2451 3500 2490 non

1913 2544 2218 2608 resurgunt.
2256 2534 2428 2590 Veniet
2468 2535 2608 2589 enim
2655 2535 2780 2587 hora
2827 2531 2955 2604 (ubi
2987 2544 3092 2585 non
3138 2531 3245 2594 ait,
3291 2536 3338 2582 et
3367 2543 3498 2581 nunc

1915 2641 2028 2696 est;
2075 2629 2197 2700 quia
2240 2628 2291 2682 in
2336 2626 2443 2681 ﬁne
2472 2623 2653 2681 smculi
2695 2624 2818 2686 erit,
2867 2622 2967 2678 hoc
3011 2631 3092 2676 est
3137 2621 3188 2674 in
3234 2617 3419 2672 ultimo
3445 2625 3501 2673 et

1917 2722 2150 2777 maximo
2167 2720 2368 2790 judicio
2394 2718 2532 2789 Dei),
2558 2716 2762 2790 quando
2785 2731 2958 2769 omnes
2985 2714 3069 2782 qui
3094 2713 3154 2766 in.
3175 2709 3506 2765 monumentis

1915 2825 2051 2882 sunt,
2079 2815 2286 2868 audient
2313 2829 2481 2866 vocem
2505 2813 2638 2882 ejus,
2673 2820 2720 2864 et
2744 2807 3009 2881 procedent
3033 2803 3218 2878 (Ιὺὶά.,
3237 2803 3352 2875 28).
3383 2801 3498 2857 Non

1916 2909 2050 2964 dixit
2075 2906 2522 2980 quemadmodum
2551 2905 2602 2959 in
2632 2904 2821 2975 prima,
2850 2912 2894 2957 et
2920 2902 3005 2973 qui
3025 2900 3297 2964 audierint,
3322 2898 3505 2952 vivent.

1916 3003 2032 3059 Non
2053 3002 2195 3057 enim
2219 3015 2406 3054 omnes
2427 2999 2627 3061 vivent,
2652 3012 2712 3049 ea
2741 2995 2943 3050 scilicet
2965 2993 3093 3058 vita,
3119 3006 3237 3062 quae
3257 2991 3506 3061 quoniam

1916 3097 2072 3152 beata
2102 3101 2205 3159 est,
2235 3092 2346 3148 sola
2372 3091 2476 3145 vita
2503 3087 2728 3144 dicenda
2757 3095 2857 3141 est.
2887 3084 3020 3140 Nam
3047 3083 3230 3153 utique
3252 3096 3358 3135 non
3388 3081 3506 3136 sine

1918 3187 2290 3260 qualicumque
2321 3184 2427 3238 vita
2459 3187 2678 3252 possent
2717 3177 2902 3233 audire
2922 3216 2937 3242 ,
2975 3184 3029 3231 et
3055 3175 3123 3229 de
3149 3172 3508 3228 monumentis

1922 3287 2232 3350 resurgente
2257 3291 2416 3332 carne
2441 3271 2754 3346 procedere.
2782 3271 2958 3338 Quare
2981 3277 3156 3322 autem
3189 3281 3291 3322 non
3319 3279 3508 3321 omnes

1922 3373 2122 3438 vivent,
2147 3370 2198 3424 in
2227 3384 2291 3423 eo
2320 3367 2459 3438 quod
2489 3364 2749 3435 sequitur,
2779 3361 2974 3417 docet:
3009 3358 3108 3426 Qui
3136 3358 3287 3423 bona,
3316 3355 3508 3427 inquit,

1925 3469 2182 3539 fecerunt,
2227 3463 2280 3516 in
2319 3458 2734 3515 resurrectionem
2759 3456 2903 3523 vitte,
2935 3453 2991 3509 hi
3019 3450 3258 3522 suntqui
3288 3448 3467 3503 vivent
3493 3464 3514 3540 ε.

1922 3538 2009 3630 qui
2053 3572 2170 3610 vero
2213 3554 2350 3607 mala
2392 3559 2634 3622 egerunt,
2681 3550 2733 3603 in
2775 3545 3189 3602 resurrectionem
3223 3539 3424 3610 iudicii,
3456 3538 3512 3594 hi

1925 3657 2050 3705 sunt
2077 3648 2164 3719 qui
2196 3661 2300 3700 non
2329 3643 2542 3709 vivent;
2582 3641 2704 3713 quia
2735 3637 2965 3694 secunda
2993 3644 3166 3690 morte
3193 3633 3508 3688 morientur.

1926 3743 2060 3800 Mala
2091 3742 2287 3813 quippe
2317 3745 2571 3809 egerunt,
2612 3733 2863 3803 quoniam
2894 3731 3034 3786 male
3059 3729 3304 3783 vixerunt
3334 3745 3346 3780 :
3376 3723 3514 3780 male

1925 3845 2104 3891 autem
2131 3834 2410 3897 vixerunt,
2442 3827 2564 3900 quia
2611 3826 2663 3880 in
2707 3825 2874 3895 prima
2894 3863 2910 3889 ,
2939 3837 3058 3893 qua:
3086 3834 3228 3875 nunc
3256 3826 3370 3883 est,
3403 3815 3518 3870 ani-

1925 3940 2133 3983 marum
2159 3921 2552 3979 resurrectione
2581 3933 2684 3971 non
2715 3915 3044 3976 revixerunt,
3074 3921 3165 3965 aut
3193 3909 3245 3964 in
3280 3924 3344 3964 eo
3374 3906 3518 3978 quod

1927 4019 2253 4080 revixerant,
2277 4029 2382 4069 non
2413 4013 2466 4066 in
2492 4011 2649 4065 tinem
2676 4021 2843 4078 usque
2869 4011 3198 4061 manserunt.
3221 4000 3369 4057 Sicut
3390 4013 3518 4069 ergo

1929 4111 2048 4167 duce
2071 4119 2193 4165 sunt
2219 4104 2668 4176 regenerationes,
2691 4101 2760 4156 de
2780 4099 2971 4172 quibus
2995 4097 3105 4167 jam
3127 4109 3285 4164 supra
3309 4093 3518 4148 locutus

1930 4219 2048 4259 sum
2067 4244 2080 4267 ,
2111 4217 2215 4256 una
2270 4196 2556 4254 secundum
2587 4193 2744 4252 ﬁdem
2766 4233 2782 4258 ,
2811 4205 2929 4262 qua:
2959 4203 3099 4243 nunc
3130 4186 3188 4240 ﬁt
3217 4202 3310 4256 per
3335 4183 3518 4255 Bapti-

1931 4309 2107 4350 smum
2125 4309 2139 4359 ;
2159 4291 2260 4346 alia
2288 4288 2580 4346 secundum
2609 4298 2846 4348 carnem,
2871 4297 2990 4353 quin
3016 4280 3105 4333 ﬁet
3128 4277 3180 4332 in
3205 4277 3321 4347 ejus
3347 4277 3524 4332 incor-

1933 4387 2182 4457 ruptione
2209 4394 2369 4453 atque
2408 4377 2807 4435 immortalitate
2838 4389 2933 4445 per
2970 4369 3229 4443 judicium
3270 4381 3522 4438 magnum

1935 4491 2093 4551 atque
2124 4477 2469 4534 novissimum
2500 4491 2513 4528 :
2547 4473 2619 4526 ita
2669 4477 2791 4525 sunt
2833 4476 2886 4522 et
2927 4462 3346 4521 resurrectiones
3377 4459 3520 4525 dum,

1935 4589 2039 4629 una
2069 4573 2239 4643 prima
2260 4609 2273 4635 ,
2301 4583 2419 4639 qua:
2449 4573 2504 4620 et
2531 4577 2673 4618 nunc
2702 4569 2784 4616 est
2806 4602 2821 4627 ,
2851 4569 2905 4614 et
2929 4557 3228 4612 animarum
3256 4560 3372 4620 est,
3401 4565 3524 4623 qua:

1937 4663 2120 4721 venire
2157 4676 2262 4716 non
2305 4657 2563 4730 permittit
2601 4656 2654 4709 in
2684 4660 2910 4708 mortem
2936 4649 3264 4714 secundum;
3307 4646 3412 4702 alia
3439 4659 3526 4701 se-

1938 4756 2111 4814 cunda
2132 4796 2148 4823 ,
2175 4771 2294 4825 quae
2326 4766 2468 4806 nunc
2497 4764 2603 4804 non
2631 4757 2749 4814 est,
2781 4744 2875 4802 sed
2907 4744 2960 4802 in
2991 4742 3169 4799 saeculi
3209 4740 3313 4796 ﬁne
3351 4739 3528 4794 futura

1941 4860 2043 4918 est,
2069 4863 2171 4904 nec
2196 4846 2492 4902 animarum
2515 4884 2530 4909 ,
2561 4839 2654 4896 sed
2683 4852 2966 4909 corporum
2994 4845 3096 4903 est,
3129 4848 3248 4906 qua:
3277 4846 3372 4902 per
3401 4829 3529 4884 ulti-

1942 4960 2088 5001 mum
2137 4940 2396 5013 judicium
2439 4936 2572 4990 alios
2620 4934 2795 4988 mittet
2841 4931 2894 4985 in
2943 4928 3232 4985 secundum
3277 4932 3527 4990 mortem,

1944 5036 2077 5091 alios
2104 5034 2159 5089 in
2186 5048 2303 5088 eam
2331 5031 2515 5094 vitam,
2547 5042 2667 5096 qua:
2700 5040 2804 5079 non
2837 5023 2997 5078 liabet
3035 5026 3283 5074 mortem.

1945 5150 2173 5208 CAPUT
2205 5147 2315 5202 Vll.
2341 5177 2412 5187 —
2434 5144 2513 5198 De
2538 5141 2734 5196 duabus
2763 5133 3206 5193 resurrectionibus
3236 5140 3282 5185 et
3310 5131 3374 5184 de
3397 5129 3538 5184 mille

2021 5243 2169 5297 annis
2210 5239 2332 5311 quid
2376 5239 2428 5291 in
2468 5231 2775 5305 Apocalypsi
2803 5228 3021 5284 Joannis
3062 5226 3306 5296 scriptum
3348 5223 3451 5290 sit,
3491 5229 3539 5275 et

2024 5336 2146 5408 quid
2176 5335 2236 5388 de
2263 5333 2332 5387 eis
2361 5328 2723 5384 rationabiliter
2750 5324 3013 5379 sentiatur.

2035 5454 2080 5503 ί.
2132 5450 2204 5502 De
2236 5446 2318 5499 his
2359 5443 2565 5498 duabus
2593 5438 3076 5496 resurrectionibus
3123 5435 3262 5490 idem
3306 5434 3544 5490 Joannes

1959 5524 2278 5613 evangelista
2313 5539 2363 5592 in
2393 5537 2528 5590 libro
2558 5535 2646 5603 qui
2674 5533 2864 5587 dicitur
2888 5529 3256 5600 Apocalypsis,
3287 5543 3350 5582 eo
3380 5525 3541 5581 modo

1960 5637 2166 5691 locutus
2213 5642 2315 5694 est,
2364 5639 2420 5684 ut
2462 5643 2647 5682 earum
2695 5625 2865 5694 prima
2911 5639 2939 5676 a
2988 5621 3304 5693 quibusdam
3351 5619 3547 5675 nostris

1962 5745 2066 5784 non
2099 5725 2399 5787 intellecta,
2446 5721 2665 5788 insuper
2695 5717 2855 5771 etiam
2905 5715 2956 5770 in
2999 5712 3260 5784 quasdam
3298 5706 3548 5766 ridiculas

2029 5908 2045 5937 ί
2079 5905 2149 5952 sic
2171 5899 2320 5950 nostri
2344 5896 2549 5946 codices.
2576 5901 2623 5942 1n
2639 5900 2710 5953 8.,
2732 5891 2867 5956 quia
2881 5891 3024 5956 venit.
3120 5897 3174 5939 Μ.

2029 5969 2046 5997 ³
2071 5967 2141 6015 sic
2306 5961 2421 6010 witi
2447 5970 2586 6013 vero.
2611 5953 2773 6007 vocem
2795 5953 2889 6018 ﬁlii
2913 5953 3018 6008 Dei.
