4062 6480
1078 313 1108 322 ου
1119 311 1182 322 μου

605 401 709 464 667

609 517 811 574 fabulas
829 519 1142 570 verteretur.
1156 509 1244 566 Ait
1263 508 1460 581 quippe
1477 506 1533 563 in
1550 505 1689 562 libro
1708 513 2005 560 memorato
2020 501 2181 558 Joan-

607 624 708 668 nes
733 605 1004 679 apostolus
1033 621 1044 657 :
1075 601 1142 656 Et
1164 601 1266 656 vidi
1290 599 1526 671 angelum
1553 595 1928 651 descendentem
1952 593 2014 648 de
2037 591 2180 658 caelo,

609 700 870 756 habentem
897 697 1084 751 clavem
1122 693 1320 766 abyssi,
1363 700 1410 745 et
1452 699 1678 744 catenam
1705 689 1758 742 in
1800 703 1954 742 manu
1981 702 2072 740 sua
2094 727 2108 750 ,
2139 693 2186 738 et

610 792 768 848 tenuit
797 790 1066 844 draconem
1103 786 1246 841 illum
1275 793 1551 855 serpentem
1579 783 1861 850 antiquum,
1890 780 1976 850 qui
1999 795 2184 848 cogno-

607 884 830 938 minatus
857 891 929 937 est
958 879 1190 935 diabolus
1218 887 1263 934 et
1289 887 1494 933 satanas
1513 919 1526 944 ,
1557 885 1601 930 et
1626 874 1851 946 alligavit
1876 873 2021 927 illum
2049 871 2186 926 mille

605 974 777 1042 annis,
805 983 852 1027 et
877 972 1009 1027 misit
1033 971 1178 1025 illum
1205 970 1258 1023 in
1286 968 1523 1040 abyssum
1546 982 1565 1030 ;
1595 976 1642 1020 et
1670 965 1852 1019 clausit
1875 1006 1889 1029 ,
1939 972 1985 1018 et
2008 963 2184 1033 signa-

607 1065 677 1122 vit
717 1082 869 1136 super
911 1080 1044 1128 eum,
1095 1072 1146 1116 ut
1195 1078 1294 1115 non
1340 1061 1594 1114 seduceret
1632 1059 1744 1130 jam
1791 1065 1976 1128 gentes,
2029 1055 2186 1108 donec

607 1158 851 1230 ﬁniantur
881 1156 1018 1209 mille
1046 1154 1165 1208 anni
1194 1169 1213 1207 :
1242 1161 1351 1223 post
1383 1153 1488 1207 ha'c
1517 1158 1708 1216 oportet
1747 1165 1857 1202 eum
1887 1145 2013 1202 solvi
2055 1145 2186 1199 brevi

608 1260 844 1320 tempore.
882 1247 943 1300 Et
980 1247 1081 1302 vidi
1110 1245 1284 1307 sedes,
1319 1253 1364 1298 et
1389 1243 1612 1298 sedentes
1640 1257 1790 1309 super
1830 1255 1934 1304 eas,
1967 1249 2010 1292 et
2034 1237 2182 1308 judic-

606 1341 741 1395 cium
786 1342 958 1393 datum
986 1347 1074 1393 est.
1112 1336 1178 1391 Et
1223 1338 1405 1390 anima
1452 1335 1727 1389 occisorum
1774 1333 2015 1404 propter‘
2047 1331 2184 1384 testi-

609 1434 831 1488 monium
873 1431 1020 1497 Jesu,
1067 1440 1112 1484 et
1157 1439 1361 1500 propter
1404 1427 1601 1480 verbum
1630 1423 1745 1489 Dei,
1794 1433 1840 1477 et
1877 1425 1920 1478 si
1962 1424 2047 1491 qui
2085 1439 2187 1476 non

607 1525 942 1581 adoraverunt
969 1524 1194 1587 bestiam,
1224 1537 1312 1575 nec
1348 1519 1616 1590 imaginem
1644 1519 1772 1588 ejus,
1799 1533 1956 1587 neque
1977 1531 2186 1586 accepe-

607 1629 724 1674 runt
750 1619 1123 1688 inscriptionem
1147 1615 1202 1669 in
1227 1617 1393 1687 fronte
1420 1620 1509 1666 aut
1535 1611 1588 1664 in
1615 1625 1768 1664 manu
1794 1625 1907 1675 sua,
1939 1617 1986 1662 et
2007 1623 2188 1678 regna-

608 1722 786 1770 verunt
821 1728 932 1767 cum
955 1711 1079 1765 Jesu
1117 1709 1256 1764 mille
1279 1708 1427 1760 annis
1457 1721 1475 1759 :
1500 1704 1679 1774 reliqui
1715 1719 1884 1757 eorum
1911 1717 2011 1755 non
2047 1701 2186 1754 vixe-

608 1812 746 1868 runt,
771 1803 926 1855 donec
952 1801 1194 1870 ﬁniantur
1218 1796 1356 1851 mille
1379 1797 1519 1850 anni.
1553 1793 1675 1848 Hazc
1702 1793 1996 1847 resurrectio
2023 1791 2187 1862 prima

606 1901 698 1949 est.
721 1891 909 1947 Beatus
938 1901 984 1945 et
1008 1899 1211 1944 sanctus
1239 1897 1331 1955 est,
1355 1888 1440 1956 qui
1466 1886 1610 1940 habet
1633 1885 1686 1938 in
1714 1885 1808 1938 hac
1835 1885 1996 1955 prima
2019 1900 2189 1936 resur-

606 1983 824 2039 rectione
853 1992 1062 2052 partem.
1093 1979 1159 2034 In
1197 1981 1306 2034 istis
1331 1978 1551 2032 secunda
1576 1993 1710 2032 mors
1741 1992 1842 2030 non
1873 1975 2020 2030 habet
2048 1983 2188 2044 pote-

606 2084 821 2140 statem;
845 2075 934 2130 sed
955 2083 1097 2128 erunt
1119 2072 1402 2130 sacerdotes
1421 2069 1516 2125 Dei
1543 2079 1589 2124 et
1610 2067 1814 2133 Christi,
1841 2076 1886 2123 et
1913 2067 2189 2137 regnabant

606 2185 724 2223 cum
750 2183 806 2221 eo
832 2167 972 2221 mille
997 2167 1143 2219 annis
1174 2165 1357 2235 (Apoc.
1386 2179 1452 2216 xx
1478 2205 1489 2226 ,
1519 2161 1661 2232 1.6).
1694 2160 1794 2228 Qui
1828 2168 2043 2229 propter
2074 2159 2189 2215 haec

607 2259 769 2331 hujus
818 2260 939 2315 libri
988 2258 1146 2314 verba
1197 2258 1418 2328 primam
1463 2254 1905 2310 resurrectionem
1957 2253 2186 2307 futuram

607 2354 858 2424 suspicati
885 2361 1010 2435 sunt
1037 2349 1368 2422 corporalem
1389 2392 1405 2416 ,
1448 2348 1587 2404 inter
1612 2353 1804 2403 caetera
1829 2347 2060 2403 maxime
2085 2362 2188 2402 nu-

607 2461 759 2501 mero
777 2461 1038 2528 saporum
1062 2445 1208 2499 mille
1230 2443 1456 2515 permoti
1480 2449 1624 2508 sunt,
1646 2449 1895 2512 tanquam
1917 2447 2189 2510 oporteret

607 2537 661 2592 in
691 2529 983 2593 sanctiseo
1012 2537 1171 2591 modo
1199 2536 1365 2591 veluti
1396 2534 1525 2589 tanti
1566 2532 1825 2603 temporis
1857 2531 1971 2587 fieri
1997 2530 2187 2587 sabba-

606 2628 847 2695 tismum,
877 2627 1156 2683 vacatione
1191 2627 1393 2682 scilicet
1422 2634 1601 2680 sancta
1634 2633 1754 2695 post
1781 2623 1989 2680 labores
2016 2639 2186 2680 anno-

605 2741 724 2780 rum
752 2739 846 2781 sex
873 2724 1116 2785 millium,
1143 2738 1209 2778 ex
1237 2737 1342 2793 quo
1367 2729 1575 2776 creatus
1598 2727 1681 2776 est
1705 2719 1891 2786 homo,
1923 2727 1978 2775 et
2005 2719 2187 2788 magni

606 2816 747 2871 illius
778 2814 977 2885 peccati
1018 2814 1208 2869 merito
1256 2813 1308 2868 in
1349 2813 1505 2882 hujus
1547 2811 1884 2867 mortalitatis
1922 2826 2187 2866 mrumnas

606 2907 674 2964 de
704 2906 929 2980 paradisi
964 2905 1213 2960 felicitate
1241 2905 1489 2959 dimissus
1529 2912 1644 2968 est,
1674 2911 1731 2958 ut
1764 2903 2010 2974 quoniam
2049 2903 2186 2958 scri-

607 3005 755 3068 ptum
797 3005 906 3058 est,
939 2993 1083 3052 Unus
1108 2996 1214 3049 dies
1243 2994 1381 3063 apud
1405 2992 1680 3048 Dominum
1709 2995 1835 3047 sicut
1863 2994 2001 3048 mille
2040 2993 2182 3060 anni,

605 3097 651 3144 et
681 3087 818 3141 mille
847 3083 966 3141 anni
992 3087 1121 3141 sicut
1151 3086 1257 3139 dies
1284 3102 1415 3139 unus
1447 3085 1465 3158 (
1489 3085 1529 3139 ll
1556 3084 1696 3139 Pctr.
1725 3101 1802 3151 ιιι,
1830 3085 1934 3156 8),
1968 3101 2059 3141 sex
2085 3101 2184 3140 an-

605 3194 794 3234 norum
819 3177 1049 3232 millibus
1073 3185 1319 3246 tanquam
1341 3191 1436 3231 sex
1455 3175 1639 3231 diebus
1661 3176 1911 3247 impletis,
1930 3184 2185 3247 sequatur

605 3270 750 3326 velut
779 3269 981 3324 sabbati
1013 3268 1268 3336 septimus
1309 3267 1360 3322 in
1401 3267 1553 3320 annis
1584 3267 1728 3323 mille
1767 3269 2084 3338 postremis,
2116 3269 2183 3324 ad

603 3361 708 3418 hoc
755 3361 958 3416 scilicet
1021 3360 1296 3415 sabbatum
1357 3357 1732 3414 celebrandum
1786 3361 2183 3428 resurgentibus

602 3454 822 3516 sanctis.
867 3451 1001 3521 Qua:
1047 3450 1226 3521 opinio
1269 3458 1411 3505 esset
1458 3459 1744 3519 utcumque
1777 3449 2066 3505 tolerabilis
2091 3493 2105 3517 ,
2137 3452 2183 3506 si

601 3546 794 3617 aliquae
837 3545 1040 3602 delicia:
1083 3543 1384 3614 spirituales
1431 3543 1482 3597 in
1524 3542 1615 3597 illo
1660 3542 1878 3598 sabbato
1922 3543 2184 3600 adfutura:

602 3637 803 3694 sanctis
851 3651 943 3707 per
989 3635 1196 3690 Domini
1248 3635 1582 3706 prmsentiam
1632 3635 1996 3691 crederentur.
2046 3635 2181 3693 Nam

602 3729 765 3783 etiam
795 3743 892 3783 nos
919 3728 1020 3783 hoc
1043 3727 1243 3798 opinati
1270 3725 1464 3782 fuimus
1489 3727 1776 3798 aliquando
1801 3724 1898 3800 (a).
1928 3727 2034 3782 Sed
2059 3742 2181 3784 cum

602 3833 698 3875 eos
723 3819 811 3889 qui
857 3828 981 3874 tunc
1010 3820 1425 3885 resurrexerint,
1455 3819 1633 3874 dicant
1662 3820 2182 3877 immoderatissimis

601 3913 905 3969 ’carnalibus
931 3914 1101 3983 epulis
1131 3923 1410 3967 vacaturos
1431 3954 1444 3978 ,
1490 3914 1542 3967 in
1570 3913 1762 3984 quibus
1790 3914 1940 3968 cibus
1965 3914 2035 3968 sit
2062 3923 2182 3969 tan-

601 4011 689 4059 tus
709 4018 770 4057 ac
793 4011 967 4072 potus,
988 4012 1045 4056 ut
1064 4018 1168 4058 non
1191 4001 1362 4058 solum
1386 4003 1582 4058 nullam
1605 4003 1917 4058 modestiam
1938 4012 2176 4073 teneant,

599 4094 697 4150 sed
742 4095 960 4149 modum
1001 4107 1211 4164 quoque
1255 4095 1419 4164 ipsius
1467 4095 1847 4150 incredulitatis
1875 4096 2176 4153 excedant:

600 4184 747 4238 nullo
776 4185 934 4239 modo
978 4185 1075 4238 ista
1121 4193 1344 4253 possunt
1371 4183 1472 4238 nisi
1515 4200 1542 4239 a
1573 4185 1877 4240 carnalibus
1915 4187 2080 4241 credi.
2114 4187 2179 4242 lli

597 4282 778 4330 autem
804 4276 892 4345 qui
923 4276 1221 4346 spirituales
1246 4285 1388 4342 sunt,
1420 4276 1550 4330 istos
1577 4275 1675 4329 ista
1695 4276 1972 4332 credentes
1991 4286 2180 4332 Χιλια-

595 4371 712 4429 στάς
731 4367 994 4438 appellant
1021 4381 1195 4437 graeco
1217 4366 1505 4434 vocabulo;
1535 4381 1689 4438 quos,
1712 4369 1931 4424 verbum
1957 4387 1988 4427 e
2008 4372 2174 4429 verbo

596 4457 996 4526 exprimentes,
1049 4472 1148 4514 nos
1191 4471 1475 4527 possumus
1508 4457 1779 4513 Milliarios
1836 4476 2161 4532 nuncupare.

598 4549 703 4606 Eos
731 4559 908 4605 autem
937 4550 1150 4621 longum
1180 4555 1263 4604 est
1291 4550 1532 4606 refellere
1559 4550 1626 4605 ad
1655 4551 1892 4622 singula;
1937 4555 2030 4609 sed
2071 4569 2172 4625 po-

594 4639 729 4708 tius,
777 4640 1223 4710 quemadmodum
1254 4641 1534 4712 Scriptura
1581 4641 1697 4698 haec
1733 4645 2038 4713 accipienda
2079 4648 2170 4716 sit,

590 4729 701 4806 jam
729 4729 984 4786 debemus
1012 4731 1316 4788 ostendere.

660 4822 716 4878 2.
763 4823 850 4878 Ait
890 4823 1004 4894 ipse
1044 4823 1299 4880 Dominus
1323 4823 1478 4880 Jesus
1519 4825 1780 4893 Christus,
1813 4827 1980 4883 Nemo
2015 4839 2176 4900 potest

586 4915 798 4970 introire
823 4916 876 4969 in
904 4916 1107 4970 domum
1135 4916 1301 4986 fortis,
1329 4927 1375 4971 et
1398 4931 1518 4970 vasa
1538 4917 1648 4988 ejus
1682 4919 1890 4988 eripere,
1914 4921 2008 4973 nisi
2037 4923 2177 4990 prius

585 5007 867 5079 alligaverit
897 5007 1077 5078 fortem
1098 5006 1286 5081 (Marc.
1319 5023 1397 5077 ιιι,
1423 5007 1517 5080 27)
1551 5026 1562 5061 :
1595 5009 1859 5064 diabolum
1882 5012 2064 5067 volens
2095 5014 2176 5069 in-

585 5099 751 5170 telligi
777 5097 987 5165 fortem,
1017 5099 1141 5170 quia
1161 5099 1274 5170 ipse
1295 5114 1464 5171 genus
1484 5099 1776 5155 humanum
1803 5103 1972 5170 potuit
1991 5112 2174 5160 tenere

583 5192 888 5260 captivum;
914 5206 1036 5247 vasa
1061 5207 1188 5247 vero
1214 5191 1347 5262 ejus,
1378 5209 1496 5263 quae
1522 5190 1695 5247 fuerat
1723 5201 2024 5262 erepturus,
2045 5194 2174 5252 tide-

584 5282 664 5338 les
696 5297 820 5338 suos
863 5283 1085 5352 futuros,
1125 5299 1259 5355 quos
1301 5284 1390 5341 ille
1418 5286 1471 5341 in
1501 5284 1724 5341 diversis
1754 5287 1984 5354 peccatis
2012 5297 2172 5358 atque

583 5374 944 5446 impiatatibus
967 5379 1286 5447 possidebat.
1311 5377 1379 5434 Ut
1404 5393 1532 5449 ergo
1556 5378 1865 5450 alligaretur
1883 5377 1967 5434 hic
1993 5379 2168 5450 fortis,

647 5487 666 5520 ⁸
693 5487 834 5555 aditi,
851 5488 1103 5542 datumest
1127 5487 1259 5555 illis,
1285 5495 1336 5555 et
1353 5489 1537 5541 animas
1571 5489 1839 5542 occisorum
1862 5495 2073 5555 propter.
2099 5493 2174 5542 sic

582 5550 726 5617 plane
752 5549 949 5617 Vulgata
969 5560 1019 5601 et
1035 5565 1195 5617 graeca
1226 5549 1371 5617 lectio
1395 5560 1533 5617 Apoc.
1558 5566 1644 5602 xx.
1668 5549 1885 5604 Attamen
1911 5549 2172 5617 manuscri-

581 5613 650 5678 pti
689 5613 863 5662 omnes
905 5613 987 5678 hic
1006 5613 1250 5675 omittunt,
1271 5613 1408 5678 illis;
1432 5613 1742 5678 habentque,
1768 5619 1823 5664 Et
1845 5613 2021 5665 animi:
2040 5614 2170 5666 occi-

579 5675 754 5796 gnuuess’
765 5683 962 5798 :cgtqu;
978 5677 1101 5730 hanc
1125 5678 1278 5739 ipsam
1299 5675 1560 5728 lectionem
1582 5675 1800 5741 exponet
1816 5683 1986 5740 postea
2009 5687 2170 5744 Augu-

582 5797 891 5909 jimsﬁiguti
922 5799 1093 5851 videre
1129 5807 1206 5852 est
1234 5801 1286 5854 in
1305 5812 1456 5854 set-tn.
1482 5801 1592 5863 259,
1617 5800 1835 5866 qiualias
1857 5814 1924 5852 ex
1955 5803 2169 5855 sirmon-

1663 388 1755 446 ιιι
1790 372 2111 445 eiurare
2153 381 2286 458 DEI,
2327 383 2385 440 s.
2417 363 2781 443 aucusi‘tm

3761 385 3870 443 663

2293 509 2568 569 propterea
2597 502 2728 557 vidit
2766 503 2864 558 iste
2895 502 3168 572 apostolus
3205 503 3258 558 in
3291 503 3605 574 Apocalypsi
3633 504 3872 578 angelum

2291 593 2666 647 descendentem
2694 592 2756 648 de
2782 594 2904 647 caelo
2919 634 2934 660 ,
2963 592 3220 647 habentem
3244 591 3432 646 clavem
3453 592 3639 664 abyssi,
3662 602 3710 651 et
3733 604 3873 650 cate-

2291 703 2408 739 nam
2449 687 2502 739 in
2540 703 2692 740 manu
2721 703 2832 740 sua.
2875 684 2943 739 Et
2982 686 3158 753 tenuit,
3187 686 3378 756 inquit,
3417 687 3684 740 draconem
3723 686 3875 742 illum

2290 786 2567 846 serpentem
2594 777 2872 846 antiquum,
2917 777 3003 846 qui
3027 776 3405 847 cognominatus
3447 787 3520 831 est
3559 777 3790 833 diabolus
3827 789 3875 832 et

2289 879 2528 934 satanas,
2575 877 2620 922 et
2666 868 2893 941 alligavit
2929 885 3040 922 eum
3086 869 3222 922 mille
3267 869 3436 935 annis,
3466 868 3569 925 hoc
3607 879 3710 936 est,
3755 871 3879 941 ejus

2292 970 2606 1032 potestatem
2634 962 2700 1017 ab
2724 962 2802 1017 eis
2824 959 3141 1017 seducendis
3163 975 3225 1017 ac
3253 961 3608 1031 possidendis,
3639 962 3730 1032 qui
3760 961 3877 1017 fuc-

2291 1061 2411 1108 rant
2455 1053 2736 1119 liberandi,
2765 1051 3000 1108 cohibuit
3028 1062 3185 1123 atque
3231 1051 3475 1107 frenavit.
3515 1051 3656 1108 Mille
3693 1065 3875 1108 autem

2291 1147 2415 1200 anni
2445 1146 2650 1201 duobus
2679 1147 2848 1200 modis
2877 1153 3118 1216 possunt,
3152 1155 3404 1216 quantum
3444 1144 3574 1200 milii
3600 1146 3872 1212 occurrit,

2290 1239 2509 1311 intelligi
2545 1259 2556 1294 :
2589 1251 2679 1295 aut
2703 1241 2822 1310 quia
2852 1241 2902 1294 in
2925 1240 3122 1295 ultimis
3159 1240 3313 1294 annis
3344 1239 3488 1294 mille
3514 1239 3614 1294 ista
3650 1254 3737 1294 res
3763 1239 3877 1310 agi-

2291 1341 2397 1402 tur,
2437 1333 2488 1389 id
2517 1342 2618 1400 est,
2648 1343 2804 1390 sexto
2848 1348 3105 1388 annorum
3149 1331 3399 1388 milliario
3435 1342 3682 1402 tanquam
3723 1341 3876 1386 sexto

2291 1428 2396 1494 die,
2425 1427 2576 1498 cujus
2598 1443 2738 1482 nunc
2766 1427 2932 1500 spatia
2955 1426 3244 1496 posteriora
3272 1426 3554 1481 volvuntur
3578 1441 3592 1489 ;
3625 1434 3874 1480 secuturo

2292 1518 2484 1574 deinde
2527 1520 2766 1585 sabbato,
2813 1517 2954 1589 quod
2995 1534 3098 1572 non
3145 1517 3304 1572 habet
3346 1532 3643 1586 vesperam,
3688 1517 3874 1587 requie

2291 1612 2495 1667 scilicet
2513 1621 2834 1676 sanctorum,
2879 1627 2996 1682 qua:
3036 1626 3140 1665 non
3185 1610 3345 1667 habet
3387 1609 3546 1664 tinem
3582 1628 3597 1664 :
3627 1617 3687 1665 ut
3719 1608 3873 1679 hujus

2292 1705 2524 1760 milliarii
2562 1714 2808 1775 tanquam
2839 1705 2942 1760 diei
2973 1703 3317 1758 novissimam
3363 1712 3585 1774 partem,
3620 1719 3738 1774 qua:
3782 1719 3871 1760 re-

2293 1799 2540 1854 manebat
2567 1798 2584 1830 ι
2611 1813 2776 1868 usque
2822 1796 2888 1851 ad
2932 1795 3214 1851 terminum
3263 1795 3464 1859 saeculi,
3512 1794 3657 1851 mille
3705 1809 3874 1850 annos

2292 1892 2668 1964 appellaverit;
2700 1905 2764 1945 eo
2786 1888 3034 1959 loquendi
3061 1887 3241 1953 modo,
3270 1901 3374 1957 quo
3402 1900 3523 1956 pars
3543 1886 3875 1957 significatur

2293 2002 2323 2042 a
2353 1996 2464 2042 toto
2489 2004 2502 2040 :
2533 1993 2624 2040 aut
2650 1992 2796 2040 certe
2824 1982 2972 2036 mille
2995 1996 3168 2036 annos
3195 1995 3292 2051 pro
3317 1979 3470 2034 annis
3496 1979 3744 2035 omnibus
3775 1978 3874 2034 hu-

2288 2080 2376 2150 jus
2401 2077 2581 2133 saeculi
2613 2077 2821 2146 posuit;
2851 2085 2908 2130 ut
2934 2073 3169 2144 perfecto
3203 2087 3428 2127 numero
3457 2080 3733 2127 notaretur
3759 2074 3873 2142 ipsa

2292 2169 2547 2240 temporis
2596 2166 2885 2238 plenitudo.
2916 2165 3235 2219 Millenarius
3271 2165 3464 2234 quippe
3493 2179 3749 2220 numerus
3777 2164 3872 2221 de-

2293 2261 2427 2317 narii
2445 2259 2649 2316 numeri
2670 2257 2982 2330 quadratum
3005 2256 3230 2313 solidum
3247 2255 3441 2311 reddit.
3467 2255 3658 2311 Decem
3679 2256 3873 2328 quippe

2291 2352 2469 2408 decies
2493 2351 2668 2417 ducta,
2701 2349 2832 2405 fiunt
2857 2357 3106 2412 centum;
3135 2363 3252 2418 qum
3268 2349 3376 2417 jam
3400 2347 3567 2417 ﬁgura
3591 2347 3872 2418 quadrata,

2290 2444 2387 2501 sed
2423 2443 2578 2514 plana
2618 2450 2702 2498 est
2723 2444 2766 2496 ⁸.
2798 2441 2872 2500 Ut
2916 2449 3092 2496 autem
3127 2441 3180 2495 in
3218 2439 3548 2495 altitudinem
3584 2450 3786 2512 surgat,
3819 2450 3875 2500 es

2288 2537 2458 2592 solida
2506 2539 2614 2600 ttat,
2646 2551 2829 2589 rursus
2867 2543 3080 2588 Centum
3120 2532 3296 2588 decies
3339 2532 3776 2602 multiplicantur.
3817 2543 3872 2592 et

2291 2628 2437 2682 mille
2457 2637 2598 2682 sunt.
2638 2627 2807 2680 Porro
2828 2627 2870 2679 si
2893 2634 3107 2680 centum
3132 2625 3243 2694 ipsa
3274 2639 3368 2694 pro
3398 2625 3739 2681 universitate
3769 2628 3870 2683 ali-

2289 2721 2502 2792 quando
2550 2727 2848 2791 ponuntur,
2891 2719 3045 2790 quale
3093 2718 3222 2773 illud
3266 2727 3369 2783 est,
3427 2718 3570 2788 quod
3619 2720 3873 2777 Dominus

2289 2815 2466 2868 omnia
2492 2829 2585 2867 sua
2602 2812 2883 2867 dimittenti
2900 2821 2953 2866 et
2973 2825 3093 2865 eum
3115 2810 3356 2879 sequenti
3371 2811 3635 2880 promisit,
3661 2811 3868 2880 dicens,

2288 2906 2508 2976 Accipiet
2554 2906 2607 2959 in
2646 2906 2738 2959 hoc
2781 2903 2963 2958 steculo
3001 2902 3289 2972 centuplum
3335 2899 3559 2974 (Matth.
3601 2919 3712 2967 xix,
3757 2903 3868 2970 29;

2291 2997 2454 3051 Mare.
2490 3013 2546 3062 x,
2580 2996 2670 3066 50)
2697 3014 2708 3049 :
2734 2994 2874 3063 quod
2913 3007 3185 3063 exponens
3213 2991 3608 3064 quodammodo
3639 2995 3870 3064 Aposto-

2288 3088 2392 3154 lus,
2420 3088 2511 3151 ait,
2544 3088 2700 3154 Quasi
2731 3085 2860 3139 nihil
2902 3085 3154 3148 habentes,
3180 3094 3227 3138 et
3255 3087 3426 3138 omnia
3461 3087 3774 3156 possidentes
3803 3086 3871 3159 (ll

2289 3179 2402 3234 Cor.
2436 3195 2506 3242 γι,
2536 3179 2657 3247 ιο);
2685 3179 2806 3249 quia
2829 3185 2882 3232 et
2910 3185 3032 3232 ante
3062 3175 3136 3249 (a)
3151 3176 3261 3247 jam
3285 3177 3481 3232 dictum
3505 3187 3638 3244 erat,
3668 3177 3872 3234 Fidelis

2289 3273 2502 3327 hominis
2543 3281 2674 3325 totus
2727 3270 2942 3324 mundus
2979 3269 3266 3324 divitiarum
3309 3279 3382 3325 est
3409 3288 3427 3325 :
3455 3282 3649 3341 quanto
3700 3274 3872 3343 magis

2287 3367 2432 3422 mille
2477 3380 2575 3437 pro
2633 3366 2972 3420 universitate
3021 3375 3321 3434 ponuntur,
3366 3363 3455 3419 ubi
3504 3373 3584 3418 est
3628 3364 3874 3420 soliditas

2288 3459 2451 3529 ipsius
2497 3457 2729 3513 denaria:
2771 3455 3144 3527 quadratum?
3171 3455 3324 3512 Unde
3365 3470 3463 3510 nec
3507 3454 3635 3510 illud
3681 3455 3873 3510 melius

2285 3551 2613 3622 intelligitur,
2645 3548 2786 3621 quod
2827 3547 2879 3604 in
2925 3548 3136 3603 Psalmo
3166 3548 3358 3620 legitur
3392 3567 3406 3603 :
3439 3545 3636 3601 Memor
3682 3549 3782 3618 fuit
3819 3549 3872 3602 in

2285 3645 2525 3698 secutum
2555 3641 2833 3696 testamenti
2876 3641 2974 3706 sui,
3023 3639 3156 3696 verbi
3194 3639 3332 3710 quod
3371 3639 3631 3693 mandavit
3652 3640 3705 3693 in
3733 3638 3871 3694 inille

2285 3736 2625 3806 generationes
2647 3732 2815 3801 (Psal.
2845 3748 2950 3794 etv,
2982 3732 3058 3800 8),
3103 3732 3155 3787 id
3180 3741 3280 3795 est,
3315 3731 3364 3785 in
3408 3745 3616 3786 omnes.

2357 3827 2408 3880 '5.
2439 3824 2505 3879 Et
2535 3826 2666 3882 misit
2695 3825 2860 3890 illum,
2889 3825 3074 3894 inquit,
3100 3825 3152 3877 in
3174 3823 3407 3893 abyssum
3433 3839 3452 3875 :
3483 3823 3664 3892 utique
3683 3821 3870 3876 diabo-

2284 3920 2394 3975 lum
2437 3920 2580 3974 misit
2613 3919 2665 3973 in
2714 3917 2984 3989 abyssum.
3027 3916 3142 3984 Quo
3187 3914 3400 3970 nomine
3448 3912 3743 3985 significata
3788 3922 3874 3969 est

2284 4009 2566 4066 multitudo
2595 4007 2995 4064 innumerabilis
3025 4006 3328 4076 impiorum,
3362 4019 3589 4075 quorum
3628 4005 3684 4058 in
3716 4004 3872 4058 mali-

2282 4102 2480 4170 gnitate
2501 4099 2754 4154 adversus
2776 4097 3068 4152 Ecclesiam
3093 4097 3182 4152 Dei
3215 4096 3436 4150 multum
3462 4093 3720 4164 profunda
3744 4101 3873 4149 sunt

2283 4192 2444 4247 corda
2473 4208 2486 4244 :
2521 4189 2769 4260 nonquia
2795 4189 2864 4244 ibi
2894 4187 3139 4243 diabolus
3161 4195 3286 4240 ante
3306 4201 3412 4241 non
3438 4193 3594 4252 erat;
3620 4183 3717 4239 sed
3746 4183 3871 4240 ideo

2283 4284 2476 4340 dicitur
2500 4282 2625 4338 illuc
2655 4281 2870 4346 missus,
2893 4281 3013 4349 quia
3043 4277 3292 4333 exclusus
3329 4291 3358 4330 ιι
3386 4275 3729 4332 credentibus
3751 4274 3874 4344 plus

2282 4375 2445 4446 coepit
2473 4373 2664 4444 impios
2711 4370 3002 4443 possidere.
3055 4369 3180 4424 Pius
3227 4381 3456 4436 namque
3501 4364 3810 4436 possidetur
3840 4381 3874 4421 a

2281 4467 2514 4533 diabolo,
2563 4465 2653 4536 qui
2702 4479 2808 4519 non
2847 4465 3019 4518 solum
3063 4461 3324 4516 alienatus
3351 4469 3435 4515 est
3461 4474 3490 4512 a
3518 4458 3650 4524 Deo,
3680 4472 3874 4512 verum

2281 4562 2440 4616 etiam
2464 4559 2628 4629 gratis
2657 4555 2768 4612 odit
2794 4555 3087 4610 servientes
3119 4555 3248 4608 Deo.
3278 4552 3345 4606 Et
3369 4553 3570 4618 clausit,
3604 4551 3802 4621 inquit,
3827 4559 3877 4605 et

2281 4652 2494 4722 signavit
2533 4665 2684 4718 super
2708 4664 2841 4713 eunt,
2869 4657 2922 4700 ut
2937 4647 3046 4715 jam
3072 4662 3173 4699 non
3205 4645 3457 4699 reduceret
3489 4651 3678 4714 gentes,
3709 4644 3877 4698 donec

2282 4747 2524 4816 ﬁniantur
2563 4742 2700 4796 mille
2725 4739 2866 4794 anni.
2907 4738 3098 4794 Clausit
3140 4754 3292 4805 super
3317 4753 3449 4803 eum,
3495 4735 3695 4790 dictum
3747 4745 3874 4802 est,

2283 4836 2552 4892 interdixit
2595 4835 2644 4889 ei
2688 4847 2753 4887 ne
2798 4831 2968 4902 possit
3013 4831 3182 4897 exire,
3213 4829 3265 4883 id
3293 4837 3396 4890 est,
3428 4828 3648 4882 vetitum
3691 4834 3879 4881 trans-

2281 4930 2448 5002 gredi.
2503 4928 2735 5000 Signavit
2788 4933 3004 4987 autem,
3051 4921 3192 4993 quod
3250 4921 3470 4986 addidit,
3536 4918 3879 4991 significasse

2281 5023 2410 5078 mihi
2443 5022 2668 5086 videtur,
2701 5020 2821 5091 quia
2866 5018 3131 5072 occultum
3174 5029 3294 5071 esse
3342 5015 3526 5078 voluit,
3569 5015 3658 5084 qui
3697 5015 3880 5084 perti-

2281 5122 2442 5169 neant
2465 5113 2530 5167 ad
2557 5121 2760 5182 partem
2800 5109 3017 5172 diaboli,
3049 5117 3103 5162 et
3139 5108 3227 5177 qui
3258 5121 3365 5161 non
3404 5107 3728 5176 pertineant.
3759 5105 3882 5161 Hoc

2280 5208 2474 5278 quippe
2499 5210 2553 5259 tn
2580 5203 2776 5258 saeculo
2801 5202 2904 5258 isto
2931 5212 3150 5271 prorsus
3174 5199 3301 5252 latet
3327 5216 3339 5252 :
3370 5198 3492 5268 quia
3518 5205 3572 5252 et
3596 5195 3687 5266 qui
3716 5196 3880 5253 vide-

2345 5363 2362 5394 ί
2391 5367 2456 5411 tta
2477 5367 2584 5410 Mss.
2610 5365 2666 5408 At
2688 5357 2823 5415 editi,
2853 5353 3130 5404 remanebit.

2343 5410 2511 5486 ξιιὸνη
2534 5410 2820 5486 nonﬁgurd
2831 5415 3086 5480 quadrata.
3113 5415 3278 5486 Abest,
3303 5424 3475 5486 twn,_a
3496 5413 3691 5486 (ueteris
3717 5410 3883 5486 libris.

2345 5472 2510 5547 (alibi
2528 5472 2778 5546 particula,
2802 5472 2926 5540 ante,
2949 5479 3318 5547 nonsuperiora
3343 5472 3493 5547 verba
3518 5472 3645 5547 nauli
3668 5474 3844 5547 indica

2345 5487 2420 5600 (αἱ
2444 5487 2510 5536 tbi
2528 5487 2778 5546 particula,
2802 5487 2926 5540 ante,
2949 5492 3044 5528 non
3067 5487 3318 5540 superiora
3343 5487 3493 5524 verba
3518 5487 3645 5522 I’auu
3668 5487 3850 5524 inescat

2281 5552 2406 5601 sicut
2451 5550 2608 5599 visum
2641 5553 2716 5594 est
2753 5542 3092 5605 nongnemini,
3122 5539 3215 5605 sed
3249 5539 3512 5605 superiora_
3538 5542 3791 5605 tempora.
3835 5543 3850 5584 l

2283 5597 2419 5664 ain?
2434 5597 2562 5674 quod
2575 5607 2792 5674 affertur,
2811 5600 2989 5674 If‘itlelis
3005 5597 3208 5674 hominis
3223 5597 3352 5674 totus.
3364 5599 3571 5674 mundus

2278 5661 2366 5736 5.7,
2406 5661 2585 5724 dictum
2607 5669 2694 5736 fuit
2715 5681 2744 5717 a
2764 5661 3016 5736 salomone
3037 5665 3086 5736 in
3110 5663 3399 5736 Proverbiis,
3444 5661 3613 5736 ibique
3630 5672 3790 5736 Jeep:

2281 5721 2389 5802 ῐῦέι
2407 5721 2603 5802 uisum
2625 5732 2656 5781 ϐ
2678 5729 2856 5802 tegitur
2878 5725 3003 5802 eos!
3020 5801 3023 5802 ,
3041 5725 3377 5802 Servesne:
3402 5721 3887 5802 "223911935983;-

2280 5784 2392 5850 iach
2417 5784 2595 5846 Citatur
2619 5807 2646 5842 a
2675 5784 2926 5841 Clémenté
2951 5784 3292 5850 Alexandrino,
3317 5784 3402 5834 lib.
3427 5785 3459 5850 2
3478 5784 3883 5850 ειτριμιιιῃξθι

2280 5846 2472 5912 absitis
2487 5854 2754 5916 veteribus,
2775 5852 2977 5903 laudatis
2994 5858 3111 5906 tom.
3130 5847 3181 5914 2,
3195 5847 3255 5898 ad
3273 5846 3524 5912 Epistolam
3543 5847 3650 5906 153,
3677 5860 3730 5897 ιι.
3756 5847 3851 5899 26.
