4062 6518
269 456 366 516 669

264 581 344 635 tur
379 579 548 642 stare,
575 577 752 628 utrum
789 569 862 628 sit
880 583 1100 632 casurus
1122 587 1138 638 ;
1163 578 1218 628 et
1253 570 1344 643 qui
1371 569 1577 628 videtur
1609 571 1790 643 jacere
1809 613 1828 641 .

1569 456 1772 516 LIBER
1810 455 2188 518 γιαεειιιυε.

3408 463 3514 527 67.

1945 575 2038 634 illo
2079 582 2341 646 tempore,
2385 591 2493 648 quo
2527 576 2812 634 solvendus
2855 585 2939 635 est
2978 576 3240 646 diabolus,
3286 578 3420 634 sicut
3446 593 3517 636 ex

261 673 435 724 utrum
466 665 538 721 sit
578 674 939 730 surrecturus,
986 665 1248 722 incertum
1292 673 1392 724 est.
1432 664 1514 722 Ab
1551 666 1631 722 eis
1659 673 1836 722 autem
1941 682 2049 739 quo
2075 674 2158 722 est
2200 666 2456 734 instituta,
2504 667 2589 724 hic
2634 667 2730 724 fuit
2758 675 2814 725 ct
2839 668 2942 726 erit
2979 671 3123 724 omni
3172 678 3428 738 tempore,
3460 669 3517 725 in

259 760 506 832 gentibus
539 758 859 816 seducendis
885 757 1041 830 hujus
1067 758 1330 816 interdicti
1360 759 1571 815 vinculo
1597 765 1652 814 et
1688 759 1837 814 (Alau-

259 861 371 906 stro
409 849 657 906 diabolus
702 848 1011 919 prohibetur
1048 859 1207 919 atque
1233 849 1528 915 cohibetur,
1562 863 1693 920 quas
1720 863 1842 918 per-

260 943 494 998 tinentes
531 941 600 995 ad
640 938 909 1000 Christum
952 940 1243 998 seducebat
1278 950 1454 1006 antea,
1481 941 1565 996 vel
1604 940 1836 996 tenebat.

259 1032 367 1090 Bas
415 1033 564 1089 enim
617 1033 757 1090 Deus
803 1032 967 1104 elegit
1007 1042 1132 1088 ante
1175 1031 1360 1087 mundi
1407 1031 1840 1088 constitutionem

258 1137 451 1182 eruere
471 1122 539 1178 de
561 1131 820 1194 potestate
847 1123 1186 1178 tenebrarum
1208 1121 1421 1195 (Ephes.
1441 1137 1480 1187 I,
1503 1122 1584 1192 ι),
1606 1130 1662 1178 et
1679 1130 1844 1180 trans-

260 1212 406 1270 ferre
434 1213 491 1268 in
515 1228 738 1284 regnum
768 1213 884 1269 Filii
914 1213 1187 1270 cbaritatis
1212 1229 1324 1270 suae
1355 1214 1371 1244 ⁸
1401 1211 1621 1287 (Coloss.
1643 1228 1684 1278 ι,
1712 1211 1802 1282 15)
1825 1252 1840 1278 ,

259 1306 401 1361 sicut
457 1305 744 1383 Apostolus
800 1305 895 1362 ait.
972 1303 1104 1360 Nam
1159 1303 1416 1364 seducere
1458 1304 1608 1358 illum
1660 1311 1845 1373 gentes

260 1399 426 1454 etiam
450 1413 614 1463 nunc,
645 1405 702 1455 et
735 1411 916 1454 secum
964 1396 1174 1456 trahere
1218 1398 1271 1454 in
1311 1405 1563 1452 aaternam
1594 1410 1838 1466 pinnam,

262 1489 356 1548 sed
384 1505 491 1544 non
523 1487 926 1562 praedestinatas
951 1489 1005 1546 in
1028 1496 1281 1545 aeternam
1312 1488 1498 1556 vitam,
1529 1488 1647 1560 quis
1674 1487 1846 1544 ﬁdelis

263 1582 517 1659 ignorat?
545 1581 654 1640 Nee
697 1591 951 1650 moveat,
989 1580 1131 1653 quod
1169 1595 1312 1652 saepe
1353 1580 1592 1635 diabolus
1641 1578 1846 1635 seducit

262 1675 426 1732 etiam
454 1674 595 1740 illos,
623 1674 711 1744 qui
733 1674 844 1744 jam
868 1674 1164 1746 regenerati
1186 1672 1242 1728 in
1267 1671 1499 1739 Christo,
1529 1672 1846 1742 vias,ingre-

263 1765 484 1824 diuntur
529 1766 646 1824 Dei.
685 1764 840 1822 Nouit
881 1766 1023 1824 enim
1063 1764 1314 1822 Dominus
1352 1767 1437 1836 qui
1490 1774 1606 1821 sunt
1641 1766 1750 1836 ejus
1780 1761 1848 1837 (II

268 1857 400 1914 Tim.
431 1874 492 1924 il,
523 1859 614 1930 19)
645 1876 659 1913 :
689 1873 756 1916 ex
785 1858 867 1915 his
896 1859 946 1913 in
971 1867 1226 1914 aeternam
1256 1858 1652 1914 damnationem
1673 1855 1846 1913 nemi-

265 1965 388 2010 nem
433 1950 530 2006 ille
553 1949 781 2006 seducit.
826 1949 916 2006 Sic
970 1949 1112 2005 enim
1158 1951 1304 2004 novit
1342 1963 1436 2004 eos
1464 1949 1740 2016 Dominus,
1791 1955 1849 2006 ut

267 2043 430 2108 Deus,
456 2057 617 2113 quem
639 2042 769 2098 nihil
789 2042 918 2098 latet
935 2042 1095 2098 etiam
1116 2040 1440 2108 futurorum;
1464 2056 1570 2098 non
1589 2049 1647 2098 ut
1664 2039 1845 2107 homo,

265 2135 352 2206 qui
376 2133 650 2194 hominem
673 2134 740 2189 ad
771 2149 1007 2206 praesens
1045 2133 1189 2189 videt
1214 2133 1280 2203 (si
1310 2141 1484 2188 tamen
1509 2131 1672 2200 videt,
1699 2131 1849 2201 cujus

265 2242 359 2285 cor
397 2242 507 2283 non
542 2227 728 2297 videt),
775 2227 946 2299 qualis
973 2236 1148 2282 autem
1179 2235 1362 2297 postea
1388 2226 1458 2281 sit
1487 2224 1716 2291 futurus,
1749 2239 1850 2280 nec

266 2333 324 2374 se
347 2322 527 2390 ipsum
554 2318 716 2373 videt.
748 2317 829 2374 Ad
858 2318 960 2376 hoc
997 2333 1124 2390 ergo
1162 2317 1355 2390 ligatus
1395 2325 1476 2374 est
1501 2316 1763 2380 diabolus,
1797 2322 1852 2371 et

267 2410 506 2468 inclusus
553 2411 608 2468 in
642 2411 860 2488 abysso,
905 2420 963 2465 ut
999 2409 1110 2482 jam
1156 2424 1260 2466 non
1290 2409 1508 2466 seducat
1545 2416 1751 2480 gentes,
1784 2422 1850 2469 ex

267 2504 459 2578 quibus
485 2512 698 2560 constat
717 2502 976 2568 Ecclesia,
1002 2516 1134 2573 quas
1161 2509 1315 2558 antea
1343 2499 1590 2556 seductas
1615 2497 1848 2564 tenebat,

266 2604 554 2666 antequam
602 2600 745 2650 esset
784 2592 1043 2648 Ecclesia.
1094 2591 1203 2648 Nec
1247 2591 1388 2647 enim
1434 2591 1632 2646 dictum
1661 2597 1760 2656 est,
1796 2598 1854 2644 ut

267 2700 372 2740 non
401 2684 685 2742 seduceret
709 2684 938 2758 aliquem
963 2699 978 2747 ;
1010 2683 1126 2746 sed,
1156 2691 1207 2736 ut
1236 2699 1335 2738 non
1361 2682 1635 2747 seduceret,
1660 2681 1849 2751 inquit,

267 2777 370 2850 iam
415 2785 627 2848 gentes;
665 2775 717 2829 in
745 2775 936 2844 quibus
966 2773 1260 2829 Ecclesiam
1287 2771 1468 2843 procul
1493 2770 1654 2826 dubio
1690 2769 1855 2826 voluit

269 2864 711 2938 intelligizdonec
753 2866 1017 2935 ﬁniantur,
1054 2866 1244 2936 inquit,
1289 2864 1429 2919 mille
1473 2864 1616 2930 anni,
1659 2861 1712 2918 id
1748 2869 1850 2928 est,

263 2969 356 3018 aut
386 2959 532 3031 quod
561 2967 800 3016 remanet
823 2959 892 3015 de
931 2965 1083 3040 sexto
1121 2957 1230 3023 die,
1271 2957 1363 3028 qui
1385 2963 1594 3012 constat
1617 2970 1684 3011 ex
1708 2954 1855 3010 mille

265 3054 422 3114 annis
449 3070 464 3121 ;
495 3061 588 3109 aut
631 3067 817 3110 omnes
859 3052 1006 3121 anni,
1035 3053 1228 3124 quibus
1261 3051 1513 3126 deinceps
1555 3050 1656 3108 hoc
1683 3063 1852 3105 saecu-

268 3149 376 3204 lum
409 3146 772 3222 peragendum
799 3153 902 3201 est.

334 3242 390 3295 4.
419 3239 532 3296 Nec
555 3241 634 3295 sic
656 3238 1020 3310 accipiendum
1044 3246 1126 3294 est
1150 3239 1292 3309 quod
1314 3239 1406 3304 ait,
1439 3247 1493 3292 ut
1520 3254 1620 3294 non
1647 3236 1856 3300 seduce-

271 3341 340 3387 ret
353 3333 471 3405 jam
497 3341 684 3404 gentes,
716 3332 872 3386 donec
887 3331 1130 3402 ﬁniantur
1149 3330 1287 3388 mille
1311 3331 1470 3396 anm’;
1498 3330 1648 3402 quasi
1672 3338 1857 3401 postea

271 3423 587 3478 seductorus
615 3423 685 3478 sit
711 3437 801 3477 eas
825 3421 1080 3476 duntaxat
1106 3433 1312 3494 gentes,
1341 3438 1405 3477 ex
1431 3421 1620 3493 quibus
1647 3420 1856 3492 praede-

272 3515 464 3570 stinata
492 3523 702 3570 constat
745 3513 997 3578 Ecclesia,
1030 3528 1058 3567 a
1086 3517 1276 3587 quibus
1301 3515 1614 3571 seducendis
1659 3514 1749 3568 illo
1777 3522 1860 3568 est

271 3605 487 3661 vinculo
513 3605 847 3676 elaustroque
873 3603 1192 3675 prohibitus.
1223 3605 1327 3663 Sed
1367 3614 1454 3660 aut
1483 3605 1570 3660 illa
1596 3604 1860 3659 locutione

271 3698 471 3755 dictum
515 3709 618 3766 est,
646 3714 764 3770 qua:
808 3699 861 3753 in
907 3697 1196 3773 Scripturis
1239 3698 1517 3770 aliquoties
1553 3697 1856 3764 invenitur,

273 3794 443 3863 qualis
461 3801 546 3847 est
565 3793 617 3846 in
635 3791 862 3856 Psalmo,
888 3791 975 3846 Sic
993 3796 1127 3850 oculi
1146 3794 1298 3848 nostri
1319 3792 1385 3846 ad
1405 3789 1674 3846 Dominum
1692 3787 1862 3842 Deum

274 3895 524 3960 nostrum.
566 3886 720 3938 donec
747 3887 1039 3943 misereatur
1072 3888 1230 3942 nostri
1249 3885 1418 3958 (Psal.
1454 3899 1616 3947 cxxu,
1644 3881 1738 3950 2);
1771 3896 1864 3936 ne-

275 4002 381 4057 que
408 3986 554 4042 enim
582 4000 701 4041 cum
730 3978 978 4040 misertus
1004 3981 1180 4047 fuerit,
1212 3993 1317 4034 non
1337 3985 1493 4032 erunt
1517 3973 1656 4030 oculi
1683 3987 1865 4028 servo-

277 4094 396 4133 rum
423 4079 540 4147 ejus
581 4078 646 4132 ad
678 4077 955 4133 Dominum
1006 4075 1170 4130 Deum
1220 4085 1372 4126 suum
1404 4085 1419 4123 :
1449 4075 1541 4124 aut
1585 4076 1727 4123 certe
1765 4065 1866 4121 iste

277 4180 364 4225 est
390 4169 524 4224 ordo
549 4168 850 4236 verborum,
879 4167 944 4222 Et
977 4166 1177 4230 clausit,
1210 4172 1256 4218 et
1287 4161 1500 4232 signavit
1533 4176 1684 4230 super
1712 4174 1824 4212 eum
1846 4199 1862 4225 ,

277 4260 442 4314 donec
458 4260 703 4330 ﬁniantur
758 4261 896 4314 mille
932 4258 1092 4323 anni;
1120 4254 1258 4326 quod
1289 4268 1415 4307 vero
1451 4250 1785 4322 interposuit,
1812 4257 1867 4302 ut

279 4367 386 4406 non
434 4351 690 4407 seduceret
723 4356 835 4424 jam
875 4361 1063 4424 gentes,
1097 4349 1168 4403 ita
1215 4361 1274 4403 se
1311 4344 1491 4411 habet,
1523 4356 1580 4398 ut
1605 4345 1672 4398 ab
1711 4342 1867 4412 hujus

279 4441 490 4497 ordinis
512 4443 842 4498 connexione
869 4443 936 4496 sit
964 4441 1206 4502 liberum,
1254 4445 1307 4492 et
1332 4449 1549 4492 seorsus
1573 4433 1870 4502 intelligen-

282 4529 434 4599 dum,
465 4534 606 4589 velut
635 4535 678 4588 si
714 4543 832 4604 post
867 4533 1168 4594 adderetur,
1217 4537 1273 4584 ut
1301 4530 1379 4583 sic
1425 4542 1483 4582 se
1513 4525 1730 4580 haberet
1760 4531 1867 4576 tota

281 4624 570 4692 sententia,
613 4623 680 4679 Et
715 4624 912 4688 clausit,
952 4633 997 4677 et
1023 4621 1234 4693 signavit
1277 4636 1427 4692 super
1453 4633 1588 4682 eum,
1621 4617 1776 4670 donec
1803 4612 1869 4683 ﬁ-

283 4717 496 4771 niantur
539 4716 673 4770 mille
719 4715 860 4782 anni,
895 4725 947 4768 ut
991 4730 1093 4767 non
1126 4713 1378 4766 seduceret
1415 4710 1529 4780 jam
1576 4715 1785 4778 gentes;
1815 4702 1869 4758 id

283 4817 390 4873 est,
439 4806 559 4862 ideo
599 4807 806 4873 clausit,
834 4805 1003 4862 donec
1031 4803 1278 4859 liniantur
1318 4800 1465 4857 mille
1509 4797 1655 4863 anni,
1685 4807 1742 4852 ut
1760 4795 1870 4866 jam

285 4913 400 4954 non
428 4897 702 4953 seduceret
731 4907 935 4967 gentes.

323 4989 554 5047 CAPUT
592 4987 725 5044 Vill.
753 5018 826 5029 —
847 4985 926 5042 De
949 4987 1245 5056 alligatione
1267 4992 1315 5038 et
1357 4981 1602 5038 solutione
1629 4978 1834 5033 diaboli.

366 5081 417 5137 i.
445 5077 570 5136 Post
597 5083 723 5146 hac,
755 5079 942 5151 inquit,
972 5087 1164 5148 Oportet
1203 5092 1315 5130 eum
1339 5074 1464 5129 solvi
1489 5072 1620 5126 brevi
1656 5079 1876 5139 tempore

288 5173 480 5248 (Apoc.
524 5191 620 5242 ιι,
652 5173 726 5243 5).
779 5173 835 5228 Si
865 5171 967 5226 hoc
1008 5179 1091 5224 est
1117 5167 1330 5223 diabolo
1372 5165 1522 5236 ligari
1560 5170 1614 5218 et
1643 5158 1870 5226 includi,

285 5267 586 5324 Ecclesium
614 5279 716 5320 non
745 5278 901 5334 posse
939 5261 1196 5317 seducere
1220 5277 1234 5324 ;
1265 5257 1381 5313 haec
1406 5269 1534 5326 ergo
1559 5254 1659 5309 erit
1685 5251 1878 5307 solutio

285 5362 429 5433 ejus,
462 5372 520 5416 ut
546 5359 755 5431 possit?
784 5357 938 5413 Absit
965 5373 978 5410 :
1006 5368 1274 5426 nunquam
1306 5351 1446 5408 enim
1474 5347 1540 5404 ab
1565 5346 1658 5402 illo
1687 5343 1877 5400 Eccle-

284 5456 373 5512 sia
398 5453 682 5508 seducetur
707 5449 1079 5520 praedestinata
1109 5454 1164 5500 et
1193 5446 1359 5500 electa
1389 5450 1508 5496 ante
1538 5437 1720 5494 mundi
1749 5452 1878 5493 con-

285 5545 645 5607 stitutionem,
685 5541 753 5597 de
781 5556 883 5611 qua
921 5539 1120 5593 dictum
1161 5547 1264 5602 est,
1313 5532 1469 5589 Novit
1511 5529 1760 5585 Dominus
1799 5531 1884 5600 qui

284 5649 410 5696 sunt
449 5641 559 5709 ejus
603 5636 669 5708 (ll
714 5635 843 5690 Tim.
892 5649 950 5698 Ii,
985 5631 1074 5703 i9)
1107 5650 1120 5685 :
1152 5641 1206 5686 et
1235 5642 1407 5685 tamen
1441 5627 1525 5682 hic
1553 5626 1655 5680 erit
1677 5627 1697 5657 ³
1724 5625 1883 5679 etiam

358 5753 376 5785 ⁸
411 5757 478 5802 ita
500 5750 671 5821 plures
692 5749 854 5810 probae
888 5752 1018 5794 nota:
1050 5742 1373 5804 manuscripti.
1399 5747 1454 5790 At
1477 5738 1613 5798 editi,
1649 5732 1887 5786 claritatis

284 5826 550 5934 “traditi,
572 5881 620 5923 et
641 5879 795 5922 tamen
819 5869 897 5934 hic
920 5868 1015 5922 erit
1039 5865 1265 5918 Ecclesia.
1280 5873 1397 5926 vox,
1417 5859 1643 5922 Ecclesia,
1666 5860 1758 5910 hoc
1779 5857 1886 5907 loco

284 5952 391 5992 non
413 5946 493 5991 est
513 5933 567 5988 in
591 5933 940 5994 manuscriptis.

1944 759 2052 816 suis
2075 759 2254 829 utique
2275 759 2364 830 qui
2383 760 2670 815 succedunt
2693 759 2960 816 nascendo
2983 760 3350 817 madentibus.
3378 759 3511 816 Nam

1945 851 2103 922 paulo
2131 858 2252 921 post
2269 850 2414 918 dicit,
2445 849 2584 920 quod
2608 851 2809 908 solutus
2843 851 3084 908 diabolus
3108 850 3356 908 seductas
3378 866 3514 921 gen-

1948 956 2031 1003 tes
2067 953 2179 1003 toto
2222 946 2351 1000 orbe
2381 952 2638 999 terrarum
2675 944 2904 999 attrahat
2953 945 3007 1000 in
3037 943 3232 999 bellum
3259 944 3515 1000 adversus

1947 1054 2085 1103 eam,
2117 1052 2342 1107 quorum
2370 1035 2600 1090 hostium
2644 1051 2896 1092 numerus
2923 1036 3025 1090 erit
3049 1045 3104 1090 ut
3145 1049 3303 1090 arena
3333 1034 3516 1088 maris.

1949 1131 2016 1186 Et
2043 1131 2390 1196 ascenderunt,
2420 1129 2607 1198 inquit,
2639 1144 2787 1198 super
2813 1138 2957 1182 terra
2985 1128 3316 1196 latitudinem,
3344 1134 3390 1182 et
3415 1127 3521 1181 cin-

1946 1234 2125 1280 urtmt
2163 1231 2331 1277 castra
2358 1231 2666 1286 sanctorum,
2703 1230 2750 1276 et
2785 1221 3020 1275 dilectam
3047 1221 3292 1275 civitatem
3317 1237 3336 1276 :
3363 1228 3411 1276 et
3433 1220 3520 1275 de-

1947 1317 2136 1372 scendit
2160 1316 2290 1386 ignis
2317 1314 2381 1367 de
2403 1314 2526 1368 cale
2545 1330 2578 1366 α
2605 1311 2733 1379 Deo,
2755 1322 2804 1366 et
2829 1312 3040 1366 comedit
3079 1329 3161 1366 eos
3186 1327 3205 1367 :
3227 1321 3274 1367 ct
3294 1311 3522 1367 diabolus

1948 1410 2034 1481 qui
2067 1407 2326 1463 scducebat
2350 1422 2452 1469 eos,
2484 1406 2666 1459 missus
2710 1413 2781 1458 est
2822 1405 2875 1458 in
2904 1413 3137 1475 stagnum
3178 1405 3305 1475 ignis
3333 1413 3378 1459 et
3416 1401 3524 1457 sul-

1952 1502 2147 1572 phuris,
2172 1502 2256 1555 ubi
2281 1511 2331 1556 et
2353 1501 2508 1555 bsstia
2531 1509 2578 1555 st
2606 1499 3043 1570 pauidoproplteta
3070 1502 3087 1532 ί
3112 1515 3126 1564 ;
3155 1507 3204 1552 et
3230 1496 3527 1553 cruciabatu-

1951 1602 2032 1648 Μ
2057 1593 2138 1646 die
2162 1609 2221 1654 ac
2250 1603 2394 1650 nocte
2417 1594 2469 1645 in
2491 1591 2675 1646 sucula
2701 1591 2999 1644 saeculorum
3027 1589 3207 1661 (Apoc.
3234 1605 3322 1654 xx,
3347 1582 3524 1657 8-10).

1953 1686 2060 1742 Sed
2087 1685 2188 1741 hoc
2208 1685 2320 1757 jam
2346 1683 2411 1738 ad
2435 1683 2689 1754 judicium
2736 1683 3078 1737 novissimum
3108 1681 3356 1752 pertinet,
3386 1677 3528 1749 quod

1951 1793 2092 1834 nunc
2144 1786 2417 1848 prepterea
2465 1773 2987 1830 connuemorandum
3035 1771 3252 1842 putavi,
3302 1784 3370 1824 ue
3410 1767 3528 1839 quis

1952 1871 2218 1928 existimet
2239 1885 2304 1925 eo
2329 1873 2444 1939 ipso
2472 1882 2634 1937 parvo
2655 1877 2909 1936 tempore,
2937 1879 3044 1935 quo
3072 1863 3309 1918 solvetur
3335 1859 3523 1915 diabo-

1954 1963 2056 2030 lus,
2089 1963 2142 2016 in
2166 1961 2264 2016 hac
2293 1968 2434 2014 terra
2455 1958 2744 2014 Eeclesiarn
2766 1971 2872 2014 non
2901 1954 3150 2020 futuram,
3184 1953 3274 2008 illo
3301 1951 3386 2006 hic
3409 1963 3528 2005 eam

1953 2056 2035 2110 vel
2057 2069 2162 2110 non
2190 2053 2508 2116 inveniente,
2531 2065 2651 2106 cum
2675 2048 2830 2104 fuerit
2847 2048 3069 2112 solutus,
3093 2046 3173 2100 vel
3195 2043 3530 2110 absumente,

1953 2162 2074 2204 cum
2118 2146 2276 2201 fuerit
2325 2143 2494 2198 modis
2541 2141 2788 2198 omnibus
2838 2146 3164 2208 persecutus.
3197 2135 3310 2190 Non
3355 2134 3533 2202 itaque

1955 2254 2048 2310 per
2078 2247 2244 2293 totum
2272 2236 2373 2292 hoc
2399 2245 2623 2304 tempus,
2657 2231 2796 2302 quod
2835 2231 2968 2285 liber
2992 2230 3090 2284 iste
3115 2225 3488 2295 complectitur
3507 2261 3526 2290 ,

1955 2346 1986 2386 a
2029 2330 2200 2400 primo
2252 2327 2452 2382 scilicet
2506 2324 2735 2379 adventu
2790 2320 2985 2377 Christi
3038 2333 3207 2389 usque
3250 2317 3302 2370 iu
3352 2312 3536 2370 seaculi

1957 2424 2137 2488 linem,
2173 2407 2290 2491 quo
2314 2418 2416 2474 erit
2455 2415 2720 2472 secundus
2742 2415 2858 2484 ejus
2884 2412 3161 2476 adventus,
3191 2411 3260 2464 ita
3290 2405 3535 2463 diabolus

1956 2514 2221 2584 alligatur,
2254 2518 2311 2565 ut
2335 2511 2451 2579 ejus
2475 2507 2590 2562 haec
2613 2507 2725 2576 ipsa
2752 2507 2822 2558 sit
2846 2503 3097 2573 slligatie,
3129 2515 3224 2570 per
3249 2499 3349 2553 hoe
3374 2499 3539 2551 inter-

1956 2606 2174 2671 vallum,
2206 2601 2348 2673 quod
2391 2599 2539 2654 mille
2575 2610 2836 2651 annorum
2883 2607 3107 2647 numero
3145 2590 3396 2660 appellat,
3429 2601 3538 2644 non

1958 2697 2214 2753 seducere
2230 2691 2564 2754 Ecclesiam;
2595 2685 3023 2759 quandoquidem
3045 2682 3186 2738 illam
3203 2693 3304 2734 nec
3333 2678 3537 2733 solutus

1957 2788 2142 2857 utique
2161 2784 2475 2840 seducturus
2498 2789 2598 2836 est.
2627 2777 2758 2832 Nam
2785 2775 3024 2846 profecto
3051 2772 3097 2828 si
3121 2772 3171 2828 ei
3198 2771 3401 2840 alligari
3427 2776 3533 2832 est,

1958 2896 2064 2936 non
2109 2894 2263 2950 posse
2309 2876 2586 2939 seducere,
2635 2873 2749 2926 sive
2791 2884 2898 2925 non
2948 2866 3219 2939 permitti;
3263 2862 3390 2932 quid
3434 2860 3542 2916 erit

1958 2970 2112 3034 solvi,
2158 2968 2258 3022 nisi
2289 2980 2446 3036 posse
2484 2963 2760 3024 seducere,
2788 2961 2901 3016 sive
2922 2957 3197 3029 permitti?
3223 2953 3375 3022 Quod
3403 2953 3542 3008 absit

1959 3075 2018 3119 ut
2060 3062 2150 3117 ﬁat
2179 3078 2194 3114 :
2221 3060 2313 3116 sed
2340 3057 2572 3129 alligatis
2600 3054 2816 3117 diaboli,
2860 3060 2942 3110 est
2983 3065 3088 3104 non
3118 3047 3352 3118 permitti
3381 3058 3540 3099 exer-

1959 3170 2084 3213 cere
2108 3157 2130 3188 ³
2158 3161 2322 3209 totam
2349 3150 2715 3214 testationem,
2741 3157 2898 3215 quam
2926 3149 3098 3210 potest
3125 3139 3207 3193 vel
3235 3138 3284 3191 vi
3305 3135 3388 3190 vel
3413 3133 3540 3188 dolo

1960 3248 2028 3305 ad
2069 3243 2398 3303 scducendos
2441 3239 2713 3302 homines,
2758 3236 2813 3289 in
2866 3240 3069 3302 partem
3113 3242 3263 3282 suam
3304 3221 3542 3293 cogendo

1961 3341 2238 3403 violenter,
2272 3334 2700 3390 fraudulentam
2733 3324 2984 3383 fallendo.
3017 3319 3168 3391 Quod
3197 3318 3244 3372 si
3272 3315 3545 3387 permitte-

1961 3443 2108 3491 retur
2137 3434 2188 3488 in
2219 3440 2324 3486 tam
2349 3429 2505 3497 longe
2537 3433 2774 3493 tempore
2798 3429 2852 3475 et
2893 3425 3038 3474 tanta
3065 3409 3371 3468 inﬁrmitate
3400 3406 3543 3461 mul-

1964 3537 2159 3592 torum,
2190 3523 2445 3594 plurimos
2486 3517 2655 3581 tales,
2685 3512 2872 3584 quales
2914 3508 3052 3563 Deus
3093 3502 3146 3559 id
3189 3499 3407 3594 perpeti
3436 3511 3543 3552 non

1965 3619 2095 3685 vult,
2123 3591 2384 3672 etiideles
2412 3609 2682 3679 dejiceret,
2722 3612 2776 3658 et
2805 3616 2871 3657 ne
2908 3598 3188 3655 crederent
3216 3591 3496 3662 impediret
3526 3606 3542 3643 :

1965 3710 2105 3784 quod
2132 3724 2200 3764 ne
2227 3707 2439 3770 laceret,
2471 3701 2719 3770 alligatus
2745 3703 2848 3751 est.

2035 3803 2092 3857 2.
2132 3799 2284 3855 Tunc
2313 3804 2490 3851 autem
2520 3791 2755 3846 solvetur
2773 3828 2788 3852 ,
2818 3781 3033 3857 quando
3060 3788 3115 3836 et
3145 3779 3310 3835 breve
3337 3771 3571 3844 tempus

1967 3894 2089 3950 erit.
2123 3889 2254 3946 Nam
2286 3884 2456 3942 tribus
2483 3881 2638 3937 annis
2673 3885 2729 3934 et
2763 3891 2859 3932 sex
2898 3871 3173 3928 mensibus
3207 3867 3396 3938 legitur
3424 3865 3550 3919 totis

1967 3986 2081 4042 suis
2101 3990 2428 4048 suorumque
2450 3972 2652 4030 viribus
2669 3968 2949 4024 saviturus
2975 3963 3050 4034 (a)
3086 3981 3100 4016 :
3133 3968 3186 4016 et
3218 3959 3350 4014 tales
3369 3963 3547 4019 erunt,

1970 4091 2092 4132 cum
2131 4071 2320 4144 quibus
2383 4067 2434 4123 ei
2488 4057 2905 4132 belligerandum
2959 4063 3041 4110 est
3065 4092 3080 4118 ,
3126 4058 3187 4106 ut
3225 4048 3360 4104 vinci
3398 4053 3550 4100 tanto
3602 4107 3604 4110 ν

1970 4167 2086 4239 ejus
2119 4140 2319 4234 impetu
2357 4156 2670 4225 insidiisque
2707 4165 2816 4206 non
2847 4145 3072 4218 possint.
3113 4140 3170 4198 Si
3208 4149 3383 4194 autem
3413 4149 3552 4190 nun-

1971 4230 2130 4331 quam
2157 4230 2486 4315 solveretur,
2522 4246 2697 4303 minus
2734 4246 3018 4331 appareret
3053 4236 3169 4331 ejus
3196 4230 3424 4330 maligna

1973 4315 2139 4407 tentia
2162 4389 2177 4414 ,
2223 4346 2397 4402 minus
2439 4346 2634 4396 sanctze
2673 4329 2906 4390 civitatis
2954 4325 3257 4382 ﬁdelissima
3299 4315 3555 4390 patientia

1973 4440 2322 4513 probaretur;
2354 4433 2528 4490 minus
2555 4427 2785 4494 denique
2812 4419 3225 4513 perspiceretur,
3253 4423 3414 4513 quam
3444 4422 3557 4507 ma:

1972 4496 2080 4605 gito
2098 4530 2213 4598 ejus
2236 4496 2378 4586 malo
2403 4532 2508 4582 tam
2531 4521 2668 4575 bene
2686 4512 2846 4572 fuerit
2871 4522 2999 4565 usus
3018 4503 3362 4605 omnipotens
3381 4497 3403 4530 ⁸
3429 4514 3443 4550 :
3466 4496 3561 4565 qui

1973 4597 2096 4683 eum
2130 4597 2244 4682 nec
2279 4617 2498 4676 omnino
2542 4606 2762 4672 abstulit
2806 4619 2836 4658 a
2882 4597 3172 4657 tentatione
3215 4599 3561 4683 sanctorum,

2249 4711 2318 4768 ab
2358 4720 2544 4764 eorum
2581 4695 2925 4757 interioribus
2953 4685 3258 4745 hominibus
3283 4681 3342 4748 ‘,
3375 4679 3463 4735 ubi
3506 4678 3563 4730 in

2169 4802 2422 4864 creditur,
2455 4796 2600 4852 foras
2629 4790 2852 4846 missum
2873 4825 2888 4851 ,
2915 4790 2970 4836 ut
3001 4777 3297 4836 forinsecus
3321 4771 3438 4838 ejus
3460 4783 3559 4835 op-

1978 4897 2300 4973 pugnatione
2329 4889 2686 4960 proﬁcerent;
2730 4886 2784 4932 et
2826 4876 2879 4929 in
2907 4872 2986 4928 eis
3029 4868 3118 4973 qui
3159 4872 3288 4973 silui
3304 4875 3397 4973 1e:
3407 4865 3564 4973 parte

1979 4948 2480 5064 ,ﬁallig-avit,
2523 4990 2591 5032 ne
2637 4978 2895 5064 quautam
3153 4948 3484 5064 eti‘undendul
3511 4955 3566 5002 et

1981 5040 2282 5143 eluercendo
2299 5040 2579 5135 malitiam,
2603 5040 3015 5120 innumerabiles
3034 5051 3270 5107 inﬁrmos
3289 5059 3363 5143 ex
3375 5040 3567 5112 quibus

1984 5135 2278 5235 Ecclesiam
2299 5157 2642 5232 multiplicari
2671 5163 2726 5210 et
2749 5148 2954 5220 impleri
2980 5140 3276 5215 oportebat,
3297 5135 3432 5191 alios
3449 5146 3567 5190 cre-

2050 5357 2068 5388 ί
2103 5349 2242 5408 Bditi,
2282 5349 2330 5397 et
2373 5327 2817 5407 pseudoprophctat.
2860 5320 3156 5384 castigantur
3193 5325 3259 5364 ex
3297 5307 3565 5362 manuscri-

1988 5419 2098 5483 ptis.

2050 5480 2072 5510 ι
2104 5471 2327 5533 plerique
2343 5471 2475 5537 lies,
2495 5466 2713 5511 exercre.

2054 5540 2074 5571 ³
2107 5534 2243 5594 aditi.
2266 5529 2555 5594 ρηιιηροιξω
2575 5493 3503 5594 οέἕὲςιὲἓθῗξιέἕμέδὲ.ξ¹¹ἒῖἲξ¹³ιξῗψηὲ⁵ιὶ

2054 5557 2075 5632 ῖ
2107 5557 2243 5654 ΰΐῗῖ
3052 5557 3565 5654 ἑξὲὶιέ.ρξίὲἓ.ἱιξιης¹ἶ¹ῗῖἰιῗιῐ

2054 5611 2080 5674 '.
2109 5611 2238 5670 19v"
2263 5611 2568 5660 "wn-0W”
2590 5611 2818 5647 th'wm
2847 5611 3023 5680 mihi
3046 5611 3110 5673 su
3163 5621 3338 5670 rstinus
3366 5614 3426 5666 ad
3451 5611 3570 5661 illud

1991 5667 2175 5724 scripti,
2198 5648 2526 5724 W€'2“."1"“.‘;.
2541 5637 3039 5724 ’ξίῖῗὲζίζξῗξληηῗμῖηι
3063 5637 3253 5724 ιιιξέιίιις
3269 5677 3436 5724 nimim
3450 5683 3570 5724 sua.

1991 5678 2175 5797 aut:

1992 5739 2166 5797 Εμιθδ.
2192 5739 2258 5776 ιιι,
2279 5739 2353 5774 lu,
2372 5739 2388 5760 ι
2403 5739 2443 5768 ι,
2469 5739 2525 5779 .ua
2541 5739 2617 5754 νιν-
2637 5739 2761 5770 ωτντν
2780 5739 2849 5746 ,νγ
2864 5739 2888 5766 κ,
2948 5739 2981 5760 ν.
3034 5749 3042 5758 ⁸
3078 5755 3093 5796 ι
3434 5739 3444 5745 _
3478 5765 3480 5779 ⁴

1993 5791 2165 5846 virtute
2181 5773 2483 5830 corroborart
2501 5779 2586 5834 per
2605 5766 2830 5824 Spiritum
2844 5766 2947 5814 ejus
2962 5764 3013 5823 in
3027 5763 3074 5798 tn
3097 5760 3147 5796 er
3214 5805 3225 5816 .
3321 5739 3480 5791 nomon

1989 5845 2240 5890 'rhristum
2260 5833 2474 5886 habitare
2490 5840 2576 5890 per
2599 5822 2746 5890 ﬁdem
2767 5818 2818 5890 in
2840 5811 3068 5890 cordibus
3083 5813 3269 5890 vestam.

1995 5835 2240 5900 E'hristum
2260 5835 2474 5886 habitare
2490 5840 2576 5893 per
2599 5835 2746 5890 pacm
2767 5835 2818 5894 ut
2840 5835 3062 5865 coruwus
3086 5835 3193 5858 vcem
3207 5835 3239 5855 ις

2063 5908 2137 5971 (a)
2160 5901 2290 5954 mnf.
2314 5894 2508 5949 Joannis
2523 5884 2864 5952 Apocalypsun,
2888 5889 2994 5938 cap.
3018 5887 3089 5933 xi,
3110 5869 3161 5932 γ.
3184 5867 3239 5917 2.
