4062 6480
536 397 617 492 πε
1586 435 1673 491 DE
1708 433 2024 491 ClVlTATE
2062 433 2194 504 DEI,
2223 434 2282 491 s.
2322 431 2684 491 AUGUSTINI

527 542 732 604 diluros
760 593 771 614 ,
802 553 935 609 alios
962 552 1070 625 jam
1099 552 1408 621 credentes,
1441 567 1472 609 a
1509 553 1612 609 fide
1640 552 1850 624 pietatis
1878 553 1976 609 hos
2002 552 2102 608 de-

530 639 786 712 terreret,
819 647 918 705 hos
951 645 1250 721 frangeret;
1278 657 1331 703 et
1356 646 1527 703 solvet
1555 646 1574 678 ί
1603 645 1655 700 in
1684 647 1789 701 line
1812 686 1826 711 ,
1859 657 1916 701 ut
1941 656 2105 717 quam

530 735 724 792 fortem
747 738 1108 795 adversarium
1137 739 1229 795 Dei
1254 738 1439 794 civitas
1478 738 1840 807 superaverit,
1868 754 1987 793 cum
2014 739 2100 793 in-

536 829 680 898 genti
707 830 875 899 gloria
901 831 985 887 sui
1023 831 1375 902 redemptoris
1398 872 1414 898 ,
1445 829 1699 900 adjutoris
1717 870 1732 895 ,
1772 828 2101 897 liberatoris,

553 920 787 987 aspiciat.
815 922 870 977 in
895 940 1078 979 eorum
1105 938 1253 989 sane,
1280 923 1370 993 qui
1401 930 1524 977 tunc
1549 921 1707 976 futuri
1730 928 1872 987 sunt,
1898 928 2108 976 sancto-

538 1032 656 1072 rum
674 1026 830 1086 atque
850 1014 1083 1071 fidelium
1098 1014 1490 1084 comparatione
1503 1013 1627 1084 quid
1643 1012 1859 1067 sumus?
1878 1010 2108 1081 quando-

528 1106 742 1177 quidem
772 1104 837 1160 ad
869 1106 989 1159 illos
1018 1104 1317 1175 probandos
1352 1112 1530 1159 tantus
1559 1105 1794 1159 solvetur
1820 1102 2063 1157 inimicus
2087 1142 2103 1168 ,

528 1213 653 1254 cum
674 1213 778 1268 quo
797 1213 896 1253 nos
919 1198 1081 1268 ligato
1107 1198 1265 1252 tantis
1286 1197 1533 1267 periculis
1557 1195 1889 1250 dimicamus.
1912 1196 2107 1261 Quam-

530 1292 610 1348 vis
632 1300 687 1347 et
707 1291 807 1347 hoc
835 1290 1089 1361 temporis
1109 1289 1385 1345 intervallo
1405 1287 1663 1359 quosdam
1691 1288 1890 1342 milites
1908 1285 2106 1342 Christi

533 1391 642 1439 tam
667 1382 955 1454 prudentes
976 1390 1030 1438 et
1052 1380 1219 1436 fortes
1240 1380 1400 1436 fuisse
1423 1389 1581 1451 atque
1603 1393 1741 1444 esse,
1763 1394 1868 1434 non
1888 1378 2106 1434 dubium

529 1484 652 1541 est,
689 1485 747 1530 ut
784 1475 943 1530 etiam
989 1475 1034 1530 si
1077 1483 1199 1529 tunc
1244 1475 1295 1528 in
1344 1474 1442 1528 ista
1490 1473 1810 1528 mortalitate
1847 1472 2105 1539 viverent,

528 1565 746 1639 quando
770 1565 861 1621 ille
879 1565 1133 1629 solvetur,
1159 1579 1347 1620 omnes
1378 1563 1595 1620 insidias
1622 1563 1740 1634 ejus
1759 1572 1918 1633 atque
1938 1563 2107 1634 impe-

530 1662 621 1710 tus
646 1663 703 1710 et
730 1663 980 1711 caverent
1006 1654 1422 1723 sapientissime,
1454 1662 1510 1709 et
1538 1653 1921 1724 patientissime
1947 1651 2111 1708 susti-

530 1754 742 1802 herent.

607 1836 658 1891 5.
699 1835 826 1892 Hcce
845 1844 1021 1891 autem
1041 1836 1276 1908 alligatio
1299 1837 1499 1893 diaboli
1526 1852 1632 1893 non
1657 1837 1829 1893 solum
1850 1838 1985 1894 facta
2005 1846 2107 1906 est,

533 1942 600 1984 ex
625 1944 729 1998 quo
758 1929 923 1998 cmpit
949 1929 1191 1984 Ecclesia
1218 1939 1414 1999 prmter
1439 1929 1677 1986 Iudaeam
1707 1938 1903 1985 terram
1929 1930 1981 1984 in
2012 1944 2109 1983 na-

533 2019 705 2074 tiones
732 2019 865 2075 alias
891 2020 1126 2091 aliasque
1164 2010 1411 2087 dilatari;
1452 2021 1548 2077 sed
1575 2020 1735 2077 etiam
1765 2035 1906 2076 nunc
1936 2020 2025 2085 lit,
2056 2029 2112 2077 et

532 2112 624 2169 fiet
641 2130 808 2185 usque
821 2113 889 2168 ad
906 2115 1189 2169 terminum
1211 2115 1413 2181 smculi,
1433 2097 1537 2184 quo
1556 2114 1839 2170 solvendus
1857 2123 1958 2170 est.
1977 2113 2111 2183 Quia

533 2214 590 2263 et
610 2223 750 2264 nunc
775 2207 1017 2263 homines
1045 2208 1112 2263 ab
1141 2207 1483 2275 inﬁdelitate,
1509 2208 1562 2263 in
1591 2222 1694 2278 qua
1724 2208 1838 2277 ipse
1859 2221 1952 2262 eos
1981 2221 2109 2276 pos-

533 2297 763 2365 sidebat,
784 2307 1162 2354 convertuntur
1177 2299 1242 2353 ad
1265 2299 1444 2365 ﬁdem,
1458 2308 1512 2354 et
1533 2314 1699 2369 usque
1716 2300 1767 2353 in
1791 2298 1934 2353 illum
1955 2300 2113 2353 linem

536 2387 653 2444 sine
667 2387 832 2443 dubio
850 2396 1256 2444 convertentur:
1276 2398 1329 2444 et
1345 2389 1525 2460 utique
1546 2388 1828 2460 unicuique
1847 2390 1867 2421 '
1888 2389 1990 2445 iste
2008 2388 2115 2443 for-

533 2479 603 2534 tis
626 2487 750 2534 tune
767 2478 1009 2549 alligatur
1026 2519 1041 2546 ,
1063 2479 1276 2550 quando
1290 2479 1356 2534 ab
1375 2480 1467 2533 illo
1495 2489 1742 2550 tanquam
1757 2495 1850 2536 vas
1871 2480 1987 2549 ejus
2005 2479 2113 2534 eri-

534 2568 678 2638 pitur
706 2586 719 2622 :
746 2577 802 2624 et
837 2570 1062 2640 abyssus
1104 2570 1192 2625 ubi
1232 2570 1471 2625 inclusus
1512 2579 1593 2626 est
1614 2611 1629 2637 ,
1663 2585 1767 2625 non
1798 2571 1851 2624 in
1881 2570 1959 2626 eis
1986 2585 2114 2626 con-

533 2671 743 2730 sumpta
762 2671 863 2728 est,
884 2662 1098 2732 quando
1114 2672 1236 2718 sunt
1256 2663 1469 2731 mortui,
1490 2664 1577 2733 qui
1600 2671 1724 2719 tunc
1736 2673 1889 2718 erant
1903 2664 2115 2734 quando

535 2766 658 2808 esse
680 2754 841 2823 ccepit
866 2755 1135 2821 inclusus;
1161 2756 1257 2812 sed
1283 2766 1654 2812 successerunt
1675 2757 1753 2812 eis
1775 2758 1864 2811 alii
1888 2772 2114 2814 nascen-

535 2843 638 2909 do,
671 2853 829 2914 atque
869 2848 1190 2914 succedunt,
1221 2848 1391 2904 donec
1428 2849 1641 2905 finiatur
1683 2849 1784 2905 hoc
1824 2853 2112 2919 saeculum,

535 2936 624 3006 qui
658 2936 868 2991 oderint
906 2939 1268 3007 Christianos,
1320 2941 1372 2995 in
1418 2957 1642 3012 quorum
1680 2942 1934 3012 quotidie,
1971 2942 2117 2997 velut

536 3028 589 3082 in
627 3028 857 3098 abysso,
886 3032 1043 3086 cmcis
1083 3040 1139 3086 et
1179 3031 1456 3102 profundis
1497 3033 1745 3089 cordibus
1788 3035 2110 3089 includatur.

538 3118 727 3174 Utrum
756 3130 932 3175 autem
963 3124 1124 3178 etiam
1152 3124 1257 3179 illis
1282 3123 1482 3181 ultimis
1512 3126 1676 3181 tribus
1702 3128 1855 3181 annis
1884 3136 1937 3181 et
1966 3140 2117 3180 men-

536 3210 684 3264 sibus
712 3226 831 3278 sex,
858 3213 1071 3282 quando
1099 3214 1301 3269 solutus
1329 3216 1453 3271 totis
1481 3216 1680 3272 viribus
1706 3217 1985 3271 saeviturus
2012 3225 2114 3284 est,

535 3300 722 3370 aliquis
739 3302 790 3357 in
812 3318 913 3372 qua
929 3320 1033 3358 non
1059 3304 1253 3371 fuerat,
1273 3307 1341 3362 sit
1360 3322 1672 3363 accessurus
1690 3308 1757 3362 ad
1787 3308 1965 3375 fidem,
1980 3325 2114 3363 non-

537 3394 678 3449 nulla
705 3396 926 3464 qutestio
953 3405 1053 3451 est.
1080 3397 1359 3465 Quomodo
1392 3401 1532 3455 enim
1560 3401 1719 3455 stabit
1744 3401 1887 3471 quod
1915 3401 2116 3456 dictum

535 3493 646 3550 est,
677 3485 802 3552 Quis
829 3487 981 3541 intrat
1009 3488 1062 3542 in
1091 3489 1295 3543 domum
1324 3491 1470 3562 fortis
1490 3534 1506 3559 ,
1536 3501 1589 3545 ut
1622 3508 1739 3546 vasa
1769 3494 1877 3562 ejus
1902 3494 2112 3563 eripiat,

535 3577 631 3630 nisi
653 3580 792 3645 prius
806 3579 1083 3649 alligaverit
1100 3585 1281 3653 fortem
1294 3583 1502 3653 (Matth.
1521 3601 1610 3649 xu,
1631 3584 1701 3641 29
1718 3584 1736 3657 )
1751 3586 1776 3638 ?
1800 3586 1843 3640 si
1862 3588 2019 3641 etiam
2032 3604 2119 3642 so-

536 3667 647 3720 luto
673 3668 1008 3738 eripiuntur?
1037 3673 1111 3726 Ac
1135 3687 1229 3741 per
1252 3675 1349 3728 hoc
1363 3674 1431 3730 ad
1453 3674 1555 3730 hoc
1579 3691 1770 3747 cogere
1791 3676 1997 3730 videtur
2020 3679 2116 3732 ista

535 3761 817 3827 sententia,
838 3761 1185 3818 utcredamus
1206 3764 1312 3830 illo,
1336 3766 1458 3821 licet
1470 3767 1679 3838 exiguo,
1700 3777 1937 3839 tempore
1952 3770 2120 3825 nemi-

538 3865 659 3905 nem
690 3866 1025 3907 acecssurum
1054 3870 1172 3910 esse
1201 3857 1395 3926 populo
1420 3858 1708 3913 christiano
1731 3899 1746 3923 ,
1776 3859 1870 3915 sed
1893 3875 2012 3915 cum
2034 3863 2113 3917 eis

539 3944 628 4012 qui
654 3945 763 4013 jam
784 3944 1069 4001 Christiani
1098 3950 1293 4016 reperti
1324 3948 1539 4018 fuerint,
1567 3952 1831 4006 diabolum
1862 3963 2122 4024 pugnatu-

468 4096 473 4099 _
539 4049 656 4087 rum
683 4053 695 4089 :
720 4051 783 4091 ex
805 4037 996 4107 quibus
1018 4041 1221 4095 etiamsi
1244 4040 1402 4112 aliqui
1429 4042 1550 4098 victi
1572 4045 1740 4100 secuti
1761 4061 1881 4100 eum
1905 4045 2118 4116 fuerint,

540 4142 645 4179 non
668 4143 762 4183 eos
781 4131 846 4185 ad
874 4133 1304 4201 praedestinatum
1333 4137 1560 4191 filiorum
1585 4139 1677 4193 Dei
1702 4155 1979 4194 numerum
2000 4155 2122 4212 per-

543 4216 732 4272 tinere.
764 4219 945 4291 Neque
979 4227 1122 4279 enim
1153 4227 1348 4282 frustra
1380 4227 1519 4284 idem
1547 4229 1782 4287 Joannes
1812 4233 2081 4301 apostolus
2102 4275 2119 4301 ,

542 4309 630 4379 qui
662 4318 715 4365 et
746 4312 880 4368 hanc
918 4316 1290 4390 Apocalypsim
1320 4322 1570 4392 scripsit,
1597 4322 1651 4378 in
1680 4324 1903 4395 epistola
1934 4341 2026 4381 sua
2054 4326 2123 4382 de

542 4403 856 4473 quibusdam
884 4407 1031 4473 dicit,
1062 4409 1145 4464 Ea:
1172 4412 1313 4466 nobis
1340 4415 1600 4483 exierunt,
1631 4418 1720 4471 sed
1755 4433 1854 4471 non
1893 4428 2035 4473 erant
2061 4436 2123 4475 ea:

542 4493 684 4548 nobis
713 4512 732 4551 :
761 4514 879 4552 nam
906 4502 950 4553 si
977 4501 1186 4571 fuissent
1208 4520 1271 4558 ea:
1298 4506 1438 4561 nobis
1462 4548 1476 4570 ,
1508 4510 1808 4565 mansissent
1832 4511 2003 4582 utique
2027 4529 2122 4567 no-

542 4586 731 4642 biscum
758 4590 809 4663 (l
832 4591 987 4646 Joan.
1031 4610 1099 4662 fl,
1132 4595 1250 4669 i9).
1284 4597 1392 4654 Sed
1421 4600 1546 4670 quid
1580 4601 1672 4657 ﬁet
1706 4602 1727 4635 ³
1751 4602 1819 4659 de
1853 4605 2123 4675 parvulis?

544 4676 773 4733 Nimium
801 4682 996 4753 quippe
1041 4687 1350 4743 incredibile
1378 4701 1502 4758 est,
1533 4691 1707 4747 nullos
1739 4693 1849 4763 jam
1889 4701 2043 4749 natos
2068 4703 2123 4751 et

543 4770 779 4825 nondum
826 4772 1114 4851 baptizatos
1180 4782 1539 4852 praeoccupari
1596 4783 2016 4841 Christianorum
2056 4786 2121 4841 li-

544 4857 645 4915 lios
666 4862 755 4916 illo
777 4872 1014 4933 tempore
1038 4867 1287 4937 infantes,
1319 4872 1495 4927 nullos
1514 4874 1674 4928 etiam
1695 4876 1823 4944 ipsis
1845 4877 1989 4932 nasci
2008 4877 2119 4946 jam

544 4949 765 5019 diebus;
794 4964 885 5010 aut
910 4957 954 5010 si
982 4968 1156 5027 erunt,
1189 4977 1293 5014 non
1325 4977 1415 5017 eos
1442 4980 1472 5018 a
1496 4966 1801 5033 parentibus
1827 4969 1935 5022 suis
1958 4968 2026 5023 ad
2048 4969 2124 5025 la-

546 5057 763 5099 vacrum
818 5052 1231 5118 regenerationis
1288 5054 1449 5110 modo
1499 5071 1830 5128 quocumque
1883 5061 2122 5130 perduci.

548 5135 695 5205 Quod
722 5140 766 5193 si
796 5143 882 5197 liet
905 5183 918 5207 ,
956 5159 1060 5212 quo
1100 5154 1255 5214 pacto
1281 5145 1453 5201 soluto
1481 5147 1591 5216 jam
1628 5147 1841 5205 diabolo
1870 5166 1997 5206 vasa
2026 5151 2122 5207 ista

550 5229 859 5299 eripieutur,
890 5234 942 5286 in
967 5235 1118 5303 cujus
1142 5236 1358 5290 domum
1387 5252 1544 5293 nemo
1570 5239 1751 5309 intrat,
1776 5250 1833 5294 ut
1857 5256 1979 5296 vasa
2009 5242 2125 5313 ejus

549 5324 756 5392 eripiat,
782 5326 880 5379 nisi
910 5329 1055 5395 prius
1080 5329 1373 5399 alligaverit
1401 5333 1558 5387 eum?
1585 5333 1697 5388 lmo
1720 5349 1845 5389 vero
1873 5333 1922 5388 id
1953 5336 2125 5405 potius

547 5424 629 5467 est
655 5416 1009 5485 credendum,
1041 5436 1139 5475 nec
1163 5422 1252 5491 qui
1281 5423 1475 5478 cadant
1503 5425 1570 5480 de
1600 5426 1834 5481 Ecclesia
1860 5470 1873 5491 ,
1894 5443 2005 5483 ‘nec
2033 5429 2125 5498 qui

550 5507 799 5561 accedant
829 5509 1084 5567 Ecclesia:
1110 5513 1199 5567 illo
1222 5522 1459 5584 tempore
1485 5516 1759 5573 defuturos
1788 5537 1802 5572 :
1826 5519 1919 5574 sed
1947 5520 2126 5589 profe-

670 5646 796 5716 tind.
818 5655 1085 5716 _et_am.,__et
1112 5651 1388 5704 solveretur.
1415 5661 1488 5704 Er.
1516 5662 1569 5706 et
1588 5662 1721 5716 Lov.,
1747 5662 1793 5707 et
1815 5655 2036 5708 solvetur.
2071 5664 2127 5709 At

546 5712 676 5783 Mss,
697 5706 901 5783 etisgl‘vei
922 5722 940 5758 :
963 5706 1145 5783 scilicet
1166 5718 1476 5783 omnipotens
1496 5720 1579 5780 qui
1602 5706 1720 5783 eum
1736 5706 1965 5783 alligavit.

609 5734 673 5764 οι,
697 5734 741 5757 es
757 5734 901 5780 διξιςη
922 5746 935 5758 .
963 5734 1145 5783 δριιιᾳυι
1166 5734 1298 5764 υιῐιιιι
1320 5734 1476 5767 ιοιθηδ
1496 5734 1579 5780 (Illi
1602 5734 1714 5768 eum
1736 5734 1965 5783 θιιιεειγιῑ.

609 5771 637 5847 ⁸7
662 5770 901 5847 medius,
919 5784 1173 5847 timensque
1195 5734 1429 5840 fidelium.
1462 5782 1625 5843 Abest,
1646 5779 1881 5847 ﬁdelium.
1903 5795 1932 5832 a
1953 5781 2127 5845 pleris-

545 5844 643 5898 que
667 5841 1016 5898 manuscriptts.

610 5896 631 5927 ³
662 5903 784 5957 Mss,
818 5894 892 5962 ﬁt.

3682 435 3787 496 θη

2205 558 2293 608 cto
2324 559 2428 606 tam
2455 550 2615 606 fortes
2649 557 2804 605 emat
2827 555 2877 603 et
2906 555 3152 618 parentes
3180 561 3277 620 pro
3304 549 3638 621 baptizandis
3658 567 3787 624 par—

2208 643 2349 699 vulis
2362 644 2549 709 suis,et
2564 642 2617 696 lii
2631 642 2720 712 qui
2737 651 2861 696 tunc
2874 642 3119 711 primitus
3129 642 3379 697 credituri
3396 653 3541 709 sunt,
3564 653 3620 699 ut
3637 646 3783 703 illum

2209 734 2401 790 fortem
2426 734 2640 788 vincant
2670 733 2827 788 etiam
2858 747 2964 787 non
2991 733 3209 803 ligatum
3232 772 3248 800 ,
3281 733 3332 787 id
3362 742 3479 799 est,
3510 737 3783 802 omnibus,

2209 827 2453 899 qualibus
2472 836 2627 882 antea
2650 840 2918 896 nunquam
2940 865 2956 890 ,
2984 825 3069 880 vel
3096 825 3298 881 artibus
3325 825 3682 895 insidiantem,
3705 831 3788 886 vel

2212 925 2487 988 urgentem
2510 918 2730 983 viribus,
2760 925 2815 972 et
2838 915 3118 987 vigilanter
3140 916 3451 987 intelligant,
3478 927 3533 974 et
3559 919 3794 974 toleran-

2213 1019 2294 1066 ter
2313 1010 2511 1076 ferant;
2544 1024 2605 1065 ac
2633 1009 2711 1063 sic
2737 1009 2811 1063 illi
2835 1009 2995 1063 etiam
3018 1022 3127 1064 non
3156 1008 3316 1078 ligato
3339 1009 3653 1079 eripiantur.
3682 1011 3793 1067 Nec

2212 1101 2335 1157 ideo
2362 1101 2491 1156 falsa
2519 1099 2623 1156 erit
2651 1100 2957 1169 evangelica
2984 1098 3071 1153 illa
3099 1100 3383 1167 sententia,
3410 1099 3536 1166 Quis
3560 1103 3717 1156 intrat
3740 1104 3796 1157 in

2211 1196 2417 1251 domum
2440 1195 2602 1264 fortis,
2633 1203 2686 1247 ut
2705 1209 2825 1248 vasa
2844 1194 2954 1264 ejus
2982 1194 3184 1263 eripiat,
3213 1193 3312 1248 nisi
3340 1194 3481 1265 prius
3507 1195 3795 1266 alligaverit

2209 1289 2435 1360 fortem?
2476 1287 2778 1344 Secundum
2825 1286 2967 1342 enim
3007 1285 3287 1340 sententiae
3323 1285 3442 1354 ejus
3474 1288 3793 1354 veritatem,

2208 1380 2341 1436 ordo
2362 1381 2462 1436 iste
2484 1389 2725 1434 servatus
2749 1387 2851 1446 est,
2879 1387 2936 1433 ut
2964 1379 3111 1448 prius
3134 1378 3440 1449 alligaretur
3464 1378 3639 1446 fortis,
3668 1395 3790 1436 ere-

2209 1473 2418 1542 ptisque
2444 1471 2585 1527 vasis
2614 1471 2748 1541 ejus,
2782 1469 2938 1540 longe
2965 1469 3177 1538 lateque
3204 1469 3254 1523 in
3279 1469 3526 1525 omnibus
3547 1471 3800 1540 gentibus

2210 1580 2276 1621 ex
2299 1565 2461 1620 firmis
2483 1574 2536 1621 et
2561 1563 2787 1619 inﬁrmis
2807 1564 2877 1618 ita
2899 1562 3341 1632 multiplicaretur
3361 1562 3621 1630 Ecclesia,
3650 1573 3710 1618 ut
3730 1578 3797 1619 ex

2209 1660 2325 1729 ipsa
2348 1674 2527 1714 rerum
2564 1656 2820 1713 divinitus
2848 1656 3219 1726 praesictarum
3245 1663 3301 1712 et
3335 1656 3673 1726 impletarum
3702 1671 3799 1711 ro-

2209 1750 2515 1806 bustissima
2533 1749 2656 1815 ﬁde,
2676 1750 2837 1804 etiam
2858 1747 3033 1803 soluto
3053 1762 3178 1802 vasa
3200 1747 3370 1818 possit
3389 1745 3626 1804 auferre.
3649 1747 3802 1802 Sicut

2211 1844 2353 1898 enim
2385 1842 2654 1898 fatendum
2699 1849 2811 1909 est,
2840 1841 3131 1897 multorum
3178 1841 3527 1912 refrigescere
3561 1840 3799 1897 charita-

2212 1942 2341 2000 tem,
2365 1949 2486 1989 cum
2525 1932 2758 1987 abundat
2784 1933 3031 2003 iniquitas
3062 1930 3284 2001 (Matth.
3307 1947 3451 1998 xxiv,
3475 1930 3598 2002 i2),
3624 1941 3682 1987 et
3715 1933 3803 1987 in-

2213 2025 2421 2081 usitatis
2448 2023 2796 2095 maximisque
2813 2022 3270 2093 persecutionihus
3282 2034 3439 2094 atque
3451 2023 3672 2081 fallaciis
3683 2023 3801 2081 dia-

2213 2115 2319 2172 boli
2342 2117 2451 2186 jam
2477 2117 2660 2183 soluti,
2684 2131 2777 2171 eos
2797 2116 2886 2187 qui
2916 2116 2971 2170 in
3001 2114 3139 2170 libro
3164 2115 3285 2170 vita:
3314 2116 3497 2186 scripti
3517 2130 3625 2171 non
3649 2126 3799 2185 sunt,

2214 2210 2414 2266 multos
2443 2225 2562 2265 esse
2588 2224 2835 2265 cessuros
2863 2225 2877 2265 :
2904 2207 2975 2263 ita
3004 2207 3340 2279 cogitandum
3367 2215 3469 2274 est,
3497 2223 3601 2263 non
3623 2210 3801 2265 solum

2213 2315 2348 2371 quos
2368 2301 2537 2356 bonos
2560 2301 2739 2356 fideles
2757 2299 2887 2355 illud
2911 2308 3120 2369 tempus
3136 2300 3387 2366 inveniet,
3404 2300 3496 2355 sed
3515 2301 3804 2356 nonnullos

2213 2392 2375 2447 etiam
2400 2392 2489 2461 qui
2514 2390 2640 2446 foris
2667 2390 2840 2447 adhuc
2865 2399 3053 2459 erunt,
3080 2390 3364 2460 adjuvante
3384 2390 3478 2446 Dei
3503 2392 3675 2461 gratia
3696 2407 3799 2462 per

2215 2484 2695 2540 considerationem
2737 2483 3168 2555 Scripturarum,
3210 2484 3263 2538 in
3301 2482 3493 2554 quibus
3521 2492 3576 2538 et
3608 2483 3709 2538 alia
3749 2494 3806 2541 et

2216 2576 2338 2633 finis
2361 2578 2473 2648 ipse
2495 2577 2879 2648 praenuntiatus
2900 2585 2998 2643 est,
3024 2591 3182 2647 quem
3204 2576 3385 2631 venire
3404 2575 3515 2646 jam
3542 2578 3804 2645 sentiunt,

2216 2669 2281 2725 ad
2306 2670 2627 2726 credendum
2657 2669 2799 2742 quod
2829 2684 2935 2726 non
2965 2669 3253 2725 credebant
3277 2711 3292 2736 ,
3328 2670 3531 2725 futuros
3559 2686 3679 2726 esse
3704 2670 3805 2727 ﬁr-

2215 2761 2433 2824 miores,
2462 2770 2517 2817 et
2535 2761 2600 2816 ad
2627 2760 2943 2817 vincendum
2973 2761 3130 2815 etiam
3160 2775 3264 2815 non
3286 2760 3502 2831 ligatum
3530 2759 3806 2818 diabolum

2216 2851 2484 2907 fortiores.
2514 2851 2664 2919 Quod
2692 2852 2736 2905 si
2767 2851 2838 2906 ita
2865 2852 2995 2915 erit,
3030 2861 3312 2921 prapterea
3348 2852 3691 2920 praecessisse
3718 2852 3808 2906 di-

2216 2941 2384 2998 cenda
2401 2950 2483 2997 est
2502 2942 2617 3012 ejus
2635 2941 2886 3011 alligatio,
2907 2952 2963 2996 ut
2980 2952 3033 2996 ct
3055 2943 3199 3013 ligati
3228 2948 3282 2996 ct
3299 2941 3456 2996 soluti
3482 2942 3807 3012 exspoliatio

2217 3042 2529 3104 sequeretur
2544 3051 2556 3087 :
2572 3033 2819 3104 quoniam
2831 3033 2898 3087 de
2921 3032 3019 3087 hac
3040 3049 3097 3088 re
3118 3033 3316 3088 dictum
3334 3040 3434 3097 est,
3458 3032 3582 3099 Quis
3598 3034 3811 3089 intrabit

2216 3126 2272 3180 in
2290 3126 2494 3181 domum
2516 3126 2679 3197 fortis,
2704 3135 2758 3191 ut
2778 3142 2897 3182 vasa
2920 3127 3027 3198 ejus
3051 3127 3249 3196 eripiat,
3275 3126 3372 3179 nisi
3393 3127 3532 3196 prius
3551 3126 3809 3198 alligave-

2217 3221 2286 3275 rit
2317 3225 2493 3293 fortem
2512 3221 2539 3275 ?

2219 3330 2444 3387 CAPUT
2472 3330 2647 3385 lX.-—
2667 3329 2814 3397 Quod
2838 3331 2901 3385 sit
2926 3346 3134 3401 regnum
3163 3338 3449 3384 sanctorum
3472 3344 3583 3381 cum
3603 3326 3816 3385 Christo

2292 3438 2380 3491 per
2395 3421 2531 3476 mille
2546 3438 2723 3487 annos,
2745 3431 2788 3474 et
2808 3422 2861 3474 in
2880 3438 2977 3488 quo
2998 3420 3312 3474 discernatur
3327 3437 3359 3472 a
3374 3435 3525 3490 regno
3543 3427 3758 3475 aeterno.

2293 3535 2344 3589 1.
2389 3535 2596 3589 interea
2625 3533 2750 3588 dum
2791 3534 2935 3587 mille
2975 3534 3128 3587 annis
3168 3533 3360 3603 ligatus
3397 3539 3484 3586 est
3519 3531 3814 3600 diabolus,

2220 3626 2390 3680 sancti
2416 3626 2433 3657 ί
2466 3634 2687 3695 regnant
2717 3639 2835 3678 cum
2861 3620 3074 3677 Christo
3115 3623 3273 3677 etiam
3317 3622 3445 3691 ipsis
3473 3621 3618 3676 mille
3656 3622 3817 3679 annis

2221 3718 2422 3775 eisdem
2451 3718 2564 3773 sine
2592 3716 2786 3781 dubio,
2834 3725 2887 3770 et
2915 3714 3101 3769 eodem
3149 3713 3306 3767 modo
3337 3712 3691 3783 intelligendis
3712 3755 3732 3780 ,
3760 3714 3818 3769 id

2222 3820 2323 3879 est,
2356 3811 2459 3866 isto
2481 3810 2591 3879 jam
2625 3819 2861 3879 tempore
2897 3808 3090 3877 prioris
3117 3806 3231 3878 ejus
3260 3806 3538 3860 adventus.
3576 3807 3818 3875 Excepto

2222 3903 2417 3972 quippe
2445 3901 2534 3954 illo
2555 3916 2739 3969 regno,
2770 3898 2839 3953 de
2866 3913 2969 3968 quo
2997 3898 3047 3951 in
3082 3898 3185 3950 line
3210 3897 3449 3951 dicturus
3476 3905 3578 3961 est,
3609 3895 3815 3962 Venite,

2225 3993 2485 4049 benedicti
2514 3992 2685 4046 Patris
2729 3991 2825 4045 mei
2845 4032 2858 4054 ,
2895 3989 3142 4059 possidete
3171 3998 3403 4058 paratum
3437 3988 3575 4041 vobis
3602 4005 3819 4058 regnum

2225 4087 2434 4156 (Matth.
2453 4102 2579 4154 xxv,
2605 4084 2718 4155 5ft),
2748 4084 2846 4138 nisi
2878 4083 2983 4136 alio
3008 4082 3184 4152 aliquo
3210 4081 3386 4145 modo,
3416 4080 3571 4151 longe
3596 4079 3818 4150 quidem

2225 4178 2436 4249 impari,
2458 4178 2566 4246 jam
2591 4191 2729 4230 nunc
2755 4183 3039 4245 regnarent
3069 4187 3188 4228 eum
3218 4172 3308 4226 illo
3335 4173 3503 4226 sancti
3532 4172 3667 4241 ejus,
3690 4172 3818 4242 qui-

2224 4270 2325 4326 bus
2346 4270 2440 4334 ait,
2462 4268 2596 4323 Ecce
2626 4285 2714 4339 ego
2743 4268 2992 4322 vobiscum
3021 4283 3130 4320 sum
3152 4282 3308 4338 usque
3335 4266 3389 4319 in
3416 4266 3820 4320 consummatio-

2226 4379 2339 4417 nem
2364 4362 2535 4417 saeculi
2562 4359 2681 4434 (Id.
2711 4376 2896 4423 xxvm,
2925 4359 3061 4429 20);
3089 4357 3327 4428 profecto
3356 4372 3461 4411 non
3492 4357 3652 4412 etiam
3674 4372 3823 4413 nunc

2226 4457 2492 4512 diceretur
2521 4455 2759 4509 Ecclesia
2786 4465 3005 4524 regnum
3037 4452 3171 4522 ejus,
3204 4466 3494 4522 regnumve
3516 4450 3812 4505 ctelorum.

2225 4548 2358 4604 Nam
2384 4548 2562 4617 utique
2588 4546 2688 4601 isto
2717 4556 2954 4614 tempore
2981 4544 3033 4598 in
3060 4557 3224 4614 regno
3256 4542 3347 4596 Dei
3370 4542 3608 4597 eruditur
3638 4541 3822 4597 scriba

2226 4641 2353 4707 illc,
2407 4639 2496 4709 qui
2549 4636 2750 4709 profert
2804 4636 2871 4692 de
2921 4636 3171 4691 thesauro
3223 4648 3321 4690 suo
3363 4648 3495 4689 nova
3548 4643 3602 4688 et
3634 4643 3826 4689 vetera

2228 4732 2247 4803 (
2270 4731 2455 4785 Matth.
2485 4745 2611 4797 xm,
2641 4729 2710 4784 59.
2729 4729 2769 4799 ),
2800 4728 2868 4783 de
2894 4743 2999 4799 quo
3027 4742 3184 4797 supra
3216 4727 3375 4783 locuti
3403 4741 3605 4781 sumus.
3639 4721 3705 4781 Et
3745 4726 3824 4783 de

2229 4825 2469 4880 Ecclesia
2511 4822 2780 4878 collecturi
2822 4831 2944 4877 sunt
2986 4821 3187 4876 zizania
3235 4834 3501 4875 messores
3553 4820 3825 4891 illi,qua:

2227 4916 2466 4987 permisit
2483 4930 2602 4971 cum
2625 4914 2800 4969 tritico
2820 4913 2978 4968 simul
2998 4927 3240 4968 crescere
3255 4927 3425 4983 usque
3445 4910 3509 4965 ad
3536 4925 3773 4966 messem
3806 4925 3826 4966 τ

2228 5007 2366 5079 quod
2404 5021 2676 5078 exponens
2702 5007 2804 5070 ait,
2837 5005 3017 5061 Messis
3056 5014 3125 5061 est
3177 5004 3295 5074 ﬁnis
3335 5003 3549 5069 swcuti;
3577 5018 3833 5061 messores

2229 5112 2396 5156 autem
2439 5100 2619 5170 Angeli
2656 5108 2791 5153 sunt.
2833 5098 2980 5153 Sicut
3018 5114 3134 5167 ergo
3172 5095 3478 5167 colliguntur
3506 5094 3702 5148 zizania
3724 5111 3748 5159 ;
3784 5105 3836 5151 et

2228 5193 2334 5264 igni
2362 5192 2748 5254 comburuntur;
2785 5190 2857 5245 sic
2901 5190 2993 5244 erit
3029 5190 3082 5241 in
3124 5186 3555 5241 consummatione
3595 5185 3776 5238 sazculi
3812 5203 3834 5244 :

2229 5287 2389 5339 mittet
2412 5283 2576 5337 Filius
2598 5282 2812 5338 hominis
2836 5280 3051 5351 Angelos
3076 5295 3213 5341 suos,
3242 5287 3289 5331 ct
3317 5277 3554 5347 colligant
3581 5277 3644 5329 de
3662 5292 3835 5345 regno

2229 5379 2339 5449 ejus
2359 5377 2527 5431 omnia
2545 5375 2785 5429 scandala
2815 5372 2999 5444 (Ibid.,
3030 5372 3245 5439 39-41).
3273 5368 3536 5440 Numquid
3563 5367 3631 5423 de
3653 5384 3840 5439 regna

2232 5469 2347 5535 illo,
2371 5464 2460 5522 ubi
2486 5466 2628 5521 nulla
2651 5474 2773 5520 sunt
2792 5463 3080 5520 scandala?
3109 5464 3184 5517 De
3210 5464 3314 5517 isto
3334 5478 3459 5531 ergo
3484 5475 3651 5530 regno
3675 5460 3832 5530 ejus,

2231 5560 2371 5632 quod
2394 5570 2477 5616 est
2501 5559 2588 5615 hic
2612 5556 2869 5623 Ecclesia,
2894 5556 3230 5625 colligentur.
3256 5554 3386 5610 [tem
3408 5553 3554 5617 dicit,
3585 5552 3684 5618 Qui
3711 5556 3838 5609 solo

2232 5654 2355 5707 verit
2398 5669 2553 5707 unum
2596 5652 2656 5704 de
2689 5649 2941 5703 mandatis
2968 5649 3080 5702 istis
3120 5648 3342 5701 minimis
3363 5688 3377 5710 ,
3407 5656 3457 5700 et
3482 5646 3710 5699 docuerit
3756 5649 3839 5703 sic

2234 5748 2478 5810 homines,
2504 5741 2740 5799 minimus
2763 5742 3019 5799 vocabitur
3044 5743 3096 5796 in
3126 5758 3280 5812 regno
3306 5741 3543 5795 caelorum
3578 5755 3592 5795 :
3622 5742 3708 5810 qui
3732 5760 3840 5799 att-

2298 5908 2317 5937 ⁸
2352 5907 2484 5967 Editi,
2512 5902 2662 5955 sancti
2680 5900 2785 5953 Dei.
2809 5909 2863 5954 At
2898 5899 3206 5962 manuscnpti
3222 5900 3465 5957 omittunt,
3494 5895 3595 5946 Dei.
