4062 6502
255 443 358 506 ϐπ

253 571 348 614 teut
377 558 590 631 fecerit,
621 565 668 612 et
693 557 766 614 sic
802 557 1028 613 docuerit
1051 597 1066 625 ,
1097 571 1312 620 magnus
1334 553 1590 610 vocabitur
1617 553 1668 608 in
1697 569 1851 624 regno

249 651 494 706 calorum
515 648 731 724 (Matth.
755 665 811 717 v,
833 649 946 720 l9).
971 644 1262 718 Utrumque
1281 645 1410 702 dicit
1439 645 1492 700 in
1511 659 1675 714 regno
1689 642 1854 698 coelo-

251 759 386 808 rum,
407 753 464 798 et
484 743 576 814 qui
602 757 708 797 non
735 741 862 796 facit
881 739 1128 796 mandata
1150 754 1271 810 quae
1283 738 1462 802 docet,
1485 737 1586 792 hoc
1606 744 1690 790 est
1709 734 1852 790 enim

249 835 483 900 solvere,
518 849 624 890 non
658 845 896 896 servare,
927 847 1036 888 non
1064 830 1275 896 facere;
1308 840 1363 886 et
1392 829 1542 884 illum
1571 827 1660 898 qui
1687 825 1812 881 facit
1833 865 1848 890 ,

245 935 298 981 et
325 927 406 982 sic
433 925 598 982 docet
626 944 639 980 :
665 926 760 980 sed
788 925 948 980 istum
977 924 1278 988 minimum,
1309 922 1454 976 illum
1487 934 1758 990 magnum.
1783 917 1854 974 Et

245 1020 506 1075 continuo
535 1026 756 1074 secutus
781 1015 1020 1087 adjungit
1041 1057 1054 1080 ,
1085 1015 1214 1070 Dico
1240 1014 1372 1068 enim
1424 1011 1581 1077 vobis,
1609 1009 1728 1080 quia
1753 1009 1853 1062 nisi

245 1111 584 1166 abundaverit
596 1110 800 1181 justitia
819 1119 982 1164 uestra
1008 1124 1161 1180 super
1186 1104 1480 1162 Scribarum
1499 1113 1543 1157 et
1563 1101 1854 1156 Pharist-

247 1223 356 1258 rum
379 1247 394 1268 ,
428 1204 623 1271 idest,
651 1217 814 1273 super
833 1203 1094 1272 justitiam
1135 1213 1320 1256 eorum
1363 1198 1452 1268 qui
1476 1197 1688 1252 solvunt
1710 1193 1852 1266 quod

245 1295 443 1350 ducent
468 1296 510 1348 ι.
537 1295 612 1350 De
637 1293 840 1350 Scribis
864 1294 1010 1350 enim
1038 1300 1094 1348 et
1123 1288 1407 1346 Pharisasis
1435 1287 1564 1344 dicit
1581 1288 1687 1342 alio
1709 1287 1849 1354 loco,

247 1387 512 1450 Quoniam
543 1387 738 1454 dicunt,
769 1395 938 1440 etnon
969 1385 1163 1458 faciunt
1197 1381 1418 1454 (Matth.
1447 1397 1596 1448 χχιιι,
1625 1379 1718 1452 ὅ).
1739 1377 1852 1433 Nisi

246 1493 374 1548 ergo
395 1493 565 1549 super
601 1492 697 1533 eos
725 1476 1076 1534 abundaverit
1099 1473 1304 1546 justitia
1331 1481 1504 1528 vestra
1526 1514 1540 1538 ,
1573 1470 1625 1525 id
1655 1479 1766 1534 εει,
1795 1477 1854 1524 ιιι

245 1585 339 1622 vos
363 1585 476 1623 non
501 1568 742 1634 solvatis,
770 1567 863 1623 sed
892 1565 1102 1622 faciatis
1127 1565 1300 1636 potius
1327 1563 1470 1634 quod
1497 1561 1728 1628 docetis,
1751 1576 1853 1614 non

247 1661 527 1728 iutrabitis,
557 1661 750 1732 inquit,
771 1661 826 1715 in
846 1677 1057 1732 regnum
1084 1659 1322 1714 caelorum
1352 1655 1470 1728 (Μ.
1497 1672 1550 1720 v,
1581 1653 1651 1710 20
1669 1653 1708 1724 ).
1731 1653 1852 1709 Alio

249 1753 412 1808 modo
440 1753 602 1824 igitur
631 1751 1030 1823 intelligendum
1065 1762 1148 1807 est
1185 1765 1407 1820 regnum
1437 1747 1695 1804 celerum
1715 1787 1728 1812 ,
1759 1745 1850 1800 ubi

247 1845 410 1900 ambo
448 1853 616 1911 sunt,
643 1853 698 1898 et
740 1843 828 1899 ille
868 1842 1074 1898 scilicet
1101 1841 1192 1912 qui
1231 1839 1389 1894 solvit
1417 1837 1558 1910 quod
1590 1835 1766 1902 docet,
1798 1842 1854 1890 et

248 1939 338 1994 ille
365 1937 459 2008 qui
501 1937 662 2002 facit;
695 1935 790 1992 sed
837 1935 924 1990 ille
963 1935 1236 1998 minimus,
1266 1932 1366 1987 ἱειε
1395 1944 1620 2002 magnus
1651 1929 1672 1960 ²
1704 1944 1718 1980 :
1746 1927 1852 1982 alio

250 2029 414 2084 modo
439 2037 620 2086 autem
645 2043 866 2098 regnum
896 2025 1154 2082 oculorum
1181 2023 1394 2088 dicitur,
1427 2035 1533 2091 quo
1555 2034 1660 2075 non
1689 2019 1854 2074 intrat

252 2121 352 2178 nisi
377 2123 474 2178 ille
497 2121 588 2192 qui
617 2120 758 2176 facit.
787 2121 864 2174 Ac
893 2133 989 2189 per
1015 2117 1116 2172 hoc
1139 2115 1228 2171 ubi
1251 2123 1534 2183 utrumque
1559 2125 1725 2182 genus
1747 2121 1848 2176 εει,

253 2212 494 2268 Ecclesia
527 2221 611 2268 est
637 2211 806 2281 qualis
835 2225 974 2264 nunc
1004 2217 1088 2264 est
1129 2225 1144 2262 :
1185 2205 1272 2262 ubi
1310 2213 1488 2260 autem
1523 2201 1650 2258 illud
1677 2202 1850 2257 solum

251 2306 372 2370 erit,
403 2303 647 2359 Ecclesia
674 2311 758 2358 εει
783 2300 952 2372 qualis
974 2309 1100 2354 tunc
1125 2299 1248 2366 erit,
1271 2295 1485 2368 quando
1511 2296 1682 2350 malus
1711 2295 1762 2348 in
1789 2307 1852 2348 ea

253 2415 356 2452 non
387 2397 516 2452 erit.
551 2397 690 2464 Ergo
721 2393 956 2450 Ecclesia
985 2401 1040 2448 et
1073 2406 1214 2446 nunc
1241 2397 1326 2446 est
1353 2403 1579 2460 regnum
1611 2385 1810 2442 Christi
1835 2426 1850 2454 ,

253 2506 590 2562 regnumque
616 2489 894 2545 caelorum.
921 2487 1167 2556 Regnent
1205 2485 1382 2554 itaque
1409 2497 1530 2538 cum
1559 2481 1651 2536 illo
1690 2479 1852 2535 etiam

255 2599 393 2638 nunc
415 2581 588 2637 sancti
611 2581 748 2650 ejus,
767 2580 920 2634 aliter
935 2577 1172 2648 quidem,
1192 2590 1348 2646 quam
1373 2583 1499 2629 tunc
1519 2571 1816 2644 regnabant
1837 2587 1850 2624 :

255 2689 352 2730 nec
383 2683 568 2730 tamen
596 2689 716 2728 cum
759 2671 852 2728 illo
881 2679 1106 2741 regnant
1133 2669 1332 2723 zizania
1354 2710 1369 2736 ,
1402 2665 1643 2736 quamvis
1667 2665 1718 2719 in
1752 2662 1856 2718 Ec-

255 2767 418 2822 clesia
459 2781 586 2820 cum
633 2765 808 2820 tritico
855 2769 1121 2818 crescant.
1163 2760 1408 2830 Regnent
1435 2757 1576 2813 enim
1605 2769 1724 2811 cum
1763 2754 1856 2810 illo

261 2859 348 2928 qui
378 2858 588 2912 faciunt
629 2854 768 2926 quod
809 2853 1098 2925 Apostolus
1133 2851 1236 2917 ait,
1269 2849 1328 2905 Si
1360 2848 1700 2904 resurrexistis
1742 2861 1856 2900 cum

255 2949 480 3018 Christo,
493 2965 610 3019 qua?
625 2964 820 3002 sursum
834 2955 948 3001 sunt
969 2945 1148 3016 sapite,
1163 2943 1248 2997 ubi
1256 2939 1488 2998 Christus
1501 2949 1572 2996 est
1587 2941 1638 2994 in
1653 2939 1857 2994 dextera

257 3041 351 3097 Dei
374 3042 560 3096 sedens
581 3057 598 3096 :
622 3055 734 3106 qua
752 3053 950 3092 sursum
969 3035 1197 3107 quierite,
1231 3050 1332 3089 non
1357 3048 1470 3103 qua:
1493 3047 1644 3102 super
1673 3041 1857 3085 terram

263 3133 484 3204 (Coloss.
507 3148 587 3198 ιιι,
611 3132 636 3186 1
661 3141 708 3185 et
723 3131 800 3202 2).
821 3129 898 3184 Βε
919 3127 1163 3200 qualibus
1185 3125 1310 3180 item
1333 3124 1482 3188 dicit,
1507 3121 1648 3193 quod
1672 3135 1856 3177 eorum

261 3224 602 3280 conversatio
631 3222 700 3276 sit
739 3221 791 3274 in
823 3219 972 3274 costis
999 3215 1258 3290 (Philipp.
1291 3231 1348 3271 ιιι
1415 3213 1533 3285 20).
1580 3211 1860 3268 Postremo

263 3327 488 3388 regnant
537 3331 657 3370 cum
701 3315 811 3378 illo,
857 3313 946 3382 qui
991 3325 1056 3366 eo
1084 3308 1245 3365 modo
1265 3315 1385 3362 sunt
1435 3306 1486 3360 in
1517 3318 1682 3374 regno
1721 3303 1857 3374 ejus,

267 3419 320 3463 ut
343 3409 452 3463 sint
477 3407 642 3462 etiam
671 3405 769 3474 ipsi
797 3417 1021 3474 regnum
1053 3401 1190 3472 ejus.
1227 3395 1507 3466 Quomodo
1534 3403 1709 3450 autem
1738 3401 1862 3448 sunt

267 3515 486 3572 regnum
542 3496 778 3562 Christi,
805 3499 930 3567 qui,
982 3503 1040 3548 ιιι
1086 3493 1188 3548 alia
1231 3501 1434 3546 taceam
1461 3531 1474 3556 ,
1519 3485 1758 3558 quamvis
1789 3483 1862 3540 ibi

265 3595 370 3649 sint
399 3593 582 3647 donec
625 3589 942 3659 colligantur
967 3586 1020 3640 in
1067 3583 1174 3638 ﬁne
1214 3579 1396 3638 smculi
1437 3578 1504 3634 de
1545 3591 1710 3648 regno
1747 3575 1862 3646 ejus

265 3685 440 3739 omnia
461 3681 734 3746 scandala,
757 3689 933 3734 tamen
955 3677 1062 3733 illic
1080 3689 1176 3732 sua
1192 3679 1459 3745 quaerunt,
1478 3685 1586 3726 non
1601 3685 1721 3740 quae
1735 3667 1865 3724 Jesu

267 3777 466 3833 Christi
499 3775 621 3848 (1d.
655 3771 882 3846 11,21)?

335 3873 391 3926 2.
427 3873 506 3927 Ι)ε
537 3871 639 3926 Ιιοε
673 3885 802 3939 ergo
841 3881 1007 3940 regno
1049 3864 1284 3931 militiis,
1317 3863 1371 3918 in
1401 3876 1507 3933 quo
1536 3859 1714 3915 adhuc
1739 3871 1863 3912 cum

271 3965 426 4020 hoste
451 3963 779 4034 conﬂigitur,
809 3969 864 4016 et
899 3957 1186 4030 aliquando
1211 3963 1534 4026 repugnatur
1561 3963 1866 4022 repugnan-

271 4055 412 4112 tibus
447 4057 594 4111 vitiis
615 4055 658 4120 ³,
687 4052 972 4124 aliquando
1011 4049 1324 4106 cedentibus
1359 4049 1668 4118 imperatur,
1697 4043 1870 4098 donec

269 4153 522 4206 veniatur
550 4149 615 4205 ad
649 4147 775 4203 illud
805 4146 1202 4218 pacatissimam
1232 4157 1477 4212 regnum,
1511 4139 1598 4194 ubi
1623 4137 1740 4193 sine
1765 4134 1869 4192 ho-

275 4253 358 4298 ste
397 4241 744 4312 regnabitur,
775 4247 830 4294 et
865 4237 932 4293 de
979 4237 1080 4292 hac
1119 4235 1287 4306 prima
1331 4229 1722 4288 resurrectione
1751 4241 1870 4298 qua:

275 4351 417 4393 nunc
445 4343 557 4400 est,
593 4333 728 4388 liber
761 4331 862 4386 iste
891 4331 968 4386 sic
995 4329 1246 4399 loquitur.
1273 4325 1404 4381 Cum
1446 4323 1587 4379 enim
1617 4322 1864 4386 dixisset,

275 4427 482 4498 alligari
523 4425 795 4480 diabolum
835 4422 980 4478 mille
1010 4421 1192 4488 annis,
1226 4429 1279 4474 et
1322 4427 1508 4489 postea
1547 4413 1680 4470 solvi
1724 4411 1871 4467 brevi

279 4531 552 4592 tempore;
587 4534 708 4572 mox
759 4514 1158 4587 recapitulando
1208 4510 1334 4582 quid
1371 4511 1424 4565 in
1455 4508 1572 4564 istis
1602 4506 1748 4560 mille
1777 4520 1872 4558 an-

279 4617 364 4671 nis
389 4623 516 4686 agat
544 4611 784 4668 Ecclesia
828 4611 910 4665 vel
953 4617 1137 4680 agatur
1175 4607 1229 4661 in
1268 4621 1329 4660 ea
1353 4645 1367 4668 ,
1397 4601 1464 4656 Et
1505 4601 1606 4654 uidi
1626 4642 1642 4666 ,
1671 4597 1870 4668 inquit,

281 4685 496 4762 sederet
521 4704 749 4759 sedentes
775 4717 928 4770 super
953 4716 1056 4764 eas,
1087 4707 1134 4752 et
1153 4694 1408 4768 judicium
1436 4693 1610 4746 datum
1638 4699 1728 4744 est.
1755 4685 1872 4744 Non

285 4799 386 4853 hoc
421 4795 720 4868 putandum
753 4801 832 4849 est
859 4792 925 4846 de
958 4791 1146 4845 ultimo
1181 4787 1382 4859 judicio
1419 4785 1522 4839 dici
1553 4801 1566 4836 :
1595 4783 1688 4838 sed
1721 4780 1875 4836 sedes

285 4891 719 4962 prtepositorum,
749 4895 802 4940 et
829 4885 927 4956 ipsi
959 4880 1226 4954 prmpositi
1257 4876 1580 4948 intelligendi
1607 4884 1748 4940 Sunt,
1781 4889 1876 4944 per

283 4998 418 5052 quos
445 4981 689 5034 Ecclesia
727 4989 869 5032 nunc
907 4975 1251 5044 gubernatur.
1282 4967 1544 5025 iudicium
1581 4973 1754 5022 autem
1783 4965 1877 5018 da-

287 5087 398 5130 tum
447 5073 656 5128 nullum
707 5069 896 5124 melius
939 5065 1303 5138 accipiendum
1347 5061 1584 5124 videtur,
1626 5072 1782 5128 quam
1825 5055 1877 5110 id

285 5165 426 5236 quod
455 5164 658 5217 dictum
689 5169 792 5224 est,
827 5157 952 5226 Quia
977 5155 1249 5227 ligaveritis
1278 5155 1331 5206 in
1361 5161 1514 5216 terra,
1547 5151 1706 5219 ligata
1733 5153 1878 5201 erunt

249 5291 258 5300 -
289 5269 338 5312 et
365 5259 414 5310 in
441 5256 570 5310 cazlo
591 5273 611 5320 ,'
637 5263 684 5308 et
711 5266 822 5323 qua:
847 5249 1091 5304 soluerilis
1115 5248 1168 5300 in
1197 5255 1330 5300 terra
1353 5285 1368 5310 ,
1399 5243 1565 5298 soluta
1591 5249 1732 5294 erunt
1760 5247 1804 5292 et
1827 5236 1881 5292 in

291 5347 414 5400 τωιο
441 5348 464 5419 (
487 5345 675 5399 Matth.
705 5359 832 5397 xvtn
854 5383 867 5404 ,
903 5342 968 5395 l8
993 5341 1032 5410 ).
1062 5338 1214 5394 Unde
1237 5335 1522 5404 Apostolus
1542 5375 1556 5399 ,
1588 5331 1726 5398 Quid
1749 5330 1880 5384 enim

291 5440 416 5492 mihi
443 5447 537 5500 est,
563 5435 752 5505 inquit,
779 5433 840 5486 de
867 5433 943 5486 his
964 5433 1048 5502 qui
1075 5431 1196 5501 [oris
1219 5436 1332 5484 sunt
1349 5425 1618 5498 judicare?
1639 5439 1802 5477 nonne
1821 5423 1883 5476 de

293 5529 374 5581 his
393 5529 478 5598 qui
500 5527 638 5580 intus
663 5534 776 5579 sunt
798 5539 882 5577 vos
897 5521 1139 5594 judicatis
1163 5519 1204 5590 (l
1226 5519 1343 5572 Cor.
1366 5533 1418 5583 ν,
1445 5515 1570 5586 12)?
1593 5513 1659 5568 Et
1679 5514 1881 5582 aninuc,

293 5617 487 5690 inquit,
523 5617 802 5670 occisorum
833 5623 1034 5684 propter
1059 5609 1394 5665 testimonium
1431 5605 1579 5674 Jesu,
1607 5613 1654 5659 et
1683 5613 1887 5676 propter

361 5735 378 5765 ί
413 5736 745 5790 οιῐιῑιεείῐιιεεη
769 5727 821 5777 id
847 5732 915 5777 est
951 5738 1094 5790 super
1113 5736 1192 5774 eos
1221 5721 1304 5786 qui
1335 5719 1518 5772 solvunt
1542 5718 1668 5782 quod
1698 5717 1884 5767 docent.

361 5797 382 5826 ⁸
413 5801 547 5849 Mss,
563 5789 648 5840 ille
663 5803 881 5852 nmgnus.

363 5855 383 5888 ³
407 5838 942 5912 PTures"uiantiscripti,
985 5845 1302 5912 pugnantibus
1325 5845 1468 5897 ciliis.
1505 5851 1560 5892 lit.
1589 5855 1700 5894 mox
1743 5838 1888 5890 iidem

293 5919 478 5983 aliique
491 5927 688 5976 omnes,
719 5910 991 5976 aliquando
1001 5910 1276 5962 cadentium
1285 5932 1295 5942 -

1611 437 1814 495 LIBER
1851 435 2230 496 VlGESlMUS.

3431 441 3538 502 67‘

1959 553 2160 610 uerbum
2187 549 2286 604 Dei
2313 566 2330 604 :
2357 549 2667 607 subauditur
2691 550 2832 624 quod
2857 557 3043 623 postea
3065 551 3302 610 dicturus
3325 563 3430 623 est,
3459 573 3537 612 re-

1958 654 2235 717 gnaverunt
2273 660 2387 698 cum
2422 643 2546 698 Jesu
2573 643 2710 699 mille
2737 646 2886 700 annis
2911 643 3091 718 (Apoc.
3121 661 3211 714 xx,
3237 645 3320 718 4),
3345 648 3538 705 animm

1959 737 2160 792 scilicet
2185 744 2474 806 martyrum
2502 735 2735 790 nondum
2769 735 2870 792 sibi
2895 738 3208 806 corporibus
3232 739 3344 794 suis
3369 737 3538 796 reddi~

1961 828 2046 882 tis.
2077 827 2257 898 Neque
2281 828 2422 882 enim
2453 827 2660 898 piorum
2687 829 2877 883 animas
2915 841 3244 884 mortuorum
3273 844 3536 900 separan-

1961 929 2044 975 tur
2069 921 2136 976 ab
2163 919 2395 976 Ecclesia
2412 961 2429 986 ,
2453 934 2572 994 quae
2601 934 2740 976 nunc
2773 921 2933 976 etiam
2958 929 3041 978 est
3068 937 3288 992 regnum
3313 921 3534 978 Christi.

1959 1011 2204 1082 Alioquin
2233 1027 2330 1070 nec
2355 1012 2422 1066 ad
2451 1013 2618 1067 altare
2649 1013 2740 1068 Dei
2771 1013 2925 1068 ﬁeret
2965 1029 3148 1069 eorum
3189 1017 3443 1070 memoria
3479 1016 3534 1072 in

1957 1105 2440 1162 communicatione
2464 1105 2704 1176 corporis
2740 1104 2976 1172 Christi;
3017 1122 3114 1162 nec
3140 1107 3336 1178 aliquid
3373 1107 3535 1178 prod—

1955 1206 2098 1252 esset
2133 1197 2198 1252 ad
2239 1197 2355 1266 ejus
2399 1197 2450 1250 in
2499 1196 2751 1266 periculis
2790 1195 3120 1266 Baptismum
3167 1212 3411 1266 currere,
3467 1211 3536 1252 ne

1955 1289 2070 1344 sine
2097 1289 2188 1342 illo
2217 1289 2430 1345 ﬁniatur
2459 1289 2573 1345 huic
2603 1290 2738 1356 vita;
2769 1304 2872 1345 nec
2909 1289 2974 1344 ad
3012 1291 3532 1360 reconciliationem,

1957 1383 2002 1436 si
2029 1382 2166 1438 forte
2193 1398 2287 1452 per
2314 1382 2674 1452 paenitentiam
2701 1383 2963 1436 malamve
2992 1383 3367 1438 conscientiam
3389 1383 3538 1452 quip-

1956 1490 2058 1543 que
2086 1474 2154 1530 ab
2183 1473 2370 1530 eodem
2399 1489 2624 1544 corpore
2659 1483 2936 1543 separatus
2961 1481 3062 1528 est.
3099 1472 3207 1528 Cur
3233 1475 3372 1528 enim
3403 1474 3538 1530 ﬁunt

1957 1565 2056 1620 ista
2081 1607 2097 1632 ,
2127 1567 2228 1621 nisi
2262 1567 2382 1637 quia
2424 1567 2636 1632 ﬁdeles,
2667 1567 2826 1622 etiam
2853 1565 3124 1634 defuncti,
3155 1567 3392 1622 tnentbra
3421 1567 3538 1638 ejus

1955 1659 2116 1712 sunt?
2151 1657 2402 1724 Quamvis
2443 1672 2573 1728 ergo
2611 1673 2730 1712 cum
2773 1659 2885 1714 suis
2920 1659 3235 1728 corporibus
3265 1657 3533 1725 nondum,

1951 1749 2062 1820 jam
2093 1759 2264 1806 tamen
2291 1765 2474 1806 eorum
2502 1751 2692 1806 animae
2729 1761 2951 1822 regnant
2979 1767 3097 1806 cum
3131 1752 3250 1814 illo,
3281 1751 3408 1806 dum
3449 1752 3538 1810 isti

1957 1841 2102 1896 mille
2121 1843 2244 1896 anni
2266 1841 2572 1898 decurrunt.
2597 1841 2744 1897 Unde
2767 1843 2816 1896 in
2841 1841 2942 1898 hoc
2967 1843 3155 1898 eodem
3179 1844 3313 1900 libro
3331 1851 3386 1899 et
3405 1843 3533 1898 alibi

1957 1931 2148 2003 legitur
2175 1951 2188 1986 :
2211 1933 2356 2002 Beati
2377 1936 2579 2002 mortui,
2600 1936 2684 2006 qui
2707 1936 2760 1989 in
2781 1935 2996 1990 Domino
3019 1937 3320 2002 moriuntur,
3344 1936 3530 1990 amodo

1957 2035 2002 2082 et
2031 2028 2146 2098 jam
2172 2028 2294 2082 dicit
2321 2027 2546 2100 Spiritus
2566 2069 2583 2096 ,
2613 2039 2668 2082 ut
2711 2029 3016 2099 requiescant
3041 2047 3074 2082 a
3103 2029 3354 2084 laboribus
3378 2031 3522 2099 suis;

1955 2135 2074 2174 nam
2113 2136 2268 2190 Opera
2303 2137 2474 2176 eorum
2517 2129 2790 2190 sequuntur
2823 2120 2937 2174 illos
2967 2118 3096 2190 (Id.
3129 2137 3236 2186 xw,
3269 2122 3335 2176 15
3353 2121 3395 2194 ).
3425 2121 3534 2176 Re-

1955 2225 2083 2287 gnat
2111 2219 2286 2288 itaque
2313 2231 2433 2271 cum
2456 2215 2668 2270 Christo
2698 2229 2838 2269 nunc
2861 2215 3088 2284 primum
3119 2215 3352 2271 Ecclesia
3377 2216 3430 2270 in
3456 2216 3506 2270 vi
3531 2241 3538 2258 τ

1955 2312 2038 2366 vis
2065 2319 2118 2368 et
2145 2309 2390 2366 mortuis.
2437 2307 2690 2363 Printerea
2721 2307 2884 2372 enim,
2911 2306 3048 2362 sicut
3075 2307 3202 2362 dicit
3227 2307 3536 2377 Apostolus,

1957 2410 2184 2456 mortuus
2207 2409 2279 2456 est
2305 2400 2552 2466 Christus,
2575 2407 2630 2452 ut
2654 2407 2700 2452 et
2725 2399 2947 2452 uiuorum
2971 2405 3016 2452 et
3045 2409 3354 2452 mortuorum
3373 2399 3542 2454 donti-

1957 2501 2102 2548 netur
2127 2491 2300 2562 (Rom.
2327 2507 2438 2558 XIV,
2469 2491 2546 2561 9).
2573 2489 2678 2546 Sed
2707 2487 2826 2544 ideo
2855 2488 3222 2543 tantummodo
3248 2497 3544 2560 martyrum

1959 2585 2164 2640 animas
2205 2581 2668 2645 commemoravit,
2709 2580 2830 2650 quia
2877 2577 2974 2648 ipsi
3019 2580 3282 2648 prrecipue
3321 2587 3546 2650 regnant

1919 2729 1924 2734 .
1959 2675 2190 2742 mortui,
2217 2675 2306 2746 qui
2339 2689 2504 2744 usque
2543 2671 2610 2726 ad
2647 2681 2874 2726 mortem
2912 2686 3010 2740 pro
3043 2673 3266 2726 veritate
3299 2681 3545 2727 certave-

1959 2777 2104 2824 runt.
2127 2767 2232 2824 Sed
2255 2783 2284 2822 a
2312 2777 2460 2836 parte
2485 2773 2650 2821 totum
2677 2763 2752 2836 (a)
2777 2763 2938 2818 etiam
2963 2771 3186 2818 caeteros
3209 2773 3448 2818 mortuos
3467 2764 3550 2820 in-

1961 2860 2250 2932 telligimus
2277 2859 2602 2930 pertinentes
2623 2855 2692 2912 ad
2715 2855 3030 2920 Ecclesiam,
3057 2853 3198 2925 quod
3219 2863 3305 2911 est
3323 2869 3548 2926 regnum

1959 2951 2176 3008 Christi.

2032 3045 2088 3100 ὃ.
2118 3039 2270 3112 Quod
2301 3055 2430 3098 vero
2459 3039 2726 3111 sequitur,
2759 3037 2826 3092 Et
2861 3037 2906 3092 si
2943 3039 3029 3108 qui
3069 3054 3171 3092 non
3211 3037 3544 3096 adoraverunt

1964 3140 2198 3204 bestiam,
2229 3153 2317 3192 nec
2345 3135 2618 3206 imaginem
2645 3135 2752 3204 ejus
2771 3173 2786 3199 ,
2817 3149 2906 3186 nec
2935 3141 3230 3200 acceperunt
3257 3131 3546 3201 inscriptio-

1964 3249 2078 3286 nem
2120 3231 2172 3284 in
2217 3233 2416 3302 fronte,
2455 3237 2543 3280 aut
2585 3227 2640 3280 in
2679 3239 2834 3278 manu
2869 3239 2964 3276 sua
2993 3237 3013 3276 :
3041 3221 3198 3276 simul
3231 3221 3297 3276 de
3322 3221 3455 3276 vivis
3483 3235 3545 3277 ac

1965 3325 2192 3382 mortuis
2219 3323 2475 3378 debemus
2501 3319 2764 3389 accipere.
2797 3317 2925 3384 Qua:
2951 3315 3018 3369 sit
3045 3329 3204 3384 porro
3229 3310 3330 3368 ista
3357 3313 3547 3381 bestia,

1968 3418 2210 3490 quamvis
2243 3417 2312 3472 sit
2336 3413 2640 3484 diligentius
2671 3408 3041 3479 inquirendum
3106 3423 3210 3462 non
3247 3417 3421 3462 tamen
3449 3405 3550 3460 ab-

1969 3512 2150 3567 horret
2179 3525 2210 3564 a
2238 3507 2340 3564 ﬁde
2367 3514 2508 3564 recta
2527 3545 2542 3570 ,
2576 3513 2632 3558 ut
2663 3503 2774 3572 ipsa
2803 3499 2962 3571 impia
2987 3499 3173 3555 civitas
3201 3497 3546 3568 intelligatur,

1969 3615 2022 3661 et
2053 3603 2276 3674 populus
2303 3597 2596 3656 inﬁdelium
2626 3595 2924 3651 contrarius
2952 3593 3146 3666 populo
3172 3590 3314 3646 ﬁdeli
3339 3601 3393 3645 et
3417 3589 3552 3645 civi-

1971 3696 2068 3752 tati
2095 3695 2207 3750 Dei.
2239 3691 2419 3762 Imago
2451 3705 2575 3745 vero
2599 3687 2714 3758 ejus
2741 3687 3005 3742 simulatio
3033 3685 3146 3752 ejus
3167 3682 3296 3737 mihi
3317 3679 3553 3750 videtur,

1971 3789 2026 3845 in
2057 3789 2134 3843 eis
2161 3783 2413 3840 videlicet
2441 3779 2744 3838 hominibus
2763 3821 2777 3845 ,
2810 3778 2896 3848 qui
2937 3777 3082 3830 velut
3109 3773 3266 3830 ﬁdem
3294 3774 3552 3844 proﬁten-

1973 3893 2078 3946 tur,
2107 3889 2160 3937 et
2188 3877 2476 3934 inﬁdeliter
2505 3873 2704 3930 vivunt.
2747 3871 2977 3941 Fingth
3003 3868 3144 3922 enim
3173 3881 3232 3923 se
3258 3881 3380 3922 esse
3411 3863 3555 3934 quod

1973 3991 2078 4034 non
2109 3982 2264 4038 sunt,
2297 3979 2658 4038 vocanturque
2683 3979 2788 4020 non
2821 3962 2996 4018 veraci
3025 3961 3198 4030 efﬁgie
3217 4001 3231 4024 ,
3261 3959 3355 4014 sed
3380 3955 3558 4013 fallaci

1975 4067 2203 4138 imagine
2227 4062 2532 4120 Christiani.
2559 4057 2640 4114 Ad
2665 4056 2906 4114 eamdem
2933 4067 3160 4123 namque
3185 4049 3405 4104 bestiam
3431 4062 3556 4118 per-

1975 4161 2146 4216 tinent
2184 4173 2288 4212 non
2325 4153 2496 4210 solum
2524 4160 2705 4221 aperte
2726 4145 2922 4203 inimici
2956 4146 2973 4176 ⁸
3011 4141 3240 4199 nominis
3273 4139 3470 4197 Christi
3499 4149 3558 4196 et

1975 4253 2094 4324 ejus
2119 4247 2516 4322 gloriosissima:
2536 4242 2784 4308 civitatis,
2813 4239 2906 4295 sed
2927 4237 3084 4293 etiam
3108 4235 3328 4302 zizania,
3351 4249 3469 4304 qua:
3491 4231 3562 4290 de

1977 4359 2142 4416 regno
2171 4343 2286 4412 ejus
2307 4383 2322 4408 ,
2351 4337 2493 4410 quod
2531 4345 2614 4392 est
2657 4332 2890 4391 Ecclesia
2911 4373 2925 4398 ,
2960 4331 3015 4384 in
3055 4329 3160 4384 ﬁne
3197 4325 3376 4382 smculi
3403 4324 3562 4380 colli-

1976 4435 2146 4508 genda
2173 4441 2316 4488 sunt.
2349 4431 2418 4486 Et
2449 4428 2538 4500 qui
2566 4433 2686 4482 sunt
2711 4425 2800 4495 qui
2829 4439 2934 4478 non
2960 4421 3184 4475 adorant
3211 4417 3435 4478 bestiam
3461 4427 3564 4472 nec

1980 4507 2260 4598 imaginem
2301 4523 2448 4594 ejus,
2477 4519 2580 4576 nisi
2615 4518 2706 4589 qui
2743 4515 2941 4571 faciunt
2967 4512 3106 4584 quod
3136 4511 3208 4565 ait
3237 4507 3560 4579 Apostolus,

1983 4622 2063 4676 Ne
2086 4595 2193 4676 sitis
2206 4619 2390 4690 jugum
2409 4615 2644 4668 ducentes
2661 4624 2773 4663 cum
2791 4605 3082 4678 inﬁdelibus
3105 4604 3121 4672 (
3135 4602 3176 4657 ll
3198 4599 3314 4656 Cor.
3337 4615 3409 4666 vt,
3433 4595 3563 4668 M)?

1981 4715 2094 4770 Non
2124 4689 2348 4768 adorant
2371 4709 2534 4771 enim,
2570 4703 2620 4758 id
2649 4709 2752 4766 est,
2781 4716 2885 4756 non
2915 4697 3272 4760 consentiunt,
3306 4707 3410 4748 non
3440 4689 3565 4745 sub-

1978 4809 2231 4879 jiciuntur
2259 4819 2274 4856 :
2303 4814 2478 4870 neque
2501 4795 2768 4866 accipiunt
2801 4790 3223 4860 inscriptionem,
3252 4791 3430 4840 notam
3460 4781 3564 4837 sci-

1982 4872 2106 4954 licet
2145 4893 2382 4950 criminis
2406 4931 2421 4960 ,
2461 4890 2516 4944 in
2561 4887 2766 4954 fronte,
2807 4891 3026 4956 propter
3064 4875 3481 4950 professionem;
3510 4872 3564 4926 in

1983 5005 2166 5052 manu,
2197 4992 2411 5058 propter
2436 4980 2820 5054 operationem.
2851 4973 2932 5028 Ab
2967 4973 3048 5026 his
3075 4970 3232 5040 igitur
3257 4965 3408 5020 malis
3432 4963 3564 5018 alie-

1987 5082 2038 5138 ni
2061 5123 2076 5147 ,
2110 5055 2227 5135 sive
2259 5076 2434 5132 adhuc
2465 5073 2518 5128 in
2561 5072 2661 5128 ista
2703 5065 2910 5124 mortali
2953 5077 3113 5118 carne
3153 5064 3387 5112 viventes
3407 5095 3422 5122 ,
3453 5055 3566 5111 sive

1985 5171 2257 5238 defuncti,
2299 5173 2522 5240 regnant
2559 5177 2680 5220 cum
2725 5159 2936 5216 Christo
2972 5155 3080 5225 jam
3125 5165 3301 5218 nunc,
3337 5147 3566 5219 quodam

1987 5264 2146 5320 tundo
2177 5263 2298 5317 huic
2325 5238 2550 5326 tempori
2576 5264 2831 5322 congruo,
2861 5263 2952 5317 per
2978 5255 3143 5301 totum
3176 5242 3279 5298 hoc
3306 5238 3565 5295 interval.

1988 5359 2119 5424 lum,
2147 5353 2286 5425 quod
2314 5361 2537 5406 numero
2563 5343 2706 5400 mille
2732 5339 3057 5410 signiﬁcatur
3082 5349 3362 5388 annorum.

2061 5451 2114 5504 4.
2149 5424 2348 5516 Reliqui
2376 5455 2546 5496 eorum
2567 5479 2582 5504 ,
2613 5433 2819 5506 inquit,
2852 5447 2952 5485 non
2981 5429 3230 5483 uixerunt.
3257 5425 3396 5480 liora
3425 5424 3570 5478 enim

1993 5558 2132 5602 ιιιιιιε
2164 5551 2244 5598 εει
2263 5583 2278 5607 ,
2309 5553 2430 5594 cum
2477 5531 2668 5589 mortui
2705 5525 2960 5584 audient'
2989 5537 3176 5578 vocem
3205 5519 3324 5576 Filii
3355 5517 3483 5582 Dei;
3517 5521 3574 5571 et

2058 5709 2074 5741 ι
2111 5703 2248 5774 editi,
2265 5711 2367 5774 non
2375 5696 2528 5750 solum
2549 5690 2703 5749 auerti
2722 5686 2924 5742 iriirrtici.
2945 5685 3143 5737 codices
3161 5690 3288 5743 Mss,
3311 5689 3402 5728 non
3418 5673 3570 5727 solum

1993 5773 2158 5838 aperte
2180 5765 2382 5812 inimici.
2710 5815 2738 5826 η

2057 5837 2077 5866 ²
2113 5827 2246 5876 Vind.
2275 5835 2371 5872 Am.
2398 5833 2449 5870 ct
2469 5831 2595 5879 3155.,
2622 5817 2840 5867 annum.
3217 5867 3228 5879 _
3265 5867 3276 5878 ε

2061 5867 2134 5956 (ej
2629 5892 2724 5944 qua
2746 5891 2774 5927 a
2797 5883 2936 5940 parte
2957 5879 3112 5924 totum
3132 5867 3375 5934 accipitur-
