4062 6546
471 601 562 673 qui
587 597 884 666 audierint,
911 596 1090 652 vivent
1118 592 1346 665 :reiiqui
1371 607 1500 650 vero
1527 607 1714 650 eorum
1741 610 1847 650 non
1872 595 2054 649 vivent

477 691 658 767 (Joan.
682 707 734 756 v,
755 690 868 760 25).
890 688 1041 757 Quod
1060 703 1188 744 vero
1207 687 1460 755 subdidit,
1483 686 1638 743 donec
1660 687 1903 758 ﬁniantur
1920 685 2056 742 mille

474 784 596 839 anni
613 798 636 849 ;
671 780 1068 853 intelligendum
1099 789 1182 836 est
1200 823 1215 848 ,
1244 778 1382 852 quod
1411 794 1477 835 eo
1506 788 1744 850 tempore
1775 793 1878 833 non
1907 778 2053 833 vixe-

472 883 617 943 runt,
638 889 745 946 quo
764 874 940 929 vivere
959 871 1277 939 debuerunt,
1302 871 1368 928 ad
1388 871 1548 927 vitam
1575 871 1777 926 scilicet
1797 869 1863 924 de
1885 877 2056 926 morte

474 965 818 1023 transeundo.
846 965 915 1020 Et
942 961 1061 1021 ideo
1088 979 1207 1021 cum
1228 964 1343 1020 dies
1368 962 1592 1030 venerit,
1621 978 1725 1034 quo
1750 961 1841 1016 iiat
1864 970 1917 1018 et
1934 976 2053 1017 cor-

473 1073 664 1132 porum
683 1059 1024 1126 resurrectio,
1051 1074 1156 1114 non
1187 1057 1253 1113 ad
1276 1058 1438 1113 vitam
1459 1055 1526 1112 de
1551 1046 1906 1111 monumentis
1935 1069 2056 1125 pro-

469 1153 693 1220 cedent,
722 1151 818 1210 sed
860 1153 924 1208 ad
961 1151 1251 1224 judicium;
1281 1150 1347 1207 ad
1385 1149 1776 1207 damnationem
1817 1148 2054 1214 scilicet,

469 1256 591 1316 qua:
616 1245 848 1303 secunda
874 1260 1019 1301 mors
1039 1244 1250 1301 dicitur.
1281 1243 1460 1300 Donec
1479 1244 1621 1299 enim
1644 1242 1892 1298 ﬁniantur
1911 1240 2056 1296 mille

468 1339 617 1406 anni,
648 1339 969 1410 quicumque
996 1353 1101 1394 non
1127 1337 1335 1404 vixerit,
1359 1336 1411 1392 id
1435 1345 1535 1401 est,
1560 1336 1663 1391 isto
1681 1344 1795 1390 toto
1818 1343 2056 1404 tempore

469 1443 577 1500 quo
607 1431 781 1500 agitur
804 1429 973 1500 prima
1001 1429 1340 1494 resurrectio,
1371 1444 1477 1483 non
1503 1425 1729 1482 audierit
1753 1441 1938 1481 vocem
1966 1424 2055 1479 Fi-

469 1521 526 1580 lii
567 1522 660 1578 Dei
680 1564 695 1589 ,
725 1531 778 1579 et
803 1522 869 1577 ad
896 1525 1055 1577 vitam
1082 1523 1150 1577 de
1176 1529 1348 1577 morte
1387 1519 1693 1585 transierit;
1735 1518 1975 1590 proiecto
2005 1517 2055 1572 in

469 1613 701 1668 secunda
725 1614 1133 1681 resurrectione,
1163 1628 1280 1684 qum
1305 1612 1480 1668 carnis
1504 1619 1604 1677 est,
1636 1611 1686 1665 in
1718 1619 1942 1666 mortem
1973 1625 2060 1666 se-

469 1706 697 1761 condam
735 1721 853 1762 cum
886 1706 997 1776 ipsa
1025 1720 1186 1761 carne
1217 1704 1480 1760 transibit.
1517 1701 1767 1774 Sequitur
1794 1701 1935 1756 enim
1958 1742 1974 1769 ,
2004 1709 2058 1757 et

469 1796 620 1865 dicit,
652 1796 780 1852 ch
814 1797 1110 1852 resurrectio
1139 1797 1305 1868 prima
1332 1806 1422 1850 est.
1454 1793 1640 1849 Beatus
1669 1804 1714 1847 et
1742 1803 1943 1848 sanctus
1971 1791 2058 1862 qui

472 1890 618 1944 habet
639 1890 690 1944 in
711 1889 806 1944 hac
827 1890 992 1961 prima
1017 1888 1382 1944 resurrectione
1403 1895 1596 1959 partem
1621 1885 1800 1957 (Apoc.
1824 1900 1918 1952 xx,
1941 1882 2054 1961 56),

470 1981 525 2038 id
555 1991 672 2050 est,
706 1984 969 2054 particeps
1004 1981 1120 2053 ejus
1147 1989 1248 2038 est.
1295 1979 1410 2052 Ipse
1451 1987 1533 2034 est
1574 1986 1750 2032 autem
1793 1977 2058 2048 particeps

471 2075 607 2146 ejus,
634 2075 723 2147 qui
751 2091 859 2130 non
889 2075 1062 2130 solum
1089 2089 1120 2129 a
1146 2081 1339 2139 morte,
1369 2086 1487 2142 qum
1513 2072 1567 2125 in
1596 2070 1824 2140 peccatis
1849 2076 1950 2136 est,
1974 2082 2060 2123 re-

471 2165 699 2235 viviscit,
729 2181 912 2222 verum
941 2164 1102 2221 etiam
1129 2165 1182 2220 in
1212 2179 1278 2220 eo
1305 2161 1446 2234 quod
1473 2160 1746 2228 revixerit,
1779 2173 2058 2230 permane-

470 2259 567 2319 bit.
592 2259 661 2313 1n
682 2259 809 2324 istis,
834 2258 1024 2329 inquit,
1046 2256 1268 2313 secunda
1289 2271 1423 2310 mors
1448 2270 1548 2309 non
1575 2252 1720 2306 habet
1747 2257 2055 2321 potestatem.

473 2351 644 2411 liabet
667 2366 795 2422 ergo
817 2353 870 2406 in
899 2349 1137 2421 reliquis,
1166 2349 1232 2404 de
1259 2347 1448 2419 quibus
1473 2345 1714 2416 superius
1740 2343 1835 2409 ait,
1862 2340 2061 2413 Reliqui

471 2458 645 2499 eorum
672 2459 775 2497 non
800 2443 1060 2509 vixerunt,
1094 2441 1253 2494 donec
1287 2440 1532 2509 ﬁniantur
1562 2435 1701 2492 mille
1735 2435 1857 2489 anni
1883 2449 1902 2488 :
1926 2448 2061 2504 quo-

473 2536 620 2593 niam
659 2536 762 2591 isto
797 2542 910 2589 toto
942 2533 1198 2606 temporis
1226 2530 1538 2597 intervallo,
1566 2527 1703 2600 quod
1731 2525 1876 2582 mille
1895 2535 2064 2581 annos

473 2635 666 2695 vocat,
694 2635 1180 2698 quantumcumque
1207 2622 1261 2678 in
1289 2637 1355 2678 eo
1383 2621 1607 2692 quisque
1635 2633 1821 2674 eorum
1851 2617 1980 2673 vixit
2007 2616 2063 2672 in

474 2733 722 2790 corpore,
752 2733 856 2772 non
881 2717 1074 2772 revixit
1097 2730 1126 2770 a
1156 2723 1350 2781 morte,
1375 2713 1427 2769 in
1452 2729 1554 2784 qua
1581 2726 1701 2767 eum
1731 2710 1943 2767 tenebat
1966 2709 2064 2764 im-

474 2812 667 2884 pietas,
699 2820 757 2866 ut
784 2811 861 2865 sic
890 2805 1256 2864 reviviscendo
1291 2808 1478 2880 prima:
1507 2803 1912 2864 risurrectionis
1938 2817 2062 2873 par-

475 2904 647 2974 ticeps
680 2900 865 2966 heret,
895 2908 1054 2972 atque
1089 2898 1147 2955 in
1183 2911 1250 2955 eo
1289 2903 1602 2970 potestatem
1644 2892 1877 2952 secunda
1919 2907 2063 2949 mors

475 3009 585 3052 non
612 2993 851 3048 haberet.

476 3103 702 3163 CAPUT
740 3105 809 3162 Χ.
843 3136 913 3146 --
943 3104 1081 3174 Quid
1103 3101 1506 3176 respondendum
1537 3101 1601 3156 sit
1627 3100 1731 3166 eis,
1765 3099 1851 3172 qui
1884 3107 2066 3170 putant

545 3199 962 3254 resurrectionem
987 3198 1054 3252 ad
1082 3197 1191 3252 sola
1214 3211 1451 3268 corpora,
1480 3211 1581 3249 non
1604 3193 1753 3248 etiam
1776 3193 1844 3247 ad
1870 3192 2065 3246 animas

547 3302 813 3365 pertinere.

548 3383 685 3440 Sunt
708 3383 796 3454 qui
821 3389 1010 3454 putant
1037 3377 1483 3436 resurrectionem
1512 3375 1615 3431 dici
1645 3390 1751 3432 non
1782 3388 1939 3446 posse
1963 3374 2065 3432 nisi

477 3490 763 3548 corporum
788 3494 801 3529 :
847 3475 1072 3546 ideoque
1113 3473 1270 3528 istam
1300 3485 1510 3542 quoque
1537 3470 1589 3525 in
1615 3470 1926 3540 corporibus
1955 3467 2064 3540 pri-

479 3584 620 3630 mam
643 3568 872 3623 futuram
898 3582 1018 3623 esse
1045 3563 1395 3621 contendunt.
1424 3561 1661 3630 Quorum
1691 3565 1832 3617 enim
1859 3569 1960 3626 est,
1988 3561 2067 3615 in-

477 3661 700 3733 quiunt,
733 3658 922 3716 cadere
943 3701 958 3726 ,
987 3673 1172 3713 eorum
1199 3663 1281 3711 est
1309 3668 1591 3724 resurgere
1624 3669 1636 3706 :
1670 3652 1866 3707 eadunt
1889 3659 2065 3705 autem

478 3767 703 3826 corpora
748 3751 1023 3808 moriendo
1053 3769 1066 3804 :
1100 3765 1222 3804 nam
1251 3757 1304 3804 et
1331 3763 1360 3801 a
1391 3747 1628 3803 cadendo
1651 3744 1907 3801 cadavera
1933 3758 2068 3798 nun-

479 3857 740 3920 cupantur
770 3842 868 3916 (a).
896 3842 1009 3898 Non
1035 3859 1160 3914 ergo
1190 3841 1509 3905 animarum,
1537 3839 1800 3910 inquiunt,
1828 3851 2068 3893 resurre-

481 3941 587 3996 ctio
613 3945 791 4010 potest
814 3951 953 4001 esse,
981 3935 1074 3990 sed
1102 3949 1407 4004 corporum.
1435 3931 1540 3988 Sed
1567 3930 1691 4003 quid
1717 3939 1899 3987 contra
1926 3931 2072 4000 Apo-

479 4031 676 4088 stolum
695 4028 893 4094 dicunt,
920 4027 1008 4097 qui
1033 4042 1150 4082 eam
1178 4025 1624 4081 resurrectionem
1649 4022 1916 4093 appellat?
1935 4021 2069 4078 Nam

481 4123 772 4181 secundum
799 4121 1104 4176 interiorem
1125 4160 1140 4187 ,
1169 4134 1273 4172 non
1302 4117 1593 4173 secundum
1621 4118 1940 4172 exteriorem
1970 4114 2070 4170 ho-

482 4219 681 4272 minem
709 4216 887 4284 utique
918 4221 1336 4279 resurrexerant,
1361 4210 1549 4276 quibus
1575 4211 1667 4278 ait,
1702 4210 1763 4266 Si
1788 4211 2071 4265 resurrexi-

483 4307 572 4361 stis
599 4323 713 4359 cum
741 4304 937 4359 Christo
961 4348 976 4371 ,
1005 4319 1118 4372 qua:
1145 4317 1341 4356 sursum
1380 4311 1495 4356 sunt
1532 4301 1693 4370 sapite
1721 4299 1945 4371 (Coloss.
1982 4315 2068 4368 ιιι,

484 4399 561 4473 Ι).
591 4399 759 4466 Quem
786 4412 1000 4453 sensum
1032 4394 1209 4451 verbis
1235 4393 1352 4448 aliis
1381 4392 1503 4448 alibi
1543 4392 1736 4462 posuit,
1767 4391 1968 4456 dicens,
2007 4388 2074 4448 Ut

483 4491 904 4564 quemadmodum
927 4489 1151 4543 Christus
1177 4505 1207 4540 a
1231 4486 1441 4541 mortuis
1464 4485 1731 4539 resurrexit
1754 4501 1840 4555 per
1859 4485 2074 4557 gloriam

485 4577 682 4650 Patris,
708 4585 779 4638 sic
805 4593 849 4636 et
874 4599 962 4636 nos
989 4582 1040 4634 in
1071 4581 1284 4634 novitate
1309 4579 1420 4632 vitae
1449 4575 1758 4631 ambulemus
1781 4579 1796 4646 (
1821 4574 1970 4638 Rom.
1998 4593 2070 4641 vr,

484 4674 562 4749 4).
594 4676 728 4731 Hinc
753 4683 834 4729 est
859 4683 913 4728 et
938 4671 1062 4728 illud
1085 4715 1098 4739 ,
1133 4671 1300 4741 Surge
1319 4712 1331 4736 ,
1365 4669 1452 4739 qui
1477 4667 1666 4722 dormis
1687 4710 1700 4733 ,
1733 4676 1780 4722 et
1807 4683 2020 4738 exsurge
2044 4682 2075 4719 a

485 4767 719 4832 mortuis,
741 4773 786 4818 et
807 4761 1108 4818 illuminabit
1135 4772 1181 4815 te
1206 4759 1439 4816 Christus
1461 4755 1676 4830 (Ephes.
1703 4775 1752 4824 v,
1783 4758 1896 4829 14).
1923 4757 2074 4826 Quod

487 4869 664 4915 autem
693 4856 876 4912 dicunt
895 4897 909 4921 ,
942 4870 1046 4909 non
1075 4869 1230 4925 posse
1257 4867 1534 4923 resurgere
1554 4892 1568 4915 ,
1599 4851 1698 4906 nisi
1724 4851 1814 4921 qui
1843 4849 2072 4917 cadunt;

489 4965 544 5008 et
568 4951 686 5007 ideo
711 4960 897 5022 putant
919 4949 1363 5004 resurrectionem
1391 4945 1455 5000 ad
1476 4954 1722 5016 corpora,
1753 4959 1856 4999 non
1879 4945 1942 4999 ad
1965 4944 2078 4997 ani-

490 5059 606 5102 mas
645 5043 914 5115 pertinere
936 5083 951 5109 ,
981 5041 1104 5112 quia
1133 5054 1412 5111 corporum
1454 5046 1536 5092 est
1572 5035 1766 5091 cadere
1796 5054 1808 5090 :
1842 5051 1938 5091 cur
1970 5049 2077 5089 non

490 5137 729 5203 audiunt,
761 5131 884 5190 Non
913 5133 1151 5187 recedatis
1177 5132 1238 5186 ab
1261 5132 1370 5197 illo,
1394 5147 1454 5184 ne
1481 5129 1674 5183 cadatis
1701 5127 1885 5201 (Eccli.
1910 5145 1966 5196 ιι,
1989 5127 2077 5200 7);

493 5243 546 5287 ct
564 5273 579 5299 ,
610 5231 717 5286 Suo
745 5229 951 5284 domino
978 5235 1075 5280 stat
1105 5236 1192 5280 aut
1219 5225 1352 5278 cadit
1387 5219 1576 5296 (Rom.
1609 5237 1712 5288 le,
1742 5223 1799 5294 ι)
1825 5241 1838 5289 ;
1865 5231 1915 5278 et
1939 5264 1952 5287 ,
1983 5221 2082 5287 Qui

494 5333 635 5394 putat
675 5338 728 5376 se
765 5330 898 5376 stare
917 5362 932 5387 ,
959 5318 1160 5373 videat‘
1194 5333 1255 5372 ne
1278 5315 1426 5371 cadat
1456 5315 1512 5388 (Ι
1541 5315 1659 5371 Cor.
1691 5333 1745 5383 ιι,
1778 5314 1844 5370 12
1866 5314 1925 5387 )?
1949 5313 2084 5372 Puto

495 5413 636 5468 enim
663 5410 802 5482 quod
830 5412 880 5466 in
905 5411 1103 5478 anima,
1133 5424 1237 5464 non
1266 5407 1319 5464 in
1345 5421 1574 5477 corpore
1598 5421 1755 5462 casus
1781 5406 1881 5462 iste
1902 5421 2089 5462 caven-

494 5503 596 5559 dus
625 5511 726 5558 est.
766 5502 824 5557 Si
864 5502 1024 5573 igitur
1061 5499 1364 5556 cadentium
1393 5509 1475 5555 est
1501 5497 1860 5567 resurrectio,
1891 5495 2088 5553 cadunt

496 5605 675 5650 autem
715 5603 772 5649 et
805 5592 1030 5658 animae;
1061 5590 1298 5664 proiecto
1326 5599 1381 5647 et
1409 5591 1615 5646 animas
1643 5603 1925 5660 resurgere
1953 5603 2080 5644 con-

496 5687 753 5748 ﬁtendum
783 5695 883 5744 est.
912 5685 1065 5753 Quod
1108 5693 1286 5741 autem
1323 5700 1446 5740 cum
1485 5683 1742 5749 dixisset,
1773 5681 1842 5737 In
1869 5681 1978 5737 istis
2006 5698 2086 5736 se-

498 5782 668 5838 cunda
702 5796 838 5835 mors
868 5795 969 5833 non
998 5777 1143 5833 habet
1171 5787 1504 5849 potestatem;
1530 5777 1773 5849 adiunxit
1794 5783 1956 5848 atque
1981 5775 2085 5845 ait,

566 5919 584 5977 ε
620 5921 751 5977 Mss,
774 5912 862 5974 Qui
882 5916 1090 5977 putatae
1111 5915 1256 5977 δίῳ-ε,
1281 5916 1446 5966 caueat
1464 5922 1528 5963 ne
1551 5909 1721 5965 cadat.

461 6033 468 6038 .
512 6057 533 6062 γ’
560 5975 639 6048 (a)
656 5972 756 6031 vid.
776 5972 924 6033 Serm.
949 5973 1059 6039 241,
1081 5987 1132 6027 ιι.
1156 5972 1204 6026 2.

458 6071 490 6123 .’

1563 462 1654 533 DE
1683 472 2005 533 CIVITATE
2043 469 2185 543 om,
2224 474 2283 531 ε.
2325 463 2683 534 AUGUSTINI

3643 470 3756 535 ετδ

2162 589 2272 648 Sed
2302 602 2446 648 erunt
2485 591 2770 649 sacerdotes
2795 589 2890 648 Det
2917 601 2966 649 et
2989 591 3175 651 Christi
3194 636 3210 663 ,
3241 601 3286 648 et
3324 604 3606 668 regnaaunt
3635 613 3760 652 cum

2160 700 2216 738 eo
2250 684 2388 739 mille
2424 686 2570 740 annis
2600 701 2619 740 :
2644 701 2750 741 non
2779 684 2958 755 utique
2983 685 3051 741 de
3090 684 3219 740 solis
3246 685 3510 758 episcopis
3538 696 3594 744 et
3623 702 3758 758 pre-

2158 774 2388 848 sbyteris
2414 775 2611 834 dictum
2637 786 2752 843 εει,
2779 777 2868 848 qui
2896 775 3108 848 proprie
3140 777 3252 848 jam
3279 787 3539 834 vocantur
3567 780 3620 834 in
3646 779 3763 837 Ec-

2159 867 2322 924 clesia
2357 868 2665 925 sacerdotes
2695 887 2708 924 :
2736 867 2829 925 sed
2867 869 3003 925 sicut
3041 883 3228 926 omnes
3251 870 3584 928 Christianos
3613 872 3759 929 dici-

2159 973 2279 1017 mus
2299 971 2518 1032 propter
2538 963 2817 1034 mystieum
2838 963 3094 1032 chrisma,
3112 964 3191 1021 sic
3209 979 3399 1020 omnes
3418 965 3756 1037 sacerdotes,

2159 1053 2409 1123 quoniam
2438 1055 2675 1110 membra
2719 1063 2842 1110 sunt
2887 1056 3046 1111 unius
3088 1054 3401 1114 sacerdotis.
3442 1055 3518 1113 De
3557 1057 3756 1129 quibus

2159 1145 2428 1213 apostolus
2458 1145 2645 1200 Petrus
2664 1186 2681 1212 ,
2709 1143 2891 1213 Plebs,
2921 1147 3119 1218 inquit,
3147 1160 3322 1204 sancta
3339 1191 3354 1218 ,
3383 1150 3552 1221 regale
3579 1167 3756 1205 sacer—

2159 1235 2350 1291 dotium
2373 1237 2418 1307 (l
2446 1237 2585 1293 Petr.
2613 1254 2670 1305 ιι,
2695 1237 2774 1308 9).
2801 1237 2962 1304 Sane,
2987 1240 3108 1296 licet
3135 1240 3367 1298 breviter
3391 1251 3550 1314 atque
3578 1253 3756 1298 trans-

2159 1340 2366 1397 eunter,
2396 1330 2682 1387 insinuavit
2714 1331 2879 1388 Deum
2909 1347 3030 1388 esse
3055 1331 3322 1389 Christum
3353 1333 3452 1407 (a),
3480 1333 3713 1392 dicendo
3735 1377 3753 1403 ,

2159 1419 2460 1478 Sacerdotes
2503 1421 2602 1478 Dei
2644 1433 2690 1478 et
2727 1423 2945 1489 Christi.
2991 1423 3094 1480 hoc
3135 1435 3252 1492 est,
3293 1426 3464 1483 Patris
3503 1436 3557 1484 et
3596 1428 3752 1496 Filii;

2160 1517 2402 1584 quamvis
2445 1528 2660 1588 propter
2689 1517 2912 1573 formam
2941 1519 3116 1587 servi,
3145 1519 3281 1574 sicut
3308 1519 3444 1574 {ilius
3482 1520 3752 1590 hominis,

2160 1604 2232 1660 ita
2267 1609 2424 1663 etiam
2456 1610 2705 1665 sacerdos
2733 1610 2976 1667 Christus
3009 1610 3230 1669 eii'ectus
3259 1612 3328 1668 sit
3365 1612 3415 1668 in
3453 1623 3717 1670 mternum
3737 1657 3752 1681 ,

2159 1699 2451 1754 secundum
2493 1699 2734 1756 ordinem
2779 1701 3170 1758 Melchisedech
3201 1701 3385 1775 (Psal.
3415 1719 3531 1774 ctx,
3561 1704 3645 1778 4).
3678 1705 3756 1762 [)ε

2161 1805 2264 1862 qua
2293 1807 2351 1846 re
2376 1791 2428 1846 in
2458 1793 2557 1848 hoc
2585 1809 2747 1864 opere
2772 1809 2877 1850 non
2907 1795 3072 1852 semel
3097 1794 3344 1852 diximus.

2160 1905 2385 1963 CAPUT
2408 1905 2501 1964 XI.
2529 1938 2604 1948 —
2625 1908 2704 1964 De
2731 1907 2839 1981 Gog
2863 1921 2908 1964 et
2939 1909 3128 1983 Magog
3150 1951 3166 1980 ,
3197 1927 3322 1981 quos
3351 1911 3417 1965 ad
3450 1929 3756 1984 persequen-

2233 1999 2350 2053 dam
2379 1998 2659 2055 Ecclesiam
2683 2001 2810 2071 Dei,
2840 2004 3040 2058 solutus
3067 2019 3226 2075 prope
3262 2005 3415 2074 ﬁnem
3432 2007 3611 2062 surculi
3637 2008 3758 2064 dia.

2232 2093 2374 2146 belus
2401 2091 2646 2147 incitabit.

2236 2185 2297 2240 Et
2324 2203 2437 2240 cum
2461 2187 2594 2256 ﬁniti
2617 2188 2824 2258 fuerint,
2857 2187 3046 2259 inquit,
3078 2189 3217 2244 mille
3244 2190 3386 2255 anni,
3416 2189 3636 2246 soluetur
3661 2208 3758 2248 sa-

2163 2287 2308 2333 tanas
2333 2279 2395 2332 de
2424 2279 2656 2334 custodia
2679 2295 2771 2334 sua
2786 2321 2802 2348 ,
2825 2289 2870 2334 et
2898 2279 3052 2335 exibit
3078 2279 3146 2333 ad
3163 2280 3474 2338 seducendas
3499 2283 3758 2351 nationes,

2162 2386 2274 2440 qua:
2300 2371 2494 2426 suntin
2522 2380 2734 2442 quatuor
2757 2371 2958 2442 angulis
2995 2381 3144 2428 terra
3163 2414 3180 2441 ,
3219 2371 3328 2446 Gog
3361 2383 3408 2430 et
3447 2374 3635 2447 Magog
3659 2416 3676 2440 ,
3708 2385 3759 2430 et

2165 2462 2324 2516 trahet
2341 2477 2424 2516 eos
2443 2462 2496 2516 in
2517 2461 2723 2530 bellum,
2745 2479 2958 2534 quorum
2977 2480 3214 2519 numerus
3232 2474 3304 2520 est
3325 2474 3378 2520 ut
3397 2482 3552 2521 arena
3575 2469 3755 2523 maris.

2164 2551 2247 2607 Ad
2278 2552 2381 2608 hoc
2405 2567 2533 2623 ergo
2564 2562 2688 2608 tunc
2718 2553 2976 2624 seducet,
3010 2565 3066 2610 ut
3109 2555 3164 2611 in
3194 2556 3296 2610 hoc
3327 2555 3524 2613 bellum
3557 2557 3758 2614 trahat.

2163 2645 2296 2702 Nam
2325 2656 2378 2700 et
2406 2655 2563 2701 antea
2591 2645 2766 2702 modis
2793 2647 2985 2717 quibus
3011 2657 3262 2718 poterat,
3296 2663 3391 2718 per
3419 2648 3558 2704 mala
3586 2649 3764 2707 multa

2165 2749 2223 2796 et
2248 2740 2391 2795 varia
2413 2739 2718 2796 seducebat.
2751 2739 2925 2796 Exibit
2950 2749 3128 2797 autem
3153 2741 3353 2798 dictum
3381 2752 3490 2812 est,
3519 2743 3570 2798 in
3599 2757 3762 2814 aper-

2164 2836 2273 2886 tam
2332 2833 2756 2902 persecutionem
2802 2832 2869 2888 de
2916 2832 3137 2889 latebris
3188 2842 3434 2904 erumpet
3480 2834 3758 2890 odiorum.

2164 2922 2292 2980 Haec
2319 2923 2460 2980 enim
2487 2923 2594 2979 erit
2634 2924 2921 2980 novissima
2959 2925 3264 2996 persecutio
3290 2965 3309 2992 ,
3336 2925 3630 2981 novissimo
3655 2927 3764 2981 im-

2165 3015 2404 3072 minente
2426 3015 2644 3086 judicio,
2669 3031 2825 3088 quam
2855 3026 3040 3073 sancta
3079 3017 3318 3073 Ecclesia
3350 3026 3460 3072 toto
3487 3027 3762 3074 terrarum

2167 3109 2300 3164 Orbe
2325 3108 2577 3180 patimur,
2609 3109 2855 3164 universa
2883 3109 3090 3165 scilicet
3108 3109 3297 3164 civitas
3315 3107 3514 3166 Christi
3543 3109 3612 3165 ab
3631 3115 3762 3166 uni-

2166 3217 2320 3258 versa
2351 3201 2547 3258 diaboli
2572 3201 2808 3266 civitate,
2835 3211 3259 3272 quantacumque
3285 3202 3388 3256 erit
3415 3210 3636 3271 utraque
3661 3216 3762 3257 su-

2169 3309 2264 3365 per
2294 3302 2510 3349 terram.
2544 3291 2744 3349 Gentes
2772 3292 2967 3363 quippe
2993 3293 3131 3361 istae,
3153 3308 3291 3364 quas
3318 3292 3549 3362 appellat
3571 3291 3688 3363 Gog
3706 3303 3767 3349 et

2167 3385 2383 3456 Magog,
2414 3400 2518 3440 non
2542 3385 2620 3441 sic
2643 3393 2769 3440 sunt
2795 3384 3141 3454 accipiendas,
3175 3394 3426 3456 tauquam
3460 3386 3566 3441 sint
3593 3385 3766 3454 aliqui

2169 3478 2222 3534 in
2247 3478 2423 3548 aliqua
2448 3487 2598 3546 parte
2623 3485 2886 3532 terrarum
2915 3475 3127 3531 barbari
3155 3477 3456 3544 constituti,
3485 3477 3598 3532 sive
3623 3491 3767 3546 quos

2167 3569 2381 3641 quidam
2409 3570 2746 3641 suspicantur
2768 3568 2930 3624 Getas
2953 3577 3009 3624 et
3035 3569 3360 3640 Massagetas
3381 3609 3399 3638 ,
3429 3579 3646 3640 propter
3672 3569 3770 3624 lit-

2169 3672 2311 3720 teras
2352 3663 2541 3726 horum
2590 3663 2863 3719 nominum
2911 3662 3111 3733 primas
3138 3703 3156 3730 ,
3200 3664 3315 3720 sive
3364 3663 3570 3734 aliquos
3621 3662 3766 3721 alios

2168 3755 2518 3826 alienigenas,
2544 3761 2600 3810 et
2637 3769 2668 3808 a
2701 3754 2942 3810 Romano
2967 3753 3087 3824 jure
3117 3754 3406 3824 sejunctos.
3434 3754 3571 3812 Toto
3600 3769 3765 3809 nam-

2169 3862 2272 3919 que
2310 3847 2438 3903 orbe
2469 3856 2728 3902 terrarum
2771 3847 3052 3918 signiﬁcati
3090 3857 3216 3903 sunt
3243 3848 3332 3904 isti
3360 3863 3502 3915 esse,
3529 3863 3650 3904 cum
3676 3849 3766 3904 di-

2169 3947 2312 3995 ctum
2337 3949 2440 4007 est,
2470 3936 2718 3993 Nationes
2740 3954 2852 4008 qua:
2869 3948 2986 3992 sunt
3009 3939 3061 3993 in
3088 3949 3305 4011 quatuor
3333 3940 3535 4012 angulis
3561 3949 3714 3996 terra:
3743 3956 3767 3996 :

2169 4047 2368 4102 easque
2411 4030 2642 4102 subjecit
2682 4043 2807 4086 esse
2837 4029 2946 4102 (ἔσθ
2973 4041 3022 4086 et
3051 4030 3260 4103 Magog.
3302 4031 3543 4100 Quorum
3592 4033 3768 4088 inter-

2171 4122 2520 4192 pretationem
2548 4121 2822 4177 nominum
2850 4136 2971 4178 esse
2996 4123 3356 4192 comperimus
3383 4122 3495 4194 Gog
3521 4131 3765 4191 tectum,

2171 4213 2356 4285 Magog
2385 4213 2612 4270 detecto
2641 4212 2714 4286 (b)
2742 4230 2755 4267 :
2782 4221 3031 4284 tanquam
3055 4212 3268 4280 domus,
3295 4222 3350 4268 et
3375 4215 3488 4285 ipse
3513 4216 3601 4285 qui
3630 4230 3768 4286 pro-

2173 4305 2312 4362 cedit
2345 4305 2412 4361 de
2438 4304 2622 4361 domo.
2649 4303 2850 4362 Gentes
2878 4305 3040 4376 igitur
3075 4313 3234 4370 sunt,
3265 4303 3318 4360 in
3349 4306 3544 4377 quibus
3569 4305 3770 4363 diabo-

2175 4401 2284 4457 lum
2323 4401 2468 4456 velut
2504 4399 2558 4454 in
2587 4399 2781 4471 abysso
2824 4399 3071 4468 superius
3109 4399 3540 4470 intelligebamus
3589 4399 3772 4455 inclu-

2173 4507 2329 4558 sum;
2360 4499 2415 4546 et
2451 4490 2565 4561 ipse
2601 4489 2670 4545 de
2708 4490 2811 4546 illis
2853 4489 3248 4561 quodammodo
3290 4506 3413 4548 sese
3439 4490 3669 4548 efferens
3708 4503 3771 4550 et

2239 4605 2312 4670 (a)
2337 4603 2756 4670 christumitaque
2769 4610 2921 4670 opum
2947 4616 3064 4670 esse
3083 4602 3437 4670 proﬁtebantur
3453 4612 3628 4668 aperte
3637 4617 3774 4670 mars

2175 4664 2327 4732 tyres,
2350 4664 2540 4728 quando
2553 4665 2646 4714 diis
2667 4664 2934 4715 {sacriﬁcare
2947 4664 3544 4730 jussi,'respondebant'se
3564 4668 3647 4716 uni
3663 4674 3775 4720 Deo

2179 4738 2231 4792 et
2251 4729 2431 4778 Christo
2449 4724 2735 4792 sacriﬁcare.
2760 4728 2834 4776 Sic
2847 4725 2992 4792 beata
3011 4729 3240 4790 crispina,
3265 4741 3377 4792 quae
3399 4740 3538 4792 passa
3560 4735 3638 4779 est
3652 4729 3775 4792 Dip-

2724 4763 2735 4775 ο
2761 4763 2834 4776 υιν
2848 4763 2992 4777 www-
3012 4763 3240 4787 ωισγιιω,

2176 4789 2386 4841 cletiano
2405 4789 2675 4852 secundum
2713 4795 2767 4840 et
2807 4790 3086 4852 maximiano
3118 4789 3330 4852 Augusto
3361 4789 3656 4852 «insolitus,
3678 4789 3776 4842 die

2177 4865 2410 4923 nones-um
2427 4851 2775 4923 «imbrium,
2820 4851 2947 4923 apud
2989 4851 3228 4923 coloniae
3269 4851 3647 4923 russeum.
3667 4855 3774 4923 sub

2178 4866 2410 4925 nonarum
2427 4866 2775 4923 aedemin-ium,
2820 4866 2947 4962 apud
2989 4866 3228 4924 octoniam
3269 4866 3630 4926 lt'nenesunam,
3667 4866 3774 4904 sub

2178 4914 2381 4964 Anuhno
2396 4911 2703 4976 proconsule,
2727 4921 2851 4963 Sicut
2893 4911 3055 4962 ferunt
3075 4924 3312 4976 passuum
3332 4912 3588 4964 illiuSActa
3608 4922 3774 4966 mve-

2179 4983 2344 5041 terum
2367 4973 2700 5041 Analectprum
2721 4981 2852 5025 tomo
2869 4975 3017 5041 tertio
3035 4973 3260 5041 vulgata:
3287 4982 3582 5041 (Nunquam
3603 4989 3725 5041 ego,
3741 4994 3769 5025 ι

2179 5039 2355 5101 inquit,
2382 5055 2406 5085 ι
2427 5037 2702 5101 sacriﬁcavi,
2736 5049 2834 5101 nec,
2864 5035 3078 5101 sacriﬁco
3113 5035 3212 5101 nisi
3247 5037 3333 5087 uni
3369 5035 3471 5087 Ded
3493 5045 3547 5089 et
3568 5035 3770 5092 Dor'mho

2188 5118 2213 5147 ι
2235 5097 2400 5150 tiost'ro
2419 5107 2533 5164 Jesu
2553 5097 2736 5150 Christo
2757 5097 2871 5148 Filio
2895 5099 3027 5164 ejus,
3043 5099 3126 5162 qui
3142 5105 3302 5164 gnatus
3333 5107 3410 5164 est
3433 5108 3486 5150 et
3521 5111 3768 5164 passus.)

2182 5166 2237 5213 Et
2257 5163 2554 5211 stammarius
2573 5167 2769 5223 martyr,
2787 5159 2937 5224 quem
2955 5161 3050 5214 sub
3061 5159 3242 5210 eod
3259 5159 3463 5224 mulino
3477 5159 3780 5224 proconsulis

2251 5225 2447 5295 civitate
2482 5221 2711 5295 vageusi'
2729 5221 2924 5295 passum
2967 5224 3241 5295 imperante
3261 5221 3565 5295 _Maxim_iano
3585 5231 3639 5274 ει
3665 5221 3778 5295 cal-

2183 5283 2317 5350 lieno
2340 5283 2579 5335 testantur
2602 5291 2710 5333 Acta
2730 5283 2793 5334 in
2817 5283 3049 5350 Veterum
3087 5283 3416 5350 Analectorum
3446 5293 3577 5350 temo
3595 5292 3776 5350 quarto

2183 5348 2426 5412 publicata
2441 5359 2455 5396 :
2479 5364 2502 5392 α
2516 5353 2764 5408 Nunquam
2777 5345 2991 5412 sna-ilico
3011 5345 3382 5412 daeutoniis,sed
3396 5349 3480 5412 unt
3496 5345 3651 5412 ιιθοξ»
3669 5354 3775 5412 ese.

2184 5408 2343 5472 Atque
2357 5408 2604 5472 aliquantq
2624 5414 2749 5472 post,
2780 5409 3046 5472 «pumice,
3069 5423 3094 5455 ι
3122 5409 3208 5470 ait,
3236 5424 3262 5456 ι
3293 5413 3414 5460 Jesu
3425 5409 3607 5472 Christo
3625 5409 3779 5460 satri-

2194 5489 2219 5520 ι
2238 5468 2455 5536 iicamus,
2475 5470 2558 5536 qui
2582 5468 2698 5536 fecit
2732 5468 2910 5521 omium
2934 5477 2990 5536 et
3007 5468 3207 5534 terram,
3238 5477 3375 5536 mare
3414 5478 3466 5522 et
3485 5471 3780 5536 omnisqu;

2195 5549 2219 5582 ι
2238 5534 2290 5583 in
2315 5535 2388 5583 eis
2407 5531 2522 5583 sunt
2543 5546 2557 5582 :
2582 5532 2696 5582 huic
2729 5539 2829 5584 Deo
2860 5531 3106 5583 credimus
3141 5531 3201 5582 et
3229 5533 3486 5583 servimus.
3508 5548 3531 5577 ι
3560 5531 3781 5584 Hanc'de

2185 5595 2370 5646 Christo
2387 5594 2534 5646 ﬁdem
2547 5594 2830 5658 (mitumque
2850 5595 3003 5658 ipsius
3022 5595 3074 5644 in
3097 5594 3344 5658 apostolos
3358 5595 3641 5658 referebant
3650 5594 3672 5658 _i

2189 5663 2294 5722 met
2315 5659 2506 5722 pagani,
2532 5665 2588 5708 ut
2614 5654 2787 5722 videre
2812 5654 2889 5708 est
2910 5668 3072 5718 supra,
3118 5654 3205 5722 lib.
3227 5655 3304 5722 i_8_,
3326 5669 3431 5716 cap.
3457 5656 3534 5722 :53,
3556 5663 3608 5706 et
3629 5654 3659 5704 li

2189 5720 2256 5792 9ο
2275 5717 2522 5792 οραέβυευ
2557 5717 2988 5792 ενειυεθιίδωειιωὲ
3015 5719 3209 5792 itu-1‘:
3247 5717 3785 5792 @019???”

2191 5781 2342 5846 (qugd
2365 5781 2445 5832 hic
2462 5777 2979 5846 nonprmt'ereundum
2995 5777 3214 5846 silentio)
3243 5798 3270 5846 φ
3287 5777 3459 5832 Christi
3479 5786 3532 5833 et
3550 5780 3638 5832 Del
3653 5791 3788 5844 pon-

2195 5836 2952 5958 ‘iii‘dﬂi‘liiﬂéiﬁeﬁ
2965 5836 3325 5958 amr“

2255 5903 2952 6023 gaudeamus”
2965 5903 3206 5969 ww
3221 5903 3354 5974 ’ναι
3370 5904 3710 5978 ωιτη
3724 5905 3794 5964 *ι

3778 6042 3809 6072 u‘

2531 6109 2536 6116 l
