4062 6506
209 435 304 504 επ

209 555 501 637 procedens
533 575 547 611 :
576 563 638 612 ut
664 550 769 611 illae
795 546 903 610 sint
925 550 1124 608 tectum
1148 591 1163 616 ,
1189 537 1304 620 Ipse
1329 534 1396 601 de
1425 549 1586 600 tecto.
1614 539 1672 596 Si
1701 551 1797 594 au-

208 631 309 709 tem
340 660 635 719 utrumque
663 645 959 703 referamus
991 641 1055 696 ad
1079 649 1266 712 gentes
1289 680 1304 705 ,
1356 652 1460 692 non
1497 646 1660 691 unum
1699 631 1800 687 ho-

207 759 318 801 rum
361 741 432 798 ad
471 740 621 806 illas,
650 739 874 794 alterum
905 733 972 791 ad
999 732 1267 789 diabolum
1301 747 1316 794 ;
1349 737 1402 786 et
1431 736 1626 784 tectum
1668 725 1797 796 ipsae

208 846 326 891 sunt
354 877 370 900 ,
421 832 549 906 quia
597 829 650 886 in
675 831 756 886 eis
798 844 938 884 nunc
984 825 1270 882 includitur
1309 831 1364 878 et
1403 815 1797 891 quodammodo

208 928 400 997 tegitur
445 925 698 980 inimicus
740 920 1031 990 antiquus;
1079 926 1134 972 et
1163 915 1230 971 de
1259 921 1398 970 tecto
1440 913 1569 983 ipsae
1598 917 1793 978 erunt,

206 1017 422 1089 quando
446 1016 500 1071 in
528 1021 771 1085 apertum
799 1010 980 1066 odium
1009 1009 1077 1064 de
1121 1015 1310 1078 operto
1351 1010 1621 1073 erupturas
1651 1010 1793 1059 sunt.

206 1108 354 1178 Quod
381 1122 514 1163 vero
541 1107 632 1173 ait,
665 1103 734 1159 Et
761 1100 1090 1158 ascenderunt
1109 1113 1261 1171 super
1284 1107 1430 1151 terra
1454 1093 1794 1160 latitudinem,

207 1218 262 1256 eo
301 1201 575 1255 eiusei-unt
627 1206 794 1252 castra
837 1201 1130 1250 sanctorum
1173 1200 1217 1246 et
1268 1188 1502 1244 dilectam
1551 1186 1798 1240 ciuitatem

210 1291 418 1364 (Apoc.
443 1306 516 1346 xx
539 1329 557 1358 ,
585 1291 638 1357 7,
671 1287 747 1359 8)
777 1305 792 1343 :
823 1299 933 1342 non
974 1283 1158 1354 utique
1203 1280 1269 1338 ad
1311 1293 1476 1335 unum
1504 1278 1679 1333 locum
1709 1288 1801 1329 ve-

208 1386 347 1443 nisse
368 1426 383 1448 ,
414 1386 497 1438 vel
531 1380 738 1437 venturi
763 1392 884 1434 esse
923 1375 1204 1447 significati
1252 1381 1410 1440 sunt,
1442 1369 1592 1441 qttasi
1619 1367 1802 1436 aliquo

206 1489 310 1531 uno
339 1477 464 1531 loco
490 1475 667 1530 futura
695 1473 802 1528 sint
826 1479 1002 1527 castra
1033 1475 1336 1525 sanctorum
1363 1475 1419 1520 et
1449 1464 1642 1518 dilecta
1670 1460 1802 1516 civi-

208 1577 320 1632 tas;
349 1579 478 1622 cum
511 1566 627 1621 haec
650 1577 755 1619 non
781 1563 853 1617 sit
880 1561 980 1616 nisi
1008 1559 1205 1616 Christi
1235 1555 1475 1612 Ecclesia
1500 1562 1612 1608 toto
1637 1561 1802 1608 terra-

206 1674 322 1716 rum
350 1657 488 1713 orbe
515 1655 706 1711 diﬂusa
736 1671 750 1710 :
777 1668 842 1710 ac
889 1666 985 1723 per
1013 1651 1115 1706 hoc
1155 1649 1476 1718 ubicumque
1521 1653 1648 1700 tunc
1675 1643 1798 1708 erit,

207 1767 322 1824 quae
354 1751 411 1807 in
440 1751 694 1806 omnibus
716 1747 963 1820 gentibus
987 1746 1122 1812 erit,
1155 1741 1298 1814 quod
1337 1739 1689 1811 signiﬁcatum
1720 1743 1803 1792 est

205 1857 429 1901 nomme
451 1840 748 1897 latitudinis
768 1848 925 1895 terrae
948 1879 964 1906 ,
997 1837 1067 1892 ibi
1093 1843 1252 1891 erunt
1269 1843 1448 1889 castra
1470 1839 1799 1895 sanctorum,

206 1937 278 1992 ibi
318 1936 429 1991 erit
467 1934 660 1990 dilecta
692 1933 800 1988 Deo
827 1930 1018 1987 civitas
1043 1928 1200 1998 ejus;
1234 1926 1305 1982 ibi
1333 1925 1401 1980 ab
1423 1923 1672 1979 omnibus
1701 1922 1802 1976 ini-

209 2027 364 2084 micis
391 2026 509 2081 suis
534 2065 548 2091 ,
577 2023 701 2095 quia
729 2031 785 2078 et
813 2021 912 2093 ipsi
941 2020 994 2075 in
1023 2018 1270 2075 oumibus
1296 2015 1543 2088 gentibus
1570 2027 1690 2068 cum
1714 2012 1804 2066 illa

208 2128 395 2186 erunt,
427 2117 814 2190 persecutionis
856 2115 998 2170 illius
1035 2111 1366 2168 immanitate
1403 2111 1669 2180 cingetur,
1702 2106 1804 2162 hoc

208 2223 290 2269 est
309 2254 324 2279 ,
355 2212 410 2267 in
442 2210 718 2282 angustias
751 2206 1106 2264 tribulationis
1131 2204 1424 2260 arctabitnr
1445 2244 1460 2270 ,
1512 2201 1803 2272 urgebitur,

211 2302 599 2369 concludetur;
623 2316 724 2358 nec
749 2300 990 2356 militiam
1020 2299 1038 2332 ⁸
1065 2311 1217 2354 suam
1245 2296 1482 2364 deseret,
1504 2307 1624 2366 quae
1650 2306 1806 2348 voca-

209 2397 336 2454 bulo
362 2405 452 2453 est
479 2396 744 2467 appellata
779 2401 1097 2450 castrorum.

208 2507 442 2567 CAPUT
471 2507 592 2564 Xll.
628 2530 703 2549 ——
737 2507 817 2561 An
854 2505 922 2560 ad
957 2505 1188 2560 ultimum
1219 2501 1526 2573 supplicium
1563 2501 1808 2574 pertineat

279 2605 579 2676 impiorum,
610 2599 746 2674 quod
773 2601 1088 2656 descendisse
1122 2598 1253 2670 ignis
1281 2596 1344 2652 de
1363 2595 1508 2664 calo,
1541 2606 1588 2650 et
1611 2595 1809 2651 eosdem

280 2697 562 2753 comedisse
589 2703 912 2750 memoratur.

280 2811 439 2880 Quod
471 2825 599 2867 vero
647 2808 761 2876 ait,
794 2807 862 2862 Et
903 2806 1159 2862 descendit
1194 2805 1326 2877 ignis
1356 2803 1432 2874 (ll)
1463 2804 1526 2858 de
1567 2802 1717 2858 calas
1764 2811 1811 2857 et

210 2907 430 2962 comedit
469 2923 554 2961 eos
578 2905 757 2979 (Apoc.
794 2920 888 2969 xx,
918 2902 1015 2974 9):
1049 2917 1155 2957 non
1189 2909 1488 2956 extremum
1518 2896 1808 2969 putandum

210 3011 298 3057 est
342 3001 394 3056 id
434 3016 557 3057 esse
596 2991 937 3070 supplicium,
968 2995 1108 3067 quod
1137 2995 1255 3060 erit,
1287 3009 1408 3049 cum
1449 2990 1810 3059 dicetur,.Di-

209 3093 401 3149 scedite
448 3109 480 3146 a
521 3108 636 3158 me,
680 3089 974 3157 maledicti,
1015 3089 1066 3142 in
1109 3087 1276 3158 ignent
1303 3094 1542 3141 mternum
1577 3081 1808 3155 (Matth.

211 3201 345 3251 xxv,
373 3182 485 3254 il).
516 3183 666 3236 Tunc
697 3181 891 3252 quippe
933 3181 987 3234 in
1021 3180 1196 3249 ignem
1231 3177 1511 3231 mittentur
1538 3176 1636 3245 ipsi
1663 3215 1677 3238 ,
1706 3189 1810 3229 non

212 3277 359 3347 ignis
388 3275 457 3330 de
483 3273 621 3331 ccelo
651 3274 825 3328 veniet
852 3287 1013 3342 super
1046 3271 1208 3340 ipsos.
1241 3267 1337 3323 Hic
1365 3275 1544 3322 autem
1573 3265 1706 3321 bene
1732 3265 1813 3320 in-

211 3367 475 3438 telligitur
499 3365 629 3437 ignis
651 3364 714 3418 de
741 3363 865 3417 caelo
890 3405 905 3431 ,
936 3361 1004 3416 de
1031 3361 1142 3431 ipsa
1178 3360 1428 3415 ﬁrmitate
1463 3367 1769 3412 sanctorum
1795 3395 1810 3421 ,

210 3476 328 3534 qua
359 3475 464 3515 non
489 3459 692 3514 cessuri
735 3466 859 3512 sunt
897 3455 1236 3511 saevientibus
1259 3495 1274 3520 ,
1305 3461 1362 3508 ut
1389 3467 1575 3508 eorum
1621 3450 1816 3506 iaciant

209 3552 569 3609 voluntatem.
614 3549 1030 3604 Firmamentum
1077 3556 1158 3602 est
1205 3546 1348 3601 enim
1397 3543 1632 3610 caalum,
1664 3543 1816 3611 cujus

210 3645 477 3703 ﬁrmitate
494 3643 565 3698 illi
585 3639 962 3698 cruciabuntur
983 3638 1358 3694 ardentissimo
1379 3636 1530 3702 zelo;
1563 3635 1813 3707 quoniam

211 3750 337 3795 non
373 3744 626 3808 poterunt
650 3732 920 3791 attrahere
961 3733 1013 3787 in
1048 3738 1227 3802 partes
1256 3728 1572 3784 Antichristi
1601 3735 1814 3782 sanctos

209 3831 449 3889 Christi.
490 3829 556 3886 Et
595 3829 712 3900 ipse
740 3829 844 3883 erit
885 3827 1021 3898 ignis
1050 3826 1141 3897 qui
1170 3823 1418 3880 comedet
1445 3836 1537 3877 eos
1560 3863 1573 3888 ,
1619 3830 1674 3876 et
1715 3820 1817 3876 hoc

210 3941 246 3980 α
275 3922 398 3980 Deo
432 3923 595 3996 :quia
628 3921 721 3978 Dei
766 3935 990 3976 munere
1030 3915 1415 3990 insuperabiles
1444 3914 1580 3969 ilunt
1603 3912 1774 3969 sancti
1797 3954 1813 3981 ,

210 4015 377 4077 unde
406 4017 776 4074 excruciantur
800 4013 1020 4070 inimici.
1064 4011 1213 4068 Sicut
1236 4011 1377 4067 enim
1407 4007 1460 4064 in
1490 4007 1631 4064 bono
1675 4007 1816 4078 posi-

212 4124 349 4170 tum
367 4118 470 4177 est,
487 4105 638 4166 Zelus
651 4108 828 4164 domus
846 4116 947 4160 tua:
968 4103 1180 4160 comedit
1194 4119 1271 4156 me
1293 4098 1462 4172 (Psat.
1478 4112 1661 4164 vam,
1685 4097 1770 4168 10)
1797 4115 1813 4164 ;

212 4204 298 4260 ita
339 4217 370 4258 e
398 4199 692 4265 contrario,
727 4195 881 4252 Zelus
925 4194 1185 4263 occupauit
1211 4189 1401 4261 plebem
1421 4189 1747 4255 ineruditum,
1772 4197 1818 4243 et

213 4309 369 4349 nunc
385 4293 513 4362 ignis
537 4290 814 4346 contrarios
830 4286 1052 4342 comedet
1078 4281 1226 4356 (Isai.
1250 4298 1394 4349 xxvr,
1412 4281 1498 4349 11,
1513 4297 1610 4336 sec.
1628 4277 1816 4352 LXX).

215 4386 294 4441 Et
317 4404 456 4439 nunc
470 4387 669 4454 utique,
684 4392 906 4454 excepto
921 4381 1123 4436 scilicet
1143 4378 1308 4433 ultimi
1327 4375 1469 4430 illius
1485 4373 1815 4446 ignejudieii.

214 4483 346 4538 Aut
374 4481 416 4533 si
446 4493 559 4533 eam
599 4478 805 4548 plagam
827 4518 840 4542 ,
870 4489 971 4545 qua
1017 4469 1344 4542 percutiendi
1395 4478 1520 4523 sunt
1569 4467 1820 4522 Ecclesia:

217 4581 609 4649 persecutores
636 4614 651 4641 ,
699 4570 946 4625 veniente
992 4566 1101 4638 jam
1139 4564 1387 4628 Christo,
1417 4576 1550 4632 quos
1579 4561 1822 4615 viventes

215 4666 479 4726 inveniet
523 4679 682 4734 super
729 4671 959 4726 terram,
986 4658 1200 4729 quando
1227 4655 1509 4711 interllciet
1558 4652 1826 4707 Antichri—

215 4771 382 4816 stum
413 4757 598 4828 spiritu
626 4755 734 4810 oris
762 4753 845 4809 sui
875 4753 893 4824 (
917 4751 957 4808 ll
986 4749 1164 4805 Thess.
1192 4763 1250 4815 tt,
1273 4748 1350 4818 8),
1385 4748 1558 4818 ignem
1590 4745 1824 4815 appella-

216 4859 304 4912 vit
340 4851 749 4909 descendentem
775 4848 847 4904 de
870 4846 1029 4911 caelo,
1057 4857 1256 4914 eosque
1283 4839 1652 4896 comedentem
1674 4877 1690 4905 ,
1722 4853 1821 4892 ne-

216 4962 345 5020 quc
367 4945 470 5002 ιο(
490 4943 731 4999 Lttltnum
763 4938 1080 5010 supplicium
1109 4936 1212 4991 erit
1241 4934 1545 5004 impiorum,
1571 4929 1667 4986 sed
1693 4929 1824 4985 illud

217 5040 383 5116 quod
414 5037 547 5095 facta
570 5050 852 5107 corporum
883 5030 1275 5090 resurrectione
1299 5025 1506 5097 passuri
1534 5033 1681 5079 sunt.

220 5169 471 5233 C.\PUT
510 5170 644 5228 XIII.
684 5199 756 5212 —
791 5168 870 5223 An
910 5177 1102 5238 tempus
1141 5162 1496 5236 persecutionis
1535 5157 1826 5216 Antichristi

562 5261 696 5316 mille
733 5260 877 5315 annis
916 5255 1348 5313 annumerandum
1376 5254 1507 5309 sit’.

307 5403 446 5459 liae
471 5398 772 5472 persecutio
799 5394 1115 5460 novissima,
1149 5406 1270 5462 quas
1305 5387 1482 5445 futura
1506 5395 1590 5444 est
1617 5386 1685 5443 ab
1712 5388 1826 5443 Au-

295 5570 322 5602 ι
361 5563 514 5614 Editio
548 5568 663 5614 tm.
681 5595 698 5623 ,
737 5555 990 5611 malitiam.
1023 5550 1311 5602 Emendatur
1355 5561 1420 5599 ex
1461 5545 1607 5597 editis
1644 5542 1754 5596 aliis
1780 5550 1833 5594 et

222 5625 601 5688 manuscriptis.
973 5682 1047 5688 Α,

296 5665 631 5741 Tifata:
653 5683 789 5742 editi,
813 5693 880 5731 Αη
903 5682 1215 5742 antetemptts
1231 5669 1574 5738 persecutionis
1591 5665 1831 5720 Antichri-

223 5756 295 5808 sti
481 5739 979 5826 ωηιῇωτηιιηὶεςαηάὶ
988 5739 1100 5790 sint.

297 5792 858 5888 (Effncﬁiisﬁmeét,
881 5817 913 5854 a
937 5811 1070 5864 Deo;
1258 5804 1422 5848 tamen
1448 5807 1511 5844 eo
1533 5792 1638 5843 loco
1659 5800 1834 5866 Apoca-

297 5890 394 5938 psts
424 5874 629 5938 legebat
652 5876 942 5938 Augustinus
964 5879 978 5915 :
1002 5875 1115 5914 nam
1145 5861 1191 5912 id
1215 5873 1346 5920 mox,
1364 5855 1606 5920 quomodo
1643 5853 1742 5906 ilhc
1762 5867 1833 5902 m-

221 5879 903 6003 mussante:

1509 419 1713 482 LIBER
1749 407 2140 496 vrossmus.

3377 413 3487 481 678

1905 538 2149 597 tichristo
2178 538 2353 612 (sicut
2393 537 2505 613 jam
2547 540 2818 611 diximus,
2848 537 2970 613 quia
3016 537 3160 597 etin
3206 533 3308 596 hoc
3343 537 3482 596 libro

1903 633 2147 701 superius
2161 629 2342 705 [Αροε.
2360 647 2418 700 x,
2436 643 2481 687 et
2503 632 2606 708 xi],
2624 643 2676 689 et
2703 629 2842 706 apud
2869 632 3138 689 Danielem
3167 630 3482 704 prephetam

1906 723 1925 799 Ῐ
1949 726 2084 782 Dan.
2113 724 2210 799 xn]
2242 727 2466 796 positum
2493 727 2618 799 est),
2647 727 2816 784 tribus
2840 727 2993 783 annis
3017 735 3071 783 et
3093 742 3188 783 sex
3211 719 3487 782 mensibus

1903 819 2022 876 erit.
2053 820 2204 889 Quod
2231 829 2458 890 tempus,
2491 821 2732 892 quamvis
2755 822 3022 893 exiguum,
3051 830 3225 876 utrum
3247 818 3314 875 ad
3340 817 3486 875 mille

1902 928 2072 969 annos
2115 915 2416 984 pertineat,
2445 913 2637 986 quibus
2665 926 2718 970 et
2745 913 3014 970 diabolum
3056 914 3271 985 ligatum
3317 909 3438 967 dicit
3467 951 3482 978 ,

1903 1018 1956 1063 et
1986 1017 2196 1063 sanctos
2227 1022 2451 1079 regnare
2474 1022 2594 1062 cum
2615 1005 2862 1074 Christo;
2888 1023 2956 1062 an
2977 1007 3178 1063 eisdem
3203 1004 3358 1061 annis
3384 1003 3484 1059 hoc

1903 1117 2123 1172 parvum
2147 1102 2376 1170 spatium
2403 1099 2810 1171 superaddatur,
2833 1108 2990 1168 atque
3010 1102 3079 1155 sit
3099 1107 3268 1166 extra,
3294 1096 3488 1152 merito

1904 1191 2207 1263 ambigitur.
2238 1191 2370 1262 Quia
2397 1192 2444 1248 si
2473 1192 2760 1247 dixerimus
2803 1191 2869 1246 ad
2913 1189 3131 1248 eosdem
3174 1203 3341 1245 annos
3385 1188 3487 1244 hoc

1903 1285 2173 1357 pertinere
2202 1327 2218 1352 ,
2258 1299 2363 1340 non
2407 1290 2555 1340 tanto
2599 1293 2842 1354 tempore
2865 1324 2881 1352 ,
2922 1281 3016 1337 sed
3046 1281 3336 1354 prolixiora
3365 1294 3487 1336 cum

1903 1377 2117 1433 Christo
2145 1391 2364 1446 regnum
2391 1383 2696 1430 sanctorum
2727 1373 3024 1445 reperietur
3052 1370 3298 1439 extendi,
3327 1385 3485 1442 quam

1905 1469 2149 1526 diabolus
2174 1469 2395 1541 alligari.
2429 1467 2676 1527 Profecto
2703 1468 2846 1522 enim
2877 1467 3043 1523 sancti
3075 1481 3196 1522 cum
3226 1480 3321 1520 suo
3349 1464 3491 1534 Rege

1905 1565 2064 1621 etiam
2093 1565 2144 1620 in
2181 1564 2293 1634 ipsa
2318 1563 2582 1634 przccipuc
2622 1561 2990 1632 persecutione
3026 1558 3321 1629 regnabunt
3355 1557 3493 1610 mala

1908 1668 2049 1714 tanta
2082 1658 2374 1717 vincentes.
2405 1654 2616 1726 quando
2639 1655 2748 1724 jam
2777 1652 3020 1709 diabolus
3049 1667 3155 1706 non
3184 1652 3286 1706 erit
3311 1649 3495 1719 alliga-

1907 1760 2014 1817 tus,
2040 1760 2097 1806 ut
2117 1765 2209 1807 eos
2237 1751 2482 1822 persequi
2513 1747 2759 1804 omnibus
2779 1745 2982 1803 viribus
3007 1745 3192 1819 possit.
3215 1740 3496 1814 Quomodo

1906 1832 2158 1916 ergo‘ista
2194 1843 2465 1914 Scriptura
2493 1841 2694 1899 eisdem
2729 1839 2873 1896 mille
2901 1841 3054 1894 anuis
3083 1847 3366 1908 utrumque
3399 1834 3496 1890 dc-

1908 1937 2202 2004 terminat,
2251 1936 2446 1992 diaboli
2488 1935 2693 1992 scilicet
2740 1933 3130 2004 alligatiouem,
3163 1942 3496 2001 regnumque

1906 2041 2210 2090 sanctorum
2237 2048 2251 2095 ;
2283 2045 2405 2086 cum
2435 2028 2592 2085 trium
2621 2042 2878 2082 annorum
2908 2035 2960 2082 et
2990 2039 3085 2082 sex
3121 2021 3384 2079 mensium
3409 2021 3495 2076 in-

1908 2126 2128 2182 tervallo
2160 2125 2306 2198 prius
2331 2123 2542 2180 desinat
2567 2121 2800 2192 alligatio
2822 2119 3018 2176 diaboli
3043 2160 3058 2187 ,
3086 2133 3243 2190 quam
3273 2128 3493 2187 regnum

1908 2229 2216 2302 sanctorum
2243 2220 2297 2275 in
2327 2218 2407 2273 his
2434 2217 2580 2274 mille
2619 2215 2770 2271 annis
2809 2229 2928 2270 cum
2955 2210 3207 2270 Christo?
3233 2209 3288 2266 Si
3318 2216 3496 2264 autem

1907 2315 2197 2372 dixerimus
2244 2327 2463 2384 parvum
2507 2307 2891 2381 persecutionis
2929 2305 3086 2377 hujus
3125 2301 3225 2359 hoc
3267 2301 3495 2373 spatium

1910 2421 2016 2463 non
2061 2403 2474 2476 computandum
2522 2404 2574 2458 in
2620 2401 2763 2456 mille
2806 2399 2998 2466 annis,
3039 2397 3134 2452 sed
3162 2395 3240 2450 eis
3267 2393 3497 2464 impletis

1911 2500 2088 2572 potius
2115 2496 2471 2568 adjiciendum
2498 2512 2512 2560 ;
2544 2503 2601 2548 ut
2625 2492 2839 2564 proprie
2869 2490 3038 2561 possit
3067 2487 3284 2557 intelligi
3310 2528 3324 2552 ,
3353 2483 3496 2556 quod

1911 2606 2033 2647 cum
2060 2590 2282 2646 dixisset
2306 2631 2318 2653 ,
2353 2587 2652 2643 Sacerdotes
2677 2585 2774 2644 Dei
2797 2594 2842 2638 et
2871 2583 3056 2638 Christi
3085 2580 3361 2651 regnabant
3385 2593 3499 2630 cum

1913 2700 1969 2739 eo
1995 2683 2134 2738 mille
2155 2683 2322 2748 annis,
2351 2679 2560 2752 adjecit,
2587 2677 2792 2732 Etcum
2820 2675 2950 2745 ﬁniti
2977 2674 3162 2745 fuerint
3189 2671 3328 2726 utilis
3353 2670 3497 2736 anni,

1912 2781 2131 2835 soluetur
2169 2787 2372 2834 satanas
2402 2777 2465 2830 de
2501 2775 2732 2830 custodia
2768 2788 2905 2839 sua;
2941 2771 3045 2825 isto
3073 2768 3216 2823 enim
3257 2764 3415 2822 modo
3446 2771 3503 2819 et

1914 2887 2136 2944 regnum
2166 2879 2469 2925 sanctorum
2509 2877 2563 2924 et
2591 2866 2860 2923 vinculum
2899 2861 3096 2918 diaboli
3134 2859 3294 2916 simul
3319 2871 3499 2914 cessa-

1917 2977 2032 3023 tum
2053 2980 2172 3022 esse
2191 2965 2471 3036 significat,
2495 2972 2554 3017 ut
2578 2961 2769 3018 deinde
2795 2956 3178 3031 persecutionis
3197 2955 3338 3011 illius
3364 2963 3500 3009 tem-

1914 3076 2014 3133 pus
2044 3075 2141 3116 nec
2167 3061 2233 3115 ad
2260 3066 2566 3114 sanctorum
2596 3069 2841 3126 regnum,
2869 3067 2970 3108 nec
2995 3050 3062 3106 ad
3087 3048 3384 3105 custodiam
3409 3061 3501 3101 sa-

1917 3163 2073 3220 tame,
2097 3166 2322 3222 quorum
2349 3158 2629 3218 utrumque
2653 3147 2707 3201 in
2734 3145 2880 3200 mille
2903 3143 3058 3197 annis
3077 3150 3180 3206 est,
3209 3138 3497 3210 pertinere,

1915 3247 2008 3304 sed
2047 3243 2442 3317 superadditum
2473 3251 2527 3298 et
2559 3251 2708 3297 extra
2737 3239 3146 3310 computandum
3171 3250 3292 3291 esse
3313 3231 3501 3290 creda-

1917 3351 2044 3397 tur:
2073 3353 2325 3411 cogemur
2354 3337 2505 3392 lateri
2534 3344 2750 3392 sanctos
2788 3333 2842 3388 in
2880 3332 2967 3387 illa
3008 3329 3378 3402 persecutione
3413 3339 3500 3380 rc-

1916 3443 2168 3506 gnaturos
2214 3445 2321 3487 non
2371 3442 2490 3486 esse
2535 3443 2657 3484 cum
2699 3426 2937 3482 Christo.
2987 3422 3092 3480 Sed
3142 3422 3261 3492 quis
3308 3419 3502 3475 audeat

1917 3528 2097 3583 dicere
2127 3567 2142 3593 ,
2194 3533 2322 3580 tunc
2349 3537 2469 3578 cum
2501 3521 2592 3578 illo
2617 3535 2724 3576 non
2749 3526 3030 3590 regnatura
3068 3530 3161 3571 sua
3211 3513 3448 3570 membra
3477 3553 3494 3582 ,

1917 3620 2128 3692 quando
2151 3619 2202 3675 ei
2240 3616 2468 3672 maxime
2502 3627 2662 3686 atque
2706 3612 2994 3668 fortissime
3026 3607 3402 3672 cohaerebunt,
3445 3613 3502 3660 et

1917 3729 2023 3784 quo
2051 3721 2292 3783 tempore
2317 3717 2515 3781 quanto
2545 3709 2647 3764 erit
2671 3706 2845 3761 acrior
2873 3705 3102 3775 impetus
3139 3702 3260 3757 belli
3291 3742 3307 3774 ,
3353 3707 3500 3755 tanto

1918 3805 2090 3876 major
2108 3804 2277 3876 gloria
2297 3818 2402 3857 non
2419 3800 2642 3856 cedendi
2663 3800 2704 3866 ³,
2731 3807 2876 3852 tanto
2895 3797 3110 3857 densior
3131 3809 3329 3851 corona
3353 3807 3499 3848 mar-

1920 3899 2084 3973 tyrii?
2109 3900 2215 3954 Aut
2239 3898 2283 3953 si
2308 3907 2528 3967 propter
2554 3890 2941 3959 tribulationes,
2971 3904 3102 3962 quas
3127 3887 3332 3960 passuri
3353 3895 3494 3952 sunt,

1918 4011 2026 4052 non
2047 3992 2258 4050 dicendi
2277 3999 2402 4047 sunt
2420 3989 2723 4062 regnaturi;
2751 3999 3085 4056 consequens
3106 3986 3230 4053 erit,
3257 3991 3314 4038 ut
3339 3981 3500 4038 etiam

1919 4087 2284 4160 superioribus
2310 4084 2497 4140 diebus
2523 4084 2574 4136 in
2600 4079 2801 4136 eisdem
2840 4077 2982 4133 mille
3005 4078 3156 4132 annis
3186 4076 3502 4147 quicumque

1920 4181 2308 4239 tribulabantur
2327 4185 2650 4241 sanctorum,
2672 4187 2739 4229 eo
2758 4173 2874 4245 ipso
2892 4178 3131 4242 tempore
3153 4167 3504 4225 tribulationis

1923 4294 2034 4334 suae
2060 4293 2182 4334 cum
2209 4275 2425 4330 Christo
2450 4287 2555 4327 non
2585 4281 2833 4342 regnasse
2860 4266 3102 4322 dicantur
3134 4281 3148 4318 :
3179 4277 3241 4320 ac
3275 4276 3372 4333 per
3403 4261 3504 4316 hoc

1923 4369 2073 4428 etilli
2103 4413 2117 4437 ,
2165 4382 2389 4440 quorum
2427 4366 2635 4419 animas
2677 4368 2862 4416 auctor
2899 4358 3017 4413 libri
3045 4356 3198 4427 hujus
3220 4355 3417 4410 vidisse
3446 4367 3505 4410 se

1923 4462 2105 4520 scribit
2121 4461 2421 4516 occisorum
2448 4464 2670 4528 propter
2691 4452 3048 4508 testimonium
3072 4450 3194 4506 Jesu
3216 4455 3272 4503 et
3288 4454 3505 4518 propter

1922 4554 2143 4612 verbum
2173 4551 2301 4618 Dei,
2333 4567 2439 4605 non
2469 4547 2761 4620 regnabant
2788 4560 2907 4600 cum
2933 4543 3147 4600 Christo
3172 4540 3384 4614 quando
3412 4555 3504 4610 pa-

1924 4648 2192 4705 tiebantur
2225 4642 2644 4715 persecutionem
2669 4656 2685 4706 ;
2716 4647 2769 4693 et
2797 4637 2897 4708 ipsi
2928 4650 3145 4707 regnum
3175 4633 3369 4690 Christi
3400 4646 3505 4686 non

1925 4745 2077 4797 erant
2098 4783 2112 4807 ,
2141 4751 2276 4809 quos
2301 4734 2539 4792 Christus
2573 4731 2918 4788 excellentius
2947 4727 3270 4799 possidebat.
3302 4725 3506 4781 Absur-

1928 4830 2201 4888 dissimum
2228 4828 2280 4883 id
2305 4827 2518 4898 quidem
2545 4834 2600 4880 et
2625 4821 2773 4878 omni
2796 4820 2957 4876 modo
2985 4817 3356 4875 aversandum.
3397 4812 3504 4870 Sed

1925 4933 2072 4982 certe
2114 4923 2305 4978 anima:
2347 4919 2591 4975 victrices
2635 4915 3137 4988 gloriosissimorum
3177 4919 3463 4982 martyrum
3491 4948 3505 4976 ,

1925 5019 2173 5075 omnibus
2203 5012 2476 5073 doloribus
2515 5025 2579 5068 ac
2621 5008 2888 5066 laboribus
2917 5005 3176 5077 superatis
3205 5010 3363 5073 atque
3391 5001 3508 5054 (ini-

1928 5114 1996 5168 tis
2019 5151 2035 5178 ,
2078 5118 2422 5180 posteaquam
2463 5103 2704 5160 mortalia
2749 5098 2987 5156 membra
3031 5102 3356 5168 posuerunt,
3386 5106 3508 5148 cum

1929 5205 2141 5262 Christo
2169 5205 2351 5274 utique
2373 5203 2728 5271 regnaverunt
2755 5200 2810 5250 et
2834 5199 3091 5262 regnant,
3121 5189 3294 5245 donec
3323 5187 3512 5241 linian-

1933 5309 2018 5356 tur
2047 5297 2190 5356 mille
2228 5297 2384 5361 anni,
2415 5303 2473 5349 ut
2517 5300 2696 5361 postea
2738 5287 2968 5357 receptis
3003 5285 3159 5340 etiam
3202 5281 3513 5354 corporibus

1929 5393 2038 5464 jam
2083 5387 2467 5446 immortalibus
2492 5387 2734 5453 regnent.
2778 5377 3006 5434 Proinde
3045 5374 3213 5430 tribus
3237 5373 3342 5429 illis
3361 5373 3516 5428 annis

1936 5496 2093 5558 atque
2119 5481 2341 5540 dimidio
2365 5523 2378 5548 ,
2408 5479 2597 5533 animm
2626 5473 2926 5530 occisorum
2955 5484 3052 5542 pro
3076 5469 3193 5539 ejus
3223 5465 3478 5539 martyrio
3496 5505 3512 5530 ,

1939 5587 1992 5636 et
2019 5593 2136 5649 quae
2160 5583 2314 5630 antea
2342 5571 2409 5626 de
2432 5566 2746 5639 corporibus
2771 5565 3032 5628 exierunt,
3063 5570 3117 5619 et
3143 5575 3261 5631 quae
3286 5559 3396 5630 ipsa
3421 5573 3515 5612 no-

1937 5673 2150 5728 vissima
2192 5662 2559 5738 persecutione
2601 5667 2726 5716 sunt
2757 5657 2976 5713 exitum
3004 5695 3019 5722 ,
3063 5652 3356 5724 regnabant
3393 5665 3516 5704 cum

1939 5768 2027 5824 illo
2051 5806 2065 5834 ,
2118 5763 2286 5819 donec
2325 5757 2538 5814 tluiatur
2582 5751 2807 5808 mortale
2843 5747 3098 5806 smculum
3125 5788 3142 5816 ,
3189 5753 3243 5802 et
3283 5742 3350 5800 ad
3389 5738 3518 5799 illud

2007 5913 2023 5944 ι
2061 5899 2177 5958 vim
2193 5931 2203 5942 -
2220 5913 2319 5960 Am.
2342 5915 2416 5959 Br.
2445 5911 2497 5957 et
2517 5902 2688 5962 plures
2705 5899 3030 5962 manmcripti,
3055 5906 3150 5947 non
3166 5885 3380 5972 Μ,
