4062 6494
275 481 492 544 dicitur,
539 477 665 535 Sine
691 486 916 533 mortuos
955 475 1168 548 sepelire
1215 485 1439 534 mortuos
1465 493 1584 535 suos
1630 479 1847 551 (Matth.

272 589 380 636 vm,
406 572 522 642 2i).
553 572 784 627 Possunt
804 570 995 626 mortui
1017 571 1176 626 etiam
1202 579 1419 641 propter
1439 570 1541 627 hoc
1560 571 1683 637 dici,
1708 571 1849 642 quod

271 664 515 719 mortalia
545 672 737 734 gerunt
786 678 1011 734 corpora
1051 679 1064 717 :
1113 663 1253 718 unde
1297 662 1603 734 Apostolus,
1645 662 1840 733 Corpus

266 756 489 827 quidem,
513 756 704 825 inquit,
734 764 988 810 mortuum
1024 765 1098 810 est
1126 765 1335 826 propter
1362 765 1657 826 peccatum;
1696 757 1852 826 spiri-

267 857 343 902 tus
379 857 551 902 autem
579 848 682 900 vita
727 856 799 900 est
827 855 1033 918 prOpter
1066 847 1322 917 justitiam
1359 846 1534 918 (Rom.
1573 863 1686 914 VIII,
1715 847 1845 920 IO):

267 941 631 1012 utrumquein
660 940 874 995 homine
917 939 1148 1006 vivente,
1190 949 1349 1011 atque
1393 940 1445 996 in
1487 941 1587 996 hoc
1622 955 1848 1012 corpore

262 1035 552 1088 constituto
595 1049 716 1088 esse
745 1032 1134 1100 demonstrans,
1167 1041 1221 1088 et
1254 1048 1448 1104 corpus
1476 1044 1763 1097 mortuum.
1793 1043 1848 1090 et

262 1126 506 1194 spiritum
541 1125 723 1178 vitam.
756 1121 864 1178 Nec
896 1132 1072 1178 tamen
1100 1123 1241 1178 dixit
1257 1137 1450 1194 corpus
1479 1125 1721 1191 mortale,
1751 1124 1846 1180 sed

261 1225 531 1272 mortuum
559 1235 571 1272 :
600 1217 845 1286 quamvis
870 1216 1054 1271 eadem
1077 1217 1236 1286 paulo
1267 1226 1384 1287 post
1409 1217 1568 1271 etiam
1603 1218 1846 1272 mortalia

260 1323 484 1378 corpora
517 1308 676 1379 (Ibid.
713 1308 823 1380 ll),
857 1309 994 1364 sicut
1019 1309 1260 1364 usitatius
1280 1318 1559 1376 vocantur,
1586 1310 1840 1380 appellet.

260 1400 366 1456 llos
391 1417 523 1470 ergo
555 1411 793 1456 mortuos
821 1402 1062 1458 exhibuit
1093 1417 1258 1470 mare,
1285 1403 1373 1474 qui
1400 1405 1452 1458 in
1481 1418 1548 1459 eo
1587 1413 1760 1470 erant,
1790 1401 1844 1458 id

261 1503 360 1560 est,
409 1493 655 1550 exhibuit
702 1494 947 1550 homines
977 1495 1076 1550 hoc
1119 1495 1394 1560 saeculum,
1439 1496 1762 1566 quicumque
1791 1497 1845 1551 in

259 1600 323 1639 eo
346 1595 524 1653 erant,
549 1586 670 1656 quia
699 1587 932 1640 nondum
962 1585 1220 1640 obierant.
1257 1584 1325 1638 Et
1360 1602 1495 1640 mors
1523 1596 1570 1640 et
1593 1587 1841 1658 infernus,

258 1679 448 1749 inquit,
483 1678 810 1732 reddiderunt
840 1687 1080 1744 mortuos,
1098 1693 1221 1748 quos
1251 1677 1304 1731 in
1327 1693 1381 1732 se
1405 1678 1668 1732 habebant.
1703 1678 1844 1734 Mare

255 1771 517 1838 exhibuit,
563 1771 684 1842 quia
714 1771 852 1827 sicut
881 1771 1080 1826 inventi
1129 1782 1272 1837 sunt,
1319 1770 1648 1827 adfuerunt:
1698 1785 1844 1827 mors

255 1880 380 1919 vero
410 1874 467 1920 et
512 1865 750 1919 infernus
801 1863 1164 1931 reddiderunt,
1196 1864 1446 1934 quoniam
1475 1864 1616 1928 vitae,
1647 1863 1714 1920 de
1739 1880 1843 1936 qua

254 1956 357 2027 jam
407 1957 676 2023 exierant,
725 1964 1060 2011 revocarunt.
1092 1955 1201 2011 Nec
1247 1956 1440 2010 frustra
1489 1955 1711 2010 fortasse
1736 1970 1841 2010 non

254 2048 382 2102 satis
409 2047 511 2102 fuit
538 2057 594 2102 ut
621 2048 822 2103 diceret
843 2065 998 2114 mors,
1028 2057 1118 2102 aut
1147 2048 1416 2119 infernus;
1437 2047 1532 2103 sed
1560 2057 1844 2119 utrumque

253 2139 450 2195 dictum
484 2148 598 2195 est:
633 2156 797 2204 mors,
844 2149 1062 2211 propter
1104 2139 1307 2206 bonos,
1357 2141 1443 2209 qui
1479 2141 1844 2197 tantummodo

251 2241 482 2285 mortem
514 2232 715 2301 perpeti
749 2240 1053 2301 potuerunt,
1082 2247 1184 2285 non
1206 2240 1261 2285 et
1281 2231 1579 2297 infernum;
1605 2231 1842 2288 infernus

251 2334 426 2377 autem
474 2333 690 2393 propter
720 2325 911 2391 malos,
939 2325 1026 2395 qui
1057 2324 1215 2379 etiam
1262 2338 1447 2394 pinnas
1472 2323 1611 2394 apud
1642 2324 1842 2382 inferos

252 2417 510 2488 pendunt.
541 2415 594 2472 Si
625 2418 768 2473 enim
791 2432 896 2470 non
922 2417 1150 2472 absurde
1171 2417 1315 2472 credi
1338 2417 1566 2484 videtur,
1589 2418 1836 2487 antiquos

250 2513 408 2567 etiam
455 2520 694 2578 sanctos,
724 2511 813 2582 qui
845 2513 1050 2566 venturi
1097 2511 1294 2567 Christi
1335 2519 1622 2568 tenuerunt
1661 2513 1837 2578 ﬁdem,

250 2604 379 2659 locis
405 2602 623 2674 quidem
649 2618 679 2658 a
711 2603 990 2659 tormentis
1018 2604 1298 2674 impiorum
1322 2604 1713 2670 remotissimis,
1743 2605 1840 2662 sed

248 2695 385 2763 apud
433 2694 636 2750 inferos
680 2693 864 2762 fuisse,
897 2694 1067 2750 donec
1095 2709 1188 2749 eos
1231 2695 1356 2751 inde
1396 2696 1612 2766 sanguis
1641 2696 1839 2753 Christi

248 2796 302 2841 et
343 2786 409 2842 ad
457 2803 521 2843 ea
556 2788 668 2842 loca
712 2788 1005 2842 descensus
1045 2796 1276 2854 erueret,
1324 2789 1563 2860 profecto
1587 2789 1840 2861 deinceps

248 2878 369 2932 boni
405 2878 590 2934 ﬁdeles
618 2878 786 2934 eﬁ‘uso
815 2878 906 2933 illo
936 2878 1108 2950 pretio
1145 2878 1254 2950 jam
1286 2879 1570 2949 redempti,
1617 2895 1839 2951 prorsus

249 2969 450 3025 inferos
497 2959 768 3038 nesciunt,
811 2972 984 3027 donec
1023 2972 1182 3026 etiam
1232 2973 1459 3042 receptis
1502 2974 1835 3042 corporibus,

247 3064 381 3117 bona
427 3065 694 3133 recipiant
736 3081 855 3136 qua:
901 3075 1198 3122 merentur.
1225 3064 1360 3121 Cum
1389 3075 1564 3122 autem
1594 3067 1834 3135 dixisset,

249 3156 312 3211 Et
328 3158 553 3228 judicati
592 3168 707 3213 sunt
732 3159 920 3230 singuli
944 3159 1222 3214 secundum
1255 3165 1393 3230 facta
1435 3175 1561 3225 sua;
1609 3159 1840 3217 breviter

245 3251 496 3320 subjecit,
530 3251 978 3322 quemadmodum
1010 3251 1204 3308 fuerint
1237 3251 1498 3322 judicati:
1537 3252 1604 3308 Et
1637 3271 1772 3310 mors
1791 3263 1840 3311 et

246 3343 495 3412 infernus,
533 3344 721 3413 inquit,
750 3345 893 3399 missi
917 3353 1036 3399 sunt
1057 3345 1113 3400 in
1149 3355 1382 3417 stagnant
1426 3347 1556 3417 ignis
1577 3362 1596 3400 :
1625 3345 1709 3402 his
1737 3363 1836 3403 no-

244 3436 483 3492 minibus
531 3436 839 3507 signiﬁcans
880 3437 1174 3504 diabolum,
1226 3439 1477 3510 quoniam
1528 3439 1718 3496 mortis
1756 3450 1838 3496 est

244 3537 427 3583 auctor
453 3537 514 3583 et
555 3528 881 3584 infernarum
914 3546 1210 3601 poenarum,
1243 3532 1654 3602 universumque
1681 3531 1834 3588 simul

244 3619 550 3675 dmmonum
579 3622 911 3678 societatem.
942 3623 1052 3678 Hoc
1075 3633 1157 3678 est
1181 3623 1322 3679 enim
1360 3624 1502 3696 quod
1529 3640 1686 3696 supra
1721 3627 1836 3681 evi-

244 3711 454 3773 dentius
486 3715 912 3786 prmoccupaudo
931 3715 1041 3786 jam
1065 3715 1290 3784 dixerat,
1319 3729 1366 3772 et
1390 3718 1619 3774 diabolus
1639 3720 1728 3792 qui
1753 3737 1834 3775 se-

245 3803 452 3858 ducebat
484 3822 590 3871 eos,
620 3807 803 3859 missus
830 3815 902 3861 est
937 3807 990 3861 in
1033 3817 1265 3878 stagnum
1304 3807 1435 3878 ignis
1470 3818 1518 3862 et
1551 3809 1830 3879 sulphuris.

242 3895 392 3964 Quod
426 3898 498 3952 ibi
549 3913 678 3953 vero
716 3899 994 3954 obscurius
1034 3898 1368 3968 adjunxerat,
1400 3899 1605 3965 dicens,
1647 3901 1759 3969 Quo
1786 3911 1837 3957 et

244 3990 416 4057 bestia,
466 4000 515 4044 et
561 3991 1044 4061 pseudopropheta;
1095 3991 1178 4046 hic
1225 3992 1480 4061 apertius,
1513 3989 1581 4046 Et
1622 3994 1706 4063 qui
1736 4010 1836 4048 non

239 4091 376 4147 sunt,
409 4083 608 4152 inquit,
636 4084 822 4136 inventi
849 4083 902 4136 in
927 4082 1054 4135 libro
1083 4082 1198 4136 vita:
1224 4083 1419 4151 scripti,
1451 4082 1592 4138 missi
1627 4094 1743 4137 sunt
1782 4083 1835 4137 in

241 4184 476 4244 stagnum
505 4174 639 4246 ignis
662 4173 845 4246 (Apoc.
874 4191 962 4237 xx,
996 4174 1081 4240 ll,
1109 4174 1219 4244 l5).
1244 4173 1359 4228 Non
1391 4173 1557 4228 Deum
1579 4174 1713 4230 liber
1737 4174 1836 4230 iste

241 4275 651 4332 commemorat,
688 4283 753 4322 ne
782 4266 1049 4322 oblivione
1075 4265 1326 4321 fallatur:
1360 4265 1452 4321 sed
1484 4265 1833 4336 przedeStina-

243 4359 440 4413 tionem
469 4360 733 4428 signiﬁcat
762 4375 970 4425 eorum,
1002 4358 1193 4427 quibus
1227 4368 1425 4412 {eterna
1469 4357 1681 4411 dabitur
1705 4359 1832 4413 vita.

241 4450 425 4521 Neque
468 4453 614 4506 enim
663 4452 831 4506 nescit
869 4465 964 4506 eos
992 4450 1154 4516 Deus,
1187 4457 1240 4504 et
1270 4452 1321 4504 in
1355 4449 1457 4505 hoc
1498 4448 1636 4503 libro
1684 4449 1829 4519 legit,

242 4554 299 4594 ut
330 4545 494 4596 sciat:
521 4543 614 4596 sed
641 4543 818 4613 potius
846 4542 955 4612 ipsa
988 4540 1102 4611 ejus
1136 4539 1466 4610 prmseientia
1491 4539 1559 4594 de
1585 4539 1834 4609 illis,qu:u

241 4634 350 4688 falli
381 4651 487 4689 nou
522 4644 718 4704 potest,
748 4635 884 4690 liber
909 4644 998 4690 est
1022 4635 1166 4701 vitm,
1196 4634 1246 4689 in
1269 4648 1375 4704 quo
1403 4643 1525 4687 sunt
1551 4631 1755 4702 scripti,
1781 4630 1832 4686 id

151 4773 156 4777 Α
239 4738 343 4795 est,
378 4738 505 4784 ante
533 4729 861 4800 praecogniti.

377 4857 604 4914 CAPUT
645 4859 784 4918 XVI.
809 4892 882 4904 —
905 4861 984 4916 De
1009 4861 1135 4916 coelo
1162 4877 1307 4927 novo,
1336 4868 1382 4916 et
1412 4869 1544 4914 terra
1564 4875 1709 4914 nova.

313 4996 494 5051 Finito
524 5002 703 5050 autem
729 4993 950 5065 judicio,
983 5008 1090 5064 quo
1121 4997 1495 5062 praenuntiavit
1514 4993 1830 5065 judicandos

215 5083 438 5156 malos,
472 5095 642 5144 restat
671 5095 729 5142 ut
773 5088 932 5142 etiam
959 5086 1026 5142 de
1051 5085 1205 5141 bonis
1233 5085 1394 5140 dicat.
1421 5085 1537 5140 Jam
1565 5086 1708 5140 enim
1733 5100 1830 5140 ex-

234 5183 461 5257 plicavit
489 5182 634 5254 quod
663 5181 948 5239 brevitera
989 5181 1214 5236 Domino
1247 5179 1444 5234 dictqu
1495 5191 1577 5234 est
1618 5220 1633 5242 ,
1675 5177 1833 5234 Ibunt

233 5279 325 5331 isti
345 5277 399 5331 in
425 5274 737 5347 supplicium
756 5284 1034 5338 internum;
1061 5272 1319 5344 sequitur,
1347 5280 1405 5326 ut
1433 5272 1664 5340 explicet
1688 5271 1828 5342 quod

231 5371 402 5424 etiam
436 5369 510 5423 ibi
545 5370 901 5430 connectitur,
943 5365 1079 5420 Justi
1114 5375 1282 5419 autem
1312 5363 1366 5418 in
1400 5363 1553 5418 vitam
1591 5374 1832 5416 (sternam

238 5460 461 5528 (Hatth.
510 5475 638 5525 xxv,
683 5458 796 5530 46).
836 5457 906 5513 Et
932 5457 1054 5524 vidi,
1091 5457 1281 5528 inquit,
1315 5447 1493 5512 caelum
1537 5472 1738 5519 nomint,
1784 5464 1832 5509 et

233 5561 428 5606 terram
471 5568 677 5607 novam.
713 5549 851 5606 Nam
880 5551 1100 5620 primum
1130 5551 1310 5604 caelum
1348 5558 1394 5602 et
1437 5560 1571 5602 terra
1617 5549 1782 5618 prima
1811 5548 1828 5578 ¹

232 5654 576 5710 recesserunt,
622 5652 670 5697 et
712 5659 850 5696 mare
868 5643 980 5714 jam
1023 5658 1122 5696 non
1166 5652 1235 5696 est
1265 5641 1447 5714 (Apoc.
1477 5656 1586 5705 xxI,
1618 5638 1695 5708 l).
1726 5635 1832 5692 Isto

235 5732 338 5786 ﬁet
363 5735 576 5800 ordine,
624 5733 764 5804 quod
793 5734 1037 5802 superius
1078 5732 1499 5805 prmoccupando
1538 5732 1647 5804 jam
1673 5729 1829 5800 dixit,

301 5868 322 5903 ⁸
356 5877 408 5921 In
430 5870 659 5920 omnibus
677 5877 780 5918 Mss.
799 5872 961 5933 deest,
978 5885 1154 5935 prima.

605 5955 813 6016 Sanc'r
883 5956 1155 6018 Auous'r.
1203 5955 1340 6018 VII.

1549 361 1753 422 LIBER
1789 360 2172 422 VIGESIMUS.

1961 479 2159 534 vidisse
2181 493 2242 534 se
2265 493 2426 550 super
2452 479 2700 537 thronum
2742 482 3038 553 sedentem,
3065 499 3096 542 a
3120 484 3271 559 cujus
3298 488 3430 546 facie
3457 493 3538 546 lu-

1958 571 2036 641 git
2060 570 2251 626 caelum
2297 580 2351 627 et
2378 581 2536 628 terra.
2579 573 2834 632 Judicatis
2875 577 3074 649 quippe
3101 578 3204 646 his,
3235 580 3325 650 qui
3351 583 3534 651 scripti

1960 676 2071 718 non
2100 671 2225 718 sunt
2252 663 2305 717 in
2345 663 2481 721 libro
2505 665 2646 734 vitaz,
2691 675 2746 722 et
2769 668 2822 723 in
2851 677 3109 726 aeternum
3139 672 3313 741 ignem
3357 675 3537 730 missis

1960 753 2074 826 (qui
2100 755 2238 825 ignis
2263 755 2582 826 cuiusmodi,
2605 767 2660 814 et
2687 759 2739 814 in
2760 773 2864 830 qua
2891 763 3072 818 mundi
3091 763 3178 819 vel
3209 779 3388 820 rerum
3410 781 3534 835 par-

1958 853 2011 901 te
2039 845 2247 902 l‘uturus
2281 848 2368 912 sit,
2405 847 2670 904 hominem
2693 851 2833 907 scire
2857 853 3087 909 arbitror
3115 855 3404 926 neminem,
3426 858 3528 912 nisi

1953 933 2092 992 forte
2115 937 2201 992 cui
2225 936 2452 1007 Spiritus
2481 938 2690 996 divinus
2718 943 2993 1014 ostendit),
3023 952 3149 1000 tunc
3177 945 3345 1017 ﬁgura
3377 948 3537 1017 huius

1956 1029 2137 1084 mundi
2183 1029 2572 1086 mundanorum
2619 1032 2813 1102 ignium
2843 1032 3254 1107 conﬂagratione
3285 1040 3530 1108 pra-sterio

1955 1118 2051 1187 bit,
2081 1120 2219 1175 sicut
2248 1121 2440 1176 factum
2469 1131 2552 1177 est
2579 1123 2965 1180 mundanarum
3003 1142 3260 1196 aquarum
3301 1129 3529 1183 inunda-

1954 1211 2099 1267 tione
2126 1213 2403 1269 diluvium.
2457 1214 2548 1271 Illa
2593 1217 2790 1287 itaque,
2834 1227 2893 1273 ut
2937 1217 3068 1286 dixi,
3115 1221 3533 1292 conﬂagratione

1953 1305 2218 1361 mundana
2249 1307 2635 1364 elementorum
2665 1309 3084 1391 corruptibilium
3110 1313 3532 1385 qualitates,qu

1953 1399 2268 1468 corporibus
2316 1402 2514 1457 nostris
2545 1402 2979 1472 corruptibilibus
3009 1406 3386 1475 congruebant,
3441 1423 3531 1461 ar-

1955 1487 2131 1546 dendo
2162 1491 2372 1560 penitus
2402 1492 2723 1560 interibunt;
2755 1503 2916 1564 atque
2943 1496 3055 1564 ipsa
3099 1495 3392 1551 substantia
3440 1513 3532 1551 eas

1950 1581 2232 1650 qualitates
2268 1583 2504 1649 habebit,
2537 1600 2654 1655 qua:
2679 1585 2992 1654 corporibus
3020 1587 3408 1642 immortalibus
3429 1588 3531 1642 mi-

1949 1674 2105 1730 rabili
2156 1678 2449 1734 mutatione
2477 1679 2833 1734 conveniant:
2877 1687 2935 1734 ut
2957 1681 3162 1735 scilicet
3208 1681 3438 1736 mundus
3479 1681 3530 1735 in

1950 1767 2142 1823 melius
2201 1769 2522 1836 innovatus,
2575 1779 2697 1841 apte
2751 1771 3181 1826 accommodetur
3229 1772 3532 1829 hominibus

1950 1860 2111 1915 etiam
2142 1874 2304 1917 carne
2329 1862 2381 1916 in
2410 1862 2601 1918 melius
2627 1863 2908 1919 innovatis.
2943 1862 3095 1931 Quod
3121 1874 3297 1921 autem
3323 1865 3419 1930 ait,
3462 1865 3532 1920 Et

1947 1968 2087 2008 mare
2095 1954 2212 2024 jam
2240 1971 2340 2009 non
2356 1965 2468 2010 est:
2492 1965 2668 2012 utrum
2687 1957 2920 2012 maximo
2940 1957 3031 2012 illo
3054 1957 3248 2014 ardore
3273 1959 3526 2027 siccetur,

1947 2058 2013 2098 an
2044 2054 2100 2100 et
2143 2044 2317 2116 ipsum
2356 2056 2594 2104 vertatur
2625 2049 2674 2103 in
2705 2049 2918 2116 melius,
2951 2066 3054 2105 non
3087 2049 3242 2107 facile
3279 2052 3527 2108 dixerim.

1945 2132 2152 2191 Caelum
2178 2138 2375 2208 quippe
2415 2154 2610 2194 novum
2653 2149 2709 2195 et
2734 2149 2930 2195 terram
2957 2157 3148 2196 novam
3191 2142 3420 2198 futuram
3450 2144 3526 2199 le-

1946 2225 2119 2297 gimus
2143 2245 2156 2282 :
2184 2229 2253 2286 de
2282 2231 2412 2286 mari
2442 2240 2621 2286 autem
2647 2248 2786 2288 novo
2831 2233 3032 2303 aliquid
3083 2251 3168 2290 me
3199 2237 3404 2306 uspiam
3448 2237 3528 2292 lc-

1945 2317 2109 2386 gisse,
2138 2334 2244 2374 non
2287 2321 2504 2388 recolo;
2535 2322 2639 2376 nisi
2677 2323 2820 2392 quod
2848 2322 2900 2378 in
2936 2323 3036 2380 huc
3062 2325 3249 2382 eodem
3279 2327 3414 2382 libro
3441 2343 3528 2382 re-

1946 2408 2416 2480 peritur,tanquam
2431 2429 2570 2467 mare
2593 2413 2801 2467 vitreum
2822 2415 2985 2469 simile
3002 2417 3239 2486 crystallo
3254 2416 3434 2489 (Apoc.
3450 2433 3527 2483 Iv,

1947 2499 2013 2565 6;
2045 2515 2134 2567 xv,
2164 2500 2244 2568 2).
2272 2502 2376 2558 Sed
2403 2513 2529 2559 tunc
2572 2520 2678 2560 uon
2706 2506 2772 2562 de
2804 2510 2905 2562 isto
2930 2507 3034 2562 ﬁne
3062 2509 3245 2563 saeculi
3275 2509 3530 2579 loqueba-

1945 2598 2066 2647 tur:
2099 2608 2200 2648 nec
2230 2598 2447 2666 proprie
2493 2598 2693 2654 dixisse
2723 2600 2935 2656 videtur
2970 2615 3140 2667 mare,
3171 2602 3264 2657 sed
3291 2611 3532 2674 tanquam

1944 2699 2102 2738 mare.
2123 2685 2373 2753 Quamvis
2392 2697 2448 2743 et
2475 2706 2637 2756 nunc,
2668 2691 2807 2746 sicut
2833 2701 2976 2746 amat
3001 2692 3310 2763 prophetica
3337 2695 3532 2751 locutio

1949 2777 2180 2844 propriis
2201 2779 2378 2834 verbis
2398 2781 2648 2836 translata
2678 2783 2928 2850 miscere,
2951 2800 3014 2839 ac.
3039 2786 3117 2840 sic
3139 2786 3532 2855 quodammodo

1945 2868 2122 2924 velare
2158 2872 2300 2940 quod
2347 2873 2562 2939 dicitur,
2599 2876 2768 2944 potuit
2809 2875 2877 2930 de
2908 2876 3000 2930 illo
3048 2877 3183 2931 mari
3213 2877 3414 2943 dicere,
3463 2878 3533 2934 Et

1943 2975 2083 3014 mare
2098 2962 2215 3033 jam
2256 2981 2357 3019 non
2385 2975 2456 3018 est
2473 2983 2492 3031 ;
2521 2965 2590 3020 de
2615 2982 2722 3035 quo
2748 2981 2908 3035 supra
2953 2966 3179 3035 dixerat,
3210 2967 3276 3022 Et
3310 2969 3532 3023 exhibuit

1943 3068 2082 3106 mare
2106 3065 2350 3124 mortuos,
2372 3058 2458 3128 qui
2485 3058 2537 3111 in
2560 3074 2617 3113 eo
2647 3068 2811 3112 erant.
2835 3057 2953 3114 lam
2981 3060 3125 3113 enim
3149 3069 3274 3115 tunc
3302 3075 3408 3114 non
3430 3061 3532 3116 erit

1943 3141 2044 3199 huc
2087 3148 2337 3202 saeculqu
2371 3150 2473 3203 vita
2504 3149 2809 3204 mortalium
2842 3150 3204 3206 turbulentum
3233 3161 3290 3208 et
3317 3153 3532 3222 procel-

1944 3237 2137 3304 losum,
2169 3241 2311 3311 quod
2338 3242 2499 3296 maris
2526 3242 2743 3298 nomine
2765 3242 3027 3313 ﬁguravit.

1940 3349 2167 3410 CAPUT
2214 3352 2378 3409 XVII.
2408 3383 2482 3394 —-
2508 3353 2587 3408 De
2617 3353 2858 3409 Ecclesia:
2889 3353 3260 3426 gloriﬁcationc
3286 3353 3396 3409 sine
3423 3355 3528 3425 [inc

2546 3455 2658 3516 post
2683 3447 2836 3517 ﬁnem
2866 3446 2907 3501 ¹.

2021 3559 2092 3614 Et
2115 3561 2382 3626 ciuitatem,
2418 3559 2608 3631 inquit,
2638 3576 2875 3631 magnam
2909 3558 3196 3615 Jerusalem
3223 3575 3403 3615 novam
3425 3560 3530 3615 vidi

1941 3642 2340 3713 descendentem‘
2349 3655 2410 3708 de
2436 3655 2557 3709 coelo
2581 3671 2613 3706 a
2635 3653 2764 3719 Deo,
2785 3663 3029 3723 aptatam,
3060 3653 3206 3725 quasi
3227 3668 3408 3708 novam
3427 3669 3529 3707 nu-

1943 3761 2080 3823 ptam
2111 3759 2341 3805 ornatam
2366 3749 2546 3801 marito
2569 3763 2684 3802 suo.
2718 3747 2781 3798 Et
2799 3746 2969 3800 audivi
2999 3762 3166 3800 vocem
3202 3762 3439 3817 magnam
3466 3746 3530 3801 dc

1942 3843 2124 3898 throno
2146 3843 2409 3907 (licentem,
2445 3839 2577 3894 Ecce
2604 3837 2982 3892 tabernaculum
3020 3836 3120 3891 Dei
3169 3855 3283 3891 cum
3310 3839 3529 3892 homini-

1941 3933 2052 3997 bus,
2083 3943 2127 3988 et
2149 3933 2390 3986 habitabit
2432 3948 2543 3986 cum
2572 3931 2663 3994 eis,
2695 3939 2740 3983 et
2774 3929 2873 3998 ipsi
2898 3939 3045 3984 erunt
3071 3931 3289 4001 populus
3317 3931 3441 4002 ejus,
3481 3938 3527 3985 et

1939 4027 2048 4096 ipse
2070 4025 2202 4079 Deus
2225 4025 2316 4078 erit
2338 4039 2452 4077 cum
2477 4023 2566 4077 eis.
2587 4021 2655 4075 Et
2699 4021 2941 4091 absterget
2968 4020 3106 4075 Deus
3135 4037 3330 4075 onmem
3353 4021 3525 4092 lacry-

1940 4134 2075 4172 mam
2103 4117 2162 4170 ab
2192 4115 2351 4170 oculis
2376 4131 2588 4180 eorum;
2614 4123 2660 4167 et
2685 4131 2821 4167 mors
2837 4113 2951 4184 jam
2981 4131 3083 4167 non
3128 4115 3240 4180 erit,
3266 4130 3423 4183 neque
3447 4115 3527 4167 lu-

1939 4219 2069 4275 ctus,
2119 4223 2274 4278 neque
2311 4207 2503 4260 clamor
2525 4247 2538 4271 ,
2587 4205 2675 4259 sed
2712 4221 2801 4258 nec
2839 4205 2985 4258 dolor
3017 4205 3173 4270 ullus,
3209 4206 3327 4273 quia
3353 4205 3525 4276 priora

1939 4299 2188 4354 abierunt.
2236 4298 2303 4352 Et
2341 4298 2472 4352 dixit
2497 4297 2674 4352 sedens
2709 4298 2764 4350 in
2806 4297 3018 4360 throno,
3065 4296 3196 4350 Ecce
3237 4314 3364 4351 nova
3391 4299 3524 4366 facio

1940 4393 2110 4446 omnia
2139 4389 2252 4463 (Id.
2284 4405 2396 4458 xxI,
2419 4389 2562 4458 2-5).
2594 4388 2669 4442 De
2695 4388 2833 4442 cmlo
2857 4386 3184 4442 descendere
3215 4387 3314 4441 ista
3335 4388 3522 4442 civitas

1939 4483 2156 4550 dicitur,
2189 4482 2438 4552 quoniam
2485 4480 2719 4535 cmlcstis
2744 4490 2824 4534 est
2851 4479 3038 4550 gratia,
3079 4494 3181 4546 qua
3215 4479 3351 4533 Deus
3399 4495 3518 4533 eam

1938 4576 2081 4631 fecit.
2103 4575 2325 4643 Propter
2345 4573 2486 4643 quod
2505 4572 2553 4627 ei
2579 4573 2705 4626 dicit
2730 4572 2889 4626 etiam
2915 4587 3012 4640 per
3038 4571 3246 4637 Isaiam,
3269 4568 3381 4640 Ego
3408 4586 3521 4623 sum

1940 4666 2187 4721 Dominus
2203 4665 2393 4735 faciens
2409 4673 2455 4716 te
2472 4664 2544 4734 (a)
2564 4661 2716 4734 (Isai.
2739 4677 2866 4727 XLV,
2886 4661 2963 4733 8).
2987 4661 3050 4717 Et
3066 4662 3131 4716 de
3147 4663 3283 4716 ctelo
3305 4660 3519 4729 quidem

1938 4759 2005 4812 ab
2026 4756 2177 4811 initio
2200 4756 2281 4810 sui
2310 4755 2608 4819 descendit,
2641 4771 2708 4810 ex
2737 4769 2845 4824 quo
2870 4770 2966 4825 per
2988 4753 3144 4823 hujus
3172 4754 3351 4809 surculi
3387 4762 3522 4808 tem-

1939 4867 2056 4921 pus,
2085 4850 2252 4921 gratia
2289 4849 2384 4903 Dei
2415 4848 2646 4919 desuper
2672 4848 2921 4903 veniente
2947 4863 3040 4918 per
3069 4847 3332 4901 lavacrum
3366 4861 3520 4915 rege-

1939 4945 2234 4999 nerationis
2261 4943 2314 4998 in
2337 4945 2357 4974 ²
2384 4941 2585 5013 Spiritu
2616 4951 2804 4998 sancto
2850 4941 3014 4996 misso
3043 4940 3109 4995 de
3135 4940 3273 4996 ecelo
3293 4937 3520 4993 subinde

1937 5037 2083 5090 cives
2111 5038 2227 5104 ejus
2266 5043 2600 5089 accrescunt.
2654 5032 2760 5088 Sed
2791 5047 2886 5102 per
2923 5029 3179 5101 judicium
3234 5029 3348 5093 Dei,
3374 5023 3517 5098 quod

1937 5129 2042 5183 erit
2084 5126 2435 5182 novissimum
2483 5141 2578 5195 per
2618 5125 2735 5194 eius
2777 5124 2969 5178 Filium
2995 5121 3177 5177 Iesum
3219 5120 3514 5187 Christum,

1937 5227 2083 5274 tanta
2105 5219 2220 5289 ejus
2246 5228 2301 5274 et
2338 5228 2444 5272 tam
2473 5231 2608 5271 nova
2630 5215 2697 5271 de
2727 5215 2819 5270 Dei
2848 5228 3071 5268 munere
3099 5212 3314 5268 claritas
3352 5227 3520 5284 appa-

1936 5312 2096 5378 rebit,
2138 5320 2197 5366 ut
2240 5311 2381 5365 nulla
2407 5315 2718 5364 remaneant
2753 5304 3030 5361 vetustatis
3058 5304 3276 5374 vestigia
3311 5319 3326 5356 :
3354 5318 3516 5374 quan-

1938 5403 2224 5475 doquidem
2274 5411 2330 5456 et
2370 5414 2594 5471 corpora
2629 5397 2696 5453 ad
2741 5397 3190 5467 incorruptionem
3231 5403 3389 5466 atque
3417 5395 3520 5450 im«

1938 5497 2317 5554 mortalitatem
2334 5509 2525 5549 novam
2550 5509 2618 5549 ex
2638 5500 2818 5550 vetere
2837 5490 3179 5560 corruptione
3199 5498 3358 5560 atque
3379 5504 3519 5544 moro

2002 5678 2020 5710 ι
2055 5681 2122 5740 tta
2140 5683 2246 5725 Mss.
2269 5672 2387 5722 ιεᾱὶιὶ
2409 5683 2548 5740 vero,
2570 5673 2677 5740 post
2692 5674 2910 5740 mortem.

1999 5743 2021 5773 ³
2053 5737 2220 5789 Plures
2242 5735 2547 5795 manuscripti
2571 5733 2811 5791 omittunt,
2832 5733 2902 5781 in.

2001 5803 2075 5864 (a)
2098 5805 2322 5864 sequitur
2361 5796 2623 5864 editionem
2658 5795 2976 5864 septuaginta
2997 5860 3005 5864 Α
3017 5795 3520 5864 InterpretuquuaI

2001 5813 2075 5864 (a)
2098 5813 2156 5849 se
2193 5813 2322 5848 uttul‘
2361 5813 2623 5845 eatuunetn
2666 5813 2976 5855 septuagluu
3017 5813 3344 5864 Interpretari:
3361 5820 3374 5845 ,
3408 5813 3439 5847 ιι

1938 5876 2102 5931 graue
2117 5813 2284 5922 bant,
2307 5873 2337 5910 0
2355 5857 2502 5910 ktt'sus
2518 5869 2601 5920 se;
2624 5857 2704 5907 ubi
2724 5853 2925 5917 Vulgata
2947 5853 3114 5911 latine,
3140 5864 3298 5901 creata
3315 5861 3439 5898 eum.

2820 5935 3320 6038 (Vingt-dcux.)
