4062 6490
469 478 679 537 talitale
703 473 1021 547 transiliret.
1048 470 1181 529 Nam
1221 465 1324 525 hoc
1349 466 1418 526 de
1444 466 1557 525 isto'
1572 477 1818 540 tempore
1840 466 2057 539 accipe-

482 584 569 640 ιε,
599 584 704 642 quo
732 575 923 640 regnat
938 567 955 598 ¹
982 581 1102 625 cum
1125 563 1270 635 βεδε
1292 577 1390 618 suo
1410 560 1555 617 mille
1579 562 1754 627 annis,
1777 570 2061 630 impuden-

474 664 564 721 tite
590 660 772 719 nimite
800 657 931 715 mihi
957 655 1204 713 videtur:
1231 669 1352 710 cum
1381 653 1719 723 apertissime
1766 651 1930 716 dicat,
1955 651 2062 706 Αι.

473 760 656 825 story“
677 749 816 809 Deus
835 763 1032 807 omnem
1061 749 1341 818 tacrymam
1369 744 1430 800 ab
1447 744 1610 800 oculis
1633 760 1840 812 eorum;
1861 752 1909 800 et
1926 758 2062 799 mors

467 848 581 921 jam
606 862 708 903 non
729 844 847 910 erit,
873 858 1035 915 neque
1060 843 1245 906 luctus,
1275 856 1436 911 neque
1456 839 1671 905 clamor,
1687 838 1777 893 sed
1802 853 1891 893 nec
1915 836 2065 892 dolor

472 940 632 997 ullus.
659 938 792 1008 Quis
835 952 966 995 vero
992 946 1099 993 tam
1150 935 1221 991 sit
1246 932 1530 1001 absurdus,
1560 940 1618 989 et
1643 931 2063 989 obstinatissima

476 1034 829 1095 contentione
849 1045 1099 1095 vesanus,
1144 1030 1238 1101 qui
1290 1028 1484 1085 audeat
1525 1026 1797 1083 afﬁrmare
1822 1025 1876 1081 in
1906 1023 2065 1093 hujus

475 1125 820 1182 mortalitatis
861 1122 1140 1189 (erumnis,
1175 1136 1284 1176 non
1330 1120 1452 1176 dico
1495 1118 1748 1192 populum
1796 1125 2060 1184 sanctum,

476 1217 572 1277 sed
595 1233 1044 1291 unumquemque
1074 1223 1405 1280 sanctorum,
1455 1213 1544 1285 qui
1586 1213 1724 1269 hanc
1757 1212 1842 1267 vel
1880 1210 2058 1276 ducat,

482 1309 569 1367 vel
596 1308 854 1369 ducturus
874 1310 965 1375 sit,
995 1307 1078 1382 vel
1105 1304 1319 1362 duxerit
1354 1305 1536 1370 vitam,
1578 1303 1752 1358 nullas
1778 1301 2062 1357 habentem

477 1400 744 1474 laerymas
766 1409 822 1458 et
845 1400 1089 1466 dolores;
1119 1413 1240 1454 cum
1291 1397 1467 1467 potius
1504 1404 1706 1467 quanto
1733 1395 1956 1465 quisque
1982 1400 2065 1449 est

479 1493 720 1552 sanctior
747 1502 804 1550 et
830 1492 1081 1549 desiderii
1117 1491 1285 1546 sancti
1323 1488 1546 1561 plenior,
1587 1494 1734 1543 tanto
1761 1488 1832 1542 sit
1854 1485 1970 1558 ejus
2008 1486 2064 1541 in

477 1588 685 1645 orando
709 1586 866 1644 ﬂetus
895 1585 1151 1643 uberior?
1179 1585 1371 1640 Annon
1411 1591 1495 1639 est
1535 1596 1639 1638 vox
1666 1581 1797 1637 civis
1822 1582 1844 1613 ³
1874 1594 2062 1651 super-

477 1696 565 1735 na:
589 1679 909 1743 Jerusalem,
953 1677 1132 1734 Facta:
1177 1686 1291 1732 sunt
1322 1676 1449 1729 mihi
1492 1675 1731 1746 lacrymat
1772 1686 1896 1730 mete
1919 1674 2066 1744 panis

480 1772 564 1827 die
585 1788 647 1827 ac
687 1781 833 1827 nocte
863 1770 1035 1844 (Psal.
1082 1786 1190 1833 xu,
1237 1769 1292 1841 4)
1317 1769 1339 1823 2
1389 1776 1463 1834 et,
1494 1765 1696 1821 Lavabo
1723 1783 1813 1834 per
1837 1766 2065 1837 singulas

476 1872 644 1920 noctes
672 1863 857 1919 lectum
882 1878 1071 1930 meum,
1120 1864 1173 1917 in
1204 1860 1443 1932 lacrumis
1491 1860 1614 1913 meis
1660 1868 1873 1914 stratum
1900 1873 2065 1913 meum

480 1958 656 2030 rigabo
680 1956 850 2024 (Psal.
877 1972 953 2020 vt,
977 1955 1075 2026 7)?
1099 1964 1175 2021 et,
1219 1953 1446 2009 Gemitus
1470 1970 1610 2009 meus
1645 1970 1746 2009 non
1766 1963 1837 2008 est
1856 1955 2068 2008 abscon—

479 2049 615 2105 ditus
653 2065 685 2103 α
736 2058 785 2104 te
807 2047 976 2123 (Psal.
996 2062 1209 2111 xxxvtt,
1239 2046 1367 2118 I0)?
1396 2056 1469 2114 et,
1505 2044 1665 2100 Dolor
1688 2062 1826 2101 nteus
1851 2060 2064 2101 renoua-

476 2150 557 2197 tus
583 2149 656 2197 est
677 2139 850 2212 (Psal.
880 2154 1103 2203 ssxvut,
1129 2138 1225 2211 ενι
1248 2140 1352 2193 Aut
1374 2153 1502 2193 vero
1532 2152 1638 2194 non
1667 2139 1783 2208 ejus
1808 2139 1899 2194 lilii
1918 2148 2062 2206 sunt,

473 2232 566 2304 qui
593 2232 952 2304 ingemiscant
975 2231 1200 2302 gravati,
1232 2231 1283 2285 in
1307 2243 1413 2301 quo
1434 2230 1625 2286 nolunt
1642 2230 1949 2301 exspoliari,
1969 2230 2067 2288 sed

478 2326 849 2398 supervestiri,
880 2336 938 2382 ut
961 2325 1309 2383 absorbeatur
1348 2324 1614 2380 mortale‘
1655 2339 1685 2379 a
1712 2325 1818 2378 vita
1846 2324 1910 2396 (ll
1941 2324 2062 2379 Cor.

474 2436 531 2487 v,
561 2419 661 2493 4)?
690 2418 997 2491 Nonneipsi
1022 2428 1166 2488 sunt,
1196 2419 1286 2491 qui
1311 2419 1573 2489 primitias
1608 2417 1866 2473 habentes
1902 2418 2068 2488 Spiri-

476 2520 588 2581 tus,
623 2514 678 2568 in
725 2512 1030 2582 semetipsis
1075 2510 1451 2583 ingemiscunt,
1501 2510 1840 2580 adoptionem
1871 2524 2066 2578 exspe-

477 2610 708 2669 ctantes,
737 2601 1163 2673 redemptionem
1193 2602 1434 2672 corporis
1463 2601 1544 2656 sui
1578 2600 1753 2675 (Rom.
1792 2615 1908 2667 vni,
1929 2598 2067 2671 25)?

476 2694 561 2748 An
591 2694 706 2763 ipse
748 2694 1023 2764 apostolus
1049 2692 1248 2748 Paulus
1283 2707 1389 2747 non
1419 2701 1534 2748 erat
1562 2708 1825 2762 supernus
1849 2692 2067 2749 ieroso-

477 2786 788 2861 lymitanus,
808 2786 893 2843 vel
916 2801 1022 2842 non
1058 2786 1228 2841 multo
1251 2785 1419 2858 magis
1448 2784 1553 2842 hoc
1578 2794 1710 2851 erat,
1739 2786 1952 2859 quando
1967 2802 2066 2858 pro

475 2878 735 2936 Israelitis
776 2878 1030 2935 fratribus
1084 2878 1390 2935 carnalibus
1434 2881 1546 2934 suis
1592 2878 1803 2935 tristitia
1847 2879 1922 2934 illi
1951 2889 2068 2935 erat

481 2989 695 3046 magna,
727 2982 784 3030 et
811 2973 1097 3030 continuus
1132 2972 1288 3028 dolor
1325 2971 1473 3028 cordi
1501 2972 1618 3043 ejus
1652 2971 1826 3045 (Rom.
1869 2988 1943 3038 ix,
1968 2968 2089 3043 2)?‘

482 3067 709 3137 Quando
757 3075 936 3123 autem
973 3081 1120 3121 mors
1157 3078 1262 3121 non
1294 3066 1399 3121 erit
1444 3065 1497 3120 in
1540 3066 1641 3121 ista
1681 3066 1919 3135 civitate,
1964 3066 2064 3121 nisi

480 3161 696 3235 quando
721 3157 950 3227 dicetur,
991 3157 1091 3215 Ubi
1130 3168 1224 3225 est,
1269 3175 1426 3227 mors,
1451 3158 1699 3214 contentio
1728 3168 1814 3213 tua
1836 3158 1954 3233 (a)?
1982 3157 2066 3213 ubi

472 3264 570 3323 est,
598 3272 755 3323 mors,
784 3254 993 3309 aculeus
1016 3253 1175 3307 tuus?
1204 3252 1423 3307 Aculeus
1448 3260 1613 3306 autem
1639 3253 1815 3307 mortis
1835 3261 1909 3307 est
1942 3266 2065 3320 pec-

476 3356 645 3417 catum
670 3347 715 3418 (ι
732 3346 848 3402 σοι.
869 3362 958 3413 xv,
979 3346 1105 3411 libet
1119 3345 1210 3416 56)
1230 3345 1253 3397 i
1275 3344 1426 3413 Quod
1449 3353 1575 3399 tunc
1595 3344 1777 3414 utique
1805 3359 1912 3398 non
1937 3345 2062 3412 erit,

473 3440 688 3513 quando
709 3439 940 3507 dicetur,
967 3437 1069 3494 Ubi
1090 3439 1204 3493 est?
1227 3437 1379 3492 Nunc
1403 3452 1533 3492 vero
1564 3450 1671 3491 non
1693 3435 1913 3506 quilibet
1941 3436 2063 3491 inti-

479 3548 602 3603 mus
633 3531 657 3565 ⁸
684 3531 819 3605 civis
843 3531 985 3599 illius
1005 3531 1254 3599 civitatis,
1302 3527 1399 3599 δρᾶ
1436 3528 1576 3595 idem
1606 3528 1718 3599 ipse
1745 3526 1979 3595 Joannes
2010 3529 2063 3587 in

432 3612 436 3616 Δ
481 3625 720 3698 Epistola
746 3640 843 3697 sua
880 3625 1095 3699 clamat,
1139 3623 1198 3683 Si
1229 3623 1503 3679 dixerimus
1530 3623 1647 3695 quia
1676 3633 1935 3695 peccatum
1963 3639 2065 3680 non

475 3720 737 3789 habemus,
764 3735 857 3777 nos
897 3719 1036 3791 ipsos
1072 3718 1383 3785 seducimus,
1417 3725 1466 3781 et
1488 3717 1671 3772 ueritas
1704 3717 1757 3772 in
1794 3715 1936 3773 nobis
1962 3733 2064 3772 non

474 3822 549 3870 est
578 3812 624 3886 (ι
661 3810 819 3877 Ioan.
846 3827 886 3879 ι,
913 3809 989 3882 8).
1020 3810 1086 3873 Et
1114 3810 1166 3867 in
1217 3808 1319 3866 hoc
1354 3809 1568 3881 quidem
1593 3809 1751 3877 libro,
1780 3809 1931 3880 cujus
1961 3826 2065 3873 n0.-

475 3920 601 3975 men
641 3911 728 3979 est
778 3903 1149 3976 Apocalypsis,
1195 3902 1423 3967 obscure
1475 3902 1640 3959 multa
1688 3901 1955 3971 dicuntur,
2005 3913 2066 3961 ut

475 4010 713 4058 mentem
756 3997 983 4069 legentis
1007 4004 1318 4060 exerceant,
1360 4003 1416 4051 et
1459 4010 1627 4066 pauca
1650 3995 1705 4052 in
1734 4011 1800 4052 eo
1823 4004 1967 4064 sunt,
1996 4010 2063 4053 ex

479 4107 711 4164 quorum
748 4089 1179 4151 manifestatione
1205 4087 1523 4158 indagentur
1546 4097 1742 4147 caetera
1771 4103 1891 4147 cum
1918 4088 2066 4145 labo-

479 4198 542 4239 re
576 4200 589 4236 :
622 4182 855 4239 maxime
880 4179 1006 4252 quia
1035 4181 1114 4237 sic
1140 4176 1330 4234 eadem
1359 4177 1540 4237 multis
1565 4177 1738 4235 modis
1766 4179 1977 4249 repetit,
2006 4186 2066 4245 ut

473 4274 581 4330 alia
606 4284 767 4343 atque
789 4272 893 4329 alia
933 4270 1114 4326 dicere
1142 4268 1419 4336 videatur;
1449 4283 1573 4325 cum
1603 4268 1760 4327 aliter
1781 4279 1942 4341 atque
1961 4270 2062 4327 ali-

475 4378 558 4423 ter
584 4368 701 4425 htec
720 4367 835 4437 ipsa
875 4364 1059 4421 dicere
1081 4363 1397 4434 vestigetur.
1426 4362 1626 4425 Verum
1672 4364 1725 4419 in
1757 4363 1840 4425 liis
1860 4363 2060 4432 verbis,

475 4461 568 4519 ubi
595 4461 690 4527 ait,
718 4457 980 4530 Absterget
999 4455 1143 4513 Deus
1177 4471 1375 4511 omnem
1406 4456 1688 4527 lacryntam
1715 4455 1779 4515 ab
1799 4456 1960 4513 oculis
1977 4472 2065 4514 eo.

473 4571 619 4622 rum;
641 4563 689 4613 et
707 4567 844 4615 mors
854 4553 970 4624 jam
994 4566 1097 4607 non
1122 4550 1236 4618 erit,
1266 4565 1425 4621 neque
1452 4548 1633 4615 luctus,
1665 4566 1827 4620 neque
1845 4549 2058 4620 clamor,

475 4649 568 4705 sed
592 4662 684 4704 nec
723 4645 875 4702 dolor
901 4645 1037 4701 ullus
1064 4658 1084 4699 :
1126 4652 1268 4700 tanta
1300 4643 1417 4703 luce
1443 4641 1584 4701 dicta
1618 4651 1743 4700 sunt
1764 4642 1833 4700 de
1863 4643 2062 4700 mulo

479 4745 661 4801 futuro
704 4749 759 4799 et
782 4739 1182 4798 immortalitate
1223 4746 1385 4810 atque
1419 4736 1714 4794 aeternitate
1753 4745 2059 4793 sanctorum

473 4838 627 4912 (tunc
654 4837 802 4895 enim
831 4835 1031 4898 solum,
1061 4840 1221 4902 atque
1264 4830 1334 4889 ibi
1362 4829 1539 4886 solum
1579 4829 1678 4886 ista
1717 4843 1825 4885 non
1854 4827 2057 4901 erunt),

471 4940 532 4987 ut
558 4931 704 4987 nulla
729 4929 1022 4986 debueram
1056 4924 1113 4980 in
1156 4922 1375 4980 Litteris
1403 4922 1571 4979 sacris
1599 4937 1841 4992 quarrere
1866 4922 1953 4980 vel
1979 4922 2059 4981 Ie-

477 5039 607 5095 gere
633 5020 934 5091 manifesta,
957 5018 1002 5073 si
1033 5017 1148 5073 haec
1169 5013 1528 5087 putaverimus
1547 5012 1791 5070 obscura.

468 5117 694 5175 CAPUT
738 5111 924 5172 XVIII.
945 5142 1016 5157 --
1036 5111 1170 5180 Quid
1189 5109 1455 5181 apostolus
1486 5107 1669 5164 Petrus
1694 5110 1759 5165 de
1783 5110 2058 5167 nouissimo

931 5203 1029 5259 ua
1048 5203 1245 5275 judicio
1283 5199 1592 5272 prtedicarit.

538 5296 815 5368 Nuncjam
841 5296 1141 5361 videamus,
1173 5293 1302 5365 quid
1357 5292 1521 5349 etiam
1549 5293 1822 5364 apostolus
1864 5293 2057 5355 Petrus

533 5413 556 5475 ξ
584 5411 723 5470 Editi,
744 5413 962 5475 regnant.
990 5415 1047 5461 st
1067 5415 1194 5471 uss"
1218 5409 1388 5472 regnat
1413 5416 1433 5456 :
1469 5404 1685 5456 refertur
1716 5405 1778 5458 ad
1808 5407 2057 5459 civitatem

534 5508 1009 5599 i"iii""(timuissepa.
1033 5536 1089 5585 At
1107 5531 1243 5594 editi,
1268 5529 1393 5594 loco,
1422 5528 1558 5594 civis,
1580 5528 1785 5596 habent,
1809 5529 2013 5586 ciuitatis
2033 5545 2055 5586 .-

463 5598 945 5721 ﬂ9?dﬁ?fn0t'tnle
980 5658 1087 5721 hoc.
1114 5659 1281 5719 Abest,
1302 5654 1411 5720 hoc,
1429 5669 1460 5707 a
1480 5657 1836 5720 manuscriptis.

524 5724 548 5755 ⁵
580 5723 803 5787 Plerique
822 5730 946 5787 Mss,
972 5720 1210 5783 inﬁrmus.

526 5779 820 5858 (dividetur
852 5779 1003 5858 igitur
1025 5779 1350 5858 ἠοω-..παίσει
1394 5781 1581 5858 legisse
1593 5783 1730 5858 apud
1765 5782 2056 5858 naulum,.ut

460 5816 813 5914 natura;
835 5816 1369 5914 ὁῖὶὶὶῖῗίρτξέιίίῗῖέδ.
1392 5816 1581 5897 ἓὲἱῶῗ
1591 5816 1738 5897 iiii;
1766 5816 2053 5898 1mm“;

465 5920 519 5966 et
538 5906 856 5976 increpitans
868 5909 1066 5975 interim
1089 5906 1281 5981 legunt.
1303 5913 1416 5960 ιω.
1439 5914 1600 5961 Vivus.

1566 345 1655 409 οε
1694 346 2019 410 ϐΙΥῙΤπΔτΒ
2056 341 2193 416 νει.
2222 348 2288 410 S.
2327 342 2696 412 AUGUSTINI

3647 344 3753 414 σοι

2171 470 2239 526 de
2267 468 2371 526 hoc
2392 469 2596 541 judicio
2629 468 2903 540 scripserit
2934 485 2948 524 :
2990 464 3213 535 Veniant,
3238 468 3431 542 inquit,
3460 469 3514 526 in
3535 473 3753 530 novissi-

2170 578 2253 619 mo
2276 563 2470 618 dierum
2490 564 2725 620 illusione
2748 564 3034 630 inscientes,
3063 565 3338 619 secundum
3365 568 3601 639 proprias
3629 586 3751 625 con-

2169 656 2504 726 cupiscentia
2528 673 2648 714 suas
2667 666 2859 724 euntes,
2889 665 2937 711 et
2964 655 3203 725 dicentes,
3229 656 3328 713 Ubi
3353 669 3425 713 est
3446 662 3751 730 promissum

2169 749 2450 819 prtesentiat
2477 749 2676 818 ipsius?
2705 747 2789 804 Ex
2812 763 2911 820 quo
2947 749 3078 803 enim
3122 759 3289 819 patres
3318 750 3651 818 dormierunt,
3682 754 3754 809 sic

2170 843 2339 898 omnia
2388 853 2705 914 perseverant
2732 843 2794 898 ab
2820 842 2965 898 initio
2993 854 3254 899 creaturae.
3301 844 3449 900 Latet
3476 847 3611 901 enim
3637 846 3753 903 illos

2172 938 2266 994 hoc
2284 938 2527 1006 volentes,
2557 939 2673 1009 quia
2698 938 2810 993 creti
2852 946 2997 993 erant
3045 937 3167 993 olim
3195 950 3243 995 et
3272 949 3405 995 terra
3430 940 3494 996 de
3525 959 3677 1014 aqua,
3707 952 3753 998 et

2171 1046 2263 1105 per
2286 1049 2469 1104 aquam
2495 1033 2761 1088 constituta
2786 1032 2882 1088 Dei
2904 1032 3090 1101 verba;
3115 1051 3206 1106 per
3229 1051 3358 1107 qua,
3390 1038 3480 1109 qui
3507 1048 3626 1092 tunc
3650 1045 3754 1092 erat

2171 1128 2409 1195 mundus,
2435 1142 2568 1199 aqua
2597 1127 2870 1182 inundatus
2898 1127 3132 1197 deperiit.
3169 1127 3269 1195 Qui
3294 1139 3461 1184 autem
3490 1148 3624 1185 nunc
3640 1140 3756 1186 sunt

2156 1220 2283 1285 caeli
2308 1229 2353 1275 et
2382 1231 2538 1288 terra,
2567 1222 2741 1276 eodem
2759 1222 2907 1276 verbo
2937 1222 3142 1294 repositi
3167 1232 3305 1289 sunt,
3336 1223 3443 1294 igni
3470 1224 3759 1280 reservandi

2168 1312 2222 1366 in
2252 1313 2383 1367 diem
2398 1313 2585 1385 judicii
2622 1324 2668 1368 et
2698 1312 2997 1384 perditionis
3027 1316 3289 1370 hominum
3318 1317 3609 1389 impiorum.
3645 1317 3757 1373 Hoc

2169 1424 2329 1463 unum
2354 1423 2466 1462 vero
2515 1424 2617 1462 non
2652 1409 2806 1463 lateat
2844 1425 2950 1476 vos,
2994 1409 3297 1473 charissimi,
3344 1412 3463 1483 quia
3488 1428 3618 1467 unus
3649 1401 3756 1467 dies

2169 1502 2310 1574 apud
2333 1500 2630 1568 Dominum,
2659 1502 2791 1558 sicut
2824 1503 2963 1560 mille
3010 1505 3166 1574 anni;
3216 1514 3265 1560 et
3299 1507 3436 1562 mille
3460 1504 3599 1574 anni,
3626 1488 3756 1565 sicui

2171 1597 2279 1651 dies
2308 1612 2457 1650 unus.
2492 1594 2613 1650 Non
2636 1596 2803 1651 tardat
2848 1595 3096 1654 Dominus
3130 1600 3450 1670 promissum,
3482 1601 3610 1655 sicut
3638 1602 3756 1674 qui-

2171 1688 2289 1743 dam
2331 1688 2617 1742 tarditatem
2664 1691 2949 1745 existimant
2995 1706 3013 1746 :
3056 1691 3143 1746 sed
3166 1693 3409 1764 patienter
3429 1695 3527 1765 fert
3552 1703 3759 1765 propter

2170 1799 2277 1850 vos,
2307 1784 2484 1839 nolens
2522 1784 2740 1855 aliquem
2780 1785 2962 1858 perire,
2990 1785 3080 1840 sed
3113 1803 3284 1841 omnes
3330 1788 3382 1841 in
3416 1787 3759 1859 paenitentiam

2170 1876 2409 1931 converti.
2450 1874 2624 1931 Veniet
2663 1888 2830 1932 autent
2860 1879 2966 1934 dies
2994 1873 3206 1933 Domini
3231 1884 3284 1932 ut
3311 1881 3415 1953 fur,
3448 1880 3499 1934 in
3527 1896 3626 1951 quo
3646 1879 3761 1933 ctuti

2171 1987 2357 2043 magno
2386 1971 2576 2042 impetu
2605 1978 2948 2027 transcurrant
2976 1988 2995 2027 :
3033 1972 3275 2028 elementa
3318 1982 3486 2028 autem
3524 1973 3761 2028 ardentia

2170 2064 2519 2131 resolventur;
2550 2075 2596 2119 et
2617 2075 2770 2131 terra,
2803 2075 2983 2137 etquae
3010 2066 3061 2121 in
3082 2066 3193 2136 ipsa
3222 2074 3336 2121 sunt
3365 2082 3520 2141 Opera
3543 2083 3761 2121 exuren-

2174 2168 2275 2213 tur.
2311 2156 2409 2213 His
2455 2175 2573 2231 ergo
2604 2159 2834 2213 omnibus
2864 2158 3205 2229 pereuntibus,
3236 2159 3410 2229 quales
3435 2168 3627 2231 oportet
3653 2176 3762 2215 esse

2170 2264 2257 2305 vos
2286 2250 2338 2305 in
2382 2250 2570 2305 sanctis
2610 2249 3069 2305 conversationibus
3106 2260 3468 2323 exspectantes,
3498 2260 3543 2306 et
3576 2269 3760 2324 prope-

2169 2351 2340 2397 rantes
2381 2342 2451 2396 ad
2479 2342 2797 2412 praesentiam
2826 2341 2929 2398 diei
2964 2339 3195 2413 Domini,
3232 2360 3322 2418 per
3347 2360 3500 2417 quam
3537 2344 3646 2399 cali
3673 2360 3761 2399 ar-

2172 2436 2348 2492 dentes
2373 2436 2647 2503 solventur,
2677 2447 2722 2492 et
2747 2437 2991 2497 elementa
3012 2439 3144 2512 ignis
3170 2424 3355 2507 ardore
3381 2438 3763 2510 decoquentur.’

2176 2528 2350 2584 Novas
2375 2547 2490 2585 vero
2520 2531 2688 2596 oculos,
2706 2542 2754 2586 et
2774 2540 2962 2587 terram
2990 2549 3192 2600 novam,
3209 2532 3485 2587 secundum
3512 2531 3762 2607 promissa

2171 2623 2352 2694 ipsius,
2368 2634 2736 2697 exspectamus,
2758 2625 2810 2679 in
2833 2625 3011 2695 quibus
3024 2625 3231 2697 justitia
3260 2623 3505 2679 inhabitat
3525 2624 3591 2693 (Il
3609 2622 3759 2678 Petr.

2171 2733 2246 2781 ιιι,
2282 2717 2464 2791 3-15).
2510 2716 2654 2773 Nihil
2685 2718 2774 2788 hic
2812 2718 2947 2773 dixit
2986 2717 3052 2773 de
3089 2717 3483 2774 resurrectione
3521 2725 3761 2773 mortuo-

2171 2825 2292 2866 rum
2324 2827 2336 2864 :
2367 2809 2460 2866 sed
2490 2824 2619 2867 sane
2645 2810 2713 2866 de
2737 2810 3037 2881 perditione
3075 2809 3260 2881 mundi
3292 2809 3451 2881 hujus
3476 2810 3624 2865 satis.
3657 2809 3761 2867 Ubi

2171 2908 2331 2963 etiam
2362 2920 2791 2967 commemorans
2826 2902 3021 2979 factum
3057 2914 3181 2960 ante
3223 2902 3499 2981 diluvium,
3548 2903 3761 2979 videtur

2171 2999 2515 3057 admonuisse
2540 2998 2955 3073 quodammodo,
2985 3011 3246 3073 quatenus
3270 3000 3323 3071 in
3346 2998 3449 3059 fine
3477 2998 3635 3071 hujus
3658 3016 3761 3055 sa:-

2171 3093 2274 3148 culi
2304 3091 2560 3167 mundum
2590 3092 2747 3148 istum
2791 3091 3084 3171 periturum
3124 3107 3243 3167 esse
3279 3090 3577 3156 credamus.
3622 3091 3761 3149 Nam

2172 3192 2225 3239 et
2247 3185 2337 3240 illo
2357 3192 2598 3254 tempore
2624 3184 2827 3261 perisse
2846 3182 3007 3261 dixit,
3030 3183 3119 3261 qui
3147 3191 3272 3238 tunc
3296 3193 3432 3253 erat,
3457 3182 3710 3239 mundum
3741 3202 3757 3239 :

2172 3292 2271 3331 nee
2323 3276 2493 3345 solum
2524 3276 2708 3332 orbem
2760 3285 2938 3339 terrm,
2988 3291 3173 3330 verum
3218 3275 3378 3330 etiam
3406 3275 3589 3343 oculos,
3618 3290 3761 3346 quos

2170 3368 2353 3441 utique
2396 3367 2528 3424 istos
2564 3368 2738 3424 aerios
2783 3366 3157 3441 intelligimus,
3203 3383 3431 3441 quorum
3476 3367 3648 3423 locum
3695 3383 3761 3437 ac

2169 3461 2402 3533 spatium
2432 3470 2559 3519 tunc
2582 3476 2718 3533 aqua
2747 3459 3042 3517 crescendo
3086 3469 3453 3533 superaverat,
3503 3460 3643 3534 Ergo
3678 3470 3762 3529 ιρ-

2170 3563 2277 3621 tus,
2302 3564 2394 3610 aut
2420 3570 2554 3629 pene
2576 3561 2718 3610 totus
2741 3569 2834 3610 aer
2858 3553 2960 3609 iste
2988 3562 3242 3610 ventosus
3269 3551 3432 3626 (quod
3454 3552 3648 3609 coelum
3673 3550 3759 3609 vel

2170 3646 2350 3718 potius
2381 3647 2562 3703 ctelos.
2592 3655 2768 3713 vocat,
2801 3644 2894 3702 sed
2922 3646 3054 3719 istos
3085 3645 3269 3717 utique
3309 3647 3466 3713 imos,
3502 3660 3607 3700 non
3637 3645 3760 3711 illos

2170 3754 2472 3810 supremos,
2494 3737 2585 3815 ubi
2612 3739 2713 3806 sol,
2739 3746 2794 3795 et
2822 3737 2968 3804 luna,
3000 3746 3055 3794 et
3078 3737 3251 3793 sidera
3275 3738 3562 3792 constituta
3583 3738 3757 3809 sunt),

2169 3846 2462 3888 conversus
2506 3830 2679 3887 fuerat
2708 3830 2761 3886 in
2793 3829 3064 3886 humidam
3100 3830 3410 3902 qualitatem
3456 3829 3567 3903 (a);
3598 3838 3762 3901 atque

2172 3925 2273 3982 hoc
2301 3923 2460 3981 modo
2480 3939 2602 3980 eum
2626 3931 2767 3983 terra
2795 3924 3045 3996 perierat,
3067 3923 3217 3994 cujus
3242 3934 3396 3979 terra:
3415 3925 3594 3995 utique
3614 3923 3762 3994 prior

2170 4016 2335 4073 facies
2360 4015 2534 4093 fuerat
2559 4015 2731 4072 deleta
2762 4015 2982 4072 diluvio.
3031 4015 3133 4086 Qui
3156 4025 3325 4070 autent
3350 4032 3483 4070 nunc
3511 4024 3649 4077 sunt,
3677 4014 3762 4087 in-

2169 4110 2303 4181 quit,
2331 4108 2442 4163 cazli
2473 4119 2521 4163 et
2570 4117 2724 4177 terra,
2770 4107 2941 4162 eodem
2971 4107 3118 4164 verba
3142 4107 3351 4178 repositi
3376 4116 3511 4171 sunt,
3544 4104 3649 4177 igni
3682 4121 3762 4159 re-

2168 4202 2402 4258 servandi
2426 4202 2477 4257 in
2499 4201 2632 4257 diem
2647 4201 2836 4273 judicii
2858 4210 2905 4257 et
2948 4200 3244 4275 perditionis
3282 4199 3546 4261 hominum
3567 4200 3762 4270 impio-

2168 4314 2305 4353 rum.
2337 4295 2569 4373 Proinde
2589 4297 2678 4369 qui
2700 4296 2844 4365 cceli,
2867 4305 2923 4354 et
2946 4314 3064 4370 qua:
3090 4307 3252 4363 terra,
3280 4295 3332 4351 id
3354 4304 3456 4364 est,
3486 4294 3573 4367 qui
3600 4309 3762 4349 mnu-

2169 4390 2290 4461 dus,
2322 4406 2420 4463 pro
2449 4405 2516 4447 eo
2544 4387 2746 4447 mundo
2775 4389 2864 4461 qui
2893 4387 3092 4445 diluvio
3122 4388 3297 4460 periit,
3322 4401 3386 4443 ex
3411 4385 3596 4441 eadem
3619 4401 3761 4456 aqua

2168 4485 2439 4557 repositus
2466 4491 2567 4557 est,
2594 4484 2709 4557 ipse
2732 4482 2842 4554 igni
2869 4481 3168 4560 novissimo
3193 4490 3503 4557 reservatur
3536 4480 3587 4536 in
3613 4479 3761 4537 diem

2164 4579 2350 4651 judieii
2376 4591 2430 4635 et
2456 4576 2771 4650 perditionis
2801 4575 3075 4647 hominum
3096 4574 3405 4645 impiorum.
3424 4571 3555 4628 Nam
3584 4581 3639 4628 et
3665 4572 3764 4628 ho—

2167 4673 2394 4739 minum,
2426 4679 2643 4741 propter
2664 4682 2909 4738 magnam
2936 4665 3221 4736 quamdam
3257 4664 3761 4733 commutationem,

2168 4783 2273 4821 non
2297 4765 2504 4821 dubitat
2527 4762 2708 4819 dicere
2737 4760 3089 4833 perditionem
3118 4757 3385 4823 futuram;
3419 4774 3539 4812 cum
3578 4768 3757 4809 tamen

2166 4874 2372 4925 eorum,
2414 4856 2659 4928 quamvis
2699 4854 2752 4909 in
2800 4851 3013 4908 mternis
3055 4851 3248 4921 ptenis,
3279 4848 3350 4905 sit
3374 4859 3619 4903 mansura
3654 4860 3755 4898 n.1-

2168 4959 2306 5007 tura.
2336 4951 2551 5021 θυεμ-δι
2578 4948 2803 5009 forsitan
2822 4945 3036 5013 aliquis,
3061 4945 3105 4999 si
3124 4947 3245 5017 post
3268 4937 3467 5001 factum
3494 4937 3756 5015 judicium

2166 5042 2395 5109 mundus
2426 5042 2525 5099 iste
2553 5036 2780 5101 ardebit,
2817 5042 3102 5104 antequam
3135 5046 3230 5102 pro
3270 5029 3364 5087 illo
3403 5032 3595 5089 malum
3651 5046 3758 5087 no-

2163 5150 2308 5199 vum,
2340 5141 2409 5209 et”
2427 5141 2572 5189 terra
2613 5144 2751 5187 nova
2779 5135 3090 5198 reponatur,
3119 5137 3185 5180 eo
3212 5122 3327 5195 ipso
3354 5134 3592 5196 tempore
3616 5137 3758 5183 con-

2163 5208 2492 5298 ﬂagrationis
2518 5224 2635 5295 ejus
2663 5222 2750 5297 ubi
2776 5232 2934 5281 erunt
2963 5221 3154 5290 sancti,
3178 5235 3342 5296 quum
3374 5233 3467 5285 eos
3490 5217 3756 5279 habentes

2164 5336 2390 5392 corpora
2419 5321 2470 5375 in
2494 5319 2672 5392 aliquo
2698 5316 2961 5391 corporali
2979 5316 3099 5373 loco
3121 5329 3241 5370 esse
3257 5326 3480 5383 necesse
3505 5310 3591 5379 sit.
3611 5309 3756 5367 Ροε-

2162 5434 2351 5485 sumus
2377 5415 2724 5487 respondere,
2769 5413 2974 5473 futuros
3014 5425 3106 5466 eos
3145 5407 3346 5471 essein
3384 5402 3757 5479 superioribus

2163 5512 2424 5584 partibus,
2443 5524 2551 5580 quo
2577 5508 2648 5564 ita
2673 5522 2779 5562 non
2809 5503 3064 5573 ascendet
3088 5501 3299 5567 flatuma
3323 5499 3466 5569 illius
3492 5495 3752 5560 incendii,

2161 5601 2610 5677 quemadmodum
2660 5615 2759 5655 nec
2803 5596 2941 5665 unda
2978 5593 3180 5650 diluvii.
3229 5591 3375 5648 Talia
3420 5588 3615 5661 quippe
3645 5586 3749 5677 illis

2161 5674 2375 5757 inerunt
2400 5710 2648 5768 corpora,
2679 5702 2738 5751 ut
2766 5692 2876 5750 illic
2900 5690 3028 5758 sint,
3057 5688 3146 5745 ubi
3182 5700 3302 5744 esse
3327 5681 3612 5741 voluerint.
3640 5674 3761 5745 Sed.

2229 5904 2301 5968 (a)
2324 5900 2454 5954 Couf.
2480 5900 2565 5951 lib.
2589 5899 2621 5950 5
2639 5898 2701 5950 de
2720 5903 2839 5967 Gen.
2861 5891 2922 5947 ad
2944 5891 3073 5956 ιλιι,
3098 5901 3181 5941 nn.
3203 5885 3250 5949 3,
