4062 6480
324 352 428 425 685

324 492 421 533 nec
442 475 619 548 ignem
644 472 1078 544 conﬂagrationis
1099 471 1241 529 illius
1267 472 1648 543 pertimescent
1678 474 1901 530 immor-

323 569 449 623 tales
466 577 624 649 atque
648 566 1076 645 incorruptibiles
1097 565 1221 621 facti
1245 583 1257 621 :
1285 566 1421 621 sicut
1443 567 1459 598 ί
1483 566 1717 622 virorum
1740 567 1901 622 trium

322 657 684 729 corruptibilia
727 672 950 739 corpora
982 664 1139 728 atque
1182 657 1446 723 mortalia,
1488 657 1538 713 in
1581 659 1791 715 camino
1816 674 1904 715 ar-

322 748 467 813 denti
495 750 675 805 vivere
706 749 868 804 illaesa
892 757 1177 820 potuerunt
1204 748 1363 821 (Dan.
1397 765 1474 816 ut,
1502 750 1619 821 ει).

319 886 547 943 CAPUT
569 885 711 943 XIX.
734 915 805 927 —-
828 885 964 953 Quid
991 885 1247 957 apostolus
1270 885 1467 949 Paulus
1488 884 1905 949 Thessalonicen-

385 977 525 1033 sibus
553 979 810 1049 scripserit
851 978 914 1035 de
958 978 1363 1048 manifestatiane
1399 977 1723 1047 Antichristi,
1758 977 1903 1048 cujus

388 1081 589 1140 tempus
611 1071 717 1125 dies
745 1070 950 1131 Domini
978 1070 1323 1141 subsequetur.

388 1186 439 1238 l.
475 1184 665 1238 Multas
692 1184 1028 1255 evangelicns
1053 1184 1482 1255 apostolicssque
1518 1182 1809 1238 sententias
1836 1180 1904 1237 de

316 1280 496 1333 divino
526 1281 628 1334 isto
646 1280 849 1349 judicio
876 1280 1166 1335 novissimo
1193 1278 1347 1333 video
1376 1276 1504 1335 mihi
1529 1292 1650 1332 esse
1681 1285 1905 1347 printer-

317 1372 541 1439 cundas,
568 1390 634 1428 ne
662 1374 764 1428 hoc
789 1373 1039 1429 volumen
1068 1373 1119 1427 in
1143 1371 1361 1426 nimiam
1383 1369 1765 1440 longitudinem
1784 1383 1904 1438 pro-

317 1467 560 1519 volvatur
580 1468 599 1497 ³
631 1486 645 1520 :
678 1465 773 1520 sed
804 1466 951 1520 nullo
973 1465 1132 1520 modo
1149 1472 1232 1519 est
1258 1462 1665 1534 praetereundus
1690 1470 1905 1533 aposto-

317 1556 397 1611 lus
427 1558 648 1622 Paulus,
676 1559 763 1629 qui
796 1558 1038 1613 scribens
1065 1556 1133 1611 ad
1161 1556 1668 1612 Thessalonicenses
1688 1596 1703 1622 ,
1727 1553 1904 1625 Roga-

317 1667 445 1716 mus,
481 1650 672 1721 inquit,
702 1666 789 1705 vos
810 1692 824 1717 ,
852 1655 1064 1722 fratres,
1098 1666 1185 1721 per
1209 1649 1477 1703 adventum
1501 1647 1707 1701 Domini
1733 1645 1896 1701 nostri

314 1740 439 1797 Iesu
465 1741 675 1808 Christi,
708 1752 755 1797 et
785 1749 968 1797 nostrai
992 1740 1393 1812 congregationis
1419 1739 1472 1793 in
1496 1738 1700 1807 ipsum,
1727 1746 1781 1792 ut
1802 1752 1903 1792 non

315 1836 413 1889 cito
440 1835 740 1891 moveamini
761 1843 941 1899 mente,
966 1848 1122 1904 neque
1150 1830 1440 1887 terreamini
1456 1871 1471 1895 ,
1494 1846 1653 1901 neque
1678 1846 1767 1901 per
1791 1831 1902 1899 spis

316 1930 491 1992 ritum,
525 1945 683 1999 neque
712 1945 800 1999 per
818 1927 1039 1995 verbum,
1072 1942 1229 1999 neque
1261 1941 1351 1997 per
1369 1924 1635 1995 epistolam
1664 1932 1904 1994 tanquam

320 2039 406 2092 per
436 2039 530 2076 nos
561 2023 789 2087 missam,
822 2020 967 2089 quasi
1005 2020 1155 2075 instet
1187 2018 1292 2073 dies
1315 2016 1526 2077 Domini
1548 2033 1566 2070 :
1592 2032 1655 2070 ne
1679 2016 1791 2087 quis
1818 2031 1904 2070 vos

315 2116 520 2169 seducet
545 2114 652 2168 ullo
681 2112 851 2167 modo.
875 2112 1126 2180 Quoniam
1156 2111 1253 2165 nisi
1278 2109 1464 2165 venerit
1487 2108 1667 2179 refuga
1690 2106 1765 2179 (a)
1792 2107 1902 2177 pri-

314 2225 469 2274 mum,
500 2219 555 2262 ut
583 2209 829 2263 revelatus
855 2207 1005 2277 fuerit
1032 2206 1181 2259 homo
1213 2204 1437 2275 peccati,
1471 2203 1611 2272 ﬁlius
1632 2202 1897 2268 interitus,

312 2301 396 2370 qui
420 2301 720 2355 adversatur
748 2308 793 2352 et
818 2298 1227 2371 superemtollitur
1264 2313 1422 2367 supra
1446 2312 1593 2350 omne
1611 2295 1747 2367 quod
1772 2294 1903 2349 dici-

313 2401 393 2445 tur
420 2390 583 2458 Deus,
614 2401 703 2445 aut
732 2390 865 2461 quod
886 2390 1101 2454 colitur;
1132 2390 1204 2443 ita
1231 2398 1286 2442 ut
1313 2390 1364 2442 in
1386 2386 1576 2459 templo
1598 2386 1691 2441 Dei
1710 2389 1901 2455 sedeat,

312 2495 568 2540 ostentans
589 2485 609 2516 ⁸
638 2501 691 2539 se
720 2494 959 2550 tanquam
997 2483 1060 2536 sit
1100 2480 1255 2536 Deus.
1294 2479 1417 2535 Non
1458 2480 1683 2535 retinetis
1712 2478 1765 2533 in
1792 2495 1903 2533 rne-

311 2576 496 2642 ntoria,
523 2576 657 2646 quod
682 2574 849 2628 adhuc
875 2590 988 2627 cum
1019 2589 1174 2627 essent
1210 2571 1349 2643 apud
1377 2586 1463 2625 vos
1482 2611 1496 2635 ,
1536 2569 1644 2625 hac
1678 2567 1904 2627 dicebam

312 2669 450 2723 vobis
468 2670 493 2722 ?
520 2667 582 2721 Et
608 2685 736 2721 nunc
766 2667 888 2738 quid
914 2667 1131 2720 detineat
1167 2665 1334 2732 scitis,
1375 2674 1429 2718 ut
1465 2664 1709 2718 reveletur
1732 2663 1785 2718 in
1811 2680 1903 2718 suo

311 2769 554 2830 tempore.
581 2757 703 2811 Iam
723 2760 853 2812 enini
872 2758 1165 2829 mysterium
1181 2756 1459 2825 iniquitatis
1486 2763 1745 2825 operatur.
1769 2752 1903 2810 Tan-

310 2858 413 2903 tum
436 2851 529 2920 qui
557 2849 706 2903 modo
739 2857 869 2903 tenet
889 2857 1073 2913 teneat,
1105 2848 1262 2901 donec
1288 2847 1350 2901 de
1374 2846 1538 2909 medio
1570 2847 1696 2916 ﬁat:
1718 2854 1765 2901 et
1785 2855 1903 2903 tunc

308 2944 615 2998 revelabitur
650 2944 850 3014 iniquus
880 2942 926 3011 ‘,
966 2959 1112 3014 quem
1156 2941 1405 2996 Dominus
1442 2940 1595 2996 Jesus
1636 2942 1903 3011 inter/ieiet

307 3038 493 3108 spiritu
519 3037 620 3090 oris
641 3038 739 3103 sui,
764 3043 809 3091 et
830 3035 1087 3091 evacuabit
1110 3034 1480 3090 illuminatione
1500 3035 1778 3103 praesentia:
1794 3050 1904 3090 sua

308 3146 451 3196 eum,
484 3131 631 3201 cujus
659 3139 734 3183 est
772 3129 1040 3198 prwsentiu
1068 3129 1343 3184 secundum
1380 3126 1723 3199 operationem
1761 3138 1902 3183 sata-

308 3239 408 3288 me,
433 3224 486 3277 in
511 3224 645 3277 omni
674 3225 872 3290 virtute,
902 3232 949 3277 et
977 3222 1151 3294 signis,
1185 3232 1232 3276 et
1260 3221 1505 3293 prodigiis
1536 3222 1823 3288 mendacii,
1854 3230 1902 3277 et

306 3318 359 3373 in
389 3320 528 3371 omni
563 3320 851 3373 seductione
878 3318 1184 3388 iniquitatis,
1219 3317 1296 3372 liis
1324 3318 1410 3388 qui
1449 3326 1688 3386 pereunt;
1722 3334 1814 3388 pro
1843 3333 1902 3373 eo

305 3410 444 3480 quod
474 3410 791 3465 dilectionem
818 3410 1041 3465 veritatis
1068 3426 1171 3465 non
1198 3418 1512 3480 receperunt,
1551 3419 1606 3463 ut
1643 3409 1769 3463 salvi
1811 3409 1915 3479 βο·-

306 3511 438 3556 rent.
473 3500 536 3555 Et
566 3501 679 3555 ideo
704 3502 865 3555 mittet
894 3502 998 3555 illis
1043 3499 1180 3555 Deus
1219 3501 1561 3572 operationem
1599 3500 1813 3567 erroris,
1844 3508 1901 3554 ut

304 3594 515 3648 credant
540 3594 824 3661 mendacio,
855 3602 901 3649 et
921 3593 1220 3665 judicentur
1243 3609 1414 3647 onmes
1433 3592 1520 3662 qui
1546 3609 1647 3647 non
1674 3592 1901 3648 credide-

304 3696 424 3741 runt
471 3687 706 3756 veritati,
746 3686 836 3742 sed
876 3695 1235 3743 consenserunt
1281 3684 1536 3757 iniquitati
1581 3683 1897 3757 (III/cess.

304 3795 362 3848 It,
396 3780 580 3851 1-H).

371 3871 427 3926 2.
462 3871 603 3927 Nulli
633 3870 850 3927 dubium
880 3878 981 3937 est,
1008 3886 1129 3926 eum
1150 3868 1217 3925 de
1242 3868 1576 3925 Antichristo
1603 3867 1703 3923 ista
1732 3866 1899 3925 dixis—

304 3982 397 4033 se;
432 3967 685 4039 diemque
710 3965 898 4037 judicii
928 3965 1103 4038 (hunc
1130 3964 1310 4019 enim“
1346 3962 1579 4033 appellat
1607 3960 1747 4017 diem
1792 3962 1897 4017 Do-

304 4061 473 4131 mini)
519 4076 625 4115 non
669 4074 789 4115 esse
832 4067 1150 4126 venturum,
1194 4056 1295 4113 nisi
1344 4056 1434 4111 ille
1474 4055 1619 4126 prior
1656 4054 1895 4121 venerit,

304 4168 461 4224 quem
492 4151 733 4223 refugam
765 4160 920 4205 vocat
940 4191 955 4218 ,
982 4151 1166 4221 utique
1192 4165 1223 4205 a
1254 4148 1478 4203 Domino
1512 4147 1639 4201 Deo.
1672 4145 1824 4214 Quod
1850 4145 1897 4201 si

304 4245 368 4300 de
397 4243 647 4299 omnibus
680 4243 859 4313 impiis
888 4241 1079 4297 merito
1109 4240 1215 4295 dici
1257 4246 1435 4310 potest
1454 4278 1467 4302 ,
1501 4246 1701 4308 quanto
1720 4237 1899 4317 magis

303 4336 367 4393 de
392 4337 538 4393 isto?
562 4335 667 4393 Sed
700 4340 753 4391 in
782 4351 887 4405 quo
914 4334 1112 4404 templo
1144 4333 1238 4389 Dei
1277 4332 1347 4387 sit
1377 4346 1621 4387 sessurus
1643 4330 1684 4396 ⁵,
1716 4320 1895 4386 incer-

303 4437 413 4484 tum
436 4437 523 4485 est
549 4447 562 4482 :
592 4437 768 4483 utrum
800 4427 850 4482 in
879 4427 965 4483 illa
986 4427 1139 4482 ruina
1167 4424 1373 4495 templi,
1397 4423 1535 4494 quod
1558 4438 1586 4477 α
1610 4422 1898 4479 Salomone

302 4532 426 4590 rege
452 4529 820 4575 constructum
846 4527 948 4585 est,
980 4533 1047 4572 an
1079 4532 1206 4572 vero
1242 4516 1295 4572 in
1326 4514 1588 4570 Ecclesia.
1614 4512 1728 4569 Non
1754 4514 1897 4569 enim

301 4611 561 4681 templum
592 4612 818 4683 alicujus
860 4611 984 4666 idoli
1028 4620 1119 4665 aut
1162 4608 1419 4664 daemonis
1445 4648 1459 4673 ,
1504 4607 1757 4677 templum
1802 4605 1897 4662 Dei

300 4704 593 4775 Apostolus
616 4703 840 4759 diceret.
866 4702 1015 4759 Unde
1041 4701 1318 4766 nonnulli,
1350 4716 1455 4754 non
1483 4701 1653 4770 ipsum
1686 4699 1893 4770 princi-

304 4810 448 4865 pem,
471 4795 567 4850 sed
596 4796 904 4850 universum
928 4792 1321 4865 quodammodo
1343 4807 1536 4863 corpus
1558 4790 1695 4861 ejus,
1720 4790 1769 4845 id
1790 4798 1893 4857 est,
1925 4840 1931 4846 .

304 4884 369 4939 ad
396 4900 520 4939 eum
563 4887 917 4954 pertinentem
970 4885 1246 4940 hominum
1286 4882 1707 4949 multitudinem,
1738 4882 1898 4938 simul

304 4993 425 5033 cum
459 4978 579 5048 ipso
604 4991 704 5032 suo
727 4977 964 5048 principe
986 4978 1085 5032 hoc
1113 4979 1233 5033 loco
1267 4977 1485 5047 intelligi
1509 4975 1896 5031 Antichristum

303 5073 492 5129 volunt
519 5089 535 5125 :
565 5072 867 5143 rectiusque
905 5080 1090 5142 putant
1118 5072 1277 5127 etiam
1316 5072 1476 5129 latine
1509 5071 1613 5127 dici
1633 5111 1649 5138 ,
1680 5072 1815 5127 sicut
1843 5071 1895 5126 in

304 5180 479 5237 graeco
500 5174 603 5233 est,
630 5180 759 5231 non,
785 5164 839 5218 in
863 5163 1050 5236 templo
1069 5163 1197 5232 Dei;
1217 5164 1332 5232 sed,
1364 5166 1417 5219 in
1440 5164 1681 5236 templum
1699 5162 1797 5219 Dei
1818 5180 1899 5219 se-

363 5323 383 5356 ε
418 5322 575 5374 Nostri
596 5321 802 5381 codices,
828 5321 890 5374 si.
955 5329 1010 5377 Μ.

365 5387 387 5457 ξ
421 5384 609 5457 Aliquot.
634 5392 761 5457 Mss,
787 5380 1117 5457 protendatur.

366 5448 387 5479 ³
421 5444 588 5496 Μαί-ω
614 5460 643 5495 e
668 5444 921 5496 veteribus
940 5444 1095 5504 libris,
1111 5444 1360 5496 ostendens

363 5509 386 5541 ⁸
418 5514 469 5557 In
493 5512 704 5567 excusis,
729 5506 919 5571 iniquus
937 5506 1038 5559 ille.
1064 5510 1229 5567 Abest,
1252 5506 1350 5568 ille,
1374 5518 1404 5556 a
1425 5506 1763 5570 manuscriptis
1784 5512 1839 5561 et
1865 5517 1895 5557 a

300 5583 465 5634 graeci
485 5578 627 5634 textu
650 5570 871 5634 Apostoli.

363 5635 384 5666 ³
410 5633 545 5693 aliti,
568 5631 659 5683 ista
682 5628 863 5683 dixisse
881 5630 1054 5695 dieque
1066 5629 1265 5692 judicii.
1286 5640 1424 5681 Hum
1436 5628 1581 5692 enim,
1604 5634 1699 5681 etc.
1723 5635 1895 5689 Emen-

301 5692 495 5765 dsntur__
506 5692 576 5765 ex
597 5696 946 5765 manmcriptis.

303 5756 1896 5882 μεὶιῡᾱίιὶ,ιιιυιιιεεὶιεοεσιιηω.Διηεινιιευειωιειιηειηιιξοτί-

363 5880 438 5945 (α)
461 5886 511 5933 In
536 5878 755 5944 Vulgata,
778 5879 1020 5935 discessio.

1663 352 1864 425 LIBER
1900 354 2287 429 VlGESlMUS.

3483 372 3588 438 686

2010 478 2124 532 deat
2151 477 2247 550 (a),
2278 487 2527 551 tanquam
2558 480 2671 553 ipse
2695 481 2767 539 sit
2786 482 3043 556 templum
3068 485 3184 556 Dei,
3204 488 3349 558 quod
3378 502 3459 549 est
3486 494 3591 552 Ec-

2010 572 2174 628 clesia
2203 595 2217 627 :
2247 573 2386 628 sicut
2413 574 2658 642 dicimus,
2690 576 2853 634 Sedet
2882 579 2935 634 in
2958 582 3211 651 amicum,
3242 583 3294 640 id
3317 594 3419 654 est,
3445 588 3594 647 velut

2009 666 2247 733 amicus;
2277 666 2363 722 vel
2392 667 2437 723 si
2466 668 2591 740 quid
2620 670 2766 726 aliud
2796 671 2899 728 isto
2938 672 3223 731 locutionis
3260 691 3458 749 genere
3485 679 3593 736 die!

2008 757 2162 813 solet.
2187 758 2339 825 Quod
2364 769 2541 815 autem
2566 762 2671 829 ait,
2703 762 2769 818 Et
2797 781 2931 820 nunc
2958 767 3081 839 quid
3107 767 3329 824 detineat
3353 772 3513 841 scitis,
3537 772 3594 830 id

2009 857 2112 916 est,
2141 848 2268 920 quid
2294 851 2363 905 sit
2388 850 2438 906 in
2469 868 2637 921 mora,
2664 870 2782 924 quae
2802 870 2963 912 causa
2986 858 3059 914 sit
3085 858 3351 917 dilationis
3374 863 3514 933 ejus,
3540 871 3596 918 ut

2008 941 2252 997 reveletur
2288 943 2342 999 in
2380 961 2472 999 suo
2517 954 2765 1017 tempore,
2808 950 2953 1005 scitis
2980 968 2995 1006 :
3021 951 3275 1021 quoniam
3300 954 3439 1011 scire
3470 955 3596 1012 illos

2008 1032 2166 1100 dixit,
2194 1044 2377 1105 aperte
2405 1034 2508 1090 hoc
2536 1034 2717 1093 dicere
2747 1039 2932 1095 noluit.
2954 1039 3023 1096 Et
3045 1041 3164 1098 ideo
3187 1058 3284 1099 nos
3303 1045 3393 1116 qui
3414 1046 3604 1102 nesci-

2009 1140 2129 1181 mus
2163 1127 2305 1198 quod
2337 1129 2411 1185 illi
2439 1129 2718 1205 sciebant,
2744 1135 3025 1203 pervenire
3061 1151 3183 1192 cum
3212 1138 3394 1197 labore
3436 1141 3503 1196 ad
3544 1141 3601 1199 id

2008 1217 2149 1289 quod
2176 1219 2344 1275 sensit
2371 1222 2681 1292 Apostolus,
2710 1225 2986 1296 cupimus,
3018 1243 3116 1285 nec
3140 1231 3417 1289 valemus:
3448 1248 3597 1305 pree-

2008 1308 2191 1365 sertim
2221 1312 2341 1381 quia
2369 1320 2423 1368 et
2451 1313 2536 1368 illa
2569 1330 2686 1385 qua:
2714 1315 2944 1383 addidit,
2977 1318 3120 1378 hunc
3149 1337 3365 1379 sensum
3394 1323 3597 1381 faciunt

2008 1400 2389 1459 obscuriorem.
2412 1404 2541 1460 Nam
2577 1407 2701 1478 quid
2737 1417 2840 1476 est,
2875 1407 2997 1465 1am
3032 1414 3163 1468 enim
3182 1416 3472 1487 mysterium
3494 1418 3596 1473 ini-

2009 1492 2212 1564 quitatis
2237 1505 2491 1565 operatur.
2512 1495 2734 1553 Tantum
2762 1501 2848 1570 qui
2874 1503 3025 1558 modo
3058 1513 3190 1559 tenet
3223 1516 3405 1576 teneat,
3436 1509 3596 1565 donec

2010 1584 2073 1638 de
2097 1584 2258 1639 medio
2279 1586 2407 1655 ﬁat;
2434 1596 2480 1642 et
2504 1597 2621 1643 tunc
2640 1591 2941 1646 revelabitur
2963 1595 3207 1663 iniquus?
3230 1597 3343 1669 Ego
3374 1613 3594 1669 prorsus

2009 1674 2134 1745 quid
2160 1675 2373 1744 dixerit,
2410 1693 2497 1734 me
2536 1677 2709 1736 fateor
2737 1681 3003 1753 ignorare.
3040 1685 3384 1759 Suspiciones
3417 1701 3597 1747 tamen

2010 1766 2306 1833 hominum,
2331 1784 2463 1840 quas
2483 1769 2570 1826 vel
2595 1770 2812 1840 audire,
2844 1775 2928 1830 vel
2954 1775 3132 1848 legere
3160 1778 3345 1850 potui,
3376 1796 3484 1837 non
3514 1791 3598 1838 ta-

2009 1857 2165 1913 cebo.

2081 1950 2133 2005 3.
2159 1950 2385 2018 Quidam
2414 1962 2599 2025 putant
2619 1953 2719 2013 hoc
2743 1957 2811 2014 de
2832 1957 3056 2030 imperio
3076 1960 3275 2018 dictum
3304 1962 3468 2020 fuisse
3488 1964 3599 2022 Ro-

2009 2058 2197 2110 mano;
2231 2054 2283 2100 et
2311 2054 2588 2115 propterea
2618 2048 2839 2104 Paulum
2864 2052 3166 2125 apostolum
3197 2069 3301 2111 non
3326 2055 3377 2110 id
3408 2065 3597 2129 aperte

2008 2134 2246 2191 scribere
2268 2137 2534 2204 voluisse,
2568 2155 2633 2195 ne
2661 2141 2981 2197 calumniam
3006 2145 3253 2202 videlicet
3274 2148 3593 2218 incurreret,

2008 2230 2149 2302 quod
2178 2232 2421 2289 Romano
2443 2235 2667 2306 imperio
2694 2237 2833 2293 male
2858 2240 3157 2309 optaverit,
3196 2256 3317 2297 cum
3350 2256 3599 2313 sperare-

2010 2333 2094 2378 tur
2120 2334 2376 2380 :eternum
2405 2344 2418 2382 :
2447 2338 2503 2381 ut
2533 2327 2633 2383 hoc
2657 2328 2797 2401 quod
2822 2328 2974 2397 dixit,
2996 2329 3120 2385 lam
3142 2333 3274 2387 enim
3302 2336 3600 2406 mysterium

2009 2416 2286 2488 iniquitatis
2314 2428 2567 2492 operatur,
2602 2421 2865 2477 Neronem
2894 2423 3123 2479 voluerit
3158 2425 3412 2498 intelligi,
3443 2427 3599 2495 cuius

2004 2512 2114 2582 jam
2142 2512 2280 2567 facta
2304 2513 2448 2568 velut
2473 2514 2787 2571 Antichristi
2813 2515 3147 2573 videbantur.
3175 2517 3328 2575 Unde
3353 2520 3602 2576 nonnulli

2011 2604 2183 2675 ipsum
2228 2614 2656 2661 resurrecturum
2677 2649 2692 2674 ,
2726 2615 2780 2663 et
2806 2606 3043 2664 futurum
3076 2610 3466 2667 Antichristum
3509 2627 3603 2668 su-

2009 2696 2282 2767 spicantur
2312 2696 2409 2770 (b).
2433 2698 2536 2754 Alii
2564 2715 2691 2755 vero
2716 2714 2817 2756 nec
2844 2700 3077 2756 occisum
3106 2710 3312 2773 putant,
3345 2703 3439 2759 sed
3469 2706 3600 2761 sub-

2010 2797 2237 2844 tractum
2264 2791 2462 2860 potius",
2493 2802 2545 2846 ut
2576 2800 2853 2863 putaretur
2871 2793 3113 2859 occisus;
3137 2802 3191 2849 et
3216 2794 3396 2850 vivum
3423 2795 3603 2851 occul-

2009 2882 2108 2936 tari
2127 2881 2178 2937 in
2197 2881 2377 2953 vigore
2400 2884 2565 2955 ipsius
2586 2885 2778 2955 aetatis,
2805 2886 2857 2940 in
2879 2901 2983 2957 qua
3007 2885 3124 2952 fuit,
3149 2903 3269 2943 cum
3291 2888 3603 2946 crederetur

2008 2978 2322 3046 exstinctus,
2346 2978 2519 3034 donec
2546 2996 2644 3035 suo
2686 2989 2926 3051 tempore
2957 2982 3245 3051 reveletur,
3268 2992 3325 3038 et
3351 2985 3583 3040 restitua-

2010 3077 2097 3123 tur
2133 3070 2183 3123 in
2226 3085 2447 3142 regnum
2477 3070 2571 3144 (ε).
2605 3070 2709 3127 Sed
2744 3072 2967 3127 multum
3016 3073 3143 3131 mihi
3187 3075 3319 3129 mira
3359 3083 3440 3130 est
3485 3075 3601 3132 lucc

2007 3160 2339 3230 Opinantium
2384 3169 2527 3216 tanta
2561 3163 2925 3235 prmsumptio.
2954 3162 3089 3218 Illud
3122 3174 3297 3220 tamen
3342 3165 3483 3236 quod
3527 3166 3603 3221 ait

2007 3251 2317 3321 Apostolus,
2350 3251 2567 3308 Tantum
2587 3255 2673 3324 qui
2697 3254 2846 3308 modo
2868 3263 2996 3309 tenet
3024 3264 3205 3320 teneat,
3230 3254 3385 3309 donec
3411 3256 3472 3310 de
3491 3271 3599 3310 me-

2006 3346 2090 3400 dio
2118 3347 2207 3418 ﬁat
2234 3364 2252 3401 :
2282 3363 2386 3403 non
2414 3348 2645 3403 absurde
2674 3348 2740 3404 de
2770 3349 2887 3429 ipso
2917 3347 3159 3404 Romano
3180 3350 3404 3421 imperio
3425 3350 3600 3406 credi-

2009 3448 2095 3493 tur
2124 3438 2323 3496 dictum
2346 3482 2361 3508 ,
2395 3450 2643 3513 tanquam
2672 3440 2873 3497 dictum
2900 3442 3004 3510 sit,
3032 3442 3261 3497 Tantum
3302 3442 3393 3514 qui
3436 3444 3597 3500 modo

2006 3531 2232 3603 imperat
2263 3533 2506 3605 imperet,
2531 3533 2703 3589 donec
2730 3532 2797 3590 de
2818 3533 2995 3589 medio
3024 3532 3144 3604 flat,
3178 3534 3230 3590 id
3260 3544 3371 3604 est,
3396 3535 3462 3592 de
3483 3551 3596 3593 me-

2004 3620 2093 3678 dio
2123 3612 2358 3681 tollatur».
2388 3623 2456 3679 Et
2484 3633 2601 3680 tunc
2630 3625 2931 3681 revelabitur
2956 3627 3157 3698 iniquus
3184 3643 3203 3682 :
3228 3643 3383 3698 quem
3428 3629 3597 3699 signi-

2005 3716 2152 3779 ﬁcari
2182 3716 2565 3772 Antichristum
2585 3756 2601 3785 ,
2632 3717 2809 3774 nullus
2839 3718 3077 3790 ambigit.
3102 3719 3202 3774 Alii
3226 3734 3353 3777 vero
3374 3728 3427 3775 et
3447 3720 3592 3792 quod

2004 3811 2098 3879 ait,
2123 3810 2261 3877 Quid
2281 3812 2499 3866 detineat
2521 3811 2695 3879 scitis;
2716 3820 2789 3879 et,
2819 3814 3110 3884 mysterium
3135 3814 3335 3883 cperari
3358 3815 3599 3887 iniquita-

2005 3904 2088 3971 tis,
2122 3919 2229 3960 non
2256 3912 2439 3975 putant
2459 3904 2679 3971 dictant,
2708 3904 2808 3959 nisi
2831 3903 2897 3960 de
2919 3904 3073 3959 malis
3100 3912 3154 3960 et
3175 3904 3331 3973 lictis,
3360 3906 3447 3978 qui
3469 3916 3597 3965 sunt

2004 3996 2057 4053 in
2090 3995 2346 4061 Ecclesia,
2376 3995 2547 4052 donec
2574 3996 2885 4068 perveniant
2921 3995 2988 4051 ad
3025 4006 3230 4051 tantum
3272 4013 3552 4053 numerum
3574 4039 3592 4066 ,

2004 4088 2093 4161 qui
2121 4086 2449 4143 Antichristo
2477 4102 2730 4158 magnum
2767 4087 3017 4158 populum
3044 4086 3231 4155 faciat;
3259 4096 3313 4144 et
3344 4088 3446 4143 hoc
3474 4104 3596 4146 esse

2006 4180 2319 4252 mysterium
2345 4179 2661 4251 iniquitatis,
2686 4179 2808 4251 quia
2830 4178 3041 4236 videtur
3066 4181 3352 4239 occultum.
3380 4179 3594 4245 Hortari

2003 4284 2180 4328 autem
2202 4272 2511 4351 Apostolum
2545 4270 2730 4328 ﬁdeles
2749 4312 2763 4338 ,
2796 4281 2854 4327 ut
2880 4273 2942 4328 in
2972 4272 3077 4329 (ide
3105 4290 3262 4347 quam
3303 4283 3485 4330 tenent
3512 4283 3593 4330 te-

2004 4366 2207 4421 naciter
2235 4373 2595 4437 perseverent,
2621 4364 2868 4432 dicendo,
2903 4363 3120 4421 Tantum
3156 4367 3241 4437 qui
3273 4368 3424 4424 modo
3464 4377 3595 4424 tenet

2003 4466 2184 4525 teneat,
2216 4457 2373 4511 donec
2409 4456 2472 4510 de
2513 4456 2677 4511 medio
2714 4457 2805 4526 fiat
2831 4473 2850 4511 :
2880 4461 2984 4513 hoc
3009 4467 3110 4526 est,
3142 4459 3313 4515 donec
3340 4470 3497 4516 exeat
3524 4460 3595 4518 de

2003 4548 2181 4603 medio
2224 4547 2476 4603 Ecclesia:
2514 4548 2829 4619 mysterium
2882 4549 3209 4625 iniquitatis,
3258 4549 3400 4623 quod
3449 4568 3595 4610 nunc

2002 4641 2266 4705 occultum
2306 4650 2407 4695 est.
2442 4639 2523 4695 Ad
2562 4640 2733 4712 ipsum
2775 4642 2916 4698 enim
2963 4643 3277 4716 mysterium
3323 4645 3593 4716 pertinere

2002 4733 2348 4797 arbitrantur,
2377 4731 2518 4804 quod
2552 4734 2627 4788 ait
2657 4735 2710 4788 in
2738 4733 2976 4805 Epistola
3018 4749 3114 4793 sua
3153 4735 3387 4793 Joannes
3428 4752 3595 4793 evan-

2001 4825 2188 4897 gelista
2208 4866 2223 4894 ,
2268 4823 2425 4879 Pueri
2448 4867 2462 4893 ,
2503 4826 2774 4883 novissima
2810 4826 2938 4883 hora
2962 4836 3034 4884 est
3062 4843 3081 4882 :
3106 4838 3151 4885 et
3177 4829 3306 4883 sicut
3340 4828 3555 4885 audistis
3577 4874 3592 4898 ,

2002 4917 2138 4990 quod
2167 4916 2503 4973 Antichristus
2541 4918 2606 4973 sit
2641 4928 2909 4986 venturus;
2946 4936 3079 4975 nunc
3104 4929 3270 4975 autem
3308 4920 3595 4976 antichristi

2003 5010 2149 5065 ntulti
2174 5008 2295 5081 facti
2316 5019 2436 5083 sunt
2460 5025 2478 5065 :
2501 5012 2632 5066 unde
2670 5012 3015 5084 cognoscimus
3049 5010 3185 5082 quod
3225 5014 3494 5067 novissima
3527 5014 3593 5067 sit

2004 5103 2147 5158 liora.
2177 5100 2261 5157 Ea:
2287 5101 2428 5158 nobis
2457 5103 2683 5159 exierunt
2707 5119 2725 5158 :
2750 5102 2840 5158 sed
2869 5117 2967 5157 non
2989 5110 3131 5156 erant
3161 5118 3224 5157 ex
3249 5102 3409 5183 nobis.
3437 5104 3605 5170 Quod-

2001 5196 2046 5253 si
2090 5195 2301 5265 [uissent
2336 5211 2399 5249 ex
2437 5195 2619 5259 nobis,
2672 5193 3061 5265 permansissent
3112 5193 3283 5267 utique
3328 5194 3589 5251 nobiscum

2004 5286 2049 5361 (i
2068 5286 2297 5357 Joan.u,
2328 5287 2395 5344 i8
2414 5285 2584 5358 et-liJ).
2612 5285 2760 5343 Sicut
2780 5301 2908 5356 ergo
2924 5294 3045 5341 ante
3072 5285 3231 5341 ﬁnem
3260 5286 3313 5342 in
3349 5285 3449 5344 hac
3485 5288 3590 5347 ho-

2002 5398 2083 5450 ra,
2114 5383 2395 5451 inquiunt,
2427 5395 2586 5450 quam
2615 5378 2849 5434 Joannes
2878 5378 3221 5434 novissimam
3250 5378 3410 5447 dicit,
3441 5384 3589 5439 exiea

2003 5483 2129 5531 runt
2156 5473 2309 5530 multi
2337 5472 2573 5527 haeretici
2610 5471 2679 5527 de
2706 5472 2882 5526 medio
2914 5470 3197 5541 Ecclesiae,
3225 5487 3362 5545 quos
3389 5474 3588 5535 multos

2099 5611 2151 5682 a)
2179 5594 2301 5682 δαῖε
2330 5614 2471 5665 αὐτὸν
2499 5612 2566 5682 εἷς
2589 5615 2667 5662 τὸν
2687 5615 2793 5659 ναὸν
2815 5616 2899 5660 τοῦ
2920 5604 3041 5682 Θιοῆ
3064 5614 3254 5682 ᾦςΑΘσὸν
3282 5617 3491 5682 ambienti.

2043 5677 2518 5761 .(b)'Conf.nttiiet‘on.
2554 5680 2605 5730 in
2636 5685 2750 5729 Dan.
2779 5690 2847 5738 xi,
2893 5683 2947 5733 et
2966 5677 3218 5741 Sulpitium
3241 5687 3409 5735 sever,
3437 5680 3581 5731 1113.2

2298 5745 2430 5859 33a.
2453 5808 2503 5858 in
2526 5813 2734 5865 Nerone,
2767 5814 2872 5867 cap.
2896 5802 2977 5865 57,
3028 5809 3080 5854 et
3098 5803 3245 5854 Tacit.
3270 5804 3385 5855 Hist.
3426 5800 3513 5856 lib.
3538 5803 3586 5871 2,

2005 5872 2110 5939 mp.
2131 5872 2180 5921 8.

3404 5976 3487 5995 s-‘
