4062 6498
407 416 513 477 687

405 538 537 593 dicit
564 535 906 592 antichristus
934 552 948 590 :
979 534 1049 589 ita
1079 545 1267 588 omnes
1306 540 1429 587 tunc
1466 531 1590 589 inde
1613 532 1865 600 exibunt,
1891 532 1981 604 qui

404 643 514 686 non
534 628 602 684 ad
630 628 921 695 Christum,
943 626 1039 682 sed
1065 625 1129 680 ad
1158 625 1310 680 illum
1338 625 1686 681 novissimum
1719 625 1989 684 Antichri-

405 732 549 779 stum
571 720 931 793 pertinebunt,
955 727 1011 775 et
1040 728 1163 775 tunc
1188 718 1529 776 revelabitur.

480 815 535 869 4.
565 813 718 869 Alius
738 826 863 883 ergo
892 811 1005 881 sic,
1032 809 1169 866 alius
1191 819 1368 867 autem
1395 811 1472 865 sic
1493 810 1734 882 Apostoli
1764 809 1988 867 obscura

405 905 568 969 verba
613 902 918 974 conjectant
943 902 1127 983 aquod
1164 911 1337 959 tamen
1381 917 1504 958 eum
1533 902 1732 959 dixisse
1762 917 1867 958 non
1890 902 1988 958 du-

405 996 552 1052 bium
571 1003 692 1061 est,
721 994 837 1050 Non
866 994 1047 1050 veniet
1072 993 1142 1049 ad
1170 993 1318 1049 vivos
1338 1002 1390 1049 et
1416 1002 1657 1049 mortuos
1677 992 1991 1064 judicandos

407 1086 700 1165 Christus,
726 1087 828 1142 nisi
858 1086 1006 1159 prius
1032 1087 1240 1142 venerit
1270 1086 1337 1141 ad
1362 1086 1695 1142 seducendos
1736 1087 1787 1142 in
1817 1088 1992 1142 anima

409 1188 647 1235 mortuos
687 1178 1024 1235 adversarius
1062 1178 1180 1250 ejus
1218 1178 1610 1247 Antichristus;
1642 1181 1884 1251 quamvis
1924 1179 1990 1236 ad

407 1270 671 1326 «ccultum
691 1269 801 1342 jam
821 1269 1080 1341 judicium
1105 1270 1201 1325 Dei
1226 1272 1509 1341 pertineat,
1539 1269 1682 1343 quod
1708 1271 1776 1327 ab
1796 1271 1888 1326 illo
1908 1285 1993 1327 se-

405 1365 685 1420 ducentur.
708 1360 991 1418 Praesentia
1011 1362 1208 1433 quippe
1228 1363 1336 1435 eius
1357 1364 1470 1430 erit,
1498 1363 1639 1419 sicut
1661 1361 1861 1418 dictum
1888 1372 1992 1432 est,

405 1455 684 1510 secundum
709 1456 1053 1526 operationem
1086 1464 1306 1521 tutante,
1339 1456 1393 1510 in
1422 1456 1558 1511 omni
1593 1456 1808 1523 uirtute,
1836 1464 1881 1510 et
1920 1456 1993 1511 si-

406 1548 541 1620 gnis,
559 1557 607 1603 et
627 1548 874 1620 prodigiis
898 1547 1149 1603 mendacii
1166 1588 1179 1609 ,
1204 1558 1249 1602 et
1272 1548 1325 1602 in
1345 1548 1484 1602 omni
1507 1548 1793 1602 seductione
1820 1548 1997 1619 iniqui-

409 1642 547 1708 tatis,
574 1641 654 1696 his
671 1640 761 1713 qui
788 1648 1014 1713 pereunt.
1042 1640 1193 1696 Tunc
1226 1640 1368 1696 enim
1395 1640 1634 1697 solvetur
1661 1651 1878 1697 satanas
1895 1683 1911 1707 ,
1942 1648 1999 1698 et

408 1749 506 1803 per
532 1733 693 1788 illum
723 1733 1110 1789 Anticltristum
1142 1733 1194 1788 in
1218 1734 1363 1788 omni
1394 1748 1488 1788 sua
1517 1734 1710 1789 virtute
1737 1732 1996 1789 mirabili-

412 1835 493 1880 ter
521 1824 758 1895 quidem,
795 1824 889 1879 sed
916 1823 1245 1879 mendaciter
1270 1823 1597 1895 operabitur.
1639 1824 1769 1893 Qua:
1802 1827 1818 1856 ³
1862 1824 1998 1880 solet

408 1916 604 1987 ambigi
633 1925 808 1971 utrum
837 1924 1121 1987 propterea
1157 1915 1299 1972 dicta
1336 1915 1445 1970 sint
1483 1916 1633 1987 signa
1672 1925 1725 1972 et
1763 1916 1997 1987 prodigia

408 2005 695 2072 mendacii,
722 2005 973 2076 quoniam
1002 2007 1255 2061 mortales
1281 2020 1471 2063 sensus
1500 2022 1595 2076 per
1619 2006 1990 2077 phantasmata

407 2096 728 2166 decepturus
757 2106 875 2163 est;
906 2105 964 2151 ut
996 2095 1138 2166 quod
1178 2111 1283 2152 non
1311 2095 1439 2154 facit
1462 2139 1477 2165 ,
1508 2097 1685 2154 facere
1714 2098 1953 2153 videatur
1979 2114 1994 2153 :

408 2203 476 2242 an
505 2189 627 2259 quia
653 2188 740 2243 illa
760 2189 896 2259 ipsa,
915 2187 1124 2243 etiamsi
1152 2199 1306 2243 erunt
1328 2205 1453 2245 vera
1476 2190 1738 2261 prodigia,
1761 2189 1828 2245 ad
1849 2205 1999 2245 men-

408 2280 619 2337 dacium
664 2281 975 2352 pertrahent
1018 2281 1317 2337 credituros
1359 2297 1467 2338 non
1516 2298 1577 2337 ea
1618 2284 1855 2353 potuisse
1896 2282 1997 2338 nisi

406 2372 661 2428 divinitus
687 2373 801 2428 ﬁeri
823 2413 839 2441 ,
870 2372 1122 2429 virtutem
1160 2372 1357 2429 diaboli
1391 2373 1726 2439 nescientes;
1769 2373 2000 2430 maxime

408 2463 624 2539 quando
655 2472 889 2532 tantam,
921 2473 1174 2535 quantam
1206 2480 1474 2534 nunquam
1501 2465 1714 2531 habuit,
1736 2466 2001 2534 acceperit

408 2564 730 2626 potestatem
756 2557 800 2611 ³.
823 2554 942 2611 Νοη
964 2557 1107 2612 enim
1130 2555 1342 2626 quando
1366 2554 1435 2612 de
1461 2556 1598 2612 ctelo
1626 2555 1763 2627 ignis
1782 2554 1995 2624 cecidit,

408 2658 464 2703 et
512 2657 711 2703 tantam
761 2647 1012 2702 familiam
1070 2663 1192 2703 cum
1242 2649 1400 2704 tantis
1450 2648 1699 2718 gregibus
1748 2664 1997 2720 pecorum

408 2739 583 2795 sancti
608 2738 709 2796 Job
740 2754 847 2796 uno
873 2739 1074 2810 impetu
1100 2738 1425 2810 absumpsit,
1454 2750 1509 2795 et
1539 2740 1692 2796 turbo
1712 2741 1921 2798 irruens
1945 2750 2000 2799 et

408 2830 628 2888 domum
658 2832 912 2903 dejiciens
935 2832 1074 2887 ﬁlios
1094 2831 1210 2902 ejus
1238 2833 1433 2888 occidit
1472 2832 1609 2904 (Job
1637 2834 1714 2906 ι),
1772 2837 1999 2905 phanta-

406 2933 578 2978 smata
608 2922 823 2979 fuerunt
848 2941 862 2978 τ
883 2939 1002 2994 quae
1032 2932 1208 2979 tamen
1242 2922 1457 2980 fuerunt
1482 2941 1642 2997 opera
1671 2936 1892 2995 satanzc,
1911 2929 1999 2986 cui

410 3014 554 3070 Deus
584 3014 808 3072 dederat
851 3015 986 3070 hanc
1018 3022 1355 3085 potestatem.
1382 3016 1611 3087 Propter
1650 3019 1775 3088 quid
1807 3019 1996 3075 horum

407 3121 537 3177 ergo
561 3106 700 3163 dicta
723 3106 829 3161 sint
853 3105 1092 3178 prodigia
1115 3117 1169 3162 ct
1188 3106 1336 3177 signa
1361 3107 1649 3175 mendacii,
1675 3118 1801 3164 tunc
1822 3111 1998 3179 potius

407 3197 703 3267 apparebit.
733 3196 840 3253 Sed
884 3206 1103 3268 propter
1137 3198 1411 3268 quodlibet
1439 3198 1629 3254 horum
1659 3198 1860 3255 dictum
1891 3202 1994 3271 sit,

406 3290 731 3346 sedueentur
773 3291 852 3346 eis
890 3291 1053 3363 signis
1081 3299 1102 3331 ³
1143 3302 1303 3363 atque
1348 3291 1639 3363 prodigiis,
1684 3293 1775 3364 qui
1816 3293 1997 3351 seduci

408 3384 795 3438 merebuntur:
829 3400 920 3461 pro
948 3399 1005 3439 eo
1033 3384 1169 3455 quod
1193 3384 1508 3438 dilectionem
1534 3385 1776 3453 veritatis,
1802 3385 1993 3456 inquit,

409 3490 513 3529 non
538 3485 850 3546 receperunt,
880 3486 933 3530 ut
958 3476 1088 3532 salvi
1113 3477 1308 3549 ﬁerent.
1333 3476 1442 3531 Nec
1472 3476 1735 3532 dubitavit
1766 3477 1996 3547 Aposto-

407 3566 493 3621 lus
520 3565 738 3632 addere,
771 3575 825 3622 et
853 3566 1032 3624 dicere
1056 3585 1069 3620 :
1094 3566 1221 3623 Ideo
1251 3568 1410 3621 mittet
1438 3567 1542 3623 illis
1571 3566 1708 3623 Deus
1742 3569 1997 3640 operatio-

408 3674 519 3713 nem
544 3660 749 3722 erroris,
768 3670 823 3714 ut
843 3661 1049 3714 credant
1066 3659 1327 3714 mendacio
1354 3658 1453 3731 (al.
1478 3658 1615 3713 Deus
1632 3658 1777 3715 enim
1800 3659 1993 3729 mittet,

408 3748 530 3820 quia
563 3750 699 3805 Deus
726 3749 993 3805 diabolum
1022 3749 1199 3806 facere
1238 3750 1337 3803 ista
1380 3751 1670 3820 permittet,
1706 3750 1851 3818 justo
1882 3750 1995 3820 ipse

404 3841 607 3910 judicio
627 3883 642 3907 ,
674 3843 913 3911 quamvis
940 3843 1095 3897 faciat
1124 3842 1212 3897 ille
1243 3842 1425 3912 iniquo
1454 3842 1792 3913 malignoque
1819 3841 1994 3896 cousi-

408 3932 500 3987 lio.
554 3931 619 3989 Ut
649 3934 967 4006 judicentur,
998 3933 1184 4005 inquit,
1219 3950 1391 3988 omnes
1426 3934 1512 4002 qui
1546 3951 1645 3987 non
1675 3932 1995 3988 crediderunt

406 4025 638 4092 veritati,
669 4026 758 4080 sed
796 4038 1151 4080 consenserunt
1195 4025 1465 4096 iniquitati.
1509 4025 1738 4081 Proinde
1772 4026 1993 4097 judicati

408 4116 748 4182 seducentur,
780 4126 835 4174 et
858 4117 1062 4173 seducti
1087 4118 1487 4187 judicabuntur.
1526 4118 1630 4174 Sed
1653 4118 1875 4188 judicati
1904 4134 1993 4175 se-

407 4200 670 4263 ducentur
698 4208 801 4263 illis
824 4209 1036 4276 judiciis
1066 4209 1157 4263 Dei
1192 4209 1401 4264 occulte
1436 4209 1593 4278 justis
1613 4252 1626 4275 ,
1651 4210 1794 4280 juste
1818 4208 1996 4266 occul-

408 4300 494 4361 tis.
526 4298 719 4368 quibus
744 4297 812 4354 ab
835 4300 984 4353 initio
1011 4298 1213 4369 peccati
1245 4299 1521 4353 rationalis
1557 4309 1815 4355 creatura:
1857 4318 1993 4356 nuu-

407 4408 564 4462 quam
588 4386 830 4461 judicare
865 4391 1095 4445 cessavit
1132 4409 1145 4444 :
1179 4390 1381 4454 seducti
1414 4402 1589 4446 autem
1612 4390 1995 4461 judicabttntur

402 4483 700 4538 novissimo
728 4482 1112 4554 manifestoque
1134 4483 1335 4552 judicio
1360 4498 1453 4552 per
1472 4482 1653 4537 Jesum
1680 4483 1949 4541 Christum
1968 4526 1986 4554 ,

403 4571 696 4641 justissime
721 4572 1105 4645 iudicaturum,
1137 4573 1486 4644 injustissime
1506 4574 1821 4646 judicatum.

404 4663 632 4720 CAPUT
660 4662 777 4719 XX.
825 4694 896 4705 —
939 4665 1075 4732 Quid
1126 4665 1261 4720 idem
1307 4666 1567 4735 apostolus
1608 4666 1662 4720 in
1710 4667 1876 4737 prima
1922 4662 1993 4721 ad

435 4756 633 4812 eosdem
649 4752 884 4828 Epistola
900 4754 961 4809 de
990 4757 1346 4811 resurrectione
1375 4769 1687 4810 mortuorum
1703 4757 1946 4812 docuerit.

476 4851 529 4904 i.
558 4846 664 4905 Sed
696 4849 782 4905 hic
812 4850 1097 4920 Apostolus
1122 4849 1285 4904 tacuit
1322 4849 1388 4904 dc
1414 4851 1804 4906 resurrectione
1846 4866 1993 4906 mor-

403 4938 613 4997 tuorum
660 4958 674 4996 :
724 4941 791 4997 ad
844 4942 1060 4998 eosdem
1117 4951 1293 4997 autem
1346 4941 1588 4997 scribens
1638 4942 1693 4997 in
1752 4943 1985 5012 Epistula

402 5036 592 5106 prima,
627 5032 901 5098 Nolumus,
932 5033 1122 5106 inquit,
1149 5033 1382 5106 ignorare
1408 5050 1512 5100 vos,
1540 5034 1741 5102 fratres,
1773 5035 1835 5087 de
1861 5035 1984 5088 dor-

401 5125 700 5190 sitientibus,
730 5138 783 5179 ut
833 5144 931 5180 non
976 5125 1368 5189 contristemini,
1409 5124 1536 5178 sicut
1576 5133 1620 5177 et
1660 5125 1854 5189 ueteri,
1899 5122 1987 5195 qui

400 5235 536 5285 spem
558 5235 657 5297 non
684 5216 885 5272 habent.
911 5216 1048 5271 Nam
1070 5217 1113 5272 si
1133 5217 1399 5281 credimus,
1432 5216 1566 5287 quod
1583 5216 1614 5270 J
1622 5233 1732 5272 esus
1758 5226 1987 5272 mortuus

400 5319 494 5378 est,
524 5319 571 5367 et
601 5312 872 5366 resurrerit
904 5326 923 5364 :
949 5312 1020 5366 ita
1060 5321 1107 5367 et
1139 5311 1279 5366 Deus
1315 5327 1395 5365 eos
1433 5312 1518 5382 qui
1546 5311 1857 5366 dormierunt
1894 5327 1987 5382 per

464 5482 479 5513 ¹
518 5486 584 5531 tta
614 5489 719 5545 .uss.
746 5489 802 5533 At
824 5483 957 5543 editi,
980 5483 1129 5545 Quod.

397 5546 490 5656 wn:
516 5546 587 5593 sic
610 5544 743 5593 Vind.
769 5555 869 5595 Am.
897 5555 950 5597 et
984 5544 1091 5598 Mss.
1117 5553 1174 5597 At
1195 5551 1268 5597 Er.
1309 5552 1361 5597 et
1382 5553 1514 5608 Lov.,
1552 5545 1756 5612 accipiet
1778 5550 1983 5611 potesta-

416 5694 421 5703 ρ
454 5668 476 5699 ³
506 5666 609 5717 Sola
633 5667 783 5719 editio
799 5670 1182 5733 tovaniensium,
1207 5669 1496 5723 seducentur
1512 5671 1620 5734 ejus

408 5824 415 5837 ,
461 5772 536 5835 (a)
558 5779 628 5823 De
647 5772 833 5840 tudinis
853 5773 946 5824 hoc
983 5782 1243 5840 esponunt
1272 5776 1567 5840 Ambrosms,
1606 5783 1819 5826 Joannes
1836 5774 1983 5840 Chry-

396 5835 654 5903 sostomus,
672 5836 1032 5903 'I'heodoretus,
1046 5835 1147 5903 alii,
1167 5844 1219 5887 et
1233 5838 1340 5901 ipse
1363 5839 1694 5903 Hieronymus,
1710 5835 1981 5902 quaestione

397 5894 454 5953 tt
480 5894 750 5965 inEpistola
770 5899 876 5962 tsi,
898 5898 959 5951 ad
983 5894 1230 5966 algasiam.
1253 5894 1501 5959 δορυευε.

1501 409 1589 468 DE
1625 402 1945 469 ClVlTA'l'E
1983 405 2119 480 DEI,
2158 411 2215 470 S.
2252 403 2614 473 AUGUSTINL

2092 534 2289 602 lesum,
2305 532 2521 589 adducet
2539 549 2654 588 cum
2680 548 2758 587 eo.
2791 530 2902 586 Hoc
2927 526 3202 587 enimvobis
3218 527 3429 585 dicimus
3449 528 3501 585 in
3522 529 3665 585 uerbo

2088 626 2315 695 Domini,
2333 626 2451 697 quia
2476 642 2565 680 nos
2581 625 2812 690 viventes,
2835 622 2922 695 qui
2942 621 3125 694 reliqui
3138 638 3311 678 sumus
3330 622 3383 676 in
3399 622 3668 676 adventum

2089 720 2326 787 Domini,
2373 737 2473 775 non
2515 719 2872 792 praeveniemus
2910 733 2993 773 eos
3031 716 3117 787 qui
3157 724 3272 771 ante
3312 714 3670 771 dormierunt:

2091 813 2329 884 quoniam
2356 813 2465 884 ipse
2493 811 2741 866 Dominus
2767 811 2820 866 in
2838 810 3011 881 jussu,
3039 818 3085 863 et
3107 810 3160 864 in
3184 824 3301 864 voce
3330 807 3638 880 Archangeli
3654 849 3669 874 ,

2092 913 2138 960 et
2162 903 2215 958 in
2242 903 2359 958 tuba
2386 902 2484 958 Dei
2512 904 2773 960 descendet
2812 903 2875 957 de
2898 902 3056 969 calo;
3094 911 3142 957 et
3164 903 3351 957 mortui
3374 902 3429 956 in
3471 900 3675 956 Christo

2092 1005 2350 1067 resurgant
2392 996 2554 1066 primo
2576 996 2594 1028 ί
2627 1012 2643 1063 ;
2670 994 2851 1051 deinde
2889 1011 2983 1050 nos
3009 996 3220 1050 uiuentes
3236 1036 3251 1061 ,
3280 995 3366 1065 qui
3388 994 3568 1066 reliqui
3588 1009 3677 1049 su-

2094 1104 2225 1156 mus,
2266 1088 2420 1143 simul
2443 1105 2555 1142 cum
2602 1088 2707 1143 illis
2733 1088 2992 1160 rapientur
3035 1089 3091 1143 in
3131 1085 3345 1142 nubibus
3380 1086 3433 1141 in
3477 1086 3677 1141 obviam

2096 1178 2296 1235 Christo
2341 1180 2396 1236 in
2441 1197 2595 1247 aera;
2622 1190 2669 1236 et
2703 1181 2777 1235 ita
2817 1197 3015 1251 semper
3061 1197 3176 1236 cum
3218 1179 3444 1238 Domino
3490 1180 3679 1236 erimus

2097 1271 2143 1344 (1
2174 1271 2350 1328 Thess.
2379 1289 2453 1341 tv,
2485 1272 2695 1345 12-16).
2727 1273 2854 1329 Haec
2896 1273 3062 1329 verba
3105 1272 3397 1343 apostolica
3438 1286 3680 1327 resurrc~

2097 1369 2330 1425 ctionem
2362 1377 2691 1424 mortuorum
2720 1368 2972 1436 futuram,
2988 1366 3199 1439 quando
3218 1366 3396 1422 veniet
3424 1366 3682 1421 Dominus

2098 1459 2370 1525 Christus,
2405 1461 2587 1530 utique
2631 1460 2700 1515 ad
2746 1460 2896 1516 vivos
2940 1472 2998 1516 et
3045 1468 3285 1516 mortuos
3322 1458 3677 1530 judicandos,

2099 1553 2507 1623 prmelarissime
2532 1554 2837 1610 ostendunt.

2168 1644 2226 1699 2.
2251 1644 2356 1700 Sed
2376 1644 2539 1715 quatri
2561 1646 2719 1713 solet,
2748 1655 2924 1701 utrum
2955 1646 3030 1703 illi
3054 1661 3191 1719 quos
3216 1646 3305 1703 hic
3332 1646 3574 1703 viventes
3601 1646 3684 1700 in-

2098 1746 2352 1794 venturus
2376 1747 2460 1793 est
2488 1738 2750 1805 Christus,
2780 1755 3012 1810 quorum
3046 1755 3327 1810 personam
3352 1742 3403 1796 in
3430 1756 3491 1796 se
3520 1749 3685 1810 atque

2101 1829 2223 1884 illos
2274 1830 2365 1900 qui
2397 1838 2523 1885 tunc
2560 1844 2742 1886 secum
2786 1830 3066 1900 vivebant,
3101 1832 3510 1905 transﬁgurabat
3536 1833 3686 1902 Apo-

2100 1920 2293 1988 stolus,
2321 1937 2591 1993 nunquam
2614 1922 2834 1979 omnino
2859 1924 3102 1979 morituri
3128 1932 3288 1990 sunt;
3308 1939 3375 1979 an
3405 1924 3523 1994 ipso
3549 1933 3688 1979 tem-

2101 2012 2247 2083 poris
2289 2022 2521 2083 puncto,
2564 2029 2670 2083 quo
2696 2028 2818 2070 cum
2868 2016 3269 2086 resurgentibus
3308 2016 3583 2086 rapientur
3629 2014 3687 2070 in

2102 2105 2330 2160 nubibus
2350 2107 2403 2160 in
2429 2106 2637 2162 obviam
2657 2107 2871 2163 Christo
2891 2107 2946 2162 in
2966 2123 3114 2175 aera,
3136 2106 3206 2163 ad
3226 2109 3683 2164 immortalitatem

2102 2214 2198 2270 per
2238 2208 2467 2255 mortem
2514 2200 2649 2256 mira
2692 2200 2967 2257 celeritate
3010 2200 3311 2256 transibunt
3351 2202 3446 2273 (a).
3499 2201 3689 2271 Neque

2101 2292 2242 2349 enim
2274 2291 2560 2348 dicendum
2585 2302 2689 2357 est,
2719 2290 2832 2347 ﬁeri
2855 2306 2962 2347 non
2992 2306 3171 2363 posse,
3199 2303 3257 2346 ut
3282 2291 3407 2346 dum
3436 2306 3531 2362 per
3558 2307 3686 2347 aera

2103 2383 2158 2439 in
2187 2383 2417 2438 sublime
2445 2390 2743 2453 portantur,
2776 2382 2831 2437 in
2858 2382 2951 2438 illo
2984 2382 3157 2453 spatio
3182 2390 3236 2437 et
3276 2382 3598 2448 moriantur,
3631 2391 3691 2438 et

2101 2474 2441 2531 reviviscant.
2464 2474 2617 2543 Quod
2638 2475 2781 2529 enim
2802 2474 2898 2541 ait,
2931 2473 2998 2528 Et
3021 2474 3094 2528 ita
3112 2490 3310 2544 semper
3332 2490 3445 2528 cum
3463 2472 3690 2529 Domino

2102 2568 2290 2622 erimus
2316 2583 2336 2622 :
2364 2583 2468 2622 non
2510 2568 2588 2623 sic
2615 2568 2985 2637 accipiendum
3031 2575 3143 2633 est,
3176 2575 3426 2637 tanquam
3464 2566 3517 2622 in
3560 2581 3691 2624 aere

2103 2674 2202 2715 nos
2219 2659 2415 2715 dixerit
2443 2675 2654 2730 semper
2681 2675 2802 2716 cum
2829 2660 3055 2714 Domino
3080 2674 3200 2716 esse
3224 2673 3533 2722 mansuros;
3561 2659 3687 2729 quia

2103 2768 2203 2809 nec
2227 2753 2342 2824 ipse
2369 2752 2553 2824 utique
2581 2752 2654 2808 ibi
2683 2752 2937 2821 manebit,
2969 2752 3092 2823 quia
3117 2752 3336 2808 veniens
3367 2752 3690 2807 transiturus

2101 2856 2203 2902 est.
2248 2845 2496 2902 Venienti
2541 2846 2738 2917 quippe
2768 2846 2930 2901 ibitur
2973 2844 3219 2913 obviam,
3267 2860 3372 2898 non
3400 2843 3686 2898 manenti:

2102 2937 2197 2995 sed
2223 2938 2296 2993 ita
2341 2954 2457 2993 cum
2479 2937 2700 2992 Domino
2730 2938 2916 2992 erimus
2939 2977 2955 3001 ,
2985 2937 3036 2992 id
3081 2944 3165 2992 est
3183 2977 3198 3003 ,
3241 2935 3321 2991 sic
3347 2936 3551 2991 erimus
3584 2934 3689 2989 Ita-

2099 3030 2289 3088 bentes
2335 3032 2357 3064 ¹
2397 3044 2623 3102 corpora
2663 3031 3018 3102 sempiterna,
3057 3028 3375 3101 ubicumque
3418 3044 3538 3085 cum
3592 3029 3691 3084 illo

2100 3122 2375 3179 fuerimus.
2409 3122 2491 3179 Ad
2519 3124 2661 3179 hunc
2693 3132 2872 3179 autem
2901 3138 3119 3180 sensum
3139 3164 3155 3189 ,
3182 3137 3291 3194 quo
3314 3122 3689 3179 existimemus

2101 3217 2261 3273 etiam
2292 3218 2434 3283 illos,
2466 3233 2602 3289 quos
2637 3217 2725 3274 hic
2752 3217 2900 3274 vivos
2929 3218 3244 3273 inventurus
3282 3226 3366 3273 est
3394 3217 3681 3284 Dominus,

2100 3309 2153 3367 in
2184 3312 2301 3382 ipso
2330 3327 2494 3383 parvo
2521 3311 2695 3383 spatio
2730 3321 2785 3367 et
2813 3325 3063 3381 passuros
3092 3320 3319 3366 mortem
3359 3318 3414 3366 et
3435 3318 3686 3379 acceptu-

2098 3419 2190 3461 ros
2229 3404 2699 3471 immortalitatem,
2728 3404 2843 3475 ipse
2869 3403 3159 3474 Apostolus
3206 3416 3304 3457 nos
3349 3401 3556 3457 videtur
3587 3416 3685 3456 ur-

2099 3511 2246 3567 gere,
2278 3495 2366 3552 ubi
2395 3496 2544 3562 dicit,
2575 3495 2643 3551 In
2667 3493 2865 3552 Christo
2885 3511 3057 3549 omnes
3081 3493 3463 3563 viviﬁcabuntur
3492 3493 3532 3564 (I
3557 3490 3683 3547 Cor.

2098 3605 2189 3657 xv,
2233 3587 2329 3662 2‘2)
2360 3607 2373 3644 :
2403 3604 2524 3645 cum
2569 3589 2674 3644 alio
2727 3588 2846 3643 loco
2891 3587 2959 3643 de
3002 3587 3117 3657 ipsa
3166 3586 3389 3655 loquens
3433 3599 3688 3641 resurre-

2098 3682 2277 3737 ctione
2306 3696 2587 3752 corporum
2616 3680 2788 3747 dicat,
2822 3677 2904 3733 Tu
2949 3678 3086 3751 quod
3122 3680 3359 3744 seminas,
3391 3693 3491 3733 non
3520 3677 3686 3746 viviﬁ-

2097 3784 2260 3840 calur,
2311 3774 2409 3828 nisi
2448 3773 2691 3827 moriatur
2744 3774 2765 3845 (
2789 3770 2949 3837 Ibid.,
3007 3769 3136 3840 36).
3163 3769 3438 3837 Quomodo
3487 3768 3683 3838 igitur,

2098 3880 2233 3936 quos
2259 3865 2499 3921 viventes
2525 3864 2611 3920 hic
2637 3864 2881 3920 Christus
2911 3863 3170 3930 inveniet,
3200 3877 3294 3933 per
3313 3862 3686 3918 immortalita-

2098 3966 2203 4013 tem
2232 3959 2282 4012 in
2311 3958 2403 4013 illo
2429 3956 2854 4021 viviﬁcabuntur,
2884 3956 2985 4010 etsi
3026 3971 3133 4010 non
3177 3954 3508 4021 moriantur;
3554 3968 3681 4009 cum

2097 4049 2369 4105 videamus
2399 4057 2620 4120 propter
2643 4048 2745 4102 hoc
2771 4061 2893 4103 esse
2920 4046 3142 4113 dictum,
3178 4045 3254 4100 Tu
3279 4046 3414 4118 quod
3436 4044 3677 4110 uncinos,

2097 4157 2197 4196 non
2220 4142 2519 4209 viviﬁcatur,
2549 4140 2648 4194 nisi
2672 4140 2955 4194 moriatur?
2981 4139 3002 4170 ³
3030 4140 3136 4193 Aut
3159 4138 3206 4194 si
3237 4146 3384 4193 recte
3412 4152 3515 4192 non
3543 4135 3682 4191 dici-

2096 4247 2217 4289 mus
2240 4231 2494 4289 seminari
2514 4274 2529 4300 ,
2559 4233 2661 4287 nisi
2693 4247 2755 4286 ca
2796 4246 3022 4301 corpora
3061 4230 3360 4294 hominum,
3392 4244 3510 4299 qua:
3555 4243 3683 4283 mo-

2096 4326 2284 4381 riendo
2325 4341 2538 4397 quoquo
2580 4325 2740 4380 modo
2777 4333 3115 4381 revertuntur
3163 4326 3215 4378 in
3263 4332 3493 4389 terram;
3537 4322 3684 4379 sicut

2094 4433 2214 4474 sese
2243 4418 2401 4473 habet
2425 4419 2585 4474 etiam
2613 4417 2701 4472 illa
2723 4417 2775 4471 in
2804 4426 3251 4489 transgressorem
3274 4426 3476 4488 patrem
3505 4431 3678 4487 gene-

2094 4511 2171 4566 ris
2204 4511 2416 4565 humani
2458 4510 2712 4566 divinitus
2740 4511 2941 4581 prolata
2994 4512 3256 4566 sententia
3277 4551 3292 4576 ,
3338 4510 3496 4565 Terra
3524 4527 3598 4576 es,
3631 4517 3681 4564 et

2092 4603 2146 4656 in
2172 4613 2358 4657 terram
2382 4602 2476 4658 ibis
2491 4601 2648 4674 (Gen.
2677 4618 2735 4658 nt
2753 4643 2769 4668 ,
2799 4600 2890 4674 i9)
2914 4618 2932 4655 :
2962 4600 3232 4659 fatendum
3258 4610 3342 4656 est
3366 4602 3515 4667 istos,
3538 4615 3680 4670 quos

2092 4693 2328 4749 nondum
2353 4694 2421 4750 de
2437 4693 2751 4763 corporibus
2771 4708 3036 4765 egressos,
3055 4708 3176 4748 cum
3202 4693 3381 4748 veniet
3409 4690 3676 4757 Christus,

2093 4787 2344 4851 inveniet,
2378 4796 2432 4841 et
2474 4786 2590 4841 istis
2615 4786 2794 4842 verbis
2833 4785 3095 4856 Apostoli,
3123 4792 3179 4841 et
3215 4784 3323 4840 illis
3364 4783 3434 4839 de
3476 4782 3675 4838 Genesi

2090 4892 2195 4932 non
2228 4877 2397 4933 teneri
2429 4893 2443 4931 :
2473 4878 2724 4947 quoniam
2750 4890 2962 4932 sursum
3003 4876 3056 4930 in
3098 4874 3333 4931 nubibus
3357 4871 3517 4942 rapti,
3564 4886 3675 4926 non

2091 4972 2273 5040 utique
2300 4971 2663 5042 seminantur;
2687 4970 2810 5039 quia
2841 4984 2940 5024 nec
2968 4976 3097 5023 eunt
3126 4967 3180 5021 in
3211 4975 3428 5031 terram,
3459 4978 3555 5020 uec
3581 4978 3674 5019 re~

2089 5061 2287 5128 dcunt;
2316 5062 2427 5117 sive
2448 5062 2644 5117 nullam
2667 5075 2886 5131 prorsus
2912 5057 3254 5130 experiantur
3279 5067 3528 5124 mortem,
3557 5057 3678 5111 sive

2088 5154 2360 5226 paululum
2387 5154 2437 5208 in
2466 5168 2591 5208 aere
2615 5152 2931 5206 moriantur.

2160 5247 2213 5301 ‘5.
2245 5246 2348 5302 Sed
2378 5244 2520 5300 aliud
2551 5260 2736 5299 rursus
2763 5243 3015 5310 occurrit,
3046 5242 3189 5314 quod
3219 5242 3357 5299 idem
3381 5240 3511 5296 dixit
3534 5254 3671 5309 apo-

2087 5336 2275 5404 stolus,
2298 5350 2420 5392 cum
2445 5335 2512 5393 de
2540 5336 2936 5392 resurrectione
2965 5349 3248 5406 corporum
3276 5333 3341 5389 ad
3362 5331 3671 5390 Corinthios

2150 5518 2169 5556 ¹
2375 5517 2535 5585 βοδάη
2802 5524 2860 5568 Μ·

2147 5585 2172 5656 _!
2204 5589 2257 5631 tn
2278 5581 2437 5643 editis,
2460 5573 2648 5646 sein'per
2670 5578 2911 5631 habetues.
2932 5580 3097 5641 Abest,
3121 5588 3326 5641 semper,
3350 5588 3379 5625 a
3399 5573 3677 5624 manuscri-

2089 5651 2345 5772 pussoﬂditi,
2364 5705 2458 5772 nisi
2474 5705 2610 5771 prius
2630 5711 2882 5772 moriatur.
2908 5699 3159 5761 Particula,
3386 5710 3485 5748 non
3509 5704 3584 5747 88'
3622 5707 3674 5745 ιιι

2083 5767 2324 5821 manuscrl
2360 5769 2438 5829 tis,
2464 5767 2528 5818 ne
2582 5770 2696 5817 tein
2906 5772 3045 5816 textu
3071 5767 3297 5824 apostoli.
3599 5818 3611 5829 ,
3641 5818 3652 5829 ι

2148 5839 2222 5879 (In
2247 5783 2358 5879 νλίξ
2374 5834 2516 5879 mist.
2530 5782 2651 5879 T95.
2674 5778 3086 5879 amtorem,
3128 5822 3214 5874 lib.
3259 5823 3325 5872 de
3346 5826 3457 5872 octo
3477 5814 3652 5869 Dulcstt

2148 5839 2222 5904 (α)
2242 5818 2355 5884 πί·
2374 5818 2516 5904 Ἦίίδι·
2543 5818 2651 5904 ί.θῆ
2674 5818 2746 5879 ad
2758 5834 3086 5885 Hortatorem,
3107 5818 3214 5874 "liti.
3259 5823 3325 5872 de
3346 5826 3457 5872 octo
3477 5818 3676 5875 putari

2081 5891 2283 5963 Quasi,
2306 5910 2361 5964 (ι.
2379 5891 2430 5958 3,
2456 5903 2509 5945 et
2529 5891 2660 5943 alibi.
