4062 6518
297 419 394 482 689

295 543 636 614 loqueretur:
670 541 856 599 Omnes
879 559 1232 616 resurgimus;
1259 543 1374 612 vel,
1395 543 1532 602 sicut
1559 543 1648 598 alii
1667 543 1882 600 codices

293 636 528 704 habent,
568 636 758 692 Omnes
797 638 1099 692 dorntiemus
1128 637 1200 710 (α)
1235 637 1286 710 (1
1309 638 1426 692 Cor.
1467 654 1556 704 xv,
1587 639 1700 708 51).
1751 637 1884 694 Cum

295 745 422 803 ergo
447 746 548 788 nec
577 731 903 788 resurrectio
933 731 1046 786 ﬁeri
1072 734 1259 802 possit,
1287 731 1387 786 nisi
1417 747 1563 786 mors
1591 747 1884 802 praecesse-

295 825 397 890 rit;
427 839 530 880 nec
556 824 935 880 dormitionem
977 825 1241 895 possimus
1287 824 1375 880 illo
1405 824 1522 880 loco
1551 823 1846 894 intelligere
1867 865 1883 890 ,

297 917 396 971 nisi
427 925 689 982 mortem;
722 915 991 988 quomodo
1019 932 1208 972 omnes
1247 917 1330 972 vel
1357 917 1654 982 dormient,
1685 916 1768 972 vel
1803 931 1888 972 reo

297 1017 554 1080 surgent,
585 1009 630 1064 si
653 1019 759 1064 tam
787 1009 962 1076 multi,
987 1024 1121 1080 quos
1147 1010 1198 1064 in
1222 1024 1448 1080 corpore
1475 1011 1784 1064 inventurus
1805 1017 1890 1066 est

298 1099 572 1168 Christus,
605 1117 705 1156 nec
730 1101 996 1156 dortnicnt
1014 1145 1028 1164 ,
1059 1095 1496 1174 nec'resurgent?
1517 1103 1574 1159 Si
1603 1117 1730 1174 ergo
1763 1117 1889 1158 san-

298 1205 436 1258 ctus,
460 1194 552 1264 qui
578 1195 916 1264 reperientur
937 1195 1152 1250 Christo
1177 1197 1426 1250 veniente
1454 1196 1720 1262 viventes,
1737 1197 1892 1265 eique

300 1287 348 1338 in
402 1287 620 1342 obviam
671 1288 972 1357 rapientur,
1005 1287 1390 1344 crediderimus
1425 1289 1478 1344 in
1523 1289 1712 1346 eodem
1739 1299 1892 1358 raptu

299 1379 366 1433 de
397 1380 716 1436 mortalibus
745 1383 1058 1452 corporibus
1083 1383 1347 1450 exituros,
1377 1393 1434 1440 et
1463 1383 1526 1438 ad
1555 1383 1742 1440 eadem
1771 1397 1894 1438 mox

303 1475 628 1530 immortalia
659 1475 946 1544 redituros,
973 1477 1148 1532 nullas
1180 1477 1232 1532 in
1255 1477 1432 1534 verbis
1457 1477 1700 1548 Apostoli
1723 1475 1894 1546 patie-

305 1585 424 1622 mur
449 1571 764 1640 angustias,
795 1572 910 1626 sive
941 1572 1034 1626 ubi
1065 1572 1228 1638 dicit,
1273 1572 1349 1627 Tu
1375 1573 1510 1643 quod
1535 1573 1772 1640 seminus,
1795 1587 1896 1626 non

306 1661 611 1730 uieiﬁcatur,
639 1663 738 1718 nisi
767 1663 1046 1728 moriatur;
1069 1665 1184 1720 sive
1213 1665 1298 1720 ubi
1329 1664 1458 1720 dicit
1477 1706 1492 1730 ,
1523 1663 1710 1718 Omnes
1729 1679 1898 1718 resur-

306 1769 513 1820 gentus;
539 1762 650 1818 aut,
699 1753 884 1810 Omnes
905 1755 1249 1810 dormiemus:
1283 1757 1404 1826 quia
1435 1771 1536 1812 nec
1565 1757 1640 1812 illi
1679 1771 1776 1828 per
1797 1757 1900 1810 im-

308 1845 688 1900 mortalitatem
707 1847 1138 1914 viviticabuntur,
1157 1848 1280 1914 nisi,
1293 1848 1586 1918 quamlibet
1607 1847 1896 1918 paululum,

313 1945 488 1992 tamen
519 1949 644 1994 ante
667 1942 998 2008 moriantur;
1030 1957 1092 1996 ac
1115 1957 1210 2012 per
1237 1942 1340 1998 hoc
1361 1950 1420 1998 et
1447 1957 1476 1996 a
1507 1941 1901 1998 resurrectione

311 2045 416 2084 non
463 2039 622 2084 erunt
653 2031 834 2100 alieni,
867 2049 1026 2102 quam
1067 2033 1320 2090 dormitio
1359 2033 1684 2104 praecedit‘,
1717 2049 1904 2103 quam-

313 2121 390 2174 vis
441 2121 776 2188 brevissima,
807 2139 914 2178 non
955 2135 1134 2180 tamen
1177 2126 1340 2180 nulla.
1367 2125 1475 2182 Cur
1513 2135 1692 2182 autem
1749 2125 1904 2180 nobis

313 2212 626 2270 incredibile
666 2215 906 2272 videatur
931 2259 946 2282 ,
1001 2217 1145 2274 illam
1187 2219 1578 2276 multitudinem
1617 2233 1904 2290 corporum

313 2307 364 2362 in
427 2323 560 2364 aere
622 2311 1016 2382 quodammodo
1081 2313 1374 2376 seminari,
1419 2323 1582 2384 atque
1643 2313 1718 2368 ibi
1781 2327 1906 2384 pro-

317 2405 458 2458 tinus
486 2405 857 2461 immortaliter
879 2415 1040 2474 atque
1063 2405 1536 2475 incorruptibiliter
1564 2405 1902 2470 reviviscere,

316 2511 436 2552 cum
491 2497 810 2570 credamus,
847 2499 990 2570 quod
1031 2499 1170 2554 idem
1213 2499 1328 2568 ipse
1353 2499 1640 2569 Apostolus
1681 2497 1910 2566 apertis-

319 2591 452 2644 sime
501 2589 708 2656 dicit',
745 2592 794 2644 in
845 2591 954 2646 ictu
1003 2591 1140 2646 oculi
1183 2590 1414 2646 futuram
1461 2589 1908 2648 resurrectionem

322 2680 362 2752 (l
394 2681 512 2736 Cor.
547 2699 637 2747 xv,
669 2681 781 2753 52),
809 2693 862 2740 et
885 2683 938 2738 in
964 2683 1202 2738 membra
1231 2683 1348 2738 sine
1385 2681 1490 2736 line
1531 2683 1736 2738 victura
1765 2689 1910 2736 tanta

321 2773 576 2828 facilitate
627 2786 840 2844 tamque
883 2775 1240 2830 ina-stimabili
1285 2774 1568 2830 velocitate
1615 2773 1909 2828 rediturum

319 2865 814 2936 antiquissimorum
857 2867 1176 2922 cadaverum
1223 2866 1536 2937 pulverem?
1565 2865 1675 2922 Nec
1709 2865 1778 2920 ab
1823 2865 1912 2920 illa

321 2959 608 3023 sententia,
641 2973 746 3028 qua
791 2959 994 3014 homini
1039 2958 1238 3014 dictum
1285 2967 1390 3026 est,
1446 2957 1604 3012 Terra
1649 2975 1722 3024 es,
1767 2967 1814 3012 et
1859 2957 1913 3012 in

323 3059 508 3104 terram
529 3050 642 3114 ibis,
669 3049 874 3106 futuros
893 3051 1014 3104 illos
1037 3059 1252 3106 sanctos
1269 3051 1594 3106 arbitramur
1621 3051 1907 3117 immunes,

321 3140 367 3194 si
393 3155 582 3196 eorum
627 3141 970 3196 morientium
1021 3141 1074 3196 in
1113 3150 1310 3198 terram
1357 3157 1462 3196 non
1507 3141 1751 3198 recident
1793 3157 1918 3196 cor-

327 3249 478 3302 pora,
508 3233 602 3288 scd
633 3233 772 3288 sicut
797 3234 852 3288 in
882 3235 998 3306 ipso
1019 3241 1174 3304 raptu
1205 3234 1521 3300 morientur,
1555 3233 1626 3288 ita
1655 3243 1712 3288 et
1739 3248 1918 3288 resur-

323 3333 474 3394 gent,
503 3325 630 3378 dum
655 3324 892 3382 ferentur
915 3326 968 3380 in
995 3341 1140 3380 aera.
1167 3324 1194 3378 Ι
1202 3343 1234 3379 ιι
1255 3334 1442 3380 terram
1461 3327 1656 3396 quippe
1673 3325 1793 3396 ibis,
1813 3334 1914 3394 est,

327 3418 378 3472 in
419 3417 523 3472 hoc
549 3417 652 3474 ibis
681 3420 874 3474 amissa
905 3420 1010 3474 vita
1031 3459 1046 3484 ,
1081 3419 1220 3488 quod
1251 3434 1374 3475 eras
1421 3429 1706 3490 antequam
1735 3433 1920 3475 sume-

327 3527 416 3566 res
443 3513 606 3566 vitam
637 3528 650 3564 :
675 3512 726 3566 id
753 3523 836 3568 est
853 3554 866 3578 ,
905 3512 1022 3568 Hoc
1049 3513 1156 3568 eris
1191 3513 1524 3568 exanimatus
1543 3512 1586 3579 ⁸,
1625 3511 1772 3582 quod
1797 3525 1919 3567 eras

329 3613 616 3674 antequam
660 3619 807 3660 esses
849 3605 1134 3660 animatus.
1173 3604 1352 3659 Terrae
1391 3604 1585 3675 quippe
1633 3603 1922 3660 insufflavit

331 3693 477 3748 Deus
505 3695 558 3750 in
589 3693 778 3750 faciem
799 3694 982 3750 ﬂatum
1003 3699 1148 3764 vitaa,
1173 3711 1298 3751 cum
1329 3695 1498 3752 factus
1525 3705 1610 3751 est
1627 3694 1648 3728 ’⁵
1679 3695 1840 3752 Ιιοηιο
1865 3694 1921 3750 in

329 3786 568 3840 animam
601 3787 820 3842 vivam:
869 3797 1116 3858 tanquam
1164 3788 1462 3856 diceretur,
1505 3787 1668 3844 Terra
1695 3801 1754 3842 es
1799 3788 1921 3842 ani-

333 3892 500 3944 mata,
530 3880 670 3948 quod
697 3897 802 3936 non
827 3895 978 3948 eras;
1002 3891 1142 3938 terra
1169 3883 1278 3938 eris
1303 3882 1585 3948 exanimis,
1607 3883 1748 3936 sicut
1773 3895 1918 3938 eras.

331 3970 486 4042 QJOLI
531 3981 658 4026 sunt
699 3979 752 4027 et
787 3983 1072 4044 antequam
1121 3981 1430 4043 putrescant
1471 3973 1648 4028 omnia
1693 3987 1920 4043 corpora

335 4073 670 4120 mortuorum
693 4083 704 4120 :
725 4065 866 4136 quod
885 4075 1044 4123 erunt
1064 4075 1118 4122 et
1131 4067 1240 4133 illa,
1273 4067 1319 4122 si
1339 4066 1658 4134 morientur,
1677 4065 1922 4122 ubicum-

333 4175 438 4229 que
469 4159 790 4225 moriantur,
819 4174 940 4214 cum
984 4160 1092 4214 vita
1137 4158 1418 4224 carebunt,
1463 4173 1623 4229 quam
1671 4157 1926 4214 continuo

335 4263 622 4324 receptura
675 4261 817 4306 sunt.
862 4251 950 4308 Sic
975 4265 1104 4323 ergo
1151 4251 1302 4306 ibunt
1345 4251 1398 4306 in
1439 4259 1662 4315 terram,
1709 4251 1832 4320 quia
1857 4265 1928 4306 ex

335 4346 470 4400 vivis
519 4345 826 4400 hominibus
869 4355 1010 4400 terra
1055 4353 1257 4402 erunt:
1299 4343 1748 4414 quemadmodum
1787 4345 1830 4398 it
1872 4345 1926 4400 in

335 4437 602 4502 cinerem,
647 4436 789 4506 quod
815 4437 876 4492 lit
913 4437 1084 4502 cinis;
1113 4435 1156 4490 it
1193 4435 1244 4490 in
1294 4443 1634 4500 vetustatem,
1679 4434 1820 4504 quod
1867 4435 1930 4490 fit

337 4539 528 4594 vetus;
562 4529 603 4582 it
650 4529 704 4582 in
737 4537 962 4594 testam,
991 4527 1130 4600 quod
1177 4542 1242 4582 ex
1285 4527 1396 4581 luto
1419 4525 1480 4582 ﬁt
1529 4535 1662 4582 testa
1697 4544 1712 4582 :
1741 4535 1796 4582 et
1823 4525 1926 4582 alia

337 4631 602 4676 sexcenta
647 4621 726 4676 sic
754 4619 1038 4690 loquimur.
1070 4618 1350 4687 Quomodo
1383 4627 1564 4674 autem
1589 4619 1662 4674 sit
1690 4617 1928 4674 futurum

335 4713 482 4784 quod
529 4727 672 4766 nunc
711 4728 808 4783 pro
835 4721 1032 4768 nostrae
1073 4712 1384 4768 ratiunculas
1409 4711 1612 4767 viribus
1643 4719 1932 4780 utcumque

339 4807 684 4876 conjicimus,
715 4815 839 4861 tunc
873 4807 977 4862 erit
1005 4807 1200 4876 potius,
1229 4815 1286 4860 ut
1313 4820 1474 4862 nosse
1501 4806 1788 4875 possimus.
1819 4805 1930 4862 Re-

339 4903 738 4956 surrectionem
789 4901 985 4972 quippe
1036 4910 1369 4957 mortuorum
1423 4901 1654 4956 futuram
1703 4915 1825 4956 esse
1878 4900 1932 4954 in

337 5013 506 5054 carne
523 4997 566 5064 ⁸,
597 4995 810 5064 quando
837 4993 1084 5050 Christus
1111 5004 1370 5052 venturus
1391 5003 1476 5050 est
1501 4995 1650 5048 vivos
1668 4993 1932 5065 judicatu-

337 5107 432 5146 rus
461 5099 518 5146 et
561 5095 824 5164 mortuos,
853 5097 1084 5156 oportet,
1115 5087 1158 5142 si
1197 5086 1470 5142 christiani
1500 5099 1620 5142 esse
1665 5084 1930 5151 volumus,

339 5191 402 5234 ut
433 5180 740 5236 credamus.
771 5177 879 5234 Sed
907 5193 1012 5233 non
1039 5177 1162 5232 ideo
1193 5177 1262 5234 de
1283 5177 1382 5232 hac
1415 5192 1476 5232 re
1499 5175 1672 5232 inanis
1695 5184 1778 5232 est
1801 5174 1936 5232 ﬁdes

341 5281 554 5338 nostra,
599 5273 646 5328 si
675 5269 1126 5341 quemadmodum
1167 5268 1346 5325 futura
1391 5269 1480 5336 sit,
1513 5267 1748 5338 perfecte
1787 5283 1936 5324 com-

337 5363 688 5438 prehendere
727 5376 836 5418 non
874 5361 1132 5418 valemus.
1173 5361 1368 5416 Verum
1401 5361 1536 5431 jam,
1589 5361 1732 5416 sicut
1775 5373 1936 5432 supra

409 5499 430 5532 ι
463 5505 596 5557 ωδε..
621 5509 764 5562 quam
1087 5493 1386 5562 prwcedunt.

407 5564 431 5594 ε
465 5553 607 5622 sunt,
635 5553 894 5624 '..-postotus
922 5557 1040 5610 alibi
1061 5553 1360 5623 apertissime
1381 5554 1518 5608 dicit.
1543 5555 1712 5617 Abest,
1737 5553 1873 5618 alibi,
1907 5567 1940 5607 a

334 5629 540 5758 ..δέδιε
563 5693 670 5758 uss.
695 5683 830 5744 Editi,
851 5681 1107 5758 exeamus.

409 5749 434 5778 ⁸
465 5757 516 5796 tn
541 5748 702 5805 editis,
728 5743 836 5796 cum
859 5747 1014 5809 frictus
1035 5749 1174 5796 esset.
1199 5751 1255 5796 At
1275 5751 1402 5805 κει,
1436 5755 1546 5794 cum
1567 5743 1722 5805 factus
1737 5745 1826 5792 est.

411 5809 434 5840 ⁸
470 5819 593 5868 κῑδεη
623 5812 904 5873 futurantet
921 5809 970 5856 in
987 5821 1152 5873 carne.
1177 5834 1238 5873 —-_
1262 5814 1422 5856 necte.
1465 5867 1478 5873 _
1501 5810 1608 5873 _‘M.
1634 5865 1684 5873 ___
1763 5867 1776 5873 _
1883 5852 1896 5862 ,

413 5873 486 5932 (a)
509 5865 682 5933 νεάζει
701 5874 779 5922 ist.
805 5871 914 5934 9.0.},
939 5871 998 5920 ad
1017 5871 1347 5934 Consentium,
1379 5883 1430 5920 ιι.
1459 5867 1537 5931 l4,
1561 5873 1614 5920 et
1634 5865 1722 5917 lib.
1745 5867 1810 5917 de
1831 5871 1942 5918 octo

337 5935 542 5992 Dulcitii
561 5941 764 5998 quam,
785 5947 836 5998 q.
859 5933 910 5996 ὅ,
935 5947 984 5984 u.
1009 5933 1058 5983 4.

1641 423 1846 486 LIBER
1887 427 1996 486 VIG
2005 427 2262 495 ESIMUS.

1991 549 2354 620 promisimus,
2382 551 2452 610 de
2475 553 2578 610 hoc
2597 553 2800 628 judicio
2825 553 2921 611 Dei
2949 549 3244 611 novissimo
3265 549 3422 610 etiam
3453 565 3594 622 pro--

1991 640 2188 710 phetici
2217 652 2424 700 veteres
2461 647 2582 703 libri
2627 649 2754 719 quid
2781 647 3254 720 praenuntiavet'int
3277 689 3293 716 ,
3318 653 3580 718 quantum

1991 735 2121 790 satis
2145 751 2266 793 esse
2293 739 2576 808 videbitur,
2613 743 2873 798 debemus
2902 743 3192 799 ostendere
3218 758 3231 795 :
3261 756 3410 812 quat,
3439 739 3582 794 sicut

1991 829 2240 896 arbitror,
2271 849 2378 888 non
2411 843 2554 889 tanta
2585 851 2732 892 mora
2763 853 2985 893 necesse
3024 837 3128 892 erit
3157 835 3373 891 tractari
3403 841 3459 889 et
3486 847 3584 888 ex-

1993 923 2156 992 Ροηῖ,
2205 925 2252 980 si
2301 925 2452 992 istis,
2495 942 2614 998 quae
2657 929 3048 999 prtemisimus,
3097 927 3266 984 lector
3313 921 3584 982 curaverit

1993 1015 2251 1086 adjuvari.

1997 1107 2222 1166 CAPUT
2247 1111 2392 1167 XXI.
2423 1143 2494 1154 -—
2523 1113 2658 1182 Quid
2695 1114 2863 1170 Isaias
2889 1115 3134 1186 propheta
3165 1115 3228 1168 de
3265 1121 3587 1168 mortuorum

2093 1207 2454 1261 resurrectione
2476 1217 2522 1260 et
2550 1207 2613 1260 de
2639 1207 2963 1263 retributione
2989 1209 3172 1280 judicii
3199 1208 3264 1262 sit
3293 1209 3508 1261 locutus.

2074 1295 2122 1348 Ι.
2167 1295 2429 1366 Propheta
2469 1300 2652 1366 Isaias,
2705 1301 3004 1372 Resurgent,
3057 1299 3246 1368 inquit,
3297 1297 3499 1360 mortui,
3539 1303 3588 1350 et

1999 1399 2258 1458 resurgant
2296 1391 2380 1460 qui
2403 1391 2458 1445 in
2484 1392 2731 1463 sepulcris
2772 1400 2916 1446 erant
2945 1409 2963 1446 :
2989 1401 3036 1446 et
3073 1391 3376 1446 ltetabuntnr
3415 1403 3589 1442 omnes

2001 1479 2084 1548 qui
2109 1489 2224 1533 sunt
2251 1481 2304 1534 in
2334 1491 2503 1548 terra;
2529 1500 2614 1537 ros
2643 1483 2776 1536 enim
2815 1483 2902 1554 qui
2926 1481 3012 1536 abs
3039 1491 3084 1536 te
3127 1491 3220 1546 est,
3263 1479 3452 1534 sanitas
3487 1478 3590 1531 illis

2003 1583 2106 1626 est:
2125 1583 2260 1627 terra
2271 1591 2386 1628 vero
2403 1576 2670 1646 impiorum
2686 1577 2830 1630 cadet
2843 1575 2892 1646 (1
2900 1577 2994 1628 sai.
3011 1590 3160 1638 xxvi,
3179 1573 3266 1638 19,
3280 1589 3379 1626 sec.
3399 1569 3594 1640 LXX).

2005 1664 2196 1720 Totum
2225 1667 2352 1722 illud
2381 1669 2626 1740 superius
2649 1669 2713 1724 ad
2737 1671 3188 1726 resurrectionem
3215 1668 3446 1738 pertinet
3467 1665 3594 1720 bea-

2006 1767 2201 1815 torum.
2231 1761 2384 1828 Quod
2431 1773 2610 1818 autem
2647 1763 2742 1830 ait,
2773 1761 2932 1818 Terra
2979 1761 3388 1832 veroimpiorum
3425 1757 3592 1824 cadet,

2005 1850 2144 1906 bene
2193 1851 2508 1922 intelligitur
2549 1853 2788 1922 dictum,
2840 1853 3078 1924 Corpora
3122 1855 3259 1906 ’vero
3311 1850 3598 1918 impiorum

2007 1946 2160 2000 ruina
2181 1945 2535 2002 damnationis
2565 1948 2815 2017 excipiet.
2837 1947 2954 2004 Jam
2981 1960 3140 2016 porro
3161 1944 3205 1998 si
3237 1943 3303 1997 de
3333 1943 3598 1996 bonorum

2007 2039 2398 2093 resurrectione
2446 2039 2588 2109 quod
2630 2037 2829 2092 dictum
2883 2047 3000 2104 est,
3057 2035 3364 2104 diligentius
3411 2039 3468 2086 et
3512 2027 3600 2084 di-

2009 2129 2257 2184 stinctius
2286 2129 2509 2184 velimus
2537 2129 2753 2194 intueri,
2781 2127 2846 2182 ad
2877 2129 3101 2198 primam
3139 2123 3478 2181 referendum
3517 2127 3600 2176 est

2009 2221 2151 2292 quod
2191 2221 2388 2276 dictum
2441 2229 2554 2290 est,
2603 2219 2882 2292 Resurgent
2922 2219 3144 2284 mortui;
3192 2215 3258 2270 ad
3310 2212 3600 2270 secundum

2015 2329 2144 2370 vero
2168 2313 2310 2384 quod
2337 2315 2596 2385 sequitur,
2626 2322 2672 2368 et
2693 2319 2950 2382 resurgent
2981 2310 3066 2383 qui
3093 2310 3147 2362 in
3169 2306 3415 2378 sepulcris
3433 2311 3598 2358 erant.

2013 2403 2128 2460 Jam
2169 2406 2216 2459 si
2246 2414 2300 2460 et
2329 2405 2448 2460 illos
2495 2404 2826 2472 inquiramus
2854 2412 3100 2468 sanctos,
3150 2413 3284 2470 quos
3327 2397 3412 2451 hic
3453 2397 3604 2448 vivos

2014 2496 2327 2552 inventurus
2376 2505 2458 2552 est
2515 2497 2802 2560 Dominus,
2849 2495 2929 2550 cis
2981 2507 3214 2562 congrue
3263 2487 3606 2558 deputabitur

2015 2589 2156 2660 quod
2182 2589 2448 2658 adjunxit,
2475 2585 2544 2642 Et
2573 2587 2876 2642 laetabuntur
2904 2601 3074 2639 omnes
3099 2583 3186 2654 qui
3211 2591 3325 2636 sunt
3357 2583 3408 2634 in
3437 2589 3606 2640 terra;

2015 2697 2100 2734 ros
2127 2682 2261 2736 enim
2284 2681 2372 2752 qui
2391 2681 2480 2734 abs
2507 2689 2555 2734 te
2581 2687 2674 2745 est,
2698 2679 2890 2733 sanitas
2913 2676 3014 2730 illis
3041 2685 3133 2728 est.
3165 2674 3458 2730 Sanitatem
3487 2671 3610 2724 loco

2019 2773 2120 2828 isto
2141 2816 2154 2838 ,
2189 2771 2642 2828 immortalitatem
2669 2771 2968 2828 rectissime
3010 2769 3322 2838 accipimus.
3357 2763 3431 2820 Ea
3461 2777 3611 2816 nam-

2019 2881 2123 2938 que
2150 2875 2233 2922 est
2255 2866 2564 2936 plenissima
2591 2863 2814 2930 sanitas,
2842 2875 2961 2932 quae
2991 2875 3096 2915 non
3121 2858 3358 2914 reficitur
3383 2855 3612 2909 alimen-

2021 2959 2089 3014 tis
2115 2969 2364 3028 tanquam
2393 2957 2720 3027 quotidianis
2739 2951 3162 3010 medicamentis.
3189 2949 3319 3005 Item
3341 2948 3408 3004 de
3425 2944 3614 3017 judicii

2020 3052 2108 3108 die
2151 3067 2301 3122 spem
2353 3052 2500 3121 prius
2527 3049 2662 3104 dans
2711 3047 2888 3112 bonis,
2917 3045 3110 3100 deinde
3151 3051 3357 3098 terrens
3403 3037 3612 3100 malos,

2023 3144 2165 3200 idem
2196 3143 2456 3214 propheta
2485 3143 2561 3197 sic
2588 3141 2858 3210 loquitur:
2893 3137 3018 3192 Ηιεε
3035 3137 3154 3190 dicit
3176 3135 3446 3196 Dominus,
3473 3129 3606 3186 Ecce

2023 3253 2114 3310 ego
2140 3237 2338 3291 declina
2362 3237 2416 3289 in
2443 3251 2526 3289 eos
2559 3243 2615 3287 ut
2641 3235 2831 3303 ﬂumen
2871 3231 3031 3304 pacis,
3064 3237 3110 3282 et
3137 3236 3190 3280 ut
3223 3235 3416 3279 torrens
3453 3221 3612 3275 inun-

2024 3330 2152 3384 dans
2187 3329 2403 3399 gloriam
2429 3327 2672 3398 gcntium.
2701 3321 2828 3377 Filii
2853 3337 3026 3376 eorum
3051 3333 3208 3388 super
3235 3317 3470 3370 humeros
3491 3329 3614 3384 por-

2027 3423 2295 3488 tabuntur,
2325 3431 2374 3475 et
2409 3437 2563 3492 super
2602 3434 2764 3491 genua
2805 3413 3226 3471 consolabuntur.
3269 3407 3618 3475 Quemadmo-

2027 3517 2148 3571 dum
2177 3517 2220 3570 si
2247 3532 2390 3586 quem
2418 3523 2577 3569 mater
2605 3515 2891 3568 consoletur
2911 3553 2927 3580 ,
2955 3511 3030 3564 ita
3057 3525 3146 3581 ego
3167 3523 3253 3561 vos
3279 3502 3618 3567 consolabor;

2028 3617 2074 3662 et
2101 3611 2154 3662 in
2183 3607 2468 3662 Jerusalem
2499 3605 2881 3660 consolabimini
2913 3619 2930 3657 :
2962 3612 3008 3656 et
3033 3601 3279 3664 videbitis,
3305 3607 3351 3652 et
3377 3593 3618 3668 gaudebit

2027 3717 2114 3755 cor
2133 3709 2372 3769 vestrum,
2405 3709 2452 3754 et
2475 3715 2591 3755 ossa
2619 3707 2781 3753 vestra
2809 3707 2864 3750 ut
2887 3695 3070 3750 herba‘
3099 3693 3408 3746 exorientur.
3435 3689 3502 3743 Et
3532 3703 3621 3742 co-

2028 3803 2297 3866 gnoscatur
2323 3809 2503 3847 manus
2541 3789 2750 3846 Domini
2778 3786 3058 3842 colentibus
3088 3801 3236 3839 eum:
3264 3793 3310 3838 et
3342 3782 3623 3836 commina-

2029 3885 2164 3941 bitur
2191 3883 2588 3940 contumacibus.
2623 3879 2756 3936 Ecce
2777 3881 2908 3934 enim
2928 3878 3180 3932 Dominus
3199 3885 3253 3930 ut
3277 3874 3410 3948 ignis
3439 3873 3622 3938 veniet,

2031 3989 2078 4034 et
2101 3987 2156 4033 ut
2185 3985 2452 4048 tempestas
2477 3991 2658 4030 currus
2684 3975 2812 4046 ejus,
2831 3971 3041 4026 reddere
3059 3971 3110 4023 in
3133 3967 3482 4038 indignatione
3507 3964 3624 4017 uin-

2031 4073 2218 4128 dictam
2241 4112 2254 4134 ,
2283 4077 2330 4124 et
2355 4067 2684 4122 vastationem
2715 4067 2766 4119 in
2803 4065 2997 4135 [lamna
3024 4061 3176 4132 ignis.
3210 4057 3277 4112 In
3327 4058 3446 4128 igne
3491 4055 3626 4110 enim

2032 4164 2241 4220 Domini
2253 4161 2570 4236 judicabitur
2599 4160 2763 4215 omnis
2795 4167 2948 4223 terra,
2979 4155 3097 4210 etin
3129 4153 3302 4226 gladio
3323 4151 3432 4222 ejus
3461 4148 3628 4203 omnis

2033 4275 2152 4314 caro
2174 4275 2192 4312 :
2221 4257 2364 4311 multi
2393 4255 2639 4310 vulnerati
2660 4259 2804 4307 erunt
2823 4267 2854 4304 a
2887 4247 3106 4304 Domino
3133 4243 3247 4317 (Id.
3271 4259 3421 4306 LXVI,
3447 4241 3626 4306 12-16,

2034 4371 2133 4408 sec.
2179 4349 2366 4422 LXX).
2402 4350 2458 4404 In
2514 4349 2778 4404 bonorum
2827 4343 3182 4414 promissione
3235 4339 3434 4393 fhnnen
3482 4335 3630 4407 pacis

2037 4445 2322 4516 profecto”
2367 4441 2750 4497 abundantiam
2797 4438 2942 4508 pacis
2987 4435 3130 4489 illius
3175 4431 3434 4487 debemus
3481 4429 3628 4483 acci-

2035 4553 2164 4608 pere
2185 4578 2200 4602 ,
2232 4550 2332 4604 qua
2361 4534 2532 4604 major
2575 4547 2695 4586 esse
2724 4544 2830 4584 non
2860 4527 3048 4596 possit.
3083 4525 3194 4580 Hac
3217 4523 3402 4594 utique
3429 4521 3484 4576 in
3513 4521 3624 4578 llne

2037 4628 2373 4698 rigabimur:
2430 4624 2498 4678 de
2527 4637 2628 4694 qua
2669 4623 2720 4674 in
2761 4619 3082 4690 praecedenti
3122 4617 3258 4672 libro
3299 4613 3631 4670 abundanter

2037 4722 2200 4780 locuti
2227 4735 2431 4776 sumus.
2485 4718 2597 4772 Hoc
2640 4717 2836 4770 flumen
2866 4729 2924 4769 se
2967 4714 3020 4767 in
3049 4727 3146 4767 eos
3177 4709 3446 4766 declinare
3469 4705 3628 4770 dicit,

2039 4815 2232 4888 quibus
2265 4822 2466 4867 tantam
2513 4807 2896 4866 beatitudinem
2923 4805 3237 4876 pollicetur,
3267 4809 3326 4854 ut
3369 4797 3632 4868 intelliga-

2040 4924 2160 4964 mus
2183 4907 2236 4962 in
2259 4905 2402 4962 illius
2427 4903 2697 4960 felicitatis
2723 4901 2962 4972 regione,
2995 4913 3114 4968 qua:
3139 4895 3194 4950 in
3223 4893 3376 4948 etelis
3401 4899 3504 4956 est,
3529 4890 3634 4948 hoc

2040 5001 2260 5058 flumine
2280 4999 2458 5054 omnia
2481 4996 2683 5054 satiari.
2711 4993 2815 5050 Sed
2843 4991 2964 5064 quia
2991 4999 3046 5044 et
3063 4985 3290 5042 terrenis
3313 4981 3664 5072 corporibus.

2039 5111 2141 5170 pax
2175 5093 2589 5164 incorruptionis
2619 5098 2778 5158 atque
2799 5077 3212 5140 immortalitatis
3239 5076 3364 5132 inde
3393 5073 3631 5143 iuiluet',

2043 5167 2164 5246 ideo
2194 5189 2464 5244 declinare
2503 5200 2564 5240 se
2600 5183 2728 5237 dicit
2755 5179 2859 5233 hoc
2909 5175 3141 5239 ﬂumen,
3169 5178 3230 5226 ut
3269 5169 3340 5225 de
3385 5167 3636 5238 supernis

2043 5280 2436 5354 quodammodo
2466 5279 2625 5333 etiam
2657 5273 2910 5330 inferiora
2953 5263 3276 5339 perfundat,
3303 5269 3357 5319 et
3385 5260 3634 5354 homines

2043 5353 2280 5446 aequales
2306 5371 2522 5442 Angelis
2545 5365 2753 5423 reddat.
2775 5360 3072 5420 Jerusalem
3093 5371 3328 5430 quoque,
3349 5369 3458 5412 non
3483 5353 3636 5410 illam

2043 5487 2162 5544 qua:
2207 5467 2372 5526 servit
2399 5479 2520 5520 cum
2548 5461 2672 5518 ﬁliis
2713 5459 2846 5526 suis,
2872 5455 2966 5514 sed
3007 5453 3231 5510 liberam
3271 5459 3497 5508 matrem
3533 5461 3637 5504 no-

2111 5673 2126 5704 ι
2161 5671 2234 5720 sic
2249 5667 2402 5718 nostri
2425 5663 2634 5722 codices,
2651 5667 2708 5710 ut
2731 5657 2853 5709 infra
2875 5659 3156 5708 constanter
3177 5659 3344 5702 Patres
3363 5643 3636 5697 Benedicti-

2044 5735 2114 5794 ni,
2137 5735 2220 5797 qui
2243 5733 2334 5782 hoc
2357 5728 2482 5797 loco,
2503 5721 2628 5776 sicut
2648 5721 2812 5797 herba.
2847 5728 2970 5797 at.“
2998 5775 3304 5797 ΜΛΔ-’ΞΜ
3321 5785 3367 5797 ,Δ
3391 5735 3620 5797 Anam";

2108 5767 2220 5846 vi;
2243 5767 2487 5842 ἐξέξέλῖἰῦ
2503 5767 2722 5847 ἷὲὖῦξῆι
2738 5767 2974 5847 ὖξιιιοῆιιη
2996 5775 3304 5842 promissione
3317 5785 3367 5824 se
3389 5767 3634 5820 declinare

2047 5845 2193 5930 dies
2207 5845 3091 5930 et.ﬂaretur???aetateaetate...
3113 5901 3130 5930 .-

2113 5899 2630 5983 3"i;di1i',"iisi'ainzai:
2648 5899 2816 5964 Melius
2831 5899 2960 5970 Mss,
2975 5903 3091 5958 inde
3113 5899 3292 5965 inﬂuet.
