4062 6550
381 573 546 622 stram
576 560 934 634 intelligamus
949 600 966 629 ,
993 555 1283 615 secundum
1324 556 1678 628 Apostolum,
1703 564 1959 612 aeternam

382 655 439 712 in
462 653 612 712 caelis
641 651 838 726 (Galat.
864 666 934 718 tv,
966 649 1081 720 26).
1117 648 1190 704 11ιί
1219 659 1338 721 post
1362 647 1578 704 labores
1604 657 1961 702 aerumnarum

385 761 738 818 curarumque
767 743 1071 800 mortalium
1098 741 1494 798 consolabimur
1514 782 1530 810 ,
1559 749 1811 810 tanquam
1841 753 1966 808 par-

388 841 496 898 vuli
518 839 634 909 ejus
662 838 716 895 in
745 837 987 892 humeris
1012 835 1344 906 genibusque
1372 834 1584 906 portati.
1615 832 1796 888 [ludes
1822 830 1966 887 enim

388 946 488 990 nos
513 940 568 987 et
584 943 752 986 novos
775 927 1136 984 blandissimis
1164 926 1439 996 adjutoriis
1465 925 1675 981 insolita
1704 924 1858 979 nobis
1880 923 1967 978 illa

394 1020 661 1079 beatitudo
704 1019 974 1090 suscipiet.
1030 1018 1105 1074 lbi
1131 1017 1467 1083 videbimus,
1497 1025 1551 1072 et
1592 1015 1838 1088 gaudebit
1878 1028 1972 1070 cor

392 1124 656 1172 nostrum.
701 1110 813 1168 Nec
857 1110 1124 1180 expressit
1149 1109 1278 1182 quid
1316 1107 1615 1164 videbimus
1650 1124 1662 1160 :
1693 1105 1787 1162 sed
1814 1105 1969 1176 quid,

398 1204 494 1261 nisi
523 1201 729 1258 Deum?
757 1210 815 1256 ut
844 1201 1128 1272 impleatur
1168 1201 1224 1256 in
1269 1199 1421 1254 nobis
1461 1197 1783 1269 promissum
1808 1210 1974 1250 evan-

397 1295 643 1366 gelicum,
674 1292 818 1348 Beati
843 1292 1032 1347 mundo
1059 1291 1229 1358 corde,
1261 1290 1504 1362 quoniam
1527 1288 1624 1359 ipsi
1651 1286 1814 1343 Deum
1840 1285 1976 1340 vide-

395 1371 515 1441 bunt
544 1379 755 1458 (Matth.
782 1401 838 1452 v,
870 1384 965 1456 8);
998 1392 1052 1440 et
1077 1383 1255 1439 omnia
1284 1381 1390 1446 illa,
1425 1395 1544 1450 quae
1587 1393 1730 1434 nunc
1769 1392 1872 1432 non
1905 1377 1979 1431 vi-

394 1474 606 1544 demus,
636 1473 916 1530 credentes
944 1483 1153 1542 antem,
1179 1487 1278 1544 pro
1307 1467 1524 1525 modulo
1547 1467 1854 1539 capacitatis
1878 1465 1978 1520 liu-

398 1583 589 1632 tnanze,
610 1565 765 1638 longe
792 1567 966 1620 minus
986 1580 1142 1636 quam
1171 1571 1294 1620 sunt
1313 1569 1471 1633 atque
1492 1557 1982 1631 incomparabiliter

398 1655 713 1728 cogitamus.
734 1651 802 1712 Et
824 1655 1044 1712 videbitis
1062 1697 1078 1724 ,
1101 1648 1290 1728 inquit,
1307 1663 1352 1710 et
1373 1652 1608 1726 gaudebit
1633 1667 1720 1707 cor
1739 1659 1978 1706 vestrum.

401 1743 761 1813 Hiccreditis,
790 1741 863 1804 ibi
889 1743 1156 1804 videbitis.

471 1839 528 1900 2.
568 1840 670 1898 Sed
711 1840 960 1913 quoniam
996 1839 1166 1906 dixit,
1203 1829 1268 1894 Et
1304 1837 1542 1910 gaudebit
1586 1852 1673 1891 cor
1712 1842 1931 1891 uestrum
1963 1849 1981 1890 .°

401 1946 470 1987 ne
497 1940 801 2005 putaremus
839 1931 929 1986 illa
955 1927 1092 1986 bona
1131 1929 1426 1985 Jerusalem
1473 1927 1540 1984 ad
1587 1935 1831 1983 nostrum
1871 1934 1987 1982 tan-

403 2023 678 2081 tummodo
704 2023 948 2096 spiritum
994 2019 1300 2094 pertinere;
1331 2020 1397 2076 Et
1422 2037 1568 2087 ossa,
1599 2019 1802 2092 inquit,
1826 2027 1989 2074 vestra

403 2127 462 2175 at
506 2114 659 2174 herba
707 2118 1040 2174 exorientur:
1079 2115 1167 2174 ubi
1211 2116 1658 2174 resurrectionem
1703 2130 1989 2185 corporum

406 2211 658 2278 strinxit,
697 2209 843 2266 velut
891 2207 1032 2282 quod
1086 2223 1192 2265 non
1242 2207 1450 2263 dixerat
1509 2205 1786 2262 reddens:
1818 2219 1992 2276 neque

405 2305 551 2362 enim
595 2321 716 2361 cum
763 2301 1051 2361 viderimus
1073 2344 1090 2372 ,
1120 2302 1250 2368 ﬁet;
1280 2300 1374 2358 sed
1415 2314 1535 2356 cum
1581 2299 1741 2356 fuerit
1767 2298 1906 2356 facta
1934 2299 1989 2365 ⁸,

406 2397 725 2455 videbimus.
749 2397 883 2454 Nam
913 2407 968 2452 et
1005 2396 1072 2453 de
1098 2396 1235 2452 ctelo
1261 2409 1401 2452 novo
1429 2408 1494 2450 ac
1523 2403 1665 2450 terra
1704 2406 1840 2449 nova
1881 2391 1994 2464 jam

411 2506 573 2561 supra
600 2490 842 2557 dixerat,
877 2489 1002 2546 dum
1043 2504 1106 2544 ca
1132 2503 1252 2559 qute
1276 2487 1478 2544 sanctis
1508 2485 1887 2556 promittuntur
1940 2485 1994 2542 in

412 2581 516 2637 ﬁne
537 2625 552 2648 ,
585 2597 728 2652 saepe
769 2597 832 2636 ac
859 2579 1256 2636 multiformiter
1283 2578 1485 2634 diceret
1507 2579 1528 2610 θ
1562 2595 1577 2632 :
1612 2575 1755 2640 Erit,
1785 2575 1994 2646 inquit,

412 2674 589 2728 cwlum
612 2689 793 2727 novum
821 2681 867 2725 et
889 2681 1024 2747 terra
1050 2686 1207 2734 nova,
1239 2678 1406 2724 etnon
1425 2677 1570 2724 erunt
1590 2685 1835 2724 memores
1861 2668 2000 2738 prio-

412 2784 528 2821 rum
549 2807 563 2830 ,
590 2781 680 2820 nec
714 2763 982 2819 ascendent
1011 2763 1032 2794 ⁸
1057 2764 1110 2817 in
1148 2779 1237 2818 cor
1279 2763 1508 2834 ipsorum
1537 2778 1555 2815 :
1580 2761 1670 2818 sed
1699 2762 1926 2817 lanitium
1952 2769 1999 2816 et

415 2857 796 2915 exsultationem
813 2856 1062 2912 invenient
1082 2857 1134 2910 in
1155 2855 1371 2912 ea.Ecce
1389 2871 1481 2928 ego
1508 2855 1695 2926 faciam
1714 2853 2002 2910 Jerusalem

418 2950 810 3006 exsultationem
832 2991 848 3018 ,
888 2958 935 3006 et
982 2947 1226 3023 populum
1256 2966 1421 3004 meum
1465 2950 1734 3015 lwtitiam;
1763 2957 1808 3004 et
1835 2948 2005 3004 euul-

421 3042 537 3098 tabo
558 3043 610 3098 in
629 3037 937 3106 Jerusalem,
968 3053 1013 3098 et
1042 3041 1250 3098 lwtabor
1276 3043 1328 3096 in
1365 3040 1556 3113 populo
1595 3056 1736 3104 meo;
1777 3050 1824 3096 et
1867 3041 2003 3096 ultra

418 3154 522 3193 non
547 3137 778 3194 audietur
820 3136 874 3193 in
912 3135 1006 3191 illa
1045 3152 1142 3190 eoa:
1165 3137 1315 3208 ﬂetus
1335 3133 1490 3206 (lsai.
1525 3150 1646 3202 va,
1680 3132 1869 3200 i7-i9,
1897 3148 1999 3187 see.

419 3219 624 3298 LXX):
645 3237 700 3284 et
720 3236 933 3294 cietera,
955 3243 1074 3298 quae
1095 3226 1307 3298 quidam
1325 3225 1392 3281 ad
1410 3226 1653 3282 carnales
1676 3225 1795 3280 illos
1817 3223 1839 3253 ⁸
1860 3224 2004 3279 mille

419 3338 590 3380 annos
610 3322 812 3379 referre
827 3327 1105 3378 conantur.
1126 3319 1445 3376 Locutiones
1471 3319 1612 3376 enim
1636 3319 1852 3388 tropica:
1877 3331 2006 3386 pro-

421 3412 554 3488 priis
583 3415 896 3486 prophetico
937 3428 1088 3470 more
1131 3412 1422 3468 miscentur
1451 3429 1464 3468 :
1494 3421 1546 3466 at
1569 3410 1636 3466 ad
1681 3409 2007 3465 intellectum

423 3507 753 3579 spiritualem
784 3507 1009 3566 intentio
1039 3505 1215 3562 sobria
1241 3520 1365 3560 cum
1402 3499 1633 3576 quodam
1676 3503 1791 3559 utili
1833 3517 1897 3558 ac
1924 3517 2011 3558 sa-

421 3597 568 3656 lubri
617 3599 802 3656 labore
849 3598 1164 3670 perveniat:
1196 3596 1406 3669 pigritia
1454 3611 1582 3652 vero
1629 3595 1888 3662 carnalis,
1925 3594 2011 3651 vel

424 3689 706 3748 inerudite:
731 3700 890 3763 atque
911 3689 1270 3746 inexercitatae
1298 3688 1516 3745 tarditas
1542 3688 1736 3744 mentis
1761 3695 2010 3743 contenta

428 3777 622 3841 litterae
647 3783 927 3856 superﬁcie
948 3826 966 3852 ,
1009 3783 1137 3840 nihil
1173 3791 1319 3854 putat
1362 3782 1584 3838 interius
1607 3781 2006 3853 requirendum.

430 3867 560 3933 Haec
601 3875 670 3932 de
720 3875 1044 3948 propheticis
1087 3875 1296 3942 verbis,
1325 3889 1443 3946 quae
1483 3881 1608 3931 ante
1650 3874 1806 3930 istum
1837 3874 2013 3929 locum

433 3968 629 4038 scripta
655 3975 814 4035 sunt,
845 3968 974 4022 satis
1003 3966 1252 4023 dixerim.
1283 3966 1339 4022 ln
1366 3965 1467 4021 hoc
1491 3975 1668 4021 autem
1696 3965 1845 4032 loco,
1871 3963 2015 4021 unde

429 4057 499 4114 ad
525 4051 612 4114 illa
641 4057 866 4129 digressi
896 4071 1116 4125 sumus,
1147 4071 1268 4114 cum
1309 4056 1563 4121 dixisset,
1596 4054 1664 4111 Et
1697 4072 1810 4112 ossa
1850 4065 2015 4111 uestra

431 4157 487 4204 ut
516 4147 670 4205 herba
715 4152 1031 4218 exorientur,
1061 4158 1118 4204 ut
1160 4150 1604 4206 resurrectionem
1649 4149 1862 4221 quidem
1901 4163 2018 4204 car-

432 4240 554 4309 nis,
582 4241 676 4296 sed
722 4250 895 4298 tamen
935 4241 1194 4297 bonorum
1224 4241 1281 4309 ',
1314 4257 1373 4298 se
1417 4257 1557 4296 nunc
1599 4256 2017 4298 commemorare

433 4339 796 4400 monstraret,
825 4325 1103 4404 adjnnxit,
1135 4332 1202 4388 Et
1240 4342 1563 4406 cognoscetur
1588 4349 1768 4388 manus
1811 4332 2021 4390 Domini

435 4421 709 4479 colentibus
728 4441 861 4480 eum.
884 4423 1018 4494 Quid
1043 4433 1125 4482 est
1149 4423 1252 4482 hoc
1268 4466 1285 4494 ,
1307 4424 1410 4480 nisi
1432 4439 1619 4480 manus
1644 4423 2020 4496 distinguentis

503 4583 521 4616 ι
555 4581 693 4647 editi,
715 4578 853 4647 flent,
867 4579 1085 4647 sedeam
1102 4578 1442 4647 nter-intractu.
1467 4586 1523 4632 At
1536 4587 1663 4642 Mss,
1685 4577 1787 4646 ﬁet,
1809 4578 1895 4632 sed
1912 4591 2024 4630 cum

437 4643 583 4711 μνῆ
605 4643 762 4704 facta;
785 4644 1006 4703 subaudi,
1030 4643 1334 4695 resurrectio.

501 4705 522 4739 ⁸
547 4707 735 4756 Aliquot
748 4713 875 4756 Mssa.
892 4705 1217 4756 multiuliciter
1233 4703 1334 4756 dice

507 4707 522 4739 I
547 4707 735 4772 Aliquot
748 4713 875 4766 uss.,
892 4707 1217 4770 multipliciter
1233 4707 1432 4757 diceret.

507 4771 546 4842 ’Δ
561 4770 611 4818 in
643 4775 749 4842 stes.
780 4765 859 4842 hic
883 4773 934 4817 et
957 4767 1190 4842 intraul‘i‘b‘.
1210 4766 1289 4831 22,
1323 4779 1428 4832 cap.
1444 4763 1493 4828 3,
1517 4777 1605 4818 nec
1628 4763 1866 4817 ascendet.
1891 4763 2025 4830 Apud

438 4833 867 4942 sept$Fintaesu
885 4829 1202 4894 oud’épéltlté.
1276 4829 1281 4831 ⁷
1382 4829 1395 4832 ⁷
1498 4892 1508 4902 .
1932 4829 1939 4830 “
1993 4887 2004 4898 θ

633 4907 660 4942 a
684 4891 832 4942 editio
854 4898 984 4942 Lov..
1010 4898 1193 4941 mutato
1216 4904 1386 4942 vocum
1408 4889 1578 4941 ordine
1598 4891 1763 4942 habet.
1791 4901 1899 4942 aut}:
1921 4901 2004 4942 aut

501 4897 522 4925 ⁸
557 4897 660 4942 Sola
684 4897 832 4942 editio
854 4898 984 4952 Lov.,
1010 4898 1193 4941 mutato
1216 4904 1386 4942 vocum
1408 4897 1578 4941 ordine
1600 4897 1763 4951 habet,
1791 4901 1899 4953 qua
1921 4897 2026 4954 qut-

439 4956 556 5029 ςιαηι
571 4953 789 5029 εωξτιξιεε
803 4953 997 5029 aut!»
1013 4953 1152 5029 eius.
1173 4957 1476 5029 φτποενεειοορ
1495 4955 1789 5029 retusos.
1802 4953 2027 5029 sederes

441 5018 858 5080 interpretationis
877 5016 1021 5078 hujus
1033 5015 1160 5066 dicat
1182 5016 1474 5078 Augustinus
1494 5014 1730 5064 carnales.
1767 5014 2025 5062 sectaban-

442 5079 614 5128 liantur
655 5075 725 5128 illi
759 5081 947 5128 rabiam
987 5076 1397 5128 Hieronolitanuin
1422 5076 1575 5128 (teste
1612 5076 1831 5128 Eusebio,
1874 5073 1959 5122 lib.
1997 5075 2029 5124 5

401 5090 614 5128 ιιιιιιιιιιι·
655 5090 725 5128 Illi
759 5090 947 5128 rabiam
987 5090 1397 5128 Hieropoutanum
1422 5090 1575 5128 ueste
1613 5090 1831 5128 tuscum,
1874 5090 1959 5122 llD.

443 5090 614 5130 bantur
655 5090 725 5128 nn
759 5090 947 5141 rapiam
987 5090 1130 5127 Hiero
1199 5090 1397 5126 manum
1446 5090 1575 5128 teste
1613 5090 1831 5133 ensemo,
1874 5090 1959 5122 nn.
1997 5090 2029 5124 ο

443 5141 557 5191 Hist.
583 5139 781 5198 eccles.,
807 5152 913 5202 cap.
937 5137 1023 5202 53,
1043 5145 1092 5188 et
1112 5091 1400 5202 liigronymo
1422 5090 1475 5186 in
1497 5136 1718 5200 catalogo
1755 5137 1923 5202 script.
1951 5147 2029 5202 ee-

440 5202 587 5264 cles.)
613 5217 630 5263 3
652 5197 906 5252 sustinuit}.
933 5197 1177 5271 ωλι-«ξω
1193 5197 1478 5271 'rryphpne;
1504 5197 1758 5271 irenteum,
1894 5198 1934 5271 ἐξ
1947 5197 2031 5271 ad-

374 5303 381 5312 .
443 5257 879 5328 versus'ilgereses,
903 5263 1147 5328 cap..32;_
1178 5257 1544 5328 Tertulliamnn,
1581 5261 1663 5328 lib.
1689 5261 1769 5328 de_
1791 5267 1882 5322 Spe
1897 5257 2030 5328 _l_i_de_-_

442 5322 579 5383 lium,
605 5331 657 5375 et
675 5325 760 5374 lib.
780 5319 999 5388 {contra
1012 5319 1316 5388 ﬁtarcionem,
1341 5333 1444 5388 gap.
1465 5319 1545 5385 24;
1562 5319 1870 5388 Lactantinm,
1897 5319 1982 5370 lib.
1999 5321 2030 5371 7

443 5390 622 5449 ttulit,
645 5400 784 5449 capp.
816 5386 880 5449 Si
899 5395 952 5437 et
970 5385 1050 5445 26,
1080 5394 1198 5445 etc.,
1222 5399 1251 5449 s
1271 5384 1450 5449 quibus
1481 5384 1672 5436 nenuisi
1718 5384 1940 5449 modeste
1975 5395 2033 5434 ac

443 5439 718 5520 prudenter
729 5439 827 5520 hac
849 5447 974 5520 iure
993 5439 1338 5520 discedenduin
1354 5447 1508 5520 docet
1523 5450 1839 5520 Hieronymus
1867 5447 1926 5520 in_
1953 5452 2032 5520 te:

443 5507 572 5562 rein.
594 5517 700 5571 cap.
724 5507 821 5559 19:
855 5517 1184 5572 «Quanquam,
1210 5526 1234 5557 ι
1260 5510 1342 5569 ait,
1376 5511 1466 5558 sibi
1489 5511 1639 5559 Judaei
1663 5507 1860 5559 auream
1887 5509 2033 5570 atque

451 5591 479 5624 ι
497 5570 790 5637 gemmatam
823 5570 1094 5620 Jerusalem
1129 5572 1478 5622 restituendam
1519 5580 1708 5635 putent,
1744 5582 2034 5632 rursumque

455 5654 481 5680 ι
502 5637 718 5680 victimas
742 5640 793 5680 et
816 5631 1059 5680 sacriﬁcia.
1085 5641 1136 5680 et
1171 5634 1390 5680 eoniuuia
1427 5642 1716 5680 sanctorum.
1753 5641 1804 5680 et
1827 5645 2034 5680 regnum

455 5654 481 5685 α
502 5638 718 5686 victim
742 5640 793 5683 et
816 5638 1059 5691 sacriﬁcia,
1085 5641 1136 5682 et
1171 5638 1390 5700 eonjugia
1427 5642 1716 5696 sanctorum,
1753 5641 1804 5683 et
1827 5645 2034 5695 regnum

454 5711 482 5747 ι
501 5698 553 5748 in
572 5697 721 5748 terris
743 5695 925 5743 nonani
947 5695 1230 5744 Salvatorts:
1256 5701 1366 5758 qua:
1388 5694 1504 5746 licet
1530 5707 1634 5758 non
1657 5699 1938 5758 sequuinttr,
1964 5699 2033 5742 ta-

455 5777 482 5810 e
501 5773 616 5809 men
639 5758 866 5806 damnare
891 5769 987 5806 non
1013 5757 1292 5824 μιιεειιιῐιιιεξ
1309 5760 1422 5824 quia
1443 5757 1582 5808 multi
1600 5757 2034 5824 eccleSiastietiruni

455 5829 483 5872 ι
503 5825 714 5873 Virorum
732 5826 785 5869 et
806 5825 1041 5884 martyres
1063 5821 1153 5869 ista
1168 5819 1399 5884 dixerunt
1411 5834 1430 5884 _:
1451 5825 1505 5884 ut
1521 5822 1856 5884 Unusquisque
1880 5819 1928 5867 iu
1945 5829 2035 5870 suo

458 5901 484 5934 ι
514 5897 660 5936 sensu
683 5881 915 5942 abundet,
932 5880 993 5930 ’ct
1011 5883 1193 5930 Domini
1216 5887 1385 5932 cuncta
1404 5880 1582 5942 judicio
1605 5880 1943 5934 reserventur.
1963 5893 1988 5926 s

513 5949 536 5981 ³
569 5954 634 5999 na
658 5953 760 5998 Mss.
786 5943 905 5996 editi
927 5950 1064 6007 iero,
1096 5942 1386 5996 «alterum

1475 445 1564 502 DE
1599 435 1921 503 CIVITATE
1960 439 2094 510 DEI,
2134 439 2188 497 S.
2223 437 2591 497 AUGUSTINI

3543 440 3652 498 69‘!

2071 553 2308 609 cultores
2348 567 2474 610 suos
2500 561 2532 609 a
2558 541 3015 625 contemploribus
3055 551 3208 610 suis?
3237 549 3312 608 De
3340 553 3533 624 quibus
3571 570 3654 612 se-

2071 651 2284 718 quentia
2305 657 2630 717 contexens,
2661 647 2723 702 Et
2747 635 3150 714 co‘mminabitur,
3176 643 3363 719 inquit,
3395 657 3660 706 contume-

2072 743 2244 808 cibus,
2284 741 2436 808 sive,
2467 747 2526 797 ut
2578 741 2651 795 ait
2690 740 2824 795 alius
2877 740 3136 810 interpres
3159 779 3176 804 ,
3218 729 3520 793 incredulis.
3549 731 3660 797 Nec

2076 839 2203 887 tunc
2239 832 2650 888 comminabitur
2683 847 2696 885 :
2730 829 2824 886 sed
2859 845 2979 900 qua:
3027 845 3168 885 nunc
3210 827 3457 885 dicuntur
3489 831 3661 886 mina-

2073 923 2238 992 eiter,
2269 928 2393 979 tunc
2421 916 2709 980 efﬁcaciter
2748 921 3126 995 implebuntur.
3155 911 3286 976 Ecce
3314 922 3445 976 enim
3476 917 3658 977 Domi-

2077 1031 2175 1071 nus
2203 1057 2219 1084 ,
2254 1016 2462 1087 inquit,
2490 1023 2548 1070 ut
2588 1016 2720 1086 ignis
2764 1015 2959 1083 veniet,
2991 1023 3037 1070 et
3075 1021 3129 1068 ut
3178 1019 3446 1086 tempestas
3487 1026 3665 1072 currus

2079 1109 2190 1177 eius
2210 1150 2224 1175 ,
2255 1107 2465 1164 reddere
2484 1107 2536 1162 in
2566 1106 2913 1179 indignatione
2932 1106 3226 1171 vindictam,
3259 1117 3305 1161 et
3335 1107 3667 1161 vastationem

2079 1201 2134 1255 in
2154 1201 2362 1271 ﬂamma
2385 1199 2537 1272 ignis.
2562 1197 2628 1253 In
2653 1199 2768 1271 igne
2792 1198 2927 1255 enim
2949 1196 3158 1252 Domini
3174 1193 3479 1265 iudicabitur
3505 1199 3669 1253 omnis

2084 1303 2250 1358 terra,
2282 1300 2330 1346 et
2371 1292 2425 1345 in
2467 1289 2640 1362 gladio
2677 1290 2787 1360 ejus
2827 1289 2990 1343 omnis
3034 1301 3152 1343 caro
3181 1305 3198 1342 :
3225 1289 3370 1343 inulti
3419 1287 3671 1344 vulnerati

2085 1389 2232 1436 erum
2270 1396 2304 1434 a
2347 1380 2588 1435 Domino.
2619 1378 2744 1436 Sive
2800 1379 2957 1451 igne,
3008 1379 3120 1434 sive
3171 1377 3518 1449 tempestate,
3559 1379 3674 1435 sive

2084 1471 2300 1544 gladio,
2357 1481 2568 1542 pmnam’
2615 1471 2798 1542 iudicii
2852 1467 3116 1541 significat
3170 1477 3183 1524 ἑ
3244 1467 3670 1542 quandoquidem

2086 1563 2261 1636 ipsum
2309 1563 2587 1618 Dominum
2626 1563 2776 1634 quasi
2821 1562 2997 1633 ignem
3025 1560 3155 1617 dicit
3187 1571 3309 1617 esse
3347 1567 3627 1617 Venturum
3650 1603 3670 1630 ,

2087 1656 2167 1714 eis
2195 1657 2432 1727 profectu
2457 1653 2649 1727 quibus
2669 1655 2896 1726 pinnulis
2916 1655 3030 1726 ejus
3053 1655 3156 1711 erit
3179 1653 3458 1711 adventus.
3475 1656 3678 1713 Currus

2088 1765 2220 1806 vero
2247 1749 2364 1822 ejus
2393 1750 2538 1822 (nam
2566 1749 2840 1820 pluraliter
2865 1749 2991 1804 dicti
3039 1753 3162 1804 sunt
3189 1745 3210 1822 )
3238 1745 3474 1819 angelica
3515 1749 3676 1804 mini-

2091 1841 2254 1897 steria
2308 1855 2415 1896 non
2467 1840 2896 1897 inconvenienier
2939 1841 3247 1911 accipimus.
3297 1840 3449 1907 Quod
3497 1849 3677 1897 autem

2092 1934 2171 1990 sit
2191 1975 2208 2002 ,
2239 1949 2452 1990 omnem
2479 1944 2676 1990 terram
2703 1943 2758 1991 et
2789 1947 3002 1990 omnem
3021 1941 3236 1990 carnem
3263 1933 3316 1989 in
3341 1935 3456 2004 ejus
3479 1935 3598 2006 igne
3625 1943 3684 1991 et

2096 2031 2151 2085 in
2181 2029 2357 2100 gladio
2381 2027 2638 2100 iudicari,
2671 2042 2776 2083 non
2818 2027 2977 2084 etiam
3021 2025 3107 2082 hic
3149 2027 3455 2097 spirituales
3487 2027 3685 2084 intelli-

2094 2137 2281 2193 gamus
2321 2130 2377 2177 et
2411 2129 2625 2177 sanctos
2648 2162 2664 2188 ,
2696 2121 2791 2176 sed
2835 2127 3075 2176 terrenos
3115 2125 3271 2191 athe
3305 2120 3547 2177 carnales
3571 2162 3586 2187 ,
3615 2119 3687 2176 de

2095 2215 2344 2286 qualibus
2365 2213 2566 2270 dictum
2593 2219 2712 2281 est,-
2749 2213 2848 2281 Qui
2885 2217 3080 2268 terrena
3098 2213 3300 2284 sapiunt
3323 2211 3579 2284 (Philipp.
3602 2229 3683 2279 ιιι,

2100 2308 2190 2380 19)
2215 2325 2230 2374 ;
2260 2315 2351 2372 et,
2387 2307 2582 2378 Sapere
2625 2307 2901 2361 secundum
2946 2318 3180 2370 carnem,
3219 2313 3354 2360 mors
3405 2313 3476 2360 est
3505 2302 3684 2375 (Rom.

2099 2416 2213 2467 vni,
2237 2401 2294 2470 8)
2314 2416 2327 2455 :
2347 2409 2401 2455 et
2424 2399 2610 2469 quales
2632 2399 2852 2454 omnino
2876 2405 3004 2453 caro
3032 2395 3364 2468 appellantur
3385 2409 3417 2452 a
3438 2393 3687 2465 Domino,

2101 2494 2189 2550 ubi
2214 2494 2373 2561 dicit,
2407 2491 2528 2548 Non
2555 2491 2861 2563 permanebit
2905 2492 3114 2562 spiritus
3138 2501 3278 2546 meus
3316 2492 3370 2546 in
3401 2487 3690 2546 hominibus

2101 2587 2233 2652 istis,
2261 2586 2502 2657 quoniam
2536 2601 2655 2639 caro
2695 2594 2812 2639 sunt
2840 2582 2992 2657 (Gen.
3021 2597 3095 2650 vi,
3125 2584 3199 2654 ὅ).
3228 2581 3378 2653 Quod
3427 2599 3554 2639 vero
3602 2583 3693 2641 hic

2103 2676 2337 2749 positum
2385 2685 2501 2742 est,
2539 2671 2692 2731 Multi
2743 2675 2995 2730 vulnerati
3035 2677 3178 2730 erunt
3218 2690 3250 2729 a
3292 2674 3512 2731 Domino
3540 2692 3558 2730 :
3587 2676 3694 2733 isto

2105 2769 2324 2825 vulnere
2352 2768 2444 2824 tlet
2470 2779 2616 2822 mors
2640 2767 2893 2822 secunda.
2927 2766 3110 2822 Potest
3135 2766 3349 2838 quidem
3372 2777 3426 2823 et
3453 2767 3608 2840 ignis,
3639 2779 3697 2824 et

2103 2861 2352 2933 gladius,
2379 2858 2434 2916 et
2461 2860 2654 2916 vulnus
2679 2859 2845 2931 accipi
2875 2859 2924 2914 in
2952 2858 3114 2914 bono.
3139 2858 3270 2914 Nam
3296 2865 3352 2916 et
3380 2859 3552 2930 ignem
3590 2858 3698 2914 Do-

2106 2955 2283 3010 minus
2328 2953 2467 3009 velle
2504 2968 2563 3009 se
2605 2953 2744 3008 dixit
2780 2952 2990 3007 mittere
3036 2953 3088 3007 in
3134 2951 3388 3008 mundum
3415 2951 3565 3024 (Luc.
3596 2969 3694 3018 xu,

2107 3048 2224 3119 b9).
2263 3046 2334 3102 Et
2373 3047 2502 3101 visre
2550 3051 2676 3101 sunt
2722 3044 2826 3100 illis
2870 3045 3063 3114 linguae
3088 3045 3273 3100 divisa:
3319 3045 3464 3099 velut
3517 3044 3696 3115 ignis,

2107 3138 2324 3210 quando
2369 3137 2512 3193 venit
2556 3137 2787 3209 Spiritus
2821 3143 3037 3191 sanctus
3067 3133 3204 3206 (Act.
3237 3150 3294 3201 ιι,
3326 3133 3408 3196 3).
3435 3133 3543 3202 Et,
3573 3133 3701 3189 Non

2111 3231 2223 3285 seni
2247 3269 2262 3295 ,
2292 3230 2461 3300 inquit
2488 3229 2627 3284 idem
2656 3228 2912 3283 Dominus
2934 3266 2951 3294 ,
2981 3236 3158 3298 pacem
3184 3228 3377 3281 mittere
3401 3227 3454 3280 in
3483 3235 3696 3292 terram,

2109 3324 2201 3378 sed
2229 3321 2454 3395 gladium
2487 3321 2696 3392 (Matth.
2726 3335 2784 3388 ι,
2815 3311 2930 3392 3i).
2978 3321 3044 3376 Et
3089 3306 3392 3376 sermonem
3433 3317 3523 3374 Dei
3569 3316 3702 3375 dicit

2112 3417 2387 3488 Scriptura
2413 3415 2642 3487 gladium
2672 3415 2750 3469 bis
2771 3424 2984 3469 acutum
3003 3407 3187 3487 (Hebr.
3217 3429 3293 3479 iv,
3329 3412 3417 3483 12)
3443 3429 3457 3479 ;
3486 3418 3704 3483 propter

2111 3511 2283 3568 aciem
2312 3509 2579 3581 geminam
2607 3507 3070 3564 Testamentorum
3098 3507 3344 3561 duorum.
3385 3505 3451 3560 Et
3477 3503 3529 3559 in
3556 3502 3700 3559 Can-

2114 3605 2223 3660 tico
2266 3603 2626 3667 canticorum,
2656 3599 2918 3657 charitate
2961 3614 3022 3656 se
3065 3593 3194 3656 dicit
3234 3607 3414 3654 sancta
3465 3593 3706 3653 Ecclesia

2113 3700 2491 3765 vulneratam,
2523 3695 2662 3754 velut
2695 3696 2892 3752 amoris
2918 3695 3116 3766 impetu
3143 3693 3447 3768 sagittatam
3479 3689 3703 3763 (Cantia.

2117 3805 2176 3860 ιι,
2208 3792 2262 3858 5,
2288 3801 2387 3846 sec.
2416 3781 2604 3860 LXX).
2631 3786 2738 3845 Sed
2769 3787 2855 3844 hic
2882 3797 3005 3844 cum
3053 3779 3277 3857 legimus
3322 3782 3404 3839 vel
3461 3781 3709 3838 audimus

2117 3884 2346 3940 ultorem
2392 3881 2673 3936 Dominum
2726 3892 2848 3938 esse
2895 3885 3216 3948 venturum,
3259 3873 3709 3950 quemadmodum

2121 3975 2236 4031 inec
2261 3973 2600 4046 intelligenda
2629 3973 2738 4028 sint
2760 4014 2777 4042 ,
2806 3971 3007 4028 clarum
3036 3969 3140 4028 est.

2191 4067 2246 4123 8.
2287 4065 2487 4122 Deinde
2512 4065 2744 4120 breviter
2769 4059 3202 4119 commemoratis
3227 4058 3305 4116 eis
3328 4101 3343 4128 ,
3371 4058 3459 4129 qui
3490 4071 3585 4128 per
3607 4055 3713 4113 hoc

2117 4158 2375 4231 judicium
2415 4160 2836 4221 consumantur;
2863 4154 2963 4210 sub
3007 4151 3174 4225 ﬁgura
3215 4143 3454 4208 ciborum
3487 4141 3539 4204 in
3564 4148 3712 4220 Lege

2122 4262 2304 4308 vetere
2353 4250 2678 4316 vetitorum,
2722 4263 2751 4302 a
2796 4248 2992 4318 quibus
3041 4259 3100 4302 se
3148 4255 3254 4300 non
3303 4241 3712 4312 abstinuerunt,

2122 4352 2432 4416 peccatores
2460 4341 2757 4412 impiosque
2801 4338 3134 4410 signiﬁcans,
3175 4331 3490 4407 recapitulat
3513 4334 3582 4389 ab
3608 4333 3714 4388 ini-

2123 4437 2200 4492 tio
2268 4435 2494 4506 gratiam
2547 4432 2669 4488 novi
2721 4429 3051 4488 Testamenti
3105 4441 3134 4484 a
3192 4427 3367 4500 primo
3417 4425 3716 4483 Salvatoris

2125 4525 2358 4583 adventu
2399 4537 2570 4596 usque
2621 4518 2715 4579 ad'
2736 4523 2982 4578 ultimum
3019 4519 3278 4593 judicium
3300 4561 3315 4586 ,
3345 4511 3414 4575 de
3442 4527 3549 4590 quo
3573 4531 3718 4572 nunc

2125 4622 2374 4693 agimus,
2420 4618 2720 4690 perducens
2785 4615 3080 4686 (iniensqne
3135 4626 3459 4668 sermonem.
3524 4599 3722 4665 Narrat

2127 4725 2359 4784 namque
2408 4709 2691 4766 Dominum
2731 4706 2912 4763 dicere
2965 4721 3025 4763 se
3066 4707 3284 4774 venire,
3327 4711 3386 4760 ut
3430 4713 3723 4775 congreget

2128 4819 2318 4862 omnes
2353 4810 2542 4875 gentes
2564 4843 2580 4871 ,
2609 4809 2808 4872 easque
2850 4805 3102 4856 venturas
3149 4808 3203 4854 et
3237 4799 3444 4853 visuras
3495 4795 3720 4867 gloriam

2130 4899 2249 4972 ejus
2274 4898 2428 4972 (lsai.
2448 4909 2590 4965 LxVI,
2616 4896 2704 4963 i7,
2729 4894 2844 4965 i8).
2878 4892 3063 4948 Omnes
3087 4893 3239 4958 enim,
3259 4891 3397 4946 sicut
3419 4885 3551 4945 dicit
3572 4889 3717 4957 Apo-

2135 4994 2302 5050 stolus
2325 5031 2340 5059 ,
2371 4997 2698 5062 peccauerunt
2719 5029 2733 5053 ,
2758 4995 2805 5042 et
2831 4995 2972 5059 egent
2993 4984 3158 5057 gloria
3183 4982 3280 5038 Dei
3301 4979 3476 5052 (Rom.
3495 4997 3572 5048 ill,
3601 4978 3722 5049 23).

2133 5086 2201 5142 Et
2244 5085 2553 5140 relicturum
2599 5093 2660 5137 se
2686 5079 2817 5135 dicit
2859 5089 3020 5149 super
3044 5089 3138 5132 eos
3182 5076 3363 5146 signa,
3393 5077 3510 5145 qua:
3538 5072 3724 5141 utique

2133 5175 2390 5236 mirantes
2430 5173 2654 5231 credant
2699 5172 2753 5226 in
2807 5183 2929 5227 eum
2963 5177 3058 5224 :et
3117 5167 3436 5222 emissumm
3497 5177 3561 5219 ex
3617 5162 3727 5216 illis

2135 5274 2365 5330 salvatus
2395 5271 2447 5324 in
2477 5275 2662 5340 gentes
2683 5264 2923 5321 diversas
2947 5306 2963 5333 ,
2985 5267 3039 5319 et
3070 5262 3124 5318 iit
3151 5259 3472 5332 longinquas
3500 5255 3723 5323 insulas,

2135 5379 2255 5439 quae
2283 5373 2390 5420 non
2417 5363 2700 5418 audierunt
2727 5375 2920 5416 nomen
2941 5358 3056 5430 ejus
3079 5400 3094 5426 ,
3141 5365 3313 5429 neque
3341 5341 3584 5410 viderunt
3612 5351 3727 5421 glo-

2139 5459 2270 5514 riam
2298 5457 2445 5525 ejus;
2479 5463 2533 5509 et
2555 5453 2962 5508 annuntiaturos
2983 5449 3207 5520 gloriam
3234 5448 3352 5518 ejus
3377 5445 3430 5501 in
3457 5442 3725 5516 gentibus;

2137 5560 2194 5608 st
2230 5549 2553 5608 adducturos
2578 5546 2771 5603 fratres
2797 5547 3050 5610 istorum,
3083 5543 3274 5615 quibus
3304 5538 3651 5611 loquebatur,
3676 5535 3732 5592 id

2136 5655 2222 5705 est
2244 5689 2258 5714 ,
2304 5646 2357 5702 in
2401 5643 2505 5700 tide
2534 5641 2635 5698 sub
2668 5642 2777 5698 Deo
2809 5641 2965 5696 Patre
2992 5637 3182 5694 lratres
3222 5634 3582 5692 lsraelitarum
3610 5631 3730 5686 ele-

2137 5745 2345 5799 ctorum
2374 5755 2388 5795 ε
2417 5737 2740 5794 adducturos
2765 5737 2942 5790 alitem
2974 5745 3040 5789 ex
3070 5731 3315 5786 omnibus
3339 5727 3585 5800 gentibus
3612 5739 3731 5777 mu-

2141 5851 2244 5892 nus
2273 5833 2497 5889 Domino
2527 5831 2582 5886 in
2599 5825 2854 5899 jumentis
2880 5835 2933 5882 et
2958 5823 3214 5882 vehiculis
3241 5821 3390 5892 (quae
3409 5820 3652 5889 jumenta
3676 5823 3733 5871 et

2143 5925 2385 5984 vehicula
2415 5925 2550 5980 bene
2578 5921 2940 5992 intelliguntur
2967 5915 3230 5988 adjutoritt
3255 5925 3376 5971 esse
3403 5909 3604 5980 divina,
3633 5907 3735 5979 per
