4062 6480
319 399 422 457 693

320 513 578 585 cujusque
613 516 828 588 generis
873 516 1168 575 ministeriis
1221 520 1346 590 Del,
1391 521 1474 579 vel
1517 526 1792 597 angelica,
1823 527 1908 583 vel

324 607 596 678 humana),
628 609 682 663 in
709 609 978 666 civitatem
1005 621 1242 669 sanctam
1267 613 1562 673 Jerusalem
1585 660 1598 684 ,
1627 627 1744 690 quae
1772 635 1914 676 nunc

321 699 372 755 in
397 702 601 756 sanctis
632 703 878 760 lideiibns
912 713 994 762 est
1034 705 1222 763 diliusa
1266 723 1363 781 per
1397 719 1588 767 terras.
1633 711 1730 770 Ubi
1769 716 1913 770 enim

319 791 573 848 divinitus
603 793 944 866 adjuvantur,
973 797 1044 854 ibi
1071 802 1329 868 credunt;
1361 815 1414 859 ct
1442 805 1531 860 ubi
1556 805 1815 875 credunt,
1842 807 1916 864 ibi

318 888 558 942 veniunt.
589 888 926 960 Comparavit
951 900 1128 948 autem
1178 891 1300 951 illos
1329 895 1582 955 Dominus
1607 943 1621 965 ,
1663 910 1914 972 tanquam

318 993 415 1048 per
461 978 868 1036 similitudinem
897 1024 910 1048 ,
941 981 1064 1039 {iliis
1110 985 1271 1041 Israel
1315 987 1660 1046 oii‘ereniibus
1703 993 1750 1047 ei
1791 1007 1916 1048 suas

321 1069 524 1124 hostias
546 1085 667 1124 cum
710 1072 929 1141 psalmis
959 1075 1012 1128 in
1050 1074 1211 1132 domo
1234 1077 1378 1148 ejus;
1410 1081 1550 1150 quod
1582 1082 1778 1153 ubique
1803 1083 1914 1154 jam

320 1160 444 1214 facit
475 1160 748 1225 Ecclesia;
779 1173 828 1218 et
855 1166 1097 1234 promisit
1122 1167 1188 1222 ab
1210 1168 1335 1238 ipsis
1358 1184 1415 1224 se
1445 1181 1787 1241 accepturum
1812 1175 1915 1229 sibi

317 1251 638 1307 Sacerdotes
681 1263 733 1308 et
762 1254 1002 1321 Levitas;
1031 1258 1171 1328 quod
1221 1259 1567 1316 nihilominus
1611 1264 1723 1320 ﬁeri
1777 1281 1916 1322 nunc

319 1345 584 1400 videmus.
616 1346 732 1401 Non
764 1350 906 1403 enim
943 1363 1012 1404 ex
1062 1366 1256 1420 genere
1288 1353 1463 1408 carnis
1505 1363 1559 1410 et
1602 1356 1872 1426 sanguinis
1895 1399 1912 1426 ,

322 1436 462 1491 sicut
505 1447 622 1493 erat
674 1441 905 1509 primum
951 1443 1243 1499 secundum
1290 1445 1534 1502 ordinem
1582 1449 1792 1515 Aaron;
1823 1450 1917 1506 sed

321 1531 457 1584 sicut
496 1533 773 1602 oportebat
817 1535 870 1589 in
901 1535 1244 1594 Testamento
1280 1553 1452 1608 novo,
1486 1541 1572 1596 ubi
1621 1543 1915 1598 secundum

322 1622 567 1677 ordinem
598 1625 985 1683 Melchisedech
1013 1645 1254 1686 summus
1276 1633 1527 1691 sacerdos
1552 1645 1634 1692 est
1675 1637 1918 1693 Christus

323 1712 494 1783 (Psal;
523 1732 632 1784 (ιιι,
659 1719 736 1787 4),
771 1735 866 1789 pro
890 1721 1146 1792 cujusque
1176 1725 1366 1780 merito
1393 1726 1533 1796 quod
1573 1728 1625 1782 in
1650 1743 1772 1784 eum
1797 1745 1916 1800 gra-

323 1805 390 1860 tia
418 1807 599 1861 divina
629 1811 937 1878 contulerit,
967 1813 1284 1870 Sacerdotes
1309 1824 1361 1871 et
1388 1815 1600 1874 chitas
1627 1820 1748 1891 eligi
1775 1836 1916 1876 nunc

325 1896 614 1953 videmus:
656 1901 746 1970 qui
793 1917 898 1957 non
957 1904 1060 1959 isto
1102 1908 1354 1971 nomine,
1404 1908 1544 1979 quod
1591 1927 1734 1982 smpe
1772 1927 1912 1968 asse-

319 1996 560 2057 quuntur
600 1990 834 2062 indigni,
866 1994 959 2049 sed
988 2010 1050 2050 ea
1091 2013 1209 2067 quae
1239 2014 1343 2054 non
1366 2009 1450 2056 est
1477 2001 1630 2058 bonis
1657 2004 1916 2077 malisque

321 2085 623 2137 communis
643 2125 658 2151 ,
693 2087 972 2142 sanctitate
1001 2092 1259 2158 pensandi
1287 2101 1427 2148 sunt.

390 2173 445 2228 4.
487 2174 618 2230 ﬂare
640 2190 764 2232 cum
791 2178 860 2234 de
889 2179 987 2234 ista
1013 2223 1026 2246 ,
1056 2197 1174 2252 qua:
1200 2198 1341 2240 nunc
1383 2187 1685 2258 impertitur
1727 2188 1915 2246 Eccle-

321 2265 415 2320 sia:
439 2308 454 2332 ,
491 2270 773 2338 perspicua
803 2272 1060 2344 nobisque
1100 2277 1375 2333 notissima
1437 2279 1526 2336 Dei
1573 2282 1917 2340 miseratione

321 2357 575 2424 dixisset;
608 2363 850 2429 promisit
878 2371 930 2418 et
968 2365 1099 2422 lines
1137 2370 1201 2422 ad
1229 2385 1362 2440 quos
1389 2385 1484 2440 per
1509 2373 1748 2428 ultimum
1774 2375 1913 2445 judi-

323 2450 465 2503 cium
499 2450 633 2504 l‘acta
671 2453 932 2510 bonorum
971 2459 1336 2531 malorumque
1365 2462 1687 2521 discretione
1729 2466 1910 2523 veniev

325 2549 429 2607 tur,
459 2542 648 2598 dicens
690 2560 788 2615 per
829 2547 1186 2619 Prophetam,
1217 2554 1299 2608 vel
1338 2553 1406 2610 de
1460 2555 1685 2612 Domino
1732 2559 1918 2616 dicens

322 2631 438 2703 ipse
466 2635 733 2706 Propheta
770 2657 784 2693 :
819 2640 1084 2706 Quomodo
1106 2646 1238 2698 enim
1275 2645 1457 2702 caelum
1491 2665 1672 2704 novum
1702 2657 1748 2706 et
1785 2659 1918 2706 terra

322 2741 454 2779 nam
481 2729 699 2782 manebit
724 2746 896 2785 coram
923 2750 1015 2799 me,
1047 2735 1176 2789 dixit
1201 2735 1469 2804 Dominus,
1489 2742 1561 2795 sic
1583 2741 1732 2796 stabit
1747 2760 1916 2800 semen

324 2827 542 2871 rrstrum
566 2831 611 2873 et
643 2837 821 2876 nomen
850 2833 1065 2878 oestrum
1090 2842 1110 2890 ,°~
1131 2836 1175 2880 et
1213 2829 1306 2882 erit
1336 2832 1518 2886 "tensis
1557 2849 1620 2888 ea:
1640 2851 1808 2889 mense
1828 2878 1841 2900 ,
1871 2845 1918 2890 et

321 2909 588 2963 sabbatum
623 2928 688 2966 ea:
713 2913 936 2968 sabbato.
977 2915 1152 2972 Veniet
1184 2919 1199 2951 ¹
1231 2922 1394 2976 omnis
1422 2939 1541 2977 caro
1569 2925 1620 2977 in
1647 2936 1916 2996 conspectu

321 3016 432 3054 meo
471 3002 692 3058 adorare
739 3006 792 3059 in
836 3005 1164 3078 Jerusalem,
1195 3012 1322 3066 dixit
1374 3012 1662 3071 Dominus:
1691 3025 1736 3071 et
1773 3033 1916 3090 egre-

321 3092 542 3158 dientur,
571 3105 618 3148 et
661 3097 895 3153 uidebunt
934 3101 1156 3156 membra
1199 3103 1459 3158 hominum
1487 3108 1574 3178 qui
1603 3111 1917 3179 praevaricati

319 3188 522 3241 suntin
568 3205 664 3242 me.
698 3189 892 3246 Verulis
934 3209 1109 3248 eorum
1147 3212 1248 3251 non
1290 3200 1529 3254 morietur
1549 3243 1563 3266 ,
1591 3210 1640 3256 et
1669 3203 1800 3274 ignis
1833 3221 1918 3260 eo-

320 3279 568 3334 rum'non
607 3284 951 3354 exstinguetur
981 3317 998 3353 ι
1023 3296 1068 3340 et
1093 3297 1238 3342 erunt
1262 3291 1388 3344 visui
1418 3293 1556 3346 omni
1589 3295 1732 3348 carni
1763 3295 1914 3367 (lsai.

322 3387 467 3438 uvr,
498 3371 690 3439 22-34,
711 3391 812 3430 sec.
833 3376 1021 3447 LXX).
1048 3379 1128 3434 Ad
1177 3380 1281 3437 hoc
1319 3383 1418 3438 iste
1445 3385 1702 3455 propheta
1736 3389 1917 3442 termi-

322 3467 467 3520 navit
492 3467 717 3536 librum,
741 3470 806 3525 ad
835 3471 978 3541 quod
1006 3475 1376 3532 terminabitur
1395 3480 1673 3534 saeculum.
1691 3479 1917 3549 Quidam

320 3571 449 3614 sane
499 3574 608 3614 non
658 3561 988 3632 interpretati
1035 3575 1195 3631 sunt,
1227 3570 1448 3624 membra
1491 3571 1779 3637 hominum,
1823 3573 1918 3630 sed

319 3650 572 3704 cadavera
609 3653 831 3707 uirorum
859 3655 957 3727 (η),
989 3673 1082 3726 per
1105 3659 1365 3715 cadavera
1412 3661 1770 3732 signiﬁcantes
1807 3667 1919 3721 evi-

319 3740 537 3798 dentem
565 3759 848 3816 corporum
879 3763 1091 3817 ptenam
1119 3769 1132 3804 :
1157 3752 1400 3822 quamvis
1420 3755 1647 3811 cadaver
1669 3757 1768 3812 nisi
1791 3773 1917 3814 caro

319 3838 586 3892 exanimis
611 3883 626 3906 ,
659 3855 763 3896 non
812 3843 982 3897 soleat
1014 3847 1346 3916 nuncupari;
1382 3847 1470 3902 illa
1516 3863 1644 3904 vero
1685 3851 1918 3908 animata

319 3936 478 3983 erunt
501 3945 765 4000 corpora,
795 3933 1028 4004 alioquin
1073 3935 1216 3991 nulla
1259 3945 1507 4008 poterunt
1561 3943 1762 3998 sentire
1804 3949 1918 3999 tor-

319 4030 500 4076 menta
537 4041 550 4077 ε
585 4024 684 4077 nisi
713 4023 850 4080 forte
875 4027 997 4097 quia
1027 4037 1359 4084 mortuorum
1391 4041 1546 4088 erunt
1573 4047 1798 4105 corpora
1819 4077 1834 4103 ,
1865 4035 1919 4092 id

321 4128 443 4186 est,
476 4135 664 4175 eorum
709 4122 798 4192 qui
845 4122 894 4176 in
934 4124 1222 4180 secundam
1272 4136 1498 4182 mortem
1542 4129 1769 4198 cadent,
1799 4129 1919 4187 ideo

320 4228 426 4268 non
452 4214 686 4270 absurde
712 4217 872 4270 etiam
899 4217 1159 4273 cadavera
1183 4221 1286 4275 dici
1316 4228 1556 4291 possunt.
1576 4223 1730 4280 Unde
1757 4233 1837 4281 est
1865 4235 1920 4282 et

319 4305 480 4372 illud,
512 4308 654 4378 quod
701 4309 769 4362 ab
806 4309 996 4365 eodem
1045 4312 1300 4381 prephcta
1347 4313 1546 4369 dictum
1596 4315 1706 4386 jam
1758 4332 1917 4388 supra

319 4398 515 4469 posui:
544 4398 704 4453 Terra
744 4417 856 4454 vero
898 4402 1165 4472 impiorum
1212 4404 1379 4459 cadet.
1407 4405 1538 4474 Quis
1581 4417 1759 4464 autem
1809 4424 1915 4466 non

319 4491 502 4546 videat
541 4507 571 4545 a
617 4492 856 4548 cadendo
887 4509 1009 4550 esse
1051 4497 1310 4566 appellata
1341 4499 1596 4555 Cadavera
1621 4500 1731 4574 (b)?
1770 4500 1920 4558 Viro-

318 4601 431 4638 rttm
461 4593 640 4640 autem
672 4601 770 4657 pro
799 4603 865 4643 eo
893 4589 1136 4658 posuisse
1167 4589 1284 4644 illos
1310 4590 1650 4663 interpretes,
1669 4595 1810 4666 quod
1835 4605 1919 4652 est

319 4678 616 4745 hominum,
675 4682 1013 4737 manifestum
1055 4691 1155 4738 est.
1209 4683 1391 4754 Neque
1443 4689 1586 4742 enim
1637 4689 1917 4761 quisquam

317 4771 562 4827 dicturus
582 4779 666 4828 est
687 4815 701 4838 ,
737 4777 1189 4844 pra-varicatrices
1217 4778 1440 4835 feminas
1468 4779 1520 4836 in
1544 4779 1635 4838 illo
1655 4781 1916 4854 supplicio

319 4878 423 4918 non
466 4865 708 4920 t‘utnras:
742 4867 835 4922 sed
875 4882 940 4923 ex
982 4871 1222 4939 potiore,
1251 4873 1547 4942 praesertim
1584 4873 1652 4929 de
1684 4889 1792 4945 quo
1834 4873 1914 4932 Ie—

319 4958 462 5012 mina
493 4956 632 5013 i‘acta
661 4967 745 5015 est
765 5001 780 5024 ,
815 4968 1037 5032 uterque
1064 4973 1224 5019 sexus
1251 4967 1530 5037 accipitur.
1556 4966 1752 5023 Verum
1775 4969 1918 5039 quod

317 5048 382 5103 ad
415 5064 529 5105 rem
560 5051 792 5107 maxime
829 5055 1094 5122 pertinet,
1127 5071 1248 5112 cum
1291 5066 1346 5113 et
1381 5059 1432 5113 in
1487 5058 1639 5115 bonis
1682 5060 1912 5130 dicitur,

329 5138 506 5197 Veniet
533 5145 698 5198 onmis
739 5155 859 5199 caro
892 5162 910 5200 :
938 5145 1058 5218 quia
1104 5161 1168 5203 cx
1214 5151 1359 5206 omni
1395 5167 1592 5223 genere
1641 5154 1914 5212 hominum

316 5234 544 5304 populus
571 5237 672 5290 iste
694 5238 996 5304 constabit;
1030 5255 1134 5295 non
1166 5244 1310 5298 enim
1340 5258 1528 5300 omnes
1573 5243 1815 5303 homines
1844 5249 1915 5305 ibi

317 5336 478 5381 erum
498 5367 513 5394 ,
545 5329 762 5399 quando
788 5330 838 5384 in
864 5332 1038 5402 ρωηὶε
1062 5333 1243 5402 plures
1265 5343 1422 5390 erunt
1452 5356 1464 5392 :
1492 5335 1585 5392 sed
1607 5379 1621 5404 ,
1653 5348 1710 5394 ut
1737 5335 1914 5397 dicere

315 5430 618 5488 coeperam,
649 5434 770 5474 cum
801 5431 854 5476 et
884 5423 938 5476 in
964 5423 1118 5479 bonis
1146 5439 1274 5481 caro
1296 5467 1312 5493 ,
1340 5434 1394 5482 et
1419 5427 1470 5482 in
1496 5427 1651 5483 malis
1677 5431 1915 5488 membra

317 5511 398 5564 vel
420 5511 688 5567 cadavera
711 5514 1091 5583 nominantur;
1127 5519 1365 5587 proiecto
1401 5522 1520 5590 post
1562 5523 1913 5579 resurrectio-

317 5617 440 5660 nem
465 5605 646 5661 carnis
665 5647 680 5674 ,
705 5606 859 5678 cujus
885 5605 1019 5664 [Ides
1061 5608 1143 5666 his
1171 5623 1350 5668 rerum
1381 5613 1652 5670 vocabulis
1694 5617 1914 5674 omnino

380 5807 403 5876 ξ
436 5809 486 5876 tu
507 5807 673 5876 editis,
699 5814 754 5876 E_l
775 5809 945 5863 mnia.
969 5809 1135 5874 Abest,
1159 5819 1234 5876 Et,
1257 5825 1286 5864 a
1307 5819 1416 5866 Mss.

383 5871 458 5936 (ᾳ)
484 5874 555 5922 sic
581 5874 626 5920 in
655 5871 868 5936 Vulgata.

383 5873 435 5932 (α
484 5874 555 5922 sic
581 5874 626 5920 in
655 5873 868 5936 Vulgata.
1220 5873 1227 5876 ⁷

383 5873 458 5995 (bi
479 5943 645 5998 supra,
669 5948 772 5999 cap.
801 5936 859 5986 10
880 5937 1023 6001 hujus
1045 5937 1172 6001 libri,
1191 5937 1286 5988 sub
1308 5938 1514 5990 initium.

1627 407 1831 469 LIBER
1873 412 2249 475 WGESIMUS.

3501 425 3613 486 698

2027 527 2309 602 ﬁrmatur,
2353 527 2477 590 illud
2504 549 2612 608 quo
2642 535 2659 568 ¹
2687 535 2815 593 boni
2852 541 2908 595 et
2935 537 3059 596 mali
3100 538 3213 597 suis
3252 527 3445 599 ﬁnibus
3481 542 3614 600 diri.

2022 630 2267 689 mentnr,
2293 623 2525 682 futurum
2554 643 2674 685 esse
2698 627 2957 701 judicium
2983 631 3304 689 declaratur.

2020 712 2249 773 CAPUT
2276 715 2442 774 XXII.
2463 751 2535 760 —
2556 719 2736 788 Qualis
2767 726 2941 798 futura
2967 725 3032 780 sit
3065 726 3283 798 egressio
3313 737 3608 784 sanctorum

2376 811 2445 866 ad
2487 813 2727 870 videndus
2765 834 2938 888 pinnas
2983 819 3250 874 malorum.

2091 900 2195 959 Sed
2224 905 2493 976 quomodo
2517 907 2858 980 egredientur
2886 910 3011 967 boni
3033 911 3100 966 ad
3138 911 3395 970 videndas
3425 928 3613 985 pmnas

2021 993 2317 1052 malorum?
2346 998 2612 1071 Numquid
2634 1003 2872 1074 corporis
2925 1013 3070 1060 motu
3097 1004 3281 1063 beatas
3319 1007 3438 1063 illas
3481 1007 3611 1064 reli-

2021 1089 2157 1144 cwri
2205 1098 2331 1147 sunt
2375 1091 2533 1148 sedes
2555 1133 2570 1160 ,
2601 1103 2655 1149 et
2681 1093 2748 1150 ad
2792 1094 2910 1150 loca
2939 1097 3168 1167 poenalia
3197 1099 3487 1168 perrecturi
3507 1141 3524 1166 ,
3556 1107 3613 1156 ut

2021 1179 2281 1237 malorum
2313 1192 2578 1241 tormenta
2606 1186 2940 1258 conspiciant
2983 1190 3265 1258 prtesentia
3295 1191 3561 1262 corporali
3586 1193 3611 1247 2

2021 1271 2208 1328 Absit:
2237 1273 2331 1330 sed
2361 1277 2704 1348 egredientur
2728 1294 2825 1350 per
2853 1279 3152 1336 scientiam.
3179 1281 3292 1338 Hoc
3316 1284 3458 1340 enim
3488 1299 3616 1340 vet-

2020 1361 2090 1420 bo
2116 1365 2469 1438 signiﬁcatum
2505 1377 2588 1424 est
2608 1412 2622 1437 ,
2655 1386 2748 1426 eos
2773 1372 2863 1442 qui
2893 1372 3270 1428 cruciabuntur
3289 1385 3438 1430 extra
3468 1375 3611 1432 lutua

2022 1473 2131 1513 ros.
2162 1459 2390 1530 Propter
2410 1461 2551 1532 quod
2582 1473 2635 1518 et
2671 1461 2927 1519 Dominus
2955 1479 3018 1520 ea
3047 1465 3159 1520 loca
3185 1466 3432 1522 tenebras
3460 1481 3609 1523 exte-
3677 1449 3696 1528 ί,

2022 1551 2190 1607 riorcs
2221 1565 2370 1608 vocat
2395 1551 2606 1628 (Matth.
2642 1573 2744 1612 xxv
2768 1599 2783 1625 ,
2814 1557 2904 1631 '50)
2931 1575 2943 1612 :
2978 1559 3169 1630 quibus
3208 1562 3504 1617 contrarius
3533 1570 3617 1616 est
3682 1543 3695 1575 ἱ

2020 1639 2109 1698 ille
2140 1643 2408 1715 ingressus
2450 1645 2518 1702 de
2560 1664 2667 1720 quo
2707 1647 2904 1707 dicitur
2959 1667 3117 1708 servo
3149 1653 3291 1710 bono
3320 1695 3336 1722 ,
3378 1652 3526 1708 [utra
3563 1655 3617 1709 in

2020 1735 2260 1808 gaudium
2287 1739 2495 1796 Domini
2516 1744 2588 1796 tui
2616 1742 2778 1815 (Ibid.
2801 1745 2894 1816 21)
2920 1765 2932 1801 :
2958 1762 3026 1802 ne
3052 1747 3179 1802 illuc
3208 1747 3333 1803 mali
3364 1757 3616 1818 putentur

2021 1829 2247 1901 ingredi,
2273 1843 2330 1888 ut
2358 1835 2596 1890 sciantur
2627 1852 2641 1903 ;
2667 1837 2758 1892 sed
2789 1837 2856 1892 ad
2881 1839 2998 1894 illos
3030 1840 3209 1910 potius
3263 1840 3408 1897 velut
3431 1841 3615 1910 egredi

2020 1923 2241 1978 scientia
2263 1967 2278 1993 ,
2311 1941 2413 1996 qua
2437 1939 2532 1982 eos
2553 1929 2817 2000 cognituri
2846 1938 3010 1998 sunt,
3047 1930 3205 1996 boni;
3229 1932 3350 2003 quia
3380 1931 3436 1986 id
3473 1932 3616 2002 quod

2019 2025 2169 2072 extra
2195 2025 2279 2074 est
2318 2020 2582 2090 cognituri
2630 2030 2772 2076 sunt.
2803 2021 2903 2090 Qui
2950 2022 3092 2078 enim
3130 2023 3366 2078 eruntin
3399 2024 3573 2094 pomis

2021 2105 2146 2180 quid
2178 2121 2363 2183 agatur
2384 2114 2595 2170 intusin
2627 2114 2820 2186 gaudio
2844 2115 3055 2170 Domini
3081 2116 3458 2187 nescientzqui
3484 2132 3616 2172 vero

2021 2213 2179 2258 erunt
2207 2203 2262 2260 in
2291 2205 2381 2261 illo
2410 2205 2623 2278 gaudio,
2653 2206 2780 2278 quid
2806 2216 2993 2278 agatur
3013 2207 3141 2264 foris
3162 2207 3216 2264 in
3243 2209 3353 2264 illis
3379 2208 3615 2265 tenebris

2021 2295 2380 2354 exterioribus
2426 2299 2615 2355 scient.
2651 2299 2774 2356 Ideo
2825 2300 3028 2357 dictum
3055 2311 3178 2369 est,
3229 2302 3546 2381 egrediantur
3595 2319 3615 2358 :

2021 2390 2144 2461 quia
2189 2404 2285 2447 eos
2313 2393 2472 2447 etiam
2499 2393 2588 2464 qui
2610 2394 2630 2424 ³
2659 2392 2788 2449 foris
2815 2394 2884 2450 ab
2933 2395 3012 2450 eis
3042 2404 3199 2451 erunt
3220 2437 3236 2462 ,
3265 2396 3448 2468 utique
3501 2411 3611 2451 non

2023 2483 2284 2540 latebunt.
2317 2484 2374 2541 Si
2404 2487 2546 2541 enim
2585 2485 2702 2542 haec
2723 2486 3008 2559 Pr0pheta:
3037 2487 3270 2546 nondum
3298 2488 3431 2545 facta
3458 2503 3617 2546 nosse

2023 2585 2332 2648 potuerunt,
2364 2594 2460 2649 per
2490 2577 2592 2634 hoc
2613 2578 2758 2650 quod
2797 2590 2914 2636 erat
2940 2579 3120 2650 Deus,
3146 2581 3612 2652 quantulumcum-

2021 2683 2126 2740 que
2153 2679 2307 2737 erat,
2333 2671 2383 2726 in
2430 2686 2617 2728 eorum
2645 2672 2951 2728 mortalium
3002 2674 3304 2741 mentibus;
3348 2673 3619 2746 quomodo

2023 2757 2356 2818 immortales
2383 2765 2554 2819 sancti
2581 2764 2691 2835 jam
2722 2762 2862 2819 facta
2881 2775 3006 2820 tunc
3034 2766 3297 2832 nescient,
3322 2780 3442 2821 cum
3477 2765 3617 2822 Deus

2021 2854 2124 2910 erit
2147 2856 2324 2910 omnia
2356 2856 2406 2910 in
2431 2855 2678 2912 omnibus
2700 2856 2742 2928 (I
2770 2854 2891 2912 Cor.
2921 2873 2990 2913 xv
3015 2899 3032 2923 ,
3057 2857 3192 2929 28)?
3219 2857 3391 2914 Stabit
3412 2873 3540 2930 ergo
3562 2859 3616 2914 in

2023 2946 2110 3003 illa
2137 2948 2466 3005 beatitudine
2495 2959 2802 3005 sanctorum
2825 2965 3010 3006 semen
3031 2960 3087 3006 et
3128 2966 3322 3007 nomen
3351 2967 3572 3018 ;scmen
3597 2993 3614 3017 ,

2023 3039 2228 3096 scilicet
2281 3040 2349 3096 de
2377 3056 2482 3113 quo
2524 3041 2760 3098 Joannes
2801 3042 2909 3108 ait,
2937 3041 3007 3096 Et
3057 3059 3224 3098 senten
3250 3045 3361 3114 ejus
3408 3043 3464 3098 in
3505 3044 3618 3116 ipso

2022 3141 2190 3186 manet
2217 3129 2263 3203 (i
2281 3129 2437 3188 Joan.
2467 3148 2546 3199 lli,
2575 3132 2630 3206 9)
2657 3151 2669 3188 :
2702 3147 2897 3189 nomen
2919 3148 3051 3190 vero
3079 3173 3093 3199 ,
3121 3133 3190 3190 de
3218 3149 3326 3205 quo
3355 3149 3452 3204 per
3473 3132 3616 3190 hunc

2023 3215 2212 3280 Isaiam
2261 3226 2460 3281 dictum
2502 3235 2620 3295 est,
2654 3225 2856 3283 Nomen
2885 3236 3130 3282 a'ternum
3174 3226 3306 3282 dabo
3354 3227 3424 3281 eis
3451 3225 3605 3298 (Isai.

2023 3334 2130 3385 LVI,
2155 3319 2230 3392 5).
2252 3318 2319 3374 Et
2348 3321 2439 3376 erit
2467 3321 2538 3376 eis
2559 3320 2741 3376 mensis
2762 3335 2824 3376 ea:
2859 3336 3027 3376 mense
3055 3329 3102 3375 et
3141 3319 3402 3375 sabbatum
3421 3337 3484 3375 ea;
3508 3320 3617 3375 sab-

2025 3401 2168 3479 bato,
2203 3422 2452 3485 tanquam
2504 3415 2626 3470 luna
2654 3429 2726 3470 ex
2779 3414 2902 3470 luna
2930 3422 2986 3470 et
3022 3413 3238 3486 requies
3263 3429 3330 3468 ex
3382 3413 3567 3483 requie
3597 3431 3612 3469 :

2025 3521 2254 3578 quorum
2282 3516 2567 3579 utrumque
2591 3507 2690 3579 ipsi
2721 3517 2916 3575 erunt,
2943 3521 3064 3562 cum
3087 3522 3150 3561 ex
3183 3506 3266 3562 his
3289 3505 3492 3562 umbris
3514 3520 3612 3564 ve-

2025 3597 2230 3654 teribus
2257 3605 2313 3655 et
2357 3599 2742 3670 temporalibus
2767 3601 2821 3654 in
2865 3599 2956 3654 illa
2991 3598 3190 3654 lumina
3217 3613 3353 3654 nova
3380 3612 3444 3653 ac
3469 3612 3615 3654 sem-

2025 3692 2232 3764 piterna
2264 3693 2586 3748 transibunt.
2616 3690 2673 3747 In
2725 3692 2898 3762 pinnis
2921 3698 3098 3747 autem
3130 3691 3395 3746 malorum
3423 3698 3480 3748 et
3517 3692 3604 3746 in-

2025 3786 2418 3858 exstingnibilis
2441 3785 2578 3858 ignis
2611 3794 2666 3842 et
2713 3785 3084 3842 vivacissimus
3108 3784 3310 3840 vermis
3336 3826 3352 3852 ,
3384 3783 3453 3840 ab
3496 3784 3616 3840 aliis

2024 3889 2184 3951 atque
2213 3879 2334 3935 aliis
2359 3879 2517 3936 aliter
2542 3887 2703 3950 atque
2729 3878 2885 3934 aliter
2911 3885 2993 3933 est
3015 3877 3312 3948 expositus.
3336 3876 3436 3933 Alii
3459 3876 3617 3948 quip-

2027 3989 2092 4044 pe
2122 3983 2409 4044 utrumque
2437 3971 2506 4027 ad
2545 3985 2744 4042 corpus
2771 4009 2788 4038 ,
2814 3969 2905 4026 alii
2931 3967 3216 4040 utrumque
3258 3968 3326 4024 ad
3378 3969 3616 4024 animum

2027 4067 2326 4123 retulerunt
2359 4084 2374 4122 :
2401 4065 2490 4122 alii
2517 4064 2732 4136 proprie
2756 4063 2824 4119 ad
2851 4078 3046 4134 corpus
3075 4061 3252 4135 ignem
3272 4104 3288 4131 ,
3321 4063 3526 4134 tropice
3548 4061 3618 4118 ad

2025 4161 2263 4219 animum
2289 4175 2529 4217 vermem
2550 4199 2565 4226 ,
2597 4159 2740 4231 quod
2771 4157 3080 4216 credibilius
3098 4171 3218 4214 esse
3245 4156 3482 4214 videtur.
3511 4155 3619 4214 Sed

2025 4272 2166 4312 nunc
2196 4254 2262 4311 de
2289 4255 2389 4311 hac
2417 4254 2716 4311 differentia
2741 4268 2849 4310 non
2873 4260 2958 4309 est
2986 4251 3244 4324 temporis
3270 4251 3293 4284 ³
3319 4250 3615 4322 disputare.

2025 4350 2101 4407 De
2121 4349 2324 4420 judicio
2347 4363 2580 4420 namque
2609 4347 2802 4404 ultimo
2824 4383 2842 4414 ,
2877 4360 2986 4417 quo
3011 4343 3103 4402 iiet
3121 4344 3411 4414 diremptio
3449 4343 3618 4398 bono-

2024 4459 2142 4500 rum
2167 4442 2511 4498 etmalorum
2538 4475 2554 4509 ,
2579 4439 2684 4496 hoc
2715 4439 2967 4495 volumen
2989 4437 3214 4508 implere
3244 4435 3616 4504 suscepimus:

2023 4535 2093 4592 de
2125 4535 2255 4605 ipsis
2283 4549 2414 4590 vero
2437 4532 2674 4604 praemiis
2702 4540 2760 4589 et
2786 4531 2965 4602 pinnis
2991 4531 3128 4586 alias
3152 4527 3460 4600 diligentius
3503 4526 3620 4584 dis-

2025 4627 2311 4685 serendum
2333 4635 2436 4683 est.

2023 4720 2251 4779 CAPUT
2284 4717 2472 4776 XXIII.
2501 4746 2572 4759 —-
2601 4715 2738 4787 Quid
2773 4714 3146 4788 prophetarerit
3199 4713 3387 4769 Daniel
3411 4712 3474 4768 de
3502 4728 3618 4784 per-

2093 4813 2347 4871 secutione
2374 4810 2718 4878 Antichristi,
2751 4818 2798 4866 et
2848 4807 2912 4865 de
2956 4807 3160 4880 judicio
3204 4805 3338 4875 Dei,
3365 4819 3619 4878 regnoque

2093 4913 2405 4962 sanctorum.

2097 5001 2151 5056 i.
2183 4997 2373 5054 Daniel
2408 4996 2477 5053 de
2497 4996 2604 5053 hoc
2629 4995 2820 5052 ultimo
2845 4992 3050 5066 judicio
3070 4991 3150 5048 sic
3192 4989 3517 5062 prophetat,
3556 5001 3616 5046 ut

2024 5092 2415 5150 Antichristum
2443 5091 2593 5162 prius
2631 5103 2844 5161 quoque
2886 5096 3172 5143 venturum
3218 5097 3340 5139 esse
3365 5097 3617 5154 praenun-

2024 5188 2144 5254 tiet,
2169 5197 2330 5257 atque
2351 5185 2418 5240 ad
2448 5191 2710 5240 aeternum
2757 5195 2980 5253 regnum
3011 5189 3315 5237 sanctorum
3361 5176 3618 5248 perducat

2024 5281 2388 5338 narrationem
2435 5292 2605 5333 suam.
2661 5273 2802 5331 Cum
2852 5274 2995 5329 enim
3053 5271 3262 5328 visione
3308 5268 3619 5341 prophetica

2023 5381 2253 5444 quatuor
2274 5370 2476 5426 bestias
2521 5367 2884 5442 signiﬁcantes
2906 5373 3136 5437 quatuor
3161 5377 3326 5435 regna
3355 5361 3614 5430 vidisset;

2024 5468 2306 5540 ipsumque
2351 5470 2598 5536 quartum
2636 5477 2668 5517 a
2697 5460 2929 5533 quodam
2977 5472 3104 5531 rege
3132 5466 3471 5528 superatum,
3525 5455 3616 5527 qui

2023 5555 2386 5617 Antichristus
2414 5556 2754 5628 agnoscitur;
2787 5561 2987 5625 etpost
3032 5551 3149 5608 haec
3190 5559 3449 5608 aeternum
3492 5563 3615 5621 rcg-

2023 5669 2152 5712 uutn
2181 5652 2299 5708 Filii
2326 5648 2580 5717 hominis,
2597 5648 2688 5720 qui
2718 5640 3028 5718 intelligitur
3055 5643 3302 5702 Christus
3329 5662 3343 5700 :
3377 5635 3615 5708 Horruit,

2085 5814 2105 5846 ι
2140 5812 2215 5861 sic
2233 5813 2308 5859 Er.
2335 5816 2388 5860 et
2411 5808 2580 5872 pitu-es
2601 5815 2707 5858 uss.
2733 5809 2789 5854 At
2809 5801 2946 5852 Vind.
2973 5809 3074 5852 Am.
3100 5807 3152 5853 et
3172 5805 3303 5861 Ml,
3338 5796 3484 5863 quod.

2085 5877 2107 5971 ί
2139 5874 2481 5984 ‘é'l'fis‘iidm
2499 5882 2645 5984 21%;.
2666 5937 2908 5984 temnens.
2933 5931 3098 5984 Abest,
3119 5925 3281 5984 nicius,
3301 5935 3331 5975 s
3348 5928 3456 5974 uss.

2086 5938 2107 5971 ³
2139 5931 2276 5999 Edit'i,
2300 5948 2392 5988 non
2413 5940 2481 5988 est
2501 5931 2645 6000 hujus
2666 5937 2908 5995 temporis.
2933 5931 3098 5990 Abest,
3119 5931 3281 5989 httjus,

3634 5971 3650 6057 l
