4062 6524
367 463 374 466 ,
433 397 540 468 69⁵

436 511 626 583 inquit,
655 509 860 578 spiritus
888 523 1026 562 meus
1053 547 1072 574 ,,
1105 523 1196 577 ego
1225 505 1409 562 Daniel
1437 505 1492 559 in
1511 502 1800 558 habitudine
1829 502 1845 532 ¹
1869 515 2010 566 mea,

439 615 484 660 et
500 606 635 659 visus
665 603 840 673 capitis
871 601 966 654 mei
986 599 1347 654 conturbabant
1370 614 1467 651 me.
1493 597 1558 649 Et
1587 595 1802 662 accessi,
1829 593 2017 662 inquit,

441 701 506 752 ad
553 712 708 750 unum
738 695 798 748 de
824 693 1089 758 stantibus,
1118 701 1164 746 et
1193 693 1449 745 veritatem
1474 688 1756 762 maerebam
1792 686 1854 739 ab
1880 701 1936 739 eo
1960 685 2038 738 de‘

443 791 520 843 his
546 787 772 842 omnibus
790 803 808 840 :
834 795 880 839 et
898 786 1025 839 dixit
1044 785 1167 838 mihi
1186 785 1462 838 veritatem.
1491 782 1714 848 Deinde,
1733 779 1858 850 quid
1875 778 2025 834 audi-

443 882 546 936 erit
574 880 641 934 ab
671 879 780 941 illo,
806 893 834 932 a
866 893 971 948 quo
1001 877 1066 932 de
1097 877 1342 931 omnibus
1367 875 1449 929 bis
1477 873 1740 944 quaesivit,
1775 882 2023 941 tanquam

444 987 508 1025 eo
526 971 622 1024 sibi
649 985 712 1023 cx
722 978 968 1038 ponente,
999 969 1077 1023 sic
1099 968 1329 1036 loquitur
1349 984 1361 1020 :
1385 964 1482 1019 Ha:
1499 974 1711 1036 quatuor
1726 962 1895 1017 bestia:
1919 977 2028 1014 ma-

443 1079 556 1132 gnte
580 1106 592 1128 ,
625 1072 841 1134 quatuor
876 1079 1029 1133 regna
1057 1071 1259 1131 surgent
1289 1061 1342 1112 in
1377 1069 1530 1123 terra,
1561 1072 1672 1128 qute
1710 1061 2025 1128 auferantur,

446 1166 489 1209 et
515 1156 758 1224 accipient
785 1171 995 1224 regnum
1032 1155 1191 1207 sancti
1228 1151 1471 1206 Altissimi
1489 1159 1564 1205 :et
1586 1149 1869 1203 obtinebunt
1899 1146 2027 1201 illud

447 1262 602 1310 usque
620 1247 669 1297 in
685 1247 927 1300 sceculum
944 1253 988 1297 et
1001 1245 1052 1297 in
1065 1243 1470 1314 usquesteculum
1483 1240 1803 1296 saeculorum.
1819 1238 1886 1292 Et
1901 1252 2030 1308 quie-

447 1337 634 1399 rebam,
669 1336 857 1406 inquit,
873 1337 1136 1405 diligenter
1149 1336 1209 1388 de
1221 1335 1373 1389 bestia
1393 1344 1594 1406 quarta,
1618 1349 1733 1407 qua:
1759 1329 2032 1402 crdidi/7':-

447 1446 560 1483 rens
573 1446 677 1499 prce
688 1431 821 1482 οηιηὶ
835 1430 1007 1494 bestia,
1028 1428 1261 1484 terribilis
1278 1431 1529 1499 amplius:
1547 1429 1716 1483 dentes
1737 1429 1845 1499 ejus
1856 1429 2028 1498 ferrei,

449 1533 494 1575 et
515 1540 704 1593 ungues
734 1525 841 1595 ejus
870 1524 1004 1590 terei,
1031 1524 1343 1578 manducans
1369 1534 1416 1578 et
1440 1525 1783 1578 comminuens
1803 1566 1818 1592 ,
1843 1533 1888 1578 et
1908 1525 2031 1579 reli-

448 1632 548 1682 qua
575 1614 781 1684 pedibus
801 1617 905 1669 suis
930 1617 1226 1670 conculcans
1249 1633 1266 1672 :
1295 1625 1340 1672 et
1365 1618 1428 1671 de
1443 1617 1678 1672 cornibus
1705 1619 1813 1688 ejus
1833 1618 2027 1684 decem,

450 1721 563 1774 quae
588 1715 730 1760 erant
769 1708 819 1759 in
850 1709 1011 1777 capite
1035 1709 1164 1778 ejus,
1189 1718 1234 1762 et
1255 1710 1318 1763 de
1340 1709 1500 1762 altero
1529 1708 1664 1778 quod
1693 1710 1919 1764 ascendit
1943 1751 1960 1776 ,
1987 1718 2035 1764 et

451 1797 664 1848 excussit
685 1797 746 1848 de
772 1798 1021 1865 prioribus
1047 1799 1180 1853 tria:
1205 1815 1365 1854 cornu
1391 1798 1522 1853 illud
1548 1799 1601 1852 in
1625 1815 1723 1869 quo
1744 1808 1887 1854 erant
1914 1815 2036 1854 ocu-

453 1887 491 1939 li
521 1929 534 1953 ,
565 1898 609 1939 et
637 1905 691 1940 os
739 1888 944 1959 loquens
989 1907 1204 1960 magna;
1237 1900 1282 1946 et
1312 1892 1446 1945 visus
1471 1892 1582 1962 ejus
1624 1892 1789 1962 major
1823 1893 2033 1946 cceteris.

462 1977 704 2033 Videbam
731 2021 744 2045 ,
776 1991 822 2034 et
851 1998 1012 2035 cornu
1059 1982 1189 2037 illud
1218 1982 1434 2053 faciebat
1463 1983 1644 2036 bellum
1665 2000 1779 2037 cum
1803 1984 1989 2038 sanctis
2017 1999 2037 2038 :

452 2079 498 2124 et
525 2071 824 2142 prcuvalebat
843 2073 911 2126 ad
939 2074 1074 2144 ipsos
1093 2115 1108 2140 ,
1141 2073 1299 2128 donec
1327 2075 1455 2128 venit
1482 2083 1699 2129 vetustus
1719 2076 1916 2130 dierum
1940 2117 1955 2141 ,
1988 2083 2038 2130 et

452 2181 662 2236 regnum
693 2165 829 2219 dedit
855 2168 1039 2222 sanctis
1066 2168 1309 2222 Altissimi
1343 2184 1359 2222 :
1387 2178 1431 2222 et
1469 2179 1665 2240 tempus
1703 2169 1962 2239 pervenit,
1989 2177 2038 2223 et

451 2273 664 2326 regnum
712 2259 1028 2314 obtinuerunt
1056 2261 1235 2314 sancti.
1272 2260 1397 2315 llmc
1448 2261 1628 2315 Daniel
1678 2261 1932 2332 quaesisse
1978 2275 2038 2316 se

453 2351 603 2404 dixit.
633 2352 831 2408 Deinde
861 2353 985 2422 quid
1010 2353 1254 2418 audierit,
1285 2355 1540 2409 continuo
1571 2353 1896 2424 subjungens
1920 2393 1937 2420 ,
1966 2350 2037 2408 Et

455 2443 604 2508 dixit,
639 2445 827 2513 inquit,
857 2445 908 2499 id
937 2454 1037 2511 est,
1068 2447 1155 2500 ille
1175 2461 1204 2500 a
1228 2462 1332 2516 quo
1367 2447 1680 2517 quaesierat,
1709 2445 1986 2516 reSpondit
2014 2484 2033 2512 ,

452 2543 506 2589 et
529 2535 662 2590 dixit
685 2576 700 2601 ,
727 2535 895 2591 Bestia
923 2547 1101 2608 quarta
1119 2579 1135 2602 ,
1169 2546 1401 2608 quartum
1428 2553 1639 2608 regnum
1659 2537 1750 2590 erit
1784 2537 1837 2590 in
1862 2546 1995 2590 terra
2017 2576 2034 2602 ,

452 2627 588 2696 quod
617 2629 903 2698 praevalebit
931 2629 1158 2682 ontnibus
1186 2630 1351 2700 regnis
1374 2646 1394 2694 ;
1419 2637 1464 2682 et
1492 2627 1813 2682 manducabit
1841 2643 2038 2681 omnem

456 2730 663 2786 terram,
696 2730 740 2773 et
766 2721 1076 2774 conculcabit
1101 2738 1208 2775 eam
1235 2764 1250 2786 ,
1284 2730 1331 2776 et
1351 2721 1595 2775 concidet.
1638 2719 1705 2774 Et
1729 2722 1896 2774 decem
1924 2735 2036 2775 cor-

456 2825 560 2862 nua
583 2811 712 2879 ejus,
747 2810 915 2863 decent
937 2828 1074 2882 reges
1089 2820 1292 2882 surgent
1320 2827 1339 2865 :
1367 2820 1411 2865 el
1435 2820 1547 2880 post
1569 2827 1652 2864 eos
1671 2822 1838 2881 surget
1863 2809 1994 2864 alius
2015 2850 2032 2878 ,

455 2903 542 2972 qui
561 2903 816 2973 superabit
846 2903 992 2956 malis
1018 2905 1037 2934 ¹
1068 2920 1260 2969 omnes,
1291 2903 1378 2972 qui
1398 2913 1514 2958 ante
1555 2920 1668 2956 eum
1716 2907 1960 2973 fuerunt;
1988 2911 2036 2957 et

455 3005 555 3050 tres
584 3011 722 3067 reges
749 2996 1054 3078 Itumiliabit,
1083 3007 1129 3052 et
1155 2998 1301 3052 verba
1324 2998 1565 3052 adversus
1594 2989 1910 3052 Altissimum
1953 2997 2036 3053 lo-

452 3098 672 3160 quetur:
698 3099 744 3144 et
786 3101 986 3145 sanctos
1013 3091 1258 3146 Altissimi
1295 3102 1538 3146 conteret.
1597 3090 1659 3145 Et
1701 3092 2037 3161 suspicabitur

453 3191 649 3236 mutare
674 3191 895 3252 tempora
915 3192 964 3237 et
991 3184 1147 3253 legem
1166 3200 1185 3238 :
1200 3193 1246 3237 et
1267 3183 1466 3238 dabitur
1490 3184 1543 3238 in
1568 3200 1724 3238 manu
1747 3185 1856 3255 ejus
1879 3200 2037 3255 usque

453 3273 522 3326 ad
547 3283 770 3343 tempus,
804 3284 851 3328 et
881 3284 1104 3344 tempora
1124 3317 1138 3340 ,
1167 3285 1213 3329 et
1259 3275 1522 3329 dimidium
1550 3276 1807 3346 temporis.
1842 3274 1908 3329 Et
1937 3275 2034 3346 ju-

453 3364 642 3418 dicium
668 3366 888 3434 sedebit,
919 3375 964 3420 et
1003 3367 1344 3437 principatum
1391 3367 1750 3422 removebant’
1779 3367 1847 3421 ad
1870 3379 2038 3425 exter-

453 3455 747 3510 ntinandum
774 3466 820 3510 et
852 3458 1162 3526 perdendum
1197 3475 1354 3529 usque
1374 3459 1426 3514 in
1452 3460 1606 3528 ﬁnem
1632 3475 1650 3524 ,°
1672 3469 1719 3514 et
1737 3476 1966 3532 regnum,
1989 3469 2036 3517 et

453 3556 674 3618 potestas
694 3589 707 3613 ,
738 3558 784 3603 et
817 3550 1110 3620 magnitudo
1139 3567 1332 3622 regum,
1359 3552 1444 3620 qui
1473 3551 1564 3607 sub
1589 3553 1726 3606 omni
1751 3553 1874 3608 ctelo
1893 3562 2031 3619 sunt,

455 3638 575 3692 data
587 3649 659 3693 est
669 3640 853 3694 sanctis
863 3639 1126 3695 Altissimi.
1139 3641 1200 3694 Et
1212 3659 1421 3714 regnum
1435 3645 1540 3710 eius
1554 3661 1765 3716 regnum
1778 3662 1878 3699 sem
1881 3647 2037 3718 piter-

455 3741 648 3787 num:et
669 3748 838 3786 omnes
853 3733 1167 3805 principatus
1184 3733 1282 3804 ipsi
1303 3735 1537 3801 servient,
1555 3746 1600 3790 et
1617 3735 2035 3792 obaudientJluc

455 3839 629 3894 usque,
659 3824 846 3893 inquit,
880 3825 1001 3893 ﬁnis
1024 3827 1288 3880 sermonis.
1319 3824 1431 3898 Ego
1469 3826 1654 3882 Daniel
1678 3869 1693 3895 ,
1713 3829 1922 3883 multum
1949 3846 2036 3884 co-

453 3916 718 3987 gitiitiones
755 3932 878 3970 mete
896 3917 1258 3972 conturbabant
1284 3936 1363 3972 me
1392 3960 1408 3984 ,
1440 3929 1488 3973 et
1531 3924 1697 3990 forma
1724 3938 1836 3976 mea
1860 3923 2036 3976 immuo

455 4017 559 4061 tata
581 4019 652 4063 est
679 4023 831 4079 super
856 4026 935 4064 me
955 4052 969 4075 ,
993 4019 1040 4064 et
1065 4011 1268 4066 verbum
1307 4012 1361 4064 in
1383 4012 1535 4066 corde
1576 4031 1685 4067 meo
1724 4017 2033 4070 conservavi.

456 4097 617 4169 (Dan.
645 4115 736 4164 vn,
763 4092 966 4171 15-28).
987 4101 1223 4169 Quatuor
1243 4102 1330 4156 illa
1351 4118 1513 4172 regna
1540 4114 1902 4173 exposuerunt
1920 4106 2037 4177 qui-

455 4189 577 4244 dam
606 4191 962 4261 Assyriorum,
993 4193 1274 4248 Persarum
1305 4235 1320 4258 ,
1349 4193 1694 4249 Macedonum
1713 4238 1728 4263 ,
1752 4206 1808 4252 et
1836 4196 2036 4254 Roma-

460 4295 668 4336 norum.
693 4281 861 4350 Quam
889 4284 1406 4338 veroconvenienter
1423 4285 1473 4339 id
1505 4283 1744 4351 fecerint,
1760 4288 1849 4356 qui
1879 4303 2037 4345 nosse

458 4369 797 4440 desiderant,
829 4372 1006 4443 legant
1053 4373 1344 4445 presbyteri
1394 4375 1700 4448 Hieronymi
1739 4377 1930 4432 librum
1983 4380 2037 4435 in

458 4463 728 4519 Danielem
756 4507 771 4531 ,
817 4465 948 4520 satis
989 4465 1270 4536 diligenter
1315 4465 1627 4538 eruditeque
1651 4471 2034 4540 conscriptum.

456 4557 770 4612 Antichristi
825 4568 997 4613 tamen
1037 4558 1292 4614 adversus
1342 4559 1637 4616 Ecclesium
1685 4563 2038 4620 saevissimum

457 4663 698 4717 regmnn,
738 4648 862 4703 licet
897 4649 1087 4720 exiguo
1115 4651 1285 4720 spatio
1317 4652 1570 4721 temporis
1617 4654 1986 4711 sustinendum
2019 4697 2036 4725 ,

459 4739 632 4794 donec
660 4739 750 4794 Dei
805 4740 993 4796 ultimo
1041 4741 1242 4812 judicio
1296 4759 1517 4815 regnum
1567 4747 1735 4800 sancti
1779 4748 2042 4817 accipiant

456 4833 874 4903 sempiternum,
905 4835 995 4906 qui
1017 4835 1097 4891 vel
1122 4835 1416 4892 dormitans
1446 4839 1561 4894 inec
1588 4839 1755 4910 legit,
1795 4839 2042 4898 dubitare

458 4941 564 4980 non
595 4927 802 4981 sinitur.
835 4925 1070 4996 Tempus
1097 4928 1292 4999 quippe
1315 4936 1369 4983 ct
1392 4936 1630 5000 tempora
1656 4935 1712 4986 et
1761 4931 2038 4988 dimidium

459 5017 739 5088 temporis,
770 5032 966 5072 annum
994 5033 1156 5072 unum
1183 5031 1303 5074 esse
1327 5028 1381 5074 et
1413 5017 1547 5074 duos
1575 5026 1631 5074 et
1649 5020 1946 5090 dimidium,
1977 5037 2041 5079 ac

461 5123 555 5177 per
571 5107 671 5162 hoc
703 5119 808 5163 tres
828 5123 997 5163 annos
1019 5118 1073 5164 et
1097 5110 1396 5174 semissem,
1416 5109 1575 5164 etiam
1598 5127 1818 5166 numero
1834 5112 2038 5168 dierum

457 5199 724 5269 posterius
748 5200 917 5269 posito
937 5199 1236 5264 dilucescit,
1277 5201 1561 5271 aliquando
1601 5201 1652 5256 in
1675 5202 1963 5273 Scripturis
1987 5216 2042 5260 et

463 5291 722 5346 mensium
751 5307 975 5347 numero
1000 5291 1320 5348 declaratur.
1347 5291 1606 5349 Videntur
1628 5295 1772 5350 enim
1800 5304 2040 5366 tempora

464 5383 736 5439 indeﬁnite
781 5383 865 5440 hic
908 5383 1049 5440 dicta
1101 5384 1278 5456 lingua
1319 5385 1513 5440 latina:
1551 5386 1646 5443 sed
1686 5401 1781 5458 per
1826 5386 2038 5444 dualem

526 5565 540 5595 ι
578 5564 714 5619 mliti,
741 5562 1036 5616 hebetudine.
1056 5566 1226 5616 verius
1238 5565 1568 5627 manuscripti,
1583 5563 1863 5618 habitudine
1885 5577 1905 5617 :
1926 5579 2042 5618 nam

460 5627 919 5700 Optlttﬁtilitllaginia
941 5641 1102 5700 [ξανθῷ
1127 5637 1219 5688 est,
1240 5627 1367 5700 ea'ei.

491 5689 712 5811 ι
731 5689 831 5738 suis
853 5689 1010 5740 nudis.
1046 5691 1210 5751 Abest,
1233 5691 1350 5752 suis,
1374 5703 1404 5741 a
1424 5693 1759 5755 atauuscriptis
1800 5697 1853 5743 et
1886 5703 1915 5742 a
1952 5699 2039 5743 se-

456 5766 994 5931 ῗὲίὲἓὶἶῖξηιουςὸᾱ.
1016 5822 1072 5866 At
1086 5816 1414 5880 manuscripti,
1425 5815 1741 5869 removebant.
1761 5825 1923 5869 Grece
1940 5825 2034 5881 est,

519 5892 530 5910 ,
675 5895 702 5930 υ
781 5915 793 5928 ,

519 5892 775 5931 ειαδιεδυιιει
781 5915 793 5928 .

1531 389 1620 446 DE
1657 383 1978 445 CIVI'I‘ATE
2016 383 2150 452 DEI,
2190 385 2252 440 S.
2287 381 2653 440 AUGUSTINI

2129 513 2408 554 numerum
2429 499 2571 555 dicta
2600 504 2722 552 sunt
2749 537 2765 564 ,
2791 510 2948 566 quem
2977 494 3124 550 latini
3161 510 3269 550 non
3311 492 3531 550 habent.
3556 493 3714 551 Sicut

2127 604 2304 649 autem
2326 592 2498 649 Graeci
2519 635 2534 658 ,
2569 592 2643 646 ita
2674 592 2814 645 hunc
2843 588 3091 645 dicuntur
3129 587 3324 643 habere
3369 598 3422 642 et
3470 588 3711 642 Hebrtei.

2128 687 2216 744 Sic
2241 701 2367 756 ergo
2418 684 2555 740 dicta
2604 693 2729 738 sunt
2774 691 3056 751 tempora,
3105 689 3353 750 tanquam
3399 679 3718 735 dicerentur

2129 781 2236 837 duo
2267 789 2522 850 tempora.
2553 776 2741 832 Vereri
2784 791 2872 831 me
2900 789 3028 830 sane
3079 773 3250 828 fateor
3277 813 3293 838 ,
3329 788 3396 827 ne
3421 773 3476 826 in
3521 771 3718 828 decem

2132 873 2364 942 regibus,
2383 884 2518 940 quos
2542 879 2790 939 tanquam
2817 867 3003 921 decem
3029 864 3270 920 homines
3303 863 3511 918 videtur
3531 864 3725 919 inven-

2136 975 2283 1021 turus
2308 963 2688 1030 Anticbristus,
2715 960 2853 1016 forte
2880 960 3157 1025 fallamur,
3180 968 3338 1028 atque
3377 960 3447 1012 ita
3470 956 3561 1010 ille
3592 957 3721 1010 ino-

2136 1059 2344 1130 pinatus
2371 1055 2660 1122 adveniat,
2716 1069 2822 1109 non
2869 1051 3224 1108 existentibus
3273 1059 3348 1105 Iot
3400 1050 3616 1119 regibus
3670 1049 3722 1102 in

2135 1152 2264 1207 orbe
2289 1150 2550 1204 Romano.
2573 1147 2709 1216 Quid
2737 1146 2880 1202 enim
2909 1147 2955 1201 si
2981 1159 3206 1200 numero
3236 1143 3336 1197 isto
3360 1141 3581 1197 denario
3604 1142 3725 1194 nni-

2135 1245 2360 1300 vcrsitas
2386 1258 2568 1314 regum
2596 1240 2888 1313 signiﬁcata
2907 1249 3013 1305 est,
3047 1247 3166 1309 post
3190 1252 3324 1308 quos
3351 1237 3441 1291 ille
3462 1246 3729 1290 venturus

2137 1347 2217 1397 est
2240 1356 2255 1399 :
2283 1339 2418 1396 sicut
2447 1336 2748 1394 milienario
2773 1381 2790 1405 ,
2816 1332 3157 1404 centenario,
3181 1331 3485 1402 septenario
3511 1330 3727 1398 signiti~

2137 1443 2286 1491 catur
2312 1434 2625 1505 plerumque
2650 1432 2987 1496 universitas,
3000 1439 3054 1485 et
3073 1430 3190 1485 aliis
3211 1438 3370 1499 atque
3392 1423 3509 1483 aliis
3536 1436 3737 1482 nume-

2139 1529 2232 1595 ris,
2256 1542 2390 1598 qnos
2418 1539 2559 1580 nunc
2585 1539 3008 1580 commemorare
3042 1537 3147 1577 non
3173 1531 3255 1576 est
3281 1521 3544 1577 necesse?

2209 1619 2264 1674 2.
2297 1618 2414 1673 Alio
2442 1618 2558 1673 loco
2588 1616 2727 1671 idem
2776 1615 2958 1669 Daniel
2985 1655 2998 1677 ε
3027 1609 3093 1667 Et
3113 1615 3243 1680 erit,
3285 1614 3456 1684 inquit
3483 1655 3499 1679 ,
3528 1623 3733 1682 tempus

2139 1709 2494 1774 tribulationis,
2526 1708 2692 1778 qualis
2717 1723 2818 1760 non
2839 1707 2934 1776 fuit
2958 1722 3020 1760 ea:
3042 1722 3141 1776 quo
3169 1715 3289 1759 nata
3314 1717 3386 1760 est
3412 1722 3536 1774 gens
3571 1720 3735 1772 super

2140 1816 2503 1876 terramusque
2520 1803 2588 1857 ad
2613 1813 2806 1874 tempus
2826 1799 2977 1855 illud.
3004 1799 3072 1852 Et
3095 1800 3148 1852 in
3186 1805 3410 1867 tempore
3433 1794 3525 1849 illo
3555 1793 3734 1848 salva-

2139 1899 2273 1952 bitur
2295 1895 2514 1967 pOpulus
2535 1905 2651 1948 tuus
2677 1894 2840 1947 omnis
2865 1892 2953 1962 qui
2991 1892 3218 1945 inventus
3243 1889 3392 1958 fuerit
3421 1887 3643 1956 scriptus
3676 1887 3733 1938 in

2141 1990 2290 2045 libro.
2309 1987 2378 2042 Et
2407 1987 2552 2042 multi
2573 1985 2927 2040 dormientium
2951 1983 3006 2036 in
3027 1992 3175 2036 terrte
3199 1997 3384 2051 aggere
3407 1987 3681 2048 exsurgent
3712 1991 3731 2030 :

2141 2083 2194 2136 Ιιὶ
2218 2082 2271 2135 in
2294 2083 2447 2134 vitam
2470 2090 2710 2134 teternam
2734 2117 2750 2144 ,
2781 2086 2830 2130 et
2858 2075 2914 2129 lii
2934 2076 2987 2128 in
3021 2074 3349 2146 opprobrium
3392 2081 3436 2127 et
3463 2071 3516 2124 in
3542 2069 3733 2142 confu-

2139 2175 2331 2228 sionem
2343 2182 2602 2227 (sternam.
2638 2169 2706 2223 Et
2724 2169 3054 2239 intelligentes
3083 2166 3342 2236 fulgebunt
3359 2164 3487 2218 sicut
3513 2163 3733 2216 claritas

2141 2265 2489 2336 ﬁrmamenti,
2513 2273 2559 2318 et
2582 2278 2645 2317 ex
2677 2262 2837 2333 justis
2885 2259 3030 2313 multi
3076 2261 3204 2311 sicut
3229 2256 3391 2311 stellae
3432 2256 3485 2308 in
3531 2255 3729 2309 stecula

2144 2357 2306 2430 (Dan.
2331 2372 2424 2422 xu,
2480 2355 2621 2424 1-5).
2655 2355 2721 2409 Et
2761 2352 2935 2407 adhuc
2967 2351 3244 2406 sententiae
3273 2348 3349 2403 illi
3401 2345 3730 2416 evangelica:

2139 2461 2225 2508 est
2253 2453 2401 2506 locus
2439 2450 2540 2504 iste
2566 2447 2872 2504 simillimus
2892 2485 2908 2510 ,
2938 2444 3004 2499 de
3026 2441 3420 2498 resurrectione
3460 2438 3731 2493 duntaxat

2141 2553 2472 2599 mortuorum
2493 2555 2799 2612 corporum.
2817 2537 2950 2594 Nam
2972 2537 3062 2608 qui
3093 2535 3200 2590 illic
3224 2533 3351 2589 dicti
3371 2541 3495 2586 sunt
3519 2545 3642 2586 esse
3672 2529 3732 2584 in

2140 2638 2495 2702 monumentis,
2529 2635 2628 2707 ipsi
2649 2634 2736 2690 hic
2765 2632 3065 2688 dormientes
3096 2631 3150 2683 in
3181 2639 3328 2683 teme
3347 2640 3562 2697 aggere;
3588 2624 3676 2681 vel
3707 2665 3726 2690 ,

2139 2733 2277 2806 sicut
2303 2731 2391 2786 alii
2435 2728 2768 2799 interpretati
2794 2735 2956 2794 sunt,
2984 2726 3210 2780 interra:
3238 2723 3458 2793 pulvere.
3482 2707 3551 2774 Et
3585 2720 3731 2774 sicut

2139 2823 2212 2878 ibi
2235 2863 2251 2890 ,
2276 2822 2546 2893 precedent
2571 2860 2588 2887 ,
2609 2819 2811 2874 dictum
2836 2826 2958 2884 est;
2991 2817 3062 2871 ita
3109 2815 3194 2870 hic
3217 2854 3231 2879 ,
3258 2821 3543 2882 exsurgent.
3573 2809 3731 2866 Sicut

2138 2915 2234 2984 ibi,
2265 2915 2365 2983 Qui
2392 2915 2522 2968 bona
2541 2917 2786 2984 fecerunt,
2812 2913 2865 2966 in
2890 2908 3300 2966 resurrectionem
3319 2906 3433 2960 vitta
3461 2921 3481 2968 ',
3507 2904 3594 2975 qui
3620 2919 3725 2956 au-

2141 3017 2239 3062 tem
2266 3009 2401 3062 mala
2430 3014 2657 3079 egerunt,
2687 3006 2742 3060 in
2757 3003 3170 3060 resurrectionem
3183 2999 3410 3070 judicii;
3440 2998 3510 3051 ita
3537 3005 3592 3051 et
3611 2995 3723 3049 isto

2143 3101 2262 3156 loco
2281 3141 2297 3167 ,
2330 3099 2401 3154 Hi
2427 3099 2653 3154 invitam
2673 3107 2912 3153 internum
2932 3136 2948 3162 ,
2976 3104 3024 3148 et
3073 3093 3126 3146 hi
3161 3092 3214 3145 in
3243 3089 3569 3160 opprobrium
3593 3096 3642 3140 et
3664 3087 3726 3140 in

2139 3195 2486 3268 confusionem
2504 3204 2745 3249 aeternam
2771 3190 2950 3264 (Joan.
2972 3204 3024 3255 v,
3045 3187 3138 3255 28,
3159 3185 3276 3256 29).
3299 3183 3415 3239 Non
3439 3190 3611 3237 autem
3638 3181 3725 3235 di-

2140 3303 2352 3345 versum
2385 3293 2616 3356 putetur,
2645 3282 2786 3354 quod
2814 3295 2934 3336 cum
2967 3279 3037 3334 ibi
3064 3278 3294 3348 positum
3314 3276 3403 3341 sit,
3429 3273 3608 3328 Omnes
3628 3271 3726 3344 qui

2136 3389 2254 3439 sunt
2279 3381 2334 3434 in
2360 3379 2693 3434 monumentis
2716 3417 2731 3440 ,
2763 3374 2851 3430 hic
2887 3387 2994 3429 non
3036 3371 3110 3426 ait
3157 3370 3442 3440 Propheta,
3487 3367 3723 3432 Omnes;

2139 3473 2268 3540 sed,
2301 3470 2456 3526 Multi
2483 3469 2839 3524 dormientium
2887 3467 2941 3520 in
2971 3474 3116 3519 terra:
3153 3477 3353 3535 aggere.
3390 3459 3547 3516 Ponit
3574 3458 3725 3513 enim

2138 3563 2422 3636 aliquando
2465 3561 2735 3632 Scriptura
2793 3573 2889 3629 pro
2937 3557 3186 3612 omnibus
3230 3555 3448 3610 multos.
3493 3550 3726 3622 Propte-

2141 3671 2233 3714 rea
2272 3665 2327 3711 et
2377 3654 2605 3710 Abrahm
2633 3653 2830 3708 dictum
2878 3660 3000 3719 est,
3029 3651 3239 3706 Patrem
3286 3650 3560 3704 multarum
3593 3663 3724 3718 gen-

2139 3751 2267 3806 tium
2294 3747 2440 3818 posui
2467 3755 2514 3820 te
2534 3763 2553 3811 ;
2574 3745 2660 3800 cui
2687 3754 2863 3800 tamen
2889 3743 2993 3799 alio
3012 3743 3155 3810 loco,
3185 3740 3252 3796 In
3280 3742 3486 3805 semine,
3517 3739 3722 3810 inquit,

2140 3851 2228 3896 tuo
2247 3840 2596 3896 benedicentur
2622 3853 2793 3892 omnes
2816 3845 2984 3908 gentes
3015 3834 3166 3907 (Gen.
3199 3849 3326 3901 xvn,
3350 3834 3412 3897 5;
3446 3846 3572 3897 χιιι,
3603 3830 3722 3900 18).

2140 3934 2216 3989 De
2245 3933 2335 3989 tali
2355 3939 2532 3988 autem
2572 3929 2962 3986 resurrectione
2984 3927 3106 3983 huic
3125 3941 3332 3997 quoque
3363 3925 3461 3995 ipsi
3489 3922 3723 3993 prophe-

2140 4033 2209 4080 ta:
2235 4023 2438 4078 Danieli
2467 4021 2624 4092 paulo
2645 4028 2765 4091 post
2791 4018 3011 4074 dicitur:
3031 4018 3096 4072 Et
3121 4027 3175 4072 tu
3201 4019 3331 4084 veni,
3358 4025 3404 4071 et
3427 4016 3680 4086 requiesce
3699 4029 3722 4069 :

2140 4115 2306 4169 adhuc
2331 4115 2464 4168 enim
2505 4113 2611 4168 dies
2638 4115 2691 4168 in
2721 4111 3099 4181 completionent
3143 4107 3585 4164 consummationis
3612 4121 3634 4170 ;
3671 4113 3721 4159 et

2140 4209 2439 4280 requiesces,
2463 4219 2510 4262 et
2539 4223 2766 4279 resurges
2789 4206 2842 4261 in
2869 4215 3000 4262 sorte
3027 4214 3115 4259 tua
3139 4205 3192 4258 in
3211 4204 3314 4273 ﬁne
3337 4203 3531 4257 dierum
3548 4201 3718 4272 (Dan.

2143 4316 2242 4366 xu,
2275 4301 2390 4372 43).
2505 4347 2519 4360 ,

2142 4393 2366 4450 CAPUT
2414 4391 2642 4448 XlV.-—
2679 4390 2750 4446 In
2797 4389 3021 4446 Psalmis
3060 4388 3320 4443 Duvidicis
3355 4403 3467 4458 qua
3505 4387 3569 4441 de
3619 4387 3727 4455 ﬁne

2177 4486 2350 4541 sceculi
2376 4486 2530 4557 hujus
2575 4494 2621 4538 et
2647 4484 2917 4538 novissimo
2943 4481 3039 4536 Dei
3069 4481 3269 4553 judicio
3299 4481 3680 4551 prOphetentur.

2215 4580 2267 4634 1.
2300 4580 2460 4634 Multa
2489 4579 2557 4635 de
2573 4577 2772 4647 judicio
2799 4576 3086 4630 novissimo
3121 4576 3370 4630 dicuntur
3395 4575 3446 4629 in
3472 4573 3720 4640 Psalmis,

2143 4673 2239 4731 sed
2284 4688 2467 4730 eorum
2517 4672 2666 4741 plura
2693 4678 3026 4726 transeunter
3052 4679 3106 4724 et
3129 4667 3373 4724 strictim.
3403 4667 3516 4723 Hoc
3543 4677 3722 4721 tamen

2143 4765 2285 4838 quod
2314 4763 2379 4819 de
2407 4763 2512 4819 ﬁne
2530 4762 2690 4833 hujus
2710 4762 2888 4817 smculi
2914 4761 3252 4830 apertissime
3273 4759 3470 4815 dictum
3500 4766 3582 4813 est
3611 4757 3720 4823 ibi,

2144 4871 2477 4928 nequaquam
2517 4855 2729 4910 silentio
2781 4839 3085 4924 praeteribo.
3117 4850 3382 4922 Principio
3426 4859 3609 4904 terram
3666 4859 3721 4901 tu

2145 4949 2392 5023 fundasti,
2425 4947 2659 5013 Dontine,
2680 4956 2729 5000 et
2757 4961 2912 5014 opera
2946 4959 3191 4997 manuum
3220 4951 3420 4996 tuarum
3442 4951 3556 4994 sunt
3584 4937 3719 4993 cadi.

2144 5040 2259 5112 Ipsi
2313 5039 2565 5112 peribunt,
2595 5046 2648 5091 tu
2673 5046 2838 5091 autem
2868 5052 3128 5106 permanes
3163 5049 3183 5089 :
3225 5043 3272 5090 et
3301 5049 3472 5088 omnes
3496 5033 3623 5086 sicut
3651 5048 3726 5086 re-

2145 5134 2432 5189 stimentum
2457 5139 2780 5194 veterascent,
2813 5140 2858 5184 et
2881 5130 3008 5183 sicut
3035 5128 3342 5198 opertorium
3371 5125 3582 5181 mutabis
3608 5141 3722 5191 eos,

2145 5237 2191 5282 et
2220 5226 2547 5280 mutabuntur
2571 5241 2591 5290 ,°
2613 5232 2667 5278 tu
2692 5233 2860 5278 autent
2886 5224 3019 5277 idem
3046 5223 3154 5292 ipse
3183 5237 3264 5287 es,
3287 5231 3334 5275 et
3352 5221 3474 5274 anni
3501 5221 3575 5274 tui
3618 5237 3723 5274 non

2144 5320 2378 5389 deﬁcient
2411 5316 2581 5390 (Psal.
2603 5332 2674 5383 Cl,
2695 5315 2906 5388 26-28).
2938 5316 3072 5384 Quid
3100 5324 3184 5370 est
3206 5314 3348 5385 quod
3375 5312 3721 5384 Porphyrius,

2142 5428 2264 5470 cum
2291 5413 2541 5483 pietatem
2594 5411 2772 5466 laudet
2826 5410 3169 5466 Hebraeorum
3200 5452 3214 5476 ,
3255 5425 3356 5479 qua
3409 5423 3626 5477 magnus
3669 5415 3725 5462 ct

2143 5520 2303 5561 verus
2328 5512 2383 5559 et
2409 5503 2540 5574 ipsis
2557 5501 2862 5558 numinibus
2885 5500 3137 5558 terribilis
3154 5501 3221 5557 ab
3240 5501 3318 5556 eis
3343 5500 3536 5555 colitur
3557 5499 3722 5563 Deus,

2142 5599 2473 5655 Christianos
2497 5598 2566 5654 ob
2592 5597 2695 5652 hoc
2736 5597 2910 5667 arguit
2953 5596 3201 5651 maxima:
3241 5593 3478 5650 stultitia:
3501 5631 3517 5657 ,
3557 5591 3722 5646 etiam

2145 5708 2216 5750 ex
2259 5692 2490 5748 oraculis
2531 5690 2754 5746 deorum
2790 5703 3046 5754 suorum,
3090 5686 3232 5758 quod
3280 5687 3437 5741 istum
3467 5681 3723 5738 mundum

2143 5787 2325 5843 dicunt
2354 5799 2472 5840 esse
2503 5783 2793 5853 periturum
2829 5781 2951 5852 (a)?
2994 5781 3132 5838 Ecce
3188 5781 3240 5836 in
3280 5778 3466 5835 litteris
3511 5775 3723 5847 pietatis

2207 5879 2282 5943 (a)
2315 5878 2430 5928 vide
2452 5890 2612 5941 supra,
2641 5877 2724 5927 lib.
2747 5876 2822 5938 19,
2838 5888 2941 5940 cap.
2969 5873 3045 5924 25.
