4062 6490
263 406 364 465 69⁷

262 523 612 580 Hebraeorum
636 521 832 578 dicitur
855 520 966 576 Deo
987 561 1002 587 ,
1030 533 1187 591 quem
1227 520 1516 577 conﬁtente
1545 528 1690 576 tanto
1717 519 1843 590 phi-

261 613 519 685 losopho,
574 613 736 669 etiam
768 613 883 683 ipsa
921 611 1139 666 numina
1187 611 1627 682 perhorrescunt,
1677 610 1846 680 Opera

258 723 500 761 manuum
545 715 749 760 tuarum
791 713 908 758 sunt
927 702 1038 757 caeli
1073 744 1089 767 ,
1127 703 1225 774 ipsi
1254 704 1503 774 peribunt.
1556 701 1842 773 Numquid,

257 797 472 868 quando
515 797 640 853 caeli
689 795 979 867 peribunt,
1025 794 1294 858 mundus,
1337 794 1490 864 cujus
1520 794 1681 850 iidem
1722 793 1845 850 caeli

257 890 506 960 superior
537 904 662 960 pars
689 898 771 943 est
791 889 984 953 tutior,
1009 901 1114 941 non
1145 886 1382 956 peribit?
1407 885 1463 942 Si
1491 886 1605 942 haec
1629 893 1845 942 senten-

259 983 325 1036 tia
353 981 477 1036 Jovi
508 981 791 1049 displicet,
823 977 1010 1048 cujus,
1044 987 1103 1033 ut
1129 978 1314 1032 scribit
1345 977 1444 1032 iste
1475 976 1841 1047 philosophus,

257 1073 404 1128 velut
429 1071 694 1141 gravioris
719 1069 1050 1125 auctoritatis
1081 1069 1298 1124 oraculo
1327 1069 1378 1122 in
1429 1068 1843 1123 christianorum

246 1155 580 1221 credulitate
606 1163 884 1232 culpatur;
917 1176 1014 1216 cur
1041 1176 1146 1216 non
1195 1160 1444 1215 similiter
1489 1160 1803 1228 sapientiam
1827 1199 1844 1225 ,

260 1265 516 1326 tanquam
545 1255 822 1310 stultitiam
847 1295 863 1319 ,
905 1253 1084 1322 culpat
1115 1251 1462 1307 Hebraeorum
1481 1293 1495 1315 ,
1537 1251 1590 1305 in
1619 1265 1847 1320 quorum

254 1347 406 1402 libris
438 1346 696 1418 piissimis
749 1344 1056 1400 invenitur?
1104 1344 1270 1399 Porro
1320 1343 1365 1398 si
1410 1342 1461 1396 in
1490 1343 1578 1397 illa
1631 1342 1846 1412 sapien-

258 1439 325 1492 tia
358 1439 401 1502 ¹,
433 1454 557 1507 qua:
585 1437 886 1508 Porphyrio
934 1445 1042 1492 tam
1088 1435 1313 1490 multum
1371 1435 1578 1505 placet,
1621 1442 1681 1489 ut
1727 1448 1847 1489 eam

253 1529 481 1584 deorum
527 1545 738 1600 quoque
782 1543 1003 1584 suorum
1028 1522 1250 1583 vocibus
1299 1528 1596 1598 praedicet,
1652 1527 1847 1598 legitur

253 1625 426 1679 caelos
450 1639 575 1679 esse
614 1625 915 1694 perituros;
948 1638 1044 1678 cur
1091 1637 1259 1692 usque
1285 1621 1420 1678 adeo
1439 1637 1574 1676 vana
1617 1630 1703 1676 est
1745 1619 1848 1675 ista

256 1717 487 1782 fallacia,
519 1726 578 1770 ut
607 1716 659 1771 in
705 1716 808 1771 ﬁde
833 1715 1258 1771 Christianorum
1279 1756 1295 1781 ,
1323 1715 1406 1770 vel
1453 1715 1592 1769 inter
1619 1720 1810 1768 cmtera
1829 1752 1845 1778 ,

255 1808 335 1861 vel
362 1824 472 1876 pra:
500 1809 711 1862 exteris
736 1807 838 1862 hoc
866 1807 1218 1871 detestentur,
1239 1805 1380 1876 quod
1405 1807 1459 1860 in
1479 1821 1542 1862 ea
1579 1805 1848 1875 periturus

257 1899 500 1954 creditur
527 1899 755 1954 mundus
787 1941 802 1965 ,
829 1914 935 1969 quo
983 1898 1162 1968 utique
1193 1899 1290 1952 nisi
1344 1905 1566 1968 perunte
1593 1896 1712 1953 cosli
1742 1910 1848 1950 non

256 2001 484 2062 possunt
531 1991 744 2062 perire?
772 1991 841 2046 Et
887 1991 941 2046 in
968 1991 1184 2046 Litteris
1222 1990 1435 2060 quidem
1478 1989 1684 2054 sacris,
1729 2001 1850 2058 qua

255 2087 474 2155 pr0prie
498 2094 697 2139 nostra:
724 2092 868 2148 sunt,
901 2099 1006 2138 non
1037 2083 1275 2139 Hebraeis
1303 2082 1561 2153 nobisque
1607 2095 1850 2136 commu-

257 2193 354 2232 nes
372 2217 388 2241 ,
416 2177 468 2232 id
488 2185 594 2245 est,
626 2179 678 2232 in
704 2177 1024 2248 evangelicis
1043 2186 1097 2232 et
1125 2175 1432 2245 apostolicis
1460 2175 1610 2229 libris
1635 2173 1846 2244 legitur,

257 2267 501 2324 Prteterit
531 2269 699 2340 ﬁgura
726 2269 880 2340 hujus
904 2267 1082 2322 mundi
1126 2266 1171 2336 (l
1199 2267 1318 2321 Cor.
1353 2281 1446 2332 vn,
1473 2266 1564 2336 51)
1589 2281 1604 2320 :
1639 2263 1848 2334 legitur,

260 2359 494 2415 Mundus
523 2362 704 2415 transit
753 2359 797 2430 (l
816 2359 973 2414 Joan.
1020 2376 1092 2427 tt,
1127 2359 1214 2430 17)
1251 2378 1264 2414 :
1297 2360 1486 2429 legitur
1515 2399 1531 2426 ,
1570 2356 1763 2412 Cwlnm
1805 2365 1852 2410 et

258 2463 400 2507 terra
427 2452 713 2508 transibunt
743 2492 760 2520 ,
812 2450 1024 2522 (Matth.
1054 2466 1162 2506 xxtt
1187 2491 1204 2517 ,
1244 2451 1359 2520 55).
1393 2448 1500 2505 Sed
1543 2458 1668 2517 puto
1707 2446 1852 2518 quod

259 2547 506 2616 praterit,
557 2544 758 2610 transit,
813 2543 1120 2610 transibunt,
1171 2541 1452 2612 aliquando
1490 2541 1670 2594 mitius
1711 2539 1851 2594 dicta

256 2648 390 2695 sunt
417 2679 438 2704 ,
475 2652 635 2707 quam
696 2636 945 2707 peribunt.
994 2635 1052 2690 ln
1127 2633 1360 2704 Epistola
1419 2647 1632 2704 quoque
1709 2631 1852 2687 Petri

257 2731 518 2803 apostoli,
551 2729 640 2785 ubi
665 2745 800 2800 aqua
839 2727 1124 2784 inundatos
1151 2769 1167 2794 ,
1191 2726 1283 2797 qui
1307 2736 1432 2783 tunc
1453 2733 1568 2781 erat
1599 2767 1616 2792 ,
1648 2724 1853 2795 perisse

259 2824 444 2879 dictus
472 2833 553 2878 est
572 2822 802 2877 mundus
833 2821 902 2892 (ll
935 2819 1081 2876 Petr.
1112 2835 1192 2886 ut,
1219 2819 1297 2889 6),
1326 2818 1454 2873 satis
1494 2817 1698 2872 clarum
1729 2823 1809 2871 est
1833 2855 1850 2881 ,

257 2928 324 2974 et
348 2933 468 2988 quae
491 2932 612 2987 pars
641 2917 825 2971 mundi
851 2932 882 2970 a
908 2925 1018 2970 toto
1046 2913 1362 2984 signiﬁcata,
1389 2920 1444 2967 et
1467 2919 1730 2982 quatenus
1758 2924 1852 2979 pe-

257 3010 407 3065 risse
437 3009 573 3064 dicta
602 3009 687 3075 sit,
734 3016 788 3062 et
812 3007 902 3078 qui
929 3005 1050 3062 εωιί
1080 3005 1295 3075 repositi
1332 3003 1437 3071 igni
1466 2999 1773 3057 reservandi
1799 3001 1851 3055 in

258 3100 414 3156 diem
431 3099 612 3170 judicii
644 3108 696 3154 et
728 3097 1040 3170 perditionis
1065 3096 1338 3150 hominum
1372 3093 1675 3163 impiorum.
1709 3090 1774 3145 Et
1799 3090 1852 3144 in

256 3208 339 3250 eo
362 3192 503 3264 quod
527 3192 684 3263 paulo
713 3201 834 3262 post
859 3191 972 3258 ait,
1010 3189 1185 3245 Veniet
1214 3189 1322 3243 dies
1353 3185 1560 3240 Domini
1586 3194 1640 3238 ut
1666 3189 1772 3256 fur,
1801 3184 1854 3238 in

255 3302 370 3359 quo
397 3285 506 3338 cadi
535 3301 718 3355 magno
753 3286 943 3354 impetu
969 3288 1344 3347 transcurrent,
1397 3279 1644 3333 elementa
1687 3286 1854 3330 autent

254 3377 506 3432 ardentia
531 3393 558 3430 r
584 3375 863 3443 solventur,
891 3384 938 3429 et
969 3384 1124 3438 terra,
1142 3381 1187 3426 et
1212 3387 1324 3443 qua:
1350 3371 1402 3424 in
1417 3373 1528 3441 ipsa
1553 3377 1670 3422 sunt
1700 3383 1856 3437 Opera

253 3479 576 3533 curentur;
603 3483 665 3524 ac
684 3468 877 3524 deinde
905 3467 1135 3538 subjecit
1162 3507 1177 3532 ,
1208 3463 1258 3518 II
1267 3466 1310 3519 is
1359 3462 1590 3517 omnibus
1639 3476 1856 3533 pereun-

257 3561 406 3615 tibus
433 3561 602 3632 quales
629 3569 822 3630 oportet
852 3576 936 3614 vos
975 3575 1081 3612 esse
1120 3556 1282 3631 (Ibid.
1322 3555 1387 3611 l0
1418 3595 1435 3623 ,
1462 3554 1594 3625 ll)?
1635 3561 1857 3624 possunt

256 3653 357 3711 illi
400 3653 520 3709 etnli
563 3653 783 3723 intelligi
815 3651 1035 3722 perituri
1067 3693 1082 3717 ,
1111 3664 1246 3721 quos
1275 3646 1409 3702 dixit
1446 3645 1707 3716 repositos
1750 3643 1856 3714 igni

255 3746 621 3804 reservandus
641 3766 656 3812 ;
676 3755 732 3802 et
751 3760 813 3803 ea
830 3747 1094 3802 elementa
1119 3741 1285 3811 accipi
1315 3754 1520 3804 arsura,
1548 3754 1665 3808 quae
1683 3737 1733 3791 in
1757 3738 1856 3790 hac

255 3841 385 3898 ima
410 3840 585 3895 mundi
607 3849 757 3912 parte
777 3838 1074 3893 subsistunt
1111 3833 1406 3906 procellosa
1433 3840 1490 3886 et
1515 3829 1816 3885 turbulenta
1835 3869 1850 3892 ,

256 3934 329 3990 in
361 3947 462 4003 qua
481 3933 692 3988 eosdem
722 3931 892 3987 ctelos
911 3929 1047 3985 dixit
1075 3941 1194 3983 esse
1210 3923 1474 3995 repositos
1497 3963 1514 3990 ,
1557 3919 1717 3975 salvis
1752 3918 1858 3975 illis

253 4023 640 4096 superioribus
671 4066 686 4090 ,
715 4032 770 4078 et
817 4023 868 4077 in
896 4037 990 4076 sua
1030 4021 1330 4092 integritate
1380 4012 1751 4078 manentibus,
1802 4011 1857 4066 in

255 4131 506 4188 quorum
533 4115 868 4171 ﬁrmamento
901 4119 1028 4168 sunt
1073 4111 1248 4166 sidera
1296 4107 1600 4163 constituta.
1635 4103 1766 4159 Nam
1804 4113 1858 4158 et

254 4207 410 4265 illud
432 4207 570 4278 quod
593 4208 846 4278 scriptum
867 4215 951 4261 est
972 4246 989 4273 ,
1016 4203 1206 4259 stellas
1230 4201 1299 4256 de
1327 4199 1466 4255 ctelo
1489 4212 1610 4253 esse
1637 4211 1858 4252 casuras

253 4297 493 4372 (Hatth.
521 4313 645 4354 xxiv
668 4340 684 4366 ,
709 4296 805 4370 29)
829 4337 845 4363 ,
872 4304 1071 4368 praeter
1094 4292 1236 4365 quod
1269 4298 1443 4362 potest
1468 4289 1638 4345 multo
1663 4288 1858 4360 proba-

256 4391 440 4448 bilius
469 4395 522 4447 et
545 4391 700 4446 aliter
717 4388 958 4458 intelligi,
982 4385 1152 4457 magis
1176 4381 1411 4440 ostendit
1437 4395 1719 4436 mansuros
1737 4394 1860 4434 esse

254 4485 402 4542 illos
422 4483 584 4538 ctelos
613 4483 694 4538 :si
724 4491 904 4537 tamen
930 4479 1096 4535 stella:
1147 4477 1269 4533 inde
1297 4491 1501 4532 casura:
1537 4482 1692 4538 sunt;
1735 4487 1859 4528 cum

255 4575 360 4631 vel
385 4574 584 4644 tropica
611 4574 680 4628 sit
705 4573 902 4627 locutio
925 4612 942 4640 ,
973 4567 1117 4641 quod
1168 4576 1250 4623 est
1289 4565 1622 4628 credibilius,
1663 4561 1750 4616 vel
1805 4561 1860 4615 in

256 4669 383 4724 isto
415 4667 522 4720 imo
564 4665 702 4720 cado
729 4663 962 4718 futurum
1009 4662 1136 4728 sit',
1166 4660 1344 4729 utique
1374 4655 1669 4712 mirabilius
1698 4665 1858 4723 quam

257 4773 424 4817 nunc
462 4757 540 4812 ﬁt.
572 4756 724 4813 Unde
748 4765 803 4812 et
829 4756 916 4810 illa
945 4754 1232 4824 Virgiliana

400 4870 546 4922 Stella
570 4869 724 4922 facem
745 4871 932 4920 ducens
952 4866 1102 4919 multa
1123 4880 1235 4918 cum
1257 4865 1368 4917 luce
1391 4864 1635 4924 cucurrit,

253 4971 322 5018 et
352 4957 488 5014 Idma
513 4974 571 5024 se
599 4957 836 5013 condidit
856 4958 987 5010 silva
1013 4953 1252 5023 (ίΕηεὶά.
1276 4951 1366 5008 lib.
1389 4967 1422 5006 tt
1443 4992 1460 5016 ,
1494 4967 1542 5004 υ.
1561 4949 1684 5015 69b,
1708 4944 1858 5016 696.)

256 5053 392 5109 Hoc
421 5057 593 5104 autem
638 5049 776 5120 quod
819 5047 889 5104 de
929 5047 1142 5102 Psalmo
1181 5041 1614 5110 commemoravi,
1661 5039 1864 5094 nullum

255 5143 540 5200 calorum
580 5140 790 5196 videtur
835 5139 1177 5207 relinquere,
1223 5134 1364 5205 quod
1403 5134 1694 5204 periturum
1743 5143 1863 5184 esse

254 5249 384 5292 non
416 5231 627 5288 dixerit.
659 5231 757 5288 Ubi
780 5231 923 5286 enim
950 5229 1164 5296 dicitur,
1197 5225 1366 5300 Opera
1386 5241 1627 5280 manuum
1664 5233 1865 5278 tuarum

253 5335 392 5384 sunt
423 5325 553 5392 caeli,
583 5325 680 5395 ipsi
702 5324 966 5393 peribunt;
993 5337 1152 5393 quam
1179 5320 1378 5375 nullum
1405 5332 1590 5373 eorum
1609 5316 1676 5371 ab
1701 5331 1865 5386 opere

257 5418 395 5481 Dei,
449 5424 551 5470 tam
579 5415 780 5469 nullum
815 5430 1001 5470 eorum
1023 5429 1054 5468 a
1082 5411 1376 5484 perditione
1400 5408 1716 5464 secernitur.
1749 5406 1864 5461 Non

256 5511 424 5570 enim
447 5510 802 5581 dignabuntur
828 5508 896 5564 de
920 5508 1063 5563 Petri
1090 5505 1314 5577 apostoli
1348 5504 1636 5570 locutione,
1668 5517 1829 5573 quem
1845 5500 1866 5532 ³

257 5606 628 5664 vehementer
680 5605 938 5672 oderunt,
988 5601 1333 5658 Hebrmorum
1402 5595 1691 5653 defendere
1752 5595 1866 5666 pie-

344 5780 364 5814 ί
401 5780 538 5844 aditi,
564 5750 799 5844 sapientia
819 5780 1125 5844 Judteorum.
1142 5775 1628 5844 Abest,_._ludteorum,
1652 5785 1680 5824 a
1696 5778 1807 5822 Mss.

341 5845 369 5905 ξ
398 5843 503 5894 Sola
525 5837 680 5897 editio
702 5852 831 5900 Lov.,
851 5844 1067 5905 futurum
1082 5839 1145 5893 sit

340 5904 372 5942 ⁸
396 5905 623 5971 Plerique
643 5913 774 5966 us,
796 5904 959 5965 quant.

1573 402 1774 461 LIBER
1812 401 2188 462 VlGESlMUS.

1953 527 2156 587 tatem,
2207 519 2431 578 deorum
2487 533 2705 577 suorum
2754 520 2986 577 oraculis
3043 519 3430 592 approbatam;
3475 532 3530 580 ut

1954 614 2140 669 saltem
2170 629 2238 668 ne
2267 622 2409 668 totus
2436 613 2664 670 mundus
2693 614 2960 684 periturus
2992 628 3111 669 esse
3157 615 3424 681 credatur,
3458 617 3532 671 sic

1951 717 2116 762 atoto
2141 723 2263 778 pars
2291 709 2597 778 accipiatur,
2642 711 2693 764 in
2740 725 2806 764 eo
2851 710 2992 780 quod
3035 710 3235 766 dictum
3283 720 3382 776 cst,
3426 712 3536 781 Ipsi

1951 801 2203 868 peribunt,
2235 815 2356 855 cum
2385 801 2484 855 soli
2504 801 2626 856 coeli
2666 801 2830 856 inﬁmi
2855 803 2962 857 sint
2991 803 3245 872 perituri;
3276 804 3534 874 quemad.

1951 891 2168 946 modum
2201 892 2253 946 in
2288 893 2578 961 apostolica
2609 893 2694 947 illa
2727 893 2963 962 Epistola
2987 910 3019 950 a
3045 903 3155 950 toto
3186 911 3309 966 pars
3337 898 3534 967 accipi-

1953 991 2058 1050 tur,
2091 983 2231 1053 quod
2257 983 2457 1038 diluvio
2481 984 2684 1053 perisse
2707 984 2879 1039 dictus
2923 994 3006 1041 est
3052 987 3302 1053 mundus,
3345 1003 3533 1057 quam-

1951 1075 2032 1128 vis
2074 1075 2184 1128 sola
2209 1074 2326 1144 ejus
2365 1089 2485 1129 cum
2514 1075 2626 1129 suis
2653 1076 2802 1130 ctelis
2844 1091 2963 1144 pars
3003 1079 3104 1131 ima
3153 1078 3392 1148 perierit.
3424 1077 3529 1132 Sed

1952 1163 2074 1233 quia
2127 1163 2260 1232 hoc,
2313 1174 2369 1219 ut
2412 1164 2540 1229 dixi,
2589 1179 2693 1220 non
2744 1165 3118 1234 dignabuntur,
3165 1183 3232 1223 tte
3271 1169 3354 1223 vel
3399 1183 3532 1239 apo-

1952 1256 2074 1310 stoli
2114 1256 2254 1310 Petri
2296 1257 2593 1327 approbent
2613 1272 2828 1311 sensum
2871 1257 2956 1312 vel
2997 1267 3199 1312 tantum
3241 1259 3536 1314 concedant

1953 1347 2352 1417 conﬁagrationi
2381 1349 2703 1416 novissimae,
2749 1358 3002 1418 quantum
3041 1349 3266 1403 dicimus
3304 1349 3533 1404 valuisse

1952 1437 2230 1504 diluvium,
2260 1439 2351 1510 qui
2376 1439 2533 1494 nullis
2557 1441 2726 1510 aquis,
2746 1441 2906 1494 nullis
2936 1440 3162 1495 ﬂammis
3185 1450 3349 1495 totum
3367 1456 3534 1510 genus

1954 1527 2242 1584 humanum
2283 1545 2437 1599 posse
2464 1533 2633 1600 perire
2661 1531 2988 1586 contendunt
3019 1550 3032 1586 :
3060 1540 3224 1586 restat
3252 1541 3308 1585 ut
3336 1532 3530 1596 dicant,

1952 1619 2093 1689 quod
2130 1631 2407 1690 propterea
2453 1621 2528 1675 dii
2563 1636 2745 1676 eorum
2779 1621 3056 1677 llebmam
3085 1623 3398 1692 sapientiam
3427 1622 3538 1676 lau-

1953 1709 2213 1766 daverunt
2241 1753 2257 1775 ,
2279 1713 2401 1781 quia
2432 1713 2590 1766 istum
2611 1713 2878 1768 Psalmum
2904 1727 3012 1768 non
3044 1714 3301 1784 legerant.

2025 1806 2082 1857 2.
2110 1803 2165 1858 ln
2197 1804 2408 1859 Psalmo
2438 1805 2596 1860 etiam
2636 1804 3040 1875 quadragesimo
3068 1821 3210 1861 nono
3229 1807 3297 1861 de
3337 1806 3537 1876 judicio

1957 1895 2052 1952 Dei
2092 1897 2382 1951 novissimo
2442 1897 2752 1966 intelligitur
2797 1897 3032 1963 dictum,
3071 1897 3209 1952 Deus
3245 1900 3539 1969 manifestus

1956 1989 2132 2055 ueniet,
2165 1989 2300 2044 Deus
2341 2000 2527 2054 noster,
2549 1999 2596 2043 et
2625 2006 2727 2044 non
2768 1990 2952 2045 silebit.
2997 1989 3140 2061 Ignis
3179 1992 3233 2044 in
3269 2001 3538 2061 conspectu

1955 2082 2065 2152 ejus
2111 2081 2338 2147 ardebit,
2378 2093 2426 2135 et
2467 2081 2519 2136 in
2552 2083 2818 2136 circumitu
2874 2084 2983 2152 ejus
3031 2092 3297 2152 tempestas
3345 2084 3534 2138 valida.

1954 2173 2227 2228 Advocabit
2253 2174 2432 2228 caelum
2458 2190 2676 2240 sursum,
2706 2185 2753 2228 et
2775 2184 2960 2229 terram
2983 2175 3260 2229 discernere
3297 2179 3539 2246 populum

1955 2282 2126 2320 suum.
2156 2265 2464 2337 Congregate
2489 2267 2564 2320 illi
2582 2268 2752 2337 justas
2778 2269 2904 2336 ejus,
2945 2267 3030 2337 qui
3075 2266 3349 2334 disponunt
3388 2275 3538 2320 testa-

1955 2367 2180 2413 mentum
2199 2359 2307 2429 ejus
2331 2375 2481 2428 super
2504 2359 2753 2426 sacriﬁcia
2776 2357 2946 2429 (Psal.
2969 2374 3118 2424 χιιι,
3143 2358 3282 2427 3-5).
3306 2357 3416 2412 Hoc
3442 2371 3540 2412 nos

1955 2451 2022 2506 de
2053 2451 2276 2505 Domino
2316 2459 2498 2505 nostro
2543 2449 2669 2506 Jesu
2709 2450 2926 2506 Christo
2971 2450 3332 2521 intelligimus,
3381 2465 3539 2517 quem

1956 2541 2024 2598 de
2050 2541 2190 2598 ccelo
2215 2556 2490 2612 speramus
2508 2555 2628 2596 esse
2656 2549 2933 2596 venturum
2960 2540 3026 2594 ad
3047 2542 3200 2596 vivos
3223 2549 3278 2595 et
3299 2549 3541 2594 mortuos

1953 2633 2289 2704 judicandos.
2334 2631 2640 2688 Manifestus
2685 2633 2828 2688 enim
2871 2632 3050 2687 veniet
3101 2631 3240 2687 inter
3279 2631 3451 2702 justos
3488 2642 3543 2687 et

1958 2730 2185 2801 injustos
2208 2730 2543 2800 judicaturus
2567 2729 2725 2800 juste,
2761 2729 2849 2799 qui
2878 2729 3023 2798 prius
3043 2728 3189 2782 venit
3210 2727 3448 2782 occultus
3477 2727 3543 2780 ab

1958 2825 2169 2894 injustis
2203 2823 2521 2894 judicandns
2564 2822 2776 2892 injuste.
2820 2821 2957 2891 Ipse,
2988 2821 3222 2890 inquam.
3253 2818 3544 2886 manifestus

1957 2916 2136 2981 veniet,
2166 2924 2211 2968 et
2234 2930 2335 2968 non
2367 2913 2550 2979 silebit,
2589 2913 2641 2967 id
2688 2920 2788 2977 est,
2832 2912 2884 2966 in
2927 2925 3058 2966 voce
3089 2909 3282 2980 judicis
3328 2907 3544 2964 evidens

1956 3007 2251 3078 apparebit,
2281 3006 2371 3076 qui
2401 3006 2543 3075 prius
2583 3019 2705 3060 cum
2751 3004 2984 3058 venisset
3018 3003 3278 3066 occultus,
3306 3009 3431 3056 ante
3453 3001 3543 3071 ju-

1958 3099 2130 3154 diccm
2153 3098 2316 3162 siluit,
2333 3096 2544 3166 quando
2563 3097 2702 3151 sicut
2719 3096 2835 3152 ovis
2850 3096 2916 3150 ad
2953 3093 3334 3150 immolandum
3357 3093 3544 3148 ductus

1959 3202 2062 3260 est,
2093 3201 2148 3248 et
2191 3193 2328 3248 sicut
2374 3207 2542 3263 agnus
2579 3206 2759 3247 coram
2808 3189 3059 3244 tondente
3102 3187 3201 3242 fuit
3233 3187 3349 3242 sine
3394 3201 3539 3252 vocc,

1959 3284 2406 3358 quemadmodum
2444 3284 2512 3340 de
2542 3285 2630 3339 illo
2661 3299 2754 3354 per
2781 3283 2969 3337 Isaiam
3009 3282 3232 3352 legimus
3261 3279 3544 3349 propheta-

1961 3377 2230 3448 tumUsai.
2254 3393 2364 3443 LIII,
2395 3375 2473 3446 7),
2503 3376 2636 3430 etin
2668 3374 2951 3443 Evangelia
2984 3373 3225 3428 videmus
3270 3371 3543 3441 impletum

1963 3471 2175 3544 (Matth.
2210 3487 2354 3538 xxvr,
2387 3470 2501 3541 63).
2532 3470 2606 3524 De
2624 3469 2744 3539 igne
2793 3481 2922 3522 vero
2950 3476 3004 3522 et
3032 3473 3376 3536 tempestate,
3423 3478 3545 3517 cum

1962 3565 2016 3620 in
2044 3564 2194 3619 Isaia:
2221 3561 2494 3634 prophetia
2517 3561 2622 3615 tale
2651 3557 2848 3629 aliquid
2876 3567 3241 3619 tractaremns,
3280 3552 3548 3624 quomodo

1960 3664 2143 3712 essent
2165 3655 2281 3710 haec
2304 3651 2665 3724 intelligenda,
2681 3651 2793 3720 jam
2813 3650 3040 3704 diximus
3071 3648 3220 3718 (cap.
3246 3646 3361 3715 21).
3393 3641 3546 3711 Q’uod

1960 3765 2090 3805 vero
2129 3748 2329 3804 dictum
2369 3756 2472 3811 est,
2513 3744 2786 3800 Advocabit
2811 3743 2986 3797 caelum
3011 3757 3210 3795 sursum
3242 3757 3261 3794 :
3291 3736 3544 3809 quoniam

1961 3841 2129 3897 sancti
2152 3851 2203 3896 ct
2221 3841 2349 3910 justi
2377 3848 2522 3894 recte
2543 3839 2738 3893 caelum
2768 3835 3136 3905 appellantur;
3169 3832 3414 3886 nimirum
3446 3835 3547 3884 hoc

1960 3943 2062 4000 est,
2087 3933 2226 4005 quod
2255 3932 2327 3988 ait
2369 3929 2672 4002 Apostolus,
2713 3927 2881 3983 Simul
2922 3942 3037 3980 cum
3059 3924 3160 3978 illis
3205 3923 3458 3992 rapientur
3497 3922 3550 3976 in

1966 4027 2179 4082 nubibus
2206 4025 2258 4080 in
2275 4024 2468 4079 obviam
2485 4022 2682 4077 Christo
2703 4021 2755 4074 in
2771 4035 2889 4074 aera
2915 4016 2967 4089 (1
2989 4015 3162 4071 Thess.
3189 4031 3260 4081 tv,
3279 4013 3398 4084 16).
3417 4012 3550 4068 Nam

1965 4117 2256 4175 secundum
2290 4117 2478 4172 littera:
2502 4112 2860 4183 superﬁciem,
2899 4108 3164 4180 quomodo
3205 4122 3413 4161 sursum
3453 4104 3552 4160 ad-

1967 4222 2187 4267 vocatur
2223 4210 2438 4276 cwlum,
2466 4207 2612 4279 quasi
2639 4205 2807 4276 possit
2850 4218 2969 4258 esse
2997 4201 3095 4256 nisi
3126 4199 3374 4255 sursum?
3400 4196 3552 4264 Quod

1967 4311 2142 4358 autem
2164 4300 2473 4370 adjunctum
2515 4307 2616 4363 est,
2661 4295 2726 4350 Et
2773 4304 2956 4349 terram
2991 4293 3268 4347 discernere
3307 4289 3550 4360 populum

1968 4410 2140 4461 suum,
2171 4393 2216 4448 si
2249 4389 2618 4448 tantummodo
2646 4387 2994 4443 subaudiatur
3033 4383 3314 4448 advocabit,
3357 4381 3408 4435 id
3447 4389 3548 4445 est,
3631 4435 3636 4438 .

1965 4488 2245 4543 advocabit
2281 4494 2335 4542 et
2374 4496 2570 4542 terram
2595 4525 2611 4550 ,
2655 4498 2756 4538 nec
2780 4481 3128 4537 subaudiatur
3165 4493 3384 4541 sursum,
3409 4475 3550 4529 hunc

1967 4581 2176 4635 videtur
2215 4579 2412 4634 habere
2449 4591 2665 4632 sensum
2706 4573 2996 4630 secundum
3035 4580 3233 4626 rectam
3283 4568 3460 4633 ﬁdem,
3498 4576 3555 4622 ut

1967 4672 2159 4727 malum
2178 4669 2500 4738 intelligatur
2521 4668 2572 4721 in
2603 4667 2680 4721 eis
2705 4666 2794 4735 qui
2821 4679 2943 4719 cum
2985 4663 3074 4718 illo
3099 4671 3222 4716 sunt
3249 4659 3549 4730 iudicaturi,

1971 4772 2025 4819 et
2051 4771 2190 4818 terra
2221 4760 2274 4815 in
2296 4760 2374 4815 eis
2401 4758 2490 4829 qui
2503 4756 2775 4828 judicandi
2805 4763 2932 4810 sunt
2961 4773 2972 4808 :
2999 4763 3054 4808 ut
3080 4752 3351 4807 Advocabit
3377 4749 3552 4802 cmlum

1969 4870 2188 4915 sursum,
2214 4867 2319 4907 non
2351 4850 2436 4905 hic
2463 4849 2840 4920 intelligamus,
2865 4847 3056 4916 Rapiet
3084 4845 3134 4898 in
3165 4858 3322 4905 aera;
3347 4839 3463 4905 sed,
3499 4838 3552 4892 In

1966 4945 2271 5018 judiciarias
2308 4943 2466 4998 sedes
2487 4942 2675 5013 eriget.
2706 4941 2887 4995 Potest
2911 4947 2964 4993 et
2994 4935 3119 4990 illud
3149 4930 3368 5001 intelligi
3403 4947 3416 4981 :
3452 4930 3555 4982 Ad-

1971 5037 2163 5094 vocabit
2191 5037 2368 5091 caelum
2395 5051 2617 5101 sursum,
2651 5031 2942 5086 Advocabit
2979 5026 3206 5095 Angelos
3234 5023 3284 5077 in
3308 5020 3553 5090 supernis

1970 5140 2025 5186 et
2051 5129 2276 5185 excelsis
2306 5127 2460 5194 locis,
2485 5141 2606 5182 cum
2632 5124 2823 5194 quibus
2846 5117 3133 5175 descendat
3167 5114 3232 5170 ad
3256 5111 3556 5168 iaciendum

1968 5223 2226 5294 judicium
2256 5240 2269 5275 :
2303 5219 2595 5275 Advocabit
2641 5227 2687 5270 et
2731 5225 2954 5278 terram,
3001 5209 3052 5264 id
3074 5217 3187 5275 est,
3218 5206 3461 5262 homines
3503 5206 3556 5259 in

1974 5323 2115 5372 terra
2153 5313 2334 5382 utique
2354 5307 2690 5379 judicandos.
2729 5304 2788 5360 Si
2814 5310 2988 5356 autem
3036 5310 3320 5368 utrumque
3355 5295 3556 5352 subau-

1972 5406 2225 5463 diendum
2254 5412 2355 5467 cst,
2379 5416 2500 5457 cum
2531 5398 2746 5464 dicitur,
2774 5404 2820 5450 et
2849 5405 3053 5459 terram,
3071 5391 3124 5446 id
3151 5397 3233 5446 est
3258 5398 3310 5445 et
3336 5389 3556 5442 advoca-

1977 5497 2066 5564 bit,
2099 5506 2152 5552 et
2181 5509 2411 5558 sursum;
2438 5499 2496 5545 ut
2537 5490 2636 5545 iste
2673 5489 2744 5542 sit
2785 5499 2994 5550 sensus,
3029 5481 3321 5537 Advocabit
3365 5479 3560 5536 ctelum

1977 5605 2210 5654 sursum,
2255 5594 2308 5641 et
2347 5593 2544 5639 terram
2587 5577 2869 5634 advocabit
2911 5590 3122 5630 sursum
3155 5593 3168 5629 :
3202 5572 3331 5628 nihil
3371 5570 3558 5625 melius

1977 5684 2198 5753 intelligi
2240 5678 2504 5744 existimo,
2555 5689 2712 5746 quam
2759 5671 3034 5728 homines‘
3063 5670 3152 5741 qui
3202 5669 3469 5740 rapientur
3509 5661 3560 5716 in

1978 5778 2188 5834 obviam
2214 5771 2425 5828 Christo
2458 5770 2512 5825 in
2540 5783 2684 5833 aera,
2727 5766 2821 5822 sed
2863 5766 3055 5822 coelum
3098 5763 3297 5819 dictum
3344 5762 3564 5830 propter

2045 5895 2065 5926 ⁸
2099 5897 2150 5944 tn
2184 5889 2407 5944 omnibus
2425 5893 2556 5950 uss,
2579 5896 2723 5950 qtutm
2739 5895 2917 5935 armies.
