4062 6476
522 516 750 585 animus,
770 523 966 573 terram
996 520 1214 587 propter
1240 522 1487 585 corpora.
1508 509 1804 567 Discernere
1830 522 1989 584 porro
2013 526 2111 584 pe-

524 610 704 677 pslum
744 622 914 677 suum,
954 607 1080 681 quid
1123 615 1236 674 est,
1286 606 1389 663 utsi
1436 616 1533 678 per
1569 605 1827 676 iudicium
1867 612 2117 679 separare

523 698 696 756 bonos
724 717 755 755 a
784 701 956 767 malis,
983 704 1235 771 tanquam
1250 712 1381 755 oves
1409 698 1478 754 ab
1499 698 1701 753 haedis?
1748 698 1949 754 Deinde
1987 713 2118 755 con-

527 793 706 849 versio
732 793 997 848 sermonis
1021 791 1091 847 ad
1113 791 1349 864 Angelos
1378 790 1513 846 facta
1550 794 1633 846 est
1665 809 1678 844 :
1707 789 2021 863 Congregate
2039 789 2119 845 illi

522 885 685 958 iustas
708 886 840 956 ejus.
868 883 1115 941 Proiecto
1142 884 1286 940 enim
1315 882 1411 956 per
1429 883 1723 955 angelicum
1762 882 2118 939 ministerium

524 985 672 1034 tanta
687 994 775 1034 res
787 977 1087 1050 peragenda
1100 977 1265 1035 est.Si
1279 985 1455 1033 autem
1469 978 1779 1049 querimus,
1799 990 1934 1047 quos
1944 976 2120 1046 justus

525 1071 577 1128 ei
619 1072 992 1143 congregaturi
1035 1080 1160 1127 sunt
1204 1071 1393 1143 Angeli
1426 1088 1439 1126 :
1469 1070 1569 1137 Qui
1599 1071 1894 1142 disponunt,-
1928 1069 2116 1140 inquit,

529 1169 881 1219 testamentum
918 1163 1030 1236 ejus
1057 1174 1210 1234 super
1242 1162 1516 1232 sacriﬁcia.
1545 1161 1669 1217 [dare
1693 1171 1778 1217 est
1818 1161 1993 1216 omnis
2014 1160 2119 1215 vita

524 1254 806 1327 iustorum,
824 1257 1111 1327 disponere
1135 1260 1513 1313 testamentum
1538 1255 1629 1311 Dei
1652 1260 1813 1326 super
1839 1250 2118 1310 sacriﬁcia.

527 1346 638 1403 Aut
660 1349 801 1403 enim
823 1360 986 1419 opera
1016 1349 1398 1405 misericordia;
1426 1354 1552 1403 sunt
1573 1354 1725 1419 super
1763 1348 2037 1419 sacrificia,
2068 1346 2122 1403 id

526 1448 614 1495 est
653 1441 930 1496 sacriﬁciis
967 1442 1348 1513 pmponenda,
1385 1442 1534 1513 juxta
1565 1443 1887 1498 sententiam
1919 1441 2009 1498 Dei
2038 1441 2122 1498 di-

528 1532 1137 1600 centis,Misericordiam
1147 1535 1258 1591 volo
1272 1532 1287 1567 ¹
1301 1548 1453 1608 quam
1466 1534 1772 1605 sacri/icium
1788 1532 2126 1607 (Osewv1,6):

531 1632 627 1680 aut
641 1625 686 1679 si
702 1642 856 1698 super
875 1627 1147 1696 sacriﬁcia,
1183 1620 1235 1681 in
1262 1626 1538 1683 sacriticiis
1564 1627 1877 1699 intelligitur
1896 1624 2123 1697 dictum,

530 1716 799 1785 quomodo
827 1726 990 1789 super
1018 1720 1213 1775 terram
1242 1720 1356 1775 lteri
1378 1714 1573 1775 dicitur
1597 1718 1737 1789 quod
1768 1720 1823 1774 tit
1852 1719 2032 1791 utique
2071 1719 2127 1776 in

529 1814 675 1867 terra
707 1809 985 1879 :prol‘eeto
1012 1810 1126 1880 ipsa
1154 1816 1316 1881 Opera
1364 1810 1748 1867 misericordia:
1788 1820 1915 1867 sant
1955 1813 2127 1868 sacri-

534 1899 655 1957 ﬁcia
685 1901 876 1971 quibus
896 1900 1133 1972 placetur
1160 1901 1300 1958 Deo'
1323 1902 1455 1959 sicut
1492 1904 1544 1958 in
1571 1898 1709 1959 libro
1753 1902 1910 1975 hujus
1948 1902 2128 1976 opéris

535 1990 746 2049 deeimo
780 2004 867 2048 me
885 1992 1206 2050 disseruisse
1224 1995 1543 2051 reminiscor
1563 1993 1699 2069 (cap.
1720 1995 1774 2064 6,
1796 2004 1843 2050 et
1864 1986 2007 2067 alibi)
2032 2013 2044 2049 :
2074 1996 2127 2051 ir.

532 2084 731 2157 quibus
757 2086 1010 2157 aperibus
1029 2086 1320 2158 diepontint
1335 2087 1464 2156 Justi
1488 2086 1862 2143 testamentum
1883 2084 2128 2162 Dci,tiuia

531 2184 755 2248 propter
772 2178 1155 2249 promissiones
1177 2186 1295 2251 qua:
1315 2179 1463 2235 Novo
1489 2179 1605 2251 eius
1630 2177 1975 2237 Testamento
2002 2192 2132 2236 con-

535 2272 795 2339 tinentur,
840 2272 956 2329 lucc
997 2272 1218 2329 iaciunt.
1261 2266 1412 2331 Unde
1450 2274 1786 2346 congregatis
1827 2275 1926 2329 sibi
1971 2272 2131 2345 iustis

534 2364 667 2429 suis,
691 2370 744 2419 et
758 2364 825 2420 ad
841 2368 993 2421 suam'
1009 2366 1283 2422 dexteram
1305 2367 1627 2433 constitutis,
1652 2366 1939 2422 novissimo
1952 2366 2132 2438 utique

536 2453 764 2527 judicio,
787 2456 1027 2512 dicturus
1051 2467 1131 2513 est
1158 2454 1422 2527 Christus,
1455 2455 1649 2526 Venite,
1678 2457 1925 2513 benedicti
1958 2450 2132 2514 Patris

538 2546 641 2601 mei
664 2588 677 2611 ,
728 2546 979 2617 possidete
1014 2558 1249 2618 paratum
1289 2548 1426 2604 vobis
1472 2562 1681 2621 regnum
1706 2564 1739 2603 a
1780 2548 2133 2604 constitutione

537 2638 737 2692 mundi.
757 2637 964 2694 Esurivi
978 2640 1129 2703 enim,
1150 2650 1198 2695 et
1220 2639 1430 2695 dedistis
1448 2641 1574 2695 mihi
1591 2641 1897 2696 manducare
1913 2638 2128 2712 (Matth.

537 2744 675 2798 xxv,
702 2729 825 2803 iis);
857 2739 910 2787 et
937 2742 1129 2803 statera
1164 2744 1284 2803 quas
1310 2733 1380 2789 ibi
1406 2732 1748 2804 profanatur
1775 2733 1844 2790 de
1870 2734 2131 2791 bonorum

538 2822 792 2893 cperilnts
820 2823 995 2891 bonis,
1024 2832 1078 2880 et
1097 2824 1162 2879 de
1190 2830 1378 2882 earnm
1402 2826 1636 2896 prmmiis
1676 2827 2017 2898 sempiternis
2037 2842 2134 2899 per

543 2913 789 2970 ultimam
815 2917 1134 2972 sententiam
1156 2917 1503 2988 ju’dicantis'.

538 3004 768 3062 CAPUT
807 3005 977 3063 XXV.
1014 3037 1086 3048 —
1122 3007 1201 3063 De
1242 3009 1511 3080 prophetia
1559 3008 1866 3065 Malacitiar‘
1890 3024 1991 3081 qua
2034 3006 2134 3066 Dei

602 3099 861 3170 judicium
894 3098 1127 3155 ultimum
1158 3100 1466 3168 declaratur,
1508 3104 1555 3157 el
1588 3101 1925 3173 quorumdam
1947 3102 2137 3158 dicitur

614 3206 705 3263 per
733 3192 1109 3264 puriﬁcatorias
1128 3207 1302 3267 plenas
1321 3195 1555 3266 facienda
1582 3195 1866 3251 inundatio.

616 3284 881 3357 Propheta
901 3284 1205 3356 Malachias,
1225 3289 1337 3345 sive
1354 3287 1598 3358 Malacini,
1618 3291 1708 3363 qui
1728 3300 1781 3346 et
1799 3290 2034 3361 Angc'us
2048 3286 2104 3346 di
2112 3323 2134 3333 -

545 3380 663 3434 ctus
706 3386 809 3447 est,
845 3381 935 3452 qui
980 3382 1139 3437 etiam
1182 3380 1382 3438 Esdras
1426 3384 1717 3452 sacerdos,
1748 3385 1901 3455 cujus
1938 3384 2045 3440 alia
2084 3385 2137 3441 in

544 3480 803 3530 eartonem
823 3476 1056 3547 'scripta
1087 3480 1298 3547 recepta
1325 3484 1468 3545 sunt,
1505 3478 1573 3532 ab
1608 3477 1870 3551 aliquibus
1902 3478 2140 3534 creditur

549 3568 696 3638 (nam
717 3563 783 3622 de
797 3568 887 3623 illo
900 3566 1036 3624 hanc
1049 3574 1166 3624 csse
1185 3567 1528 3625 ilcbrmorum
1546 3569 1851 3639 opinionem
1869 3566 1993 3626 dicit
2016 3568 2142 3627 llic-

548 3671 807 3729 ronymus
839 3656 1151 3732 [Proazmin
1170 3653 1477 3734 Malach.]),
1498 3660 1754 3732 judicium
1792 3661 2138 3719 novissimum

552 3750 858 3821 prophetat,
896 3751 1113 3807 dicens:
1142 3749 1272 3808 Ecce
1303 3754 1452 3817 uenit,
1478 3750 1598 3809 dicit
1630 3749 1880 3810 Dominus
1912 3756 2141 3827 omnipo-

548 3848 657 3896 tens
674 3854 693 3896 :
710 3850 756 3896 et
779 3843 890 3911 quis
904 3842 1162 3899 sustinebit
1191 3844 1322 3900 diem
1342 3846 1578 3901 introitus
1597 3848 1727 3918 ejus,
1750 3856 1838 3902 aut
1861 3848 1975 3919 quis
2010 3848 2145 3920 ferre

551 3936 735 4007 poterit
770 3942 823 3990 ut
852 3936 1066 4007 aspiciat
1095 3938 1250 3993 eum!
1273 3938 1407 4006 Quia
1424 3940 1532 4010 ipse
1550 3939 1831 4012 ingreditur
1848 3944 1992 4008 quasi
2012 3943 2145 4014 ignis

548 4028 854 4097 conflatm-ii,
874 4037 920 4082 et
935 4029 1079 4100 quasi
1102 4027 1254 4082 Iterba‘
1273 4027 1547 4083 lavantium
1572 4044 1589 4084 :
1620 4038 1665 4084 et
1687 4029 1874 4086 sedebit
1891 4031 2141 4102 con/laus,

553 4122 603 4172 et
616 4117 1058 4183 emundans,sicut
1077 4126 1261 4174 aurum
1279 4128 1325 4176 et
1355 4118 1481 4175 sicut
1507 4126 1789 4193 argentum,
1819 4128 1866 4177 et
1895 4121 2144 4178 emunda-

553 4208 624 4264 bit
644 4210 777 4279 ﬁlios
794 4208 932 4278 Lcoi,
952 4223 996 4267 et
1014 4213 1193 4285 fundet
1228 4222 1310 4268 eos
1330 4215 1457 4268 sicut
1482 4230 1662 4268 aurum
1696 4224 1743 4269 et
1780 4225 2085 4288 argentum:
2102 4224 2147 4271 et

558 4310 728 4368 erunt,
746 4299 967 4358 Domino
1006 4302 1271 4371 olferentes
1302 4306 1492 4360 hostias
1522 4302 1574 4359 in
1597 4305 1819 4377 justitia.
1844 4304 1911 4361 Et
1933 4304 2145 4376 placebit

560 4393 782 4451 Domino
798 4396 1103 4465 sacriﬁcium
1124 4395 1156 4451 J
1161 4395 1264 4452 uda
1292 4400 1339 4451 el
1358 4393 1665 4464 Jerusalem,
1698 4398 1826 4452 sicut
1846 4397 2020 4453 diebus
2037 4400 2145 4469 pri-

551 4492 721 4557 stinis,
737 4498 783 4546 et
802 4490 930 4545 sicut
960 4491 1107 4545 annis
1128 4490 1396 4563 prioribus.
1418 4490 1484 4545 Et
1501 4489 1737 4545 accedam
1756 4490 1824 4545 ad
1839 4504 1925 4545 vos
1944 4490 2148 4562 injurii-

553 4585 653 4649 cio,
669 4595 713 4640 et
731 4596 817 4639 ero
842 4585 975 4639 testis
998 4585 1144 4639 velox
1157 4592 1309 4656 super
1334 4584 1611 4654 maleﬁcos,
1632 4586 1678 4637 et
1693 4599 1843 4657 super
1868 4583 2145 4652 adulteros,

558 4686 605 4733 et
634 4692 787 4749 super
805 4692 888 4732 eos
903 4678 989 4742 qui
1001 4679 1183 4747 jurant
1202 4677 1255 4731 in
1286 4676 1489 4732 nomine
1514 4693 1623 4732 mea
1639 4677 1965 4744 mendaciter,
1990 4684 2037 4732 et
2064 4677 2150 4748 qui

563 4771 805 4845 fraudant
822 4771 1097 4825 mercedem
1119 4772 1426 4827 mercenaria
1443 4770 1484 4841 ⁸,
1506 4780 1552 4827 et
1573 4772 1866 4843 apprimunt
1883 4786 1972 4843 per
1983 4776 2153 4841 poten-

560 4863 681 4916 tiam
706 4862 905 4928 m’duas,
935 4870 979 4917 et
1011 4864 1294 4933 percutiunt
1335 4860 1577 4935 pupillos,
1611 4873 1659 4917 et
1684 4870 1970 4934 pervertunt
2001 4860 2151 4929 judi-

566 4956 700 5009 cium
729 4952 937 5010 advcntc
962 4960 1008 5009 et
1037 4957 1124 5026 qui
1143 4971 1245 5009 non
1277 4955 1450 5009 timent
1479 4971 1577 5022 me,
1616 4954 1737 5009 dicit
1761 4953 2011 5008 Dominus
2035 4968 2149 5007 ont-

564 5047 816 5116 nipotens.
854 5046 1103 5115 Quoniam
1134 5063 1226 5118 ego
1274 5044 1526 5100 Dominus
1564 5042 1705 5100 Deus
1747 5055 1928 5113 vester,
1973 5053 2017 5098 et
2050 5056 2150 5099 non

562 5148 729 5194 mutor
754 5137 1092 5211 (Malacltntt,
1116 5138 1253 5212 1-6).
1276 5137 1352 5194 Es
1373 5137 1455 5194 bis
1470 5148 1590 5210 qua:
1614 5132 1752 5193 dicta
1774 5143 1919 5205 sunt,
1943 5134 2154 5191 videtur

562 5371 660 5423 nec
682 5366 760 5409 cst
782 5360 831 5408 in
846 5360 1185 5423 septuaginta.

620 5421 641 5485 ξ
674 5420 895 5485 Nonnulli
912 5419 1062 5485 iussi,
1090 5419 1309 5485 placetur

621 5481 645 5516 ³
675 5483 781 5533 Sola
806 5484 956 5533 editio
977 5481 1109 5543 mv.',
1125 5481 1434 5542 judicandis.

620 5546 656 5606 ‘A
677 5551 785 5606 Mss.
803 5576 821 5604 ,
840 5538 1167 5606 Attalacitielis.
1221 5551 1275 5596 Et
1322 5544 1471 5594 iidem
1514 5545 1653 5606 inltiq
1689 5542 1877 5606 mpitis,
1895 5538 2159 5606 ‘Prophe‘ta

559 5598 867 5668 Halachiltel,
888 5607 984 5658 sive
1009 5606 1215 5658 Malachi
1242 5618 1259 5657 :
1283 5613 1335 5659 et
1356 5606 1568 5668 quidam,
1607 5600 1705 5657 sive
1731 5598 2021 5668 italucltimf
2050 5600 2158 5652 Edi-

559 5621 867 5668 ltatacmuet,
888 5621 984 5658 sive
1009 5621 1213 5658 matacm
1242 5621 1259 5657 :
1283 5621 1335 5659 et
1392 5621 1568 5665 ulnam,
1607 5621 1705 5657 sive
1731 5621 1907 5655 malum

556 5669 875 5742 tionesvind.
901 5678 1002 5742 Arn.
1029 5677 1081 5720 ct
1102 5677 1197 5742 Er.,
1217 5621 1484 5741 Maiactitiei,
1508 5669 1608 5720 sive
1628 5665 1907 5720 uaiacltias.

621 5734 643 5792 ψ
679 5731 812 5782 Vind.
832 5739 934 5783 Am.
962 5739 1036 5781 Er.
1064 5742 1117 5784 et
1138 5740 1263 5792 Mss,
1288 5731 1341 5783 in
1362 5745 1557 5784 canone.

623 5788 645 5827 ⁸
678 5799 753 5843 Er.
800 5800 853 5843 et
883 5790 975 5867 ίτον
999 5830 1013 5853 ,
1055 5788 1278 5867 mercede
1321 5792 1661 5867 mercenaries.
1704 5796 1759 5867 At
1781 5791 1945 5867 vind.’
2092 5794 2161 5867 et.

559 5857 987 5971 madent
1002 5851 1324 5910 mercenaria.
1340 5864 1506 5909 Grece
1521 5857 1857 5920 septuaginta,
1878 5851 2051 5911 aliubi
2071 5851 2161 5905 mi-

625 5297 644 5330 ¹
679 5295 817 5362 aditi,
839 5294 996 5362 magis
1018 5293 1137 5347 uolo.
1165 5302 1222 5346 At
1242 5300 1350 5345 Is.
1368 5298 1541 5346 carem
1571 5289 1827 5357 partiam,
1848 5289 2021 5357 magis,
2042 5303 2156 5355 ῳω

1564 388 1655 447 an
1693 384 2012 447 simul:
2050 386 2285 464 usus.
2323 384 2695 452 AUGUSTINI

2230 509 2530 569 evidentius
2570 514 2829 582 apparere
2856 508 2910 564 In
2935 506 3032 564 illo
3052 505 3255 577 judicio
3279 505 3537 579 quasdam
3566 518 3829 578 quorum-

2222 604 2345 662 dsni
2395 606 2725 677 purgatorias
2766 612 2954 675 plenas
2991 602 3216 657 futuras.
3266 600 3366 658 Ubi
3407 602 3551 659 enim
3595 601 3823 672 dicitur,

2228 694 2356 767 Quis
2383 698 2644 755 sustinebit
2672 698 2805 754 diem
2828 698 3063 753 introitus
3096 697 3223 769 ejus,
3258 705 3348 750 aut
3396 697 3509 768 quis
3552 699 3687 768 ferre
3728 704 3831 767 pa-

2226 794 2339 848 terit
2362 796 2419 848 ut
2439 792 2654 864 aspiciat
2678 792 2834 847 eum?
2863 789 2997 859 Quia
3039 790 3151 861 ipse
3185 786 3466 861 ingreditur
3502 789 3654 856 quasi
3689 789 3832 860 ignis

2225 884 2529 960 con'ﬁatorii,
2550 894 2597 940 et
2619 885 2763 957 quasi
2781 880 2934 940 herba
2954 882 3233 940 labantium
3255 899 3274 937 :
3294 886 3340 937 et
3356 880 3542 937 sedebit
3569 881 3829 953 conﬁans,

2226 988 2272 1036 et
2303 979 2607 1047 emundans,
2635 979 2763 1034 sicut
2794 988 2977 1033 aurum
3014 987 3061 1033 et
3097 977 3228 1033 sicut
3251 982 3535 1048 argentum,
3566 982 3614 1029 et
3640 990 3829 1029 emun-

2228 1068 2368 1128 ddbil
2388 1074 2523 1143 ﬁlios
2550 1070 2689 1139 Levi,
2716 1072 2765 1127 el
2792 1066 2967 1143 [undet
2990 1074 3074 1125 eos
3095 1060 3223 1125 sicut
3246 1072 3427 1122 aurum
3454 1076 3501 1122 et
3527 1076 3832 1139 argentum;

2226 1162 2353 1237 qum
2371 1165 2512 1221 aliud
2530 1162 2927 1235 intelligendum
2941 1166 3019 1217 εει
3035 1161 3058 1217 l
3075 1156 3209 1217 Dicit
3224 1156 3328 1215 tale
3344 1156 3541 1231 aliquid
3556 1167 3609 1215 et
3629 1157 3829 1213 lsaias:

2228 1248 2439 1314 Lavabit
2474 1254 2720 1312 Dominus
2764 1254 2939 1311 sordes
2978 1254 3203 1325 ﬁliorum
3242 1260 3289 1307 et
3329 1252 3552 1322 ﬁliarum
3594 1249 3746 1318 Sion,
3778 1258 3836 1306 et

2229 1348 2524 1423 iungtzinem
2572 1348 2861 1405 emundabit
2900 1346 2963 1404 de
2990 1348 3156 1401 medio
3200 1356 3377 1402 eorum
3421 1344 3603 1416 spiritu
3647 1342 3836 1414 iudicii

2231 1442 2487 1518 dispiritu
2525 1444 2862 1500 conbuslion‘is
2886 1436 3041 1515 (Isai.
3068 1452 3140 1508 iv,
3167 1440 3244 1510 4).
3273 1428 3381 1495 Nisi
3426 1436 3562 1494 forte
3607 1438 3687 1492 sic
3735 1450 3837 1492 eos

2233 1526 2519 1595 dicendum
2566 1536 2648 1594 est
2687 1532 2966 1592 cinundari
3017 1550 3048 1591 a
3083 1530 3350 1602 sordibus,
3375 1541 3429 1587 et
3454 1532 3676 1603 eliquari
3700 1538 3838 1600 quo-

2233 1631 2562 1700 dammodo,
2609 1640 2729 1688 cum
2777 1628 2845 1687 ab
2882 1630 2963 1686 eis
2990 1629 3115 1685 mali
3170 1630 3267 1700 per
3313 1622 3526 1698 poenale
3566 1623 3835 1703 judicium

2232 1728 2585 1797 separantur,
2638 1734 2696 1782 ut
2738 1726 2949 1781 illorum
2996 1724 3295 1795 seg'regatit)‘
3340 1731 3502 1793 atque
3558 1719 3840 1776 damnatio

2234 1818 2479 1890 purgatio
2504 1810 2574 1874 sit
2599 1816 2844 1882 istorum,
2872 1815 2994 1889 quia
3023 1816 3139 1871 sine
3168 1814 3353 1869 talium
3380 1806 3449 1869 de
3472 1821 3676 1869 ett-tero
3707 1827 3837 1883 per-

2236 1909 2499 1965 mixtione
2544 1909 2732 1964 Victori
2771 1915 2918 1963 sunt.
2962 1902 3069 1964 Sed
3114 1918 3234 1962 cum
3266 1904 3418 1972 dicit,
3450 1900 3518 1959 Et
3543 1903 3839 1959 emundabit

2240 1998 2383 2072 ﬁlios
2421 1996 2558 2066 Levi,
2594 2008 2640 2056 et
2674 2000 2852 2072 fundet
2894 2014 2978 2054 eos
3021 2001 3153 2054 sicut
3183 2012 3367 2052 aurum
3396 2004 3444 2053 e't
3468 2005 3761 2070 argentum,
3794 2004 3841 2050 et

2238 2086 2383 2149 erunt
2412 2092 2634 2149 Domino
2680 2092 2948 2161 ollerentes
2990 2090 3179 2147 hostias
3208 2091 3263 2145 in
3282 2090 3517 2161 justitia,
3547 2092 3595 2144 et
3621 2088 3841 2159 placebit

2238 2180 2459 2245 Domino
2481 2186 2787 2258 sacriﬁcium
2817 2182 2959 2242 Iuda
2988 2194 3034 2241 et
3053 2178 3360 2251 Jerusalem,
3394 2184 3577 2254 utique
3600 2176 3843 2237 ostendit

2238 2282 2334 2338 eos
2362 2280 2529 2351 ipsos,
2559 2264 2650 2352 qui
2677 2277 3126 2342 emundabnntur,
3171 2275 3423 2346 deinceps
3453 2276 3505 2329 in
3545 2266 3832 2328 sacrificiis

2235 2368 2455 2445 iustitia:
2489 2370 2714 2427 Domine
2743 2385 2864 2427 esse
2891 2370 3199 2441 placituros,
3225 2372 3287 2423 ae
3317 2378 3413 2438 per
3431 2364 3533 2422 hoc
3561 2366 3659 2437 ipsi
3682 2381 3711 2420 a
3742 2376 3841 2420 sua

2241 2450 2497 2532 injttstitia
2529 2463 2947 2530 mundabuntur,
2984 2461 3037 2516 in
3070 2475 3172 2532 qua
3206 2460 3431 2515 Domino
3460 2456 3841 2531 displicebant.

2239 2548 2442 2616 Hostiae
2472 2572 2632 2629 porro
2655 2557 2709 2612 in
2740 2556 2896 2627 plena
2919 2548 3263 2626 perfectaque
3279 2551 3503 2624 justitia,
3534 2564 3656 2606 cum
3682 2566 3843 2605 mun-

2242 2648 2353 2707 dati
2402 2649 2618 2714 iuerint,
2667 2647 2768 2718 ipsi
2822 2657 2995 2702 erunt.
3056 2643 3194 2714 Quid
3240 2643 3382 2699 enim
3432 2642 3701 2713 acceptius
3731 2630 3845 2697 Deo

2244 2744 2381 2801 tales
2403 2736 2653 2811 oticnint,
2677 2754 2836 2813 quam
2857 2752 2918 2797 se
2946 2730 3129 2810 ipsos?
3162 2732 3362 2792 Verum
3392 2735 3493 2790 ista
3521 2733 3751 2806 qun-stic
3776 2733 3847 2790 de

2242 2836 2561 2911 purgatoriis
2579 2832 2833 2908 pmnis,nt
2845 2830 3151 2904 diligentius
3169 2832 3542 2901 pertractctur,
3557 2827 3609 2883 in
3628 2830 3847 2899 tempus

2244 2928 2386 2985 aliud
2429 2924 2726 2984 diti‘crcnda
2768 2930 2872 2982 est.
2918 2922 3081 2978 Filios
3132 2928 3312 2977 autem
3351 2919 3478 2975 Levi
3527 2927 3581 2975 et
3620 2917 3761 2974 inda
3789 2927 3846 2974 et

2244 3021 2562 3086 Jerusalem,
2592 3021 2763 3093 ipsam
2807 3010 2899 3075 Dei
2933 3012 3230 3074 Ecclesian't
3274 3010 3535 3069 debemus
3572 3011 3843 3082 aecipcre,

2246 3132 2354 3173 non
2380 3131 2447 3172 ex
2473 3112 2713 3171 ilcbrmis
2750 3116 2980 3179 tantum,
3004 3109 3099 3168 sed
3130 3126 3199 3167 ex
3224 3108 3344 3164 aliis
3382 3109 3543 3164 etiam
3592 3102 3848 3178 gentibus

2247 3216 2622 3281 congregatam
2655 3224 2669 3261 :
2702 3219 2800 3261 ncc
2825 3204 3004 3269 talem,
3028 3200 3198 3279 qualis
3220 3214 3361 3257 nunc
3387 3212 3490 3263 est,
3515 3198 3602 3255 ubi
3627 3198 3673 3254 si
3691 3199 3847 3254 diu.

2248 3301 2407 3357 rimus
2431 3300 2550 3371 quia
2572 3304 2832 3371 peccatum
2857 3313 2957 3351 non
2986 3288 3246 3362 habemus,
3272 3310 3363 3348 nos
3381 3288 3515 3364 ipsos
3532 3290 3845 3357 seduciinds,

2248 3403 2297 3449 et
2320 3393 2502 3449 veritas
2523 3393 2574 3446 in
2591 3388 2731 3446 nobis
2753 3400 2854 3446 non
2874 3397 2947 3444 est
2969 3385 3011 3462 (l
3028 3385 3210 3451 Joan.,
3234 3390 3273 3452 i,
3295 3384 3353 3457 8)
3375 3405 3387 3441 :
3408 3384 3500 3440 sed
3526 3380 3697 3456 qualis
3715 3388 3849 3439 tunc

2250 3486 2375 3555 erit,
2402 3484 2548 3541 velut
2576 3498 2699 3539 area
2734 3498 2831 3554 per
2854 3478 3277 3547 ventilationcm,
3325 3478 3397 3533 ita
3443 3492 3539 3549 per
3580 3475 3847 3546 judicium

2189 3639 2215 3653 _
2250 3585 2469 3652 purgata
2508 3576 2884 3643 novissimum;
2910 3575 2989 3632 eis
3010 3588 3223 3646 quoque
3259 3573 3380 3645 igne
3414 3569 3852 3642 mundatis,qu‘i-

2251 3668 2351 3729 btts
2381 3672 2501 3728 talis
2530 3666 2805 3727 mundatio
2837 3668 3134 3726 necessaria
3165 3670 3276 3735 est;
3311 3668 3381 3722 ita
3407 3674 3467 3722 ut
3506 3654 3682 3721 nullus
3716 3679 3845 3719 om-

2253 3764 2381 3821 nino
2426 3764 2497 3820 sit
2537 3754 2629 3835 qui
2677 3760 2864 3819 ot'i'crat
2908 3760 3230 3817 sacriﬁcium
3282 3772 3380 3833 pro
3439 3756 3671 3833 peccatis
3711 3750 3847 3811 suis.

2253 3861 2453 3917 Omnes
2496 3860 2636 3916 enim
2682 3858 2773 3931 qui
2813 3857 2891 3914 sic
2929 3854 3196 3920 otl'crunt,
3243 3846 3480 3926 proiecto
3524 3846 3576 3908 in
3612 3846 3854 3921 peccatis

2253 3963 2396 4021 sunt,
2429 3970 2527 4026 pro
2552 3952 2744 4025 quibus
2773 3948 3104 4007 dimittendis
3124 3944 3355 4005 offerunt
3383 3990 3398 4015 ,
3424 3950 3484 4002 ut
3521 3960 3643 4001 cum
3688 3943 3852 3999 obtu-

2226 4046 2418 4105 'icrint
2439 4087 2455 4114 ,
2486 4053 2873 4116 acceptumque
2906 4034 3016 4099 beo
3045 4040 3226 4108 fuerit,
3257 4049 3383 4095 tunc
3405 4036 3765 4093 dimittantur.

2254 4186 2480 4244 CAPUT
2520 4183 2709 4241 XXVI.
2737 4182 2912 4239 -—Ds
2955 4182 3222 4252 sacriﬁciis
3259 4194 3375 4253 qu
3423 4179 3588 4236 sancti
3634 4175 3853 4245 olerent

2327 4277 2439 4333 Deo
2480 4277 2554 4333 sic
2599 4278 2872 4347 placitura,
2917 4273 3170 4345 quomodo
3212 4275 3266 4330 in
3311 4270 3487 4329 diebus
3530 4268 3765 4343 pristinis
3804 4278 3855 4325 et

2328 4369 2479 4424 annis
2504 4368 2757 4437 prioribus
2784 4367 3104 4439 placuerunt.

2332 4507 2382 4563 ί.
2423 4504 2623 4562 Volcns
2662 4514 2841 4563 autem
2885 4496 3024 4560 Deus
3061 4490 3345 4559 ostendere
3383 4500 3652 4558 civitatem
3697 4515 3855 4555 suam

2259 4608 2387 4656 tunc
2432 4600 2485 4657 in
2528 4599 2628 4654 ista
2672 4596 3059 4654 consuetudine
3102 4610 3206 4650 non
3250 4592 3501 4660 futuram,
3546 4591 3683 4648 dixit
3713 4592 3859 4648 ﬁlios

2260 4693 2388 4750 Levi
2434 4690 2707 4746 oblaturos
2749 4689 2951 4746 hostias
2982 4689 3033 4744 in
3058 4684 3265 4758 iustitia
3292 4704 3303 4739 :
3330 4702 3434 4741 non
3464 4700 3591 4756 ergo
3621 4684 3676 4741 in
3722 4699 3861 4754 pec-

2259 4794 2401 4852 cato,
2435 4800 2499 4841 ac
2538 4801 2634 4855 per
2662 4784 2763 4840 hoc
2787 4799 2891 4839 non
2922 4798 3021 4854 pro
3050 4790 3289 4853 peccato.
3324 4772 3475 4835 Unde
3500 4777 3721 4850 intelligi
3755 4792 3858 4849 po-

2263 4886 2369 4936 test
2395 4879 2447 4933 in
2476 4891 2542 4934 eo
2572 4875 2712 4948 quod
2740 4880 2953 4932 secutus
2976 4870 3239 4945 adjunxlt,
3268 4878 3428 4944 atque
3453 4871 3547 4939 ait,
3583 4866 3648 4926 Et
3674 4871 3860 4943 place-

2263 4966 2330 5027 bit
2357 4970 2579 5027 Domino
2602 4968 2913 5041 sacriﬁcium
2938 4966 2973 5023 Ι
2979 4968 3081 5024 uda
3117 4975 3165 5024 et
3188 4958 3495 5033 Jerusalem,
3524 4965 3653 5020 sicut
3678 4962 3865 5021 diebus

2262 5058 2509 5137 pristinis.
2540 5072 2586 5117 et
2620 5062 2748 5117 sicut
2775 5056 2922 5115 annis
2950 5059 3220 5133 prioribus,
3264 5058 3457 5115 frustra
3498 5054 3597 5112 sibi
3638 5055 3867 5112 Iudaeos

2262 5154 2554 5213 secundum
2615 5153 2785 5226 legem
2836 5154 3037 5209 veteris
3090 5146 3418 5208 Tcstameuti
3468 5146 3866 5226 sacriﬁciorum

2265 5268 2485 5310 suorum
2518 5250 2786 5322 prmterita
2825 5257 3063 5319 tempora
3108 5242 3372 5318 polliceri.
3409 5242 3526 5299 Non
3553 5241 3696 5298 enim
3727 5248 3867 5299 tunc

2265 5344 2318 5401 in
2341 5342 2567 5415 iustitia,
2593 5340 2689 5398 sed
2724 5338 2775 5396 in
2803 5336 3036 5413 peccatis
3066 5336 3269 5392 hostias
3295 5330 3613 5402 offerebant,
3639 5331 3863 5403 quandi:

2266 5451 2363 5513 pro
2392 5433 2627 5507 peccatis
2657 5430 2926 5505 praecipue
2966 5445 3028 5487 ac
3063 5428 3314 5503 primitus
3343 5424 3659 5494 oll'erebant,
3683 5440 3871 5497 usque

2265 5528 2401 5586 adeo
2425 5536 2483 5584 ut
2511 5520 2761 5584 sacerdos
2786 5520 2919 5598 ipse,
2958 5539 3119 5596 quem
3144 5521 3401 5577 debemus
3428 5518 3611 5591 utique
3631 5515 3877 5573 credere

2266 5621 2475 5679 caeteris
2516 5614 3006 5689 fuissejustiorem,
3051 5612 3344 5671 secundum
3400 5610 3494 5667 Dei
3543 5604 3875 5665 mandatum

2266 5716 2466 5773 soleret
2502 5714 2735 5787 primum
2764 5723 2861 5782 pro
2890 5710 3001 5768 suis
3029 5704 3505 5777 ol'fcrrc'peccatis,
3535 5699 3733 5757 deinde
3767 5716 3878 5770 pro

2267 5810 2450 5883 pepuli
2481 5807 2665 5880 (Leuit.
2698 5814 2804 5871 xvi,
2827 5805 2897 5871 6;
2933 5791 3091 5860 Hebr.
3122 5815 3216 5868 νη,
3243 5798 3355 5870 2⁸7).
3398 5794 3738 5865 Quapropter
3768 5807 3879 5848 ex-

2271 5916 2473 5976 ponere
2518 5915 2618 5965 nos
2645 5907 2858 5973 oportet
2884 5892 3159 5969 quomodo
3196 5891 3269 5954 sit
3302 5885 3675 5960 accipiendum
3712 5885 3879 5955 qtiod
