4062 6492
260 501 461 558 dictum
488 506 598 570 est,
628 498 776 556 Sicut
803 497 977 556 diebus
1011 499 1258 572 pristinis,
1298 507 1344 555 et
1378 500 1508 556 sicut
1536 500 1684 555 annis
1712 500 1855 571 prio-

260 593 414 649 ribus.
479 592 751 648 Fortassis
806 594 947 648 enim
1008 602 1215 663 tempus
1266 592 1393 649 illud
1446 604 1853 663 commemorat,

258 698 361 756 quo
400 683 564 755 primi
610 682 853 740 homines
897 684 948 739 in
981 684 1227 754 paradiso
1269 683 1505 741 fuerunt.
1537 684 1685 741 Tunc
1710 687 1852 742 enim

257 776 372 851 puri
401 787 571 847 atque
612 777 803 847 integri
842 775 909 832 ab
946 776 1092 832 omni
1116 776 1275 833 sorde
1306 792 1370 833 ac
1403 777 1523 833 labe
1551 778 1754 849 peccati
1794 793 1853 835 se

255 854 399 940 ipsos
435 869 550 924 Deo
590 868 970 925 mttndissimas
1010 867 1211 925 hostias
1241 868 1558 925 oli‘ercbant.
1589 870 1849 925 Caeterum

254 978 315 1018 ex
346 977 458 1033 quo
494 963 799 1017 commissa:
826 961 1280 1032 prmvaricatiouis
1301 976 1463 1018 causa
1494 961 1618 1019 inde
1643 962 1849 1019 dimissi

252 1064 397 1120 sunt,
431 1062 596 1124 atque
641 1055 871 1110 humana
901 1055 954 1109 in
998 1054 1077 1110 eis
1123 1065 1311 1110 natura
1338 1054 1587 1111 damnata
1614 1066 1717 1121 est,
1752 1072 1846 1113 ex-

250 1158 408 1220 cepto
443 1164 556 1204 uno
593 1148 904 1215 Mediatore,
950 1158 1004 1204 et
1037 1157 1155 1219 post
1185 1150 1453 1205 lavacrum
1496 1150 1849 1221 regeneratio-

249 1242 330 1297 nis
359 1241 669 1312 quibusque
694 1242 869 1297 adhuc
890 1242 1145 1312 parvulis,
1176 1240 1342 1296 Nemo
1372 1240 1590 1297 mundus
1618 1258 1651 1297 a
1676 1243 1842 1309 sorde,

248 1337 385 1393 sicut
412 1338 677 1407 scriptum
707 1346 808 1402 est,
835 1353 925 1391 nec
948 1338 1140 1408 infans,
1173 1337 1318 1407 cujus
1351 1344 1422 1390 est
1446 1337 1546 1390 vita
1567 1337 1716 1391 unius
1746 1336 1844 1391 diei

246 1448 399 1501 super
426 1440 615 1486 terram
636 1430 758 1502 (Job
786 1448 893 1498 xtv,
922 1432 977 1498 4,
1006 1447 1105 1486 sec.
1138 1429 1326 1502 LXX).
1358 1429 1509 1497 Quod
1550 1431 1595 1485 si
1623 1445 1845 1501 respon-

246 1521 426 1589 detur,
478 1526 641 1578 etiam
666 1538 760 1579 eos
786 1522 978 1578 merito
1008 1522 1111 1578 dici
1138 1537 1297 1593 posse
1322 1521 1514 1578 olTerre
1547 1522 1746 1578 hostias
1789 1522 1840 1578 in

245 1615 475 1687 justitia,
505 1617 597 1686 qui
627 1617 861 1673 oﬁeruttt
883 1618 937 1671 in
958 1616 1064 1672 ﬁde
1088 1633 1104 1684 ;
1133 1615 1315 1672 Justus
1343 1618 1485 1672 enim
1508 1634 1568 1672 ea:
1594 1617 1698 1687 ﬁde
1723 1618 1841 1671 vivit

246 1708 421 1781 (Rom.
455 1726 493 1776 t,
524 1711 611 1781 I7)
635 1728 651 1777 ;
678 1712 921 1783 quamvis
960 1727 1018 1767 se
1059 1712 1231 1782 ipsum
1273 1713 1515 1782 seducat,
1563 1713 1610 1768 si
1648 1712 1843 1769 dixerit

243 1816 303 1858 se
340 1812 627 1873 peccatum
659 1818 766 1858 non
811 1802 1011 1858 habere
1041 1803 1083 1873 (ι
1108 1802 1268 1860 Joan.
1297 1820 1334 1871 ι,
1372 1804 1465 1874 8);
1495 1814 1550 1860 et
1575 1804 1694 1859 ideo
1732 1820 1838 1860 non

242 1893 406 1960 dicat,
442 1894 570 1964 quia
600 1908 670 1948 ex
701 1893 804 1949 lide
836 1894 966 1949 vivit
996 1911 1007 1948 :
1041 1894 1299 1966 numquid
1319 1895 1560 1951 dicturus
1588 1904 1671 1952 est
1696 1896 1839 1967 quis-

242 1985 387 2056 piam
442 1984 549 2041 hoc
590 1985 715 2040 ﬁdei
762 1997 970 2057 tempus
1015 1986 1091 2041 illi
1134 1986 1226 2042 lini
1273 2002 1395 2043 esse
1429 1989 1832 2060 coazquandutn,

241 2076 462 2147 quando
492 2076 614 2147 igne
637 2075 824 2147 judicii
873 2078 1147 2135 novissimi
1194 2079 1612 2145 ntundabuntur,
1648 2081 1737 2153 qui
1767 2081 1839 2135 ol-

243 2168 425 2225 lerant
445 2170 461 2200 ¹
488 2168 696 2227 hostias
722 2171 776 2227 in
800 2171 1051 2242 justitia?
1077 2173 1156 2228 Ac
1183 2188 1278 2245 per
1302 2173 1406 2230 hoc
1432 2175 1684 2247 quoniam
1717 2184 1838 2246 post

244 2262 405 2317 talem
446 2263 852 2320 muttdationem
888 2266 1095 2322 nullum
1122 2278 1397 2337 peccatum
1422 2268 1597 2339 justos
1619 2270 1835 2326 habitu-

237 2369 329 2411 ros
354 2370 483 2413 esse
505 2357 831 2414 credendum
858 2368 962 2427 est,
990 2359 1228 2431 profecto
1253 2361 1386 2427 illud
1407 2371 1637 2435 tempus,
1663 2379 1835 2435 quatt-

238 2458 354 2507 tum
387 2454 586 2510 attinet
622 2454 690 2509 ad
719 2469 826 2510 non
856 2454 1055 2511 habere
1097 2465 1394 2525 peccatum,
1436 2457 1569 2512 nulli
1606 2458 1834 2528 tempori

235 2545 666 2616 comparandum
692 2556 797 2614 est,
838 2547 941 2603 nisi
966 2548 1184 2619 quando
1208 2549 1364 2619 primi
1396 2549 1642 2605 homines
1668 2549 1722 2606 in
1751 2568 1835 2621 pa-

232 2636 422 2693 radiso
445 2646 573 2693 ante
596 2640 1089 2709 praevaricationem
1117 2640 1554 2697 innocentissima
1582 2642 1833 2700 felicitate

234 2728 512 2784 vixerunt.
550 2728 717 2786 Recte
762 2730 944 2802 itaque
984 2732 1297 2803 intelligitur
1335 2734 1437 2789 hoc
1477 2734 1831 2805 signiﬁcatum

229 2836 382 2889 esse,
421 2837 545 2877 cum
575 2822 776 2880 dictum
814 2834 918 2892 est,
953 2824 1101 2882 Sicut
1128 2827 1301 2881 diebus
1325 2828 1573 2898 pristinis,
1618 2839 1665 2883 et
1703 2830 1833 2884 sicut

227 2917 390 2970 annis
422 2916 698 2985 prioribus.
741 2917 875 2974 Nam
900 2929 953 2974 et
991 2936 1084 2989 per
1111 2920 1301 2976 Isaiam
1338 2929 1684 2992 posteaquam
1722 2938 1831 2979 cm-

228 3008 352 3065 Iutn
373 3025 569 3066 novum
598 3021 655 3067 et
681 3020 819 3067 terra
844 3028 980 3068 nova
1018 3016 1278 3084 promissa
1307 3023 1411 3081 est,
1447 3014 1585 3071 inter
1612 3025 1827 3085 cetera,

224 3120 362 3175 qua
394 3106 467 3161 ibi
505 3106 573 3162 de
612 3116 921 3162 sanctorum
960 3105 1291 3163 beatitudine
1337 3122 1433 3178 per
1464 3108 1747 3179 allegorias
1776 3118 1831 3164 et

224 3200 521 3269 aenigmata
549 3202 879 3272 exsequitur,
907 3200 1101 3272 quibus
1117 3202 1508 3272 expositionem
1538 3217 1829 3275 congruam

223 3290 469 3348 reddere
493 3308 590 3349 nos
619 3293 892 3364 prohibuit
920 3293 1147 3349 vitandae
1177 3294 1524 3367 longitudinis
1548 3310 1696 3364 cura,
1741 3297 1830 3369 Sc-

221 3384 465 3439 ssusdum
496 3386 625 3452 dies,
674 3386 864 3457 inquit,
895 3387 1021 3458 ligni
1059 3388 1173 3441 vitae
1209 3380 1355 3442 erunt
1389 3388 1497 3445 dies
1526 3390 1702 3460 populi
1732 3390 1830 3444 mei

222 3477 396 3550 μιαί.
422 3494 545 3548 uv,
564 3479 680 3551 2‘3).
709 3479 840 3546 Quis
864 3488 1044 3536 autem
1074 3495 1255 3536 sacras
1291 3480 1525 3537 Litteras
1550 3481 1745 3553 attigit,
1774 3490 1829 3537 et

221 3574 453 3644 ignorat
482 3574 569 3630 ubi
615 3574 754 3630 Deus
800 3575 1123 3645 plantaverit
1166 3575 1366 3645 lignum
1408 3575 1551 3643 vitat,
1600 3590 1630 3629 a
1673 3575 1827 3646 cujus

218 3668 365 3725 cibo
409 3669 668 3738 separatis
709 3669 813 3724 illis
850 3668 1176 3737 hominibus,
1223 3668 1439 3739 quando
1490 3680 1585 3725 eos
1624 3684 1717 3724 sua
1759 3669 1827 3725 de

223 3760 495 3833 paradiso
534 3760 692 3830 ejecit
734 3762 1006 3833 iniquitas,
1053 3762 1228 3817 eidem
1273 3761 1418 3832 ligno
1448 3761 1824 3832 circumposita

219 3862 323 3909 est
348 3853 499 3923 ignea
520 3854 882 3923 terribilisque
908 3853 1183 3910 custodia?

300 3944 365 4000 ἱ.
406 3944 556 4012 Quod
606 3946 651 4001 si
691 3946 969 4016 quisquam
1013 3946 1134 4000 illos
1169 3944 1286 4001 dies
1327 3944 1457 4015 ligni
1498 3945 1643 4013 vitae,
1691 3960 1825 4016 quos

216 4039 676 4095 commemoravit
701 4038 959 4110 propheta
984 4037 1167 4105 Isaias,
1200 4038 1332 4093 istos
1356 4038 1447 4109 qui
1484 4054 1626 4094 nunc
1652 4052 1819 4108 agun-

217 4139 322 4186 tur
369 4128 621 4185 Ecclesite
662 4129 860 4185 Christi
894 4128 1011 4184 dies
1053 4144 1172 4185 esse
1214 4129 1508 4196 contendit,
1547 4130 1825 4201 ipsumque

213 4221 507 4277 Christum
550 4221 752 4292 lignum
790 4222 911 4277 vita:
940 4220 1250 4291 prophetico
1281 4220 1503 4286 dictum,
1546 4221 1667 4291 quia
1710 4220 1825 4291 ipse

213 4326 318 4374 est
364 4315 628 4385 Sapientia
656 4316 774 4383 Dei,
804 4314 874 4371 de
897 4330 999 4386 qua
1032 4314 1288 4371 Salomon
1327 4314 1419 4377 ait,
1454 4313 1672 4385 Lignum
1710 4314 1825 4369 vitta

214 4419 303 4468 est
352 4409 575 4465 omnibus
618 4409 1031 4479 amplectentibus
1074 4425 1184 4463 eam
1227 4406 1412 4477 (Prov.
1446 4407 1689 4476 “1.18);
1722 4422 1823 4463 nec

215 4516 411 4558 armos
440 4502 607 4571 egisse
653 4501 861 4572 aliquos
891 4502 944 4557 in
975 4500 1223 4571 paradiso
1264 4500 1384 4556 illos
1423 4502 1622 4570 primos
1653 4500 1825 4555 homi-

214 4611 359 4662 nes,
389 4594 527 4650 unde
557 4604 665 4651 tam
692 4596 800 4651 cito
840 4595 996 4665 ejeeti
1025 4602 1169 4663 sunt,
1211 4602 1269 4649 ut
1297 4594 1499 4650 nullum
1543 4594 1613 4649 ibi
1640 4595 1824 4665 gigne-

213 4694 361 4745 rent
394 4686 585 4754 ﬁlium;
628 4697 682 4743 et
711 4688 831 4743 ideo
869 4701 977 4742 non
1007 4701 1164 4757 posse
1206 4686 1337 4742 illud
1367 4696 1579 4757 tempus
1604 4686 1823 4756 intelligi

213 4784 271 4838 in
306 4795 385 4836 eo
408 4780 545 4851 quod
572 4781 772 4837 dictum
802 4789 903 4848 est,
945 4780 1095 4838 Sicut
1127 4782 1302 4836 diebus
1340 4782 1587 4853 pristinis,
1617 4788 1664 4836 et
1693 4783 1823 4836 sicut

214 4872 388 4929 annis
416 4872 659 4941 prioribus
689 4889 708 4928 :
737 4873 893 4928 istam
925 4882 1185 4944 praetereo
1224 4874 1598 4943 quaestionem,
1632 4888 1700 4927 ne
1726 4888 1821 4927 co-

211 4981 326 5036 gar
358 4963 517 5033 (quod
555 4965 819 5036 prolixum
846 4964 950 5038 est)
989 4973 1178 5021 cuncta
1206 4964 1495 5031 discutere,
1524 4972 1582 5020 ut
1621 4964 1818 5035 aliquid

212 5058 432 5115 horum
458 5059 650 5115 veritas
688 5057 1063 5115 manileatata'
1105 5058 1404 5115 conﬁrmet.
1437 5059 1603 5115 Video
1627 5060 1825 5130 quippe

212 5152 463 5207 alterum
501 5165 741 5216 sensum,
783 5167 850 5207 ne
897 5150 1014 5207 dies
1043 5152 1293 5220 pristinos
1322 5161 1378 5208 et
1415 5168 1584 5209 annos
1621 5154 1825 5223 priores

212 5242 527 5300 carnalium
549 5244 929 5300 sacriﬁciorum
955 5245 1107 5300 nobis
1136 5259 1233 5315 pro
1254 5260 1448 5317 magno
1477 5262 1700 5303 munere
1728 5263 1824 5317 pcr

216 5336 556 5405 Prophetam
585 5339 876 5408 promissos
904 5336 1067 5392 fuisse
1095 5336 1395 5393 credamus.
1428 5338 1627 5393 Hostia:
1671 5354 1823 5394 nam-

214 5444 342 5502 que
371 5427 474 5484 illa:
507 5429 704 5485 veteris
728 5426 886 5499 Legis
912 5428 965 5483 in
992 5429 1290 5500 quibusque
1326 5430 1607 5499 pecoribus
1634 5430 1824 5487 imma-

214 5524 425 5582 culata:
453 5539 516 5579 ac
541 5522 658 5579 sine
698 5523 839 5579 uIIo'
869 5538 1088 5595 prorsus
1122 5524 1251 5579 vitio
1276 5523 1597 5595 jubebantur
1621 5524 1820 5591 oll‘erri,

215 5629 277 5675 et
307 5614 686 5687 signiﬁcabant
714 5615 958 5672 homines
983 5624 1219 5684 sanctos,
1257 5616 1429 5688 qualis
1457 5616 1602 5673 solus
1628 5616 1822 5672 inven-

289 5775 314 5809 ί
350 5776 423 5824 Sic
446 5780 553 5824 Mss.
579 5772 698 5823 ε·Δὶιὶ
714 5778 896 5834 autem,
918 5772 1139 5839 oﬂ'ertmt.

290 5839 317 5871 ι
353 5836 485 5885 Vind.
511 5845 613 5885 Am.
634 5841 707 5886 Er.
729 5843 780 5886 et
809 5832 973 5895 plures
997 5846 1119 5895 Mss,
1144 5840 1395 5895 manifesta

290 5850 317 5871 ι
354 5850 485 5885 Vino.
511 5850 613 5885 sm.
634 5850 707 5886 cr.
729 5850 780 5886 et
809 5850 973 5900 putres
997 5850 1119 5897 mss,
1144 5850 1411 5895 maturem.

290 5901 318 5935 ⁸
354 5908 427 5951 διε
447 5906 553 5951 uss.
581 5905 640 5952 Al.
660 5899 796 5963 editi,
818 5898 1136 5954 inunacultttis
1150 5900 1328 5968 absque
1351 5905 1469 5966 ulto,
1492 5908 1588 5956 etc.

1547 383 1756 444 LIBER
1792 383 2178 449 VICESIMUS.

3442 430 3548 489 702

1966 510 2051 607 tus
2078 515 2161 563 est
2187 508 2451 585 Christus,
2495 520 2612 579 sine
2638 525 2746 582 ullo
2769 530 2988 589 omnino
3030 548 3269 607 peccato.
3316 542 3544 602 Proinde

1961 601 2083 704 quia
2119 614 2238 704 post
2261 606 2535 704 judicium,
2576 632 2696 674 cum
2729 621 2925 681 fuerint
2952 601 3111 685 etiam
3157 634 3277 704 igne
3305 601 3543 696 tuttndati

1959 694 2050 763 qui
2106 694 2367 793 ejusmodi
2421 708 2761 769 tnundatione
2813 731 2936 774 sunt
2987 722 3151 793 digni,
3176 694 3249 781 in
3294 694 3543 788 omnibus

1958 788 2158 888 sanctis
2202 792 2401 849 nullum
2449 798 2745 860 ittvenietur
2787 810 3005 865 omnino
3045 788 3337 885 peccatum,
3380 833 3539 894 atque

1957 883 2030 932 ita
2065 896 2125 935 se
2153 883 2295 953 ipsos
2333 886 2558 946 offerent
2588 894 2639 948 in
2674 897 2899 969 justitia,
2929 913 2985 959 ut
3014 908 3145 963 tales
3176 883 3363 967 hostia;
3390 883 3534 972 enini

1955 974 2117 1030 modo
2169 977 2519 1039 immaculata:
2564 1002 2626 1043 ac
2678 991 2795 1048 sine
2840 997 2951 1051 ullo
3003 1002 3131 1056 vitio
3178 1005 3284 1059 sint
3322 1003 3533 1075 lutum,

1953 1076 2113 1124 erunt
2153 1072 2391 1141 profecto
2430 1079 2566 1136 sicut
2604 1085 2840 1152 pristinis
2879 1090 3067 1149 diebus
3107 1106 3162 1151 et
3200 1099 3337 1154 sicut
3383 1072 3536 1158 anuis

1952 1161 2241 1250 prioribus,
2275 1170 2487 1236 quando
2518 1175 2570 1228 in
2607 1177 2796 1233 umbra
2828 1180 2986 1250 hujus
3029 1188 3105 1241 rei
3138 1188 3332 1245 futurae
3376 1209 3533 1248 mun-

1950 1249 2185 1352 dissima:
2214 1258 2572 1319 atterebantur
2610 1266 2816 1325 hostiae.
2849 1249 2974 1329 Ilaec
2998 1278 3100 1332 erit
3126 1296 3354 1352 namque
3383 1301 3532 1339 mllll-

1950 1342 2076 1399 ditia
2106 1354 2247 1442 tunc
2276 1350 2327 1405 itt
2366 1353 2654 1414 immortali
2700 1377 2864 1420 carne
2900 1382 2963 1421 ac
2991 1383 3166 1426 mente
3204 1342 3529 1442 sanctorum,

1946 1620 2289 1718 damnatione
2329 1642 2454 1687 sunt
2482 1635 2645 1706 digni,
2678 1638 2747 1694 Et
2772 1644 3027 1714 accedam,
3056 1648 3245 1718 inquit,
3278 1654 3347 1706 ad
3371 1620 3456 1709 vos
3480 1656 3532 1710 in

1937 1714 2211 1820 judicium,
2258 1732 2306 1775 et
2349 1741 2432 1779 ero
2473 1731 2609 1785 testis
2638 1732 2783 1788 velox
2826 1753 2979 1807 super
3006 1714 3264 1811 maleﬁcos
3301 1756 3349 1800 et
3381 1764 3533 1820 super

1943 1807 2221 1878 adulteros,
2248 1824 2303 1870 et
2328 1828 2544 1888 caetera,
2571 1825 2760 1891 quibus
2792 1807 3183 1889 damuabilihus
3208 1807 3532 1898 enumeratis

1943 1898 2254 1958 criminibus
2278 1907 2500 1977 addidit,
2528 1912 2781 1980 Quoniam
2803 1936 2895 1991 ego
2914 1921 3166 1982 Dominus
3186 1928 3322 1984 Deus
3350 1942 3527 2001 vester,

1943 2000 1991 2046 et
2029 2010 2129 2049 non
2156 2009 2325 2053 mutor
2353 2019 2370 2056 :
2399 2012 2647 2077 tauquam
2687 2010 2908 2077 diceret,
2941 2014 3073 2072 Cum
3115 2034 3209 2075 vos
3244 2000 3531 2081 mutaverit

1942 2093 1997 2139 et
2027 2086 2078 2141 iu
2111 2088 2347 2149 deterius
2373 2098 2526 2167 culpa
2568 2112 2766 2171 vestra,
2797 2115 2851 2161 et
2877 2109 2928 2162 in
2972 2112 3163 2168 melius
3189 2116 3353 2185 gratia
3384 2133 3524 2185 mea,

1942 2191 2041 2279 ego
2069 2195 2181 2279 non
2205 2194 2401 2242 mutor.
2436 2188 2650 2248 Testem
2682 2210 2811 2251 vero
2854 2212 2914 2253 se
2943 2199 3072 2256 dicit
3106 2203 3365 2274 futurum,
3404 2208 3527 2279 quia

1942 2268 1994 2368 in
2019 2271 2221 2342 judicio
2243 2293 2340 2333 suo
2360 2296 2466 2337 non
2489 2282 2689 2357 indiget
2718 2290 2938 2347 testibus
2964 2309 2978 2347 :
3006 2271 3233 2367 eumque
3260 2268 3520 2368 velocem,

1941 2363 2053 2467 sive
2072 2370 2201 2467 quia
2230 2383 2449 2442 repente
2475 2388 2730 2436 venturus
2756 2393 2859 2448 est,
2891 2387 3101 2458 eritque
3119 2363 3380 2459 judicium
3412 2363 3528 2464 ipso

1940 2463 2214 2526 inopinato
2262 2463 2379 2533 ejus
2416 2467 2645 2525 adventu
2685 2474 3047 2545 celerrimum,
3091 2482 3231 2551 quod
3283 2463 3525 2541 tardissi-

1938 2565 2082 2606 mum
2125 2554 2433 2625 videbatur;
2466 2563 2580 2618 sive
2620 2567 2743 2635 quia
2785 2568 2927 2638 ipsas
2957 2574 3238 2630 convincet
3273 2576 3390 2632 sine
3416 2578 3523 2633 ulla

1937 2647 2203 2738 sermonis
2248 2651 2551 2718 prolixitale
2604 2660 2978 2717 conscientias.
3032 2663 3100 2719 In
3141 2668 3527 2738 cogitationibus

1937 2737 2090 2832 enim,
2119 2740 2256 2795 sicut
2275 2744 2528 2813 scriptum
2552 2758 2654 2812 est,
2680 2751 2825 2821 impii
2848 2754 3174 2828 interrogatio
3194 2737 3285 2813 erit
3314 2761 3468 2832 (Sap.
3485 2776 3525 2831 ι,
3548 2800 3558 2813 .

1937 2828 2015 2899 9).
2045 2829 2109 2885 Et
2139 2832 2445 2903 Apostolus,
2477 2836 2894 2911 Cagitationibus,
2927 2846 3113 2917 inquit,
3152 2828 3524 2922 accusantibus,

1935 2921 2013 2974 vel
2037 2922 2188 2977 etiam
2214 2931 2567 2984 excusantibus
2588 2933 2640 2987 in
2670 2935 2754 2989 die
2775 2944 2874 3006 qua
2886 2939 3141 3008 judicabit
3170 2940 3309 2997 Deus
3330 2946 3525 3000 occulta

1936 3012 2236 3085 hominum,
2283 3022 2560 3077 secundum
2609 3024 2943 3098 Evangelium
2994 3048 3156 3086 meum
3204 3050 3295 3105 per
3344 3034 3524 3093 Iesum

1935 3106 2189 3165 Christum
2218 3112 2391 3183 (liam.
2434 3132 2491 3183 ιι,
2524 3119 2612 3187 15,
2644 3121 2754 3192 16).
2795 3123 2969 3179 Etiam
3008 3128 3086 3183 sic
3111 3143 3239 3199 ergo
3265 3130 3524 3189 Dominus

1933 3199 2144 3259 futurus
2174 3207 2324 3263 testis
2352 3209 2725 3282 intelligendus
2756 3224 2840 3271 est
2866 3218 3043 3286 velox,
3074 3234 3195 3274 cum
3223 3221 3339 3277 sine
3370 3238 3521 3279 mora

1932 3310 2281 3357 revocaturus
2317 3313 2401 3358 est
2444 3306 2493 3359 in
2536 3310 2873 3377 memoriam,
2918 3312 3060 3369 unde
3104 3316 3386 3371 convincat
3424 3333 3520 3389 pu-

1932 3390 2149 3463 niatque
2172 3396 2575 3453 conscientiam.

1931 3540 2159 3607 CAPUT
2197 3551 2413 3610 XXVII.
2443 3586 2514 3595 —
2539 3554 2619 3611 De
2644 3560 2962 3628 separatione
2996 3562 3239 3617 bonorum
3279 3572 3325 3619 et
3352 3566 3517 3620 malo-

1965 3660 2099 3713 rum,
2137 3663 2227 3717 per
2249 3663 2401 3718 quam
2428 3651 2684 3707 novissimi
2697 3652 2886 3721 judicii
2911 3654 3144 3711 discretio
3166 3658 3475 3714 declaratur.

2001 3802 2134 3861 Illud
2177 3809 2358 3877 etiam,
2409 3810 2549 3881 quod
2591 3810 2731 3867 aliud
2769 3829 2933 3886 agens
2978 3815 3029 3870 in
3081 3826 3269 3872 octavo
3312 3810 3520 3876 decimo

1930 3898 2068 3955 libro
2095 3914 2164 3957 ex
2194 3902 2296 3957 isto
2334 3905 2589 3976 propheta
2630 3907 2782 3977 posui
2811 3909 3014 3979 (capite
3038 3909 3128 3978 35,
3157 3913 3300 3982 ﬁne).
3333 3912 3397 3967 ad
3425 3913 3514 3981 ju-

1930 3991 2125 4047 dicium
2177 3995 2523 4051 novissimum
2574 3998 2823 4067 pertinet,
2873 4000 2961 4056 ubi
3006 4003 3079 4056 ait
3110 4021 3122 4056 :
3153 4000 3316 4057 Erunt
3367 4006 3512 4073 mihi,

1930 4084 2051 4139 dicit
2077 4084 2320 4142 Dominus
2342 4090 2673 4158 omnipotens,
2703 4091 2857 4145 indie
2874 4109 2973 4163 qua
2998 4110 3088 4165 ego
3112 4096 3246 4167 facio
3270 4098 3323 4150 in
3343 4099 3519 4168 acqui-

1927 4177 2176 4244 sitionem,
2202 4186 2249 4232 et
2275 4178 2458 4251 eligam
2478 4196 2559 4236 eos
2579 4182 2706 4236 sicut
2730 4182 2869 4255 eligit
2900 4183 3049 4239 homo
3075 4186 3235 4255 [ilium
3261 4204 3406 4243 suum
3435 4191 3521 4260 qui

1928 4270 2078 4325 servit
2122 4270 2169 4325 ei
2192 4285 2209 4325 :
2234 4278 2280 4325 et
2319 4274 2727 4340 convertemini‘,
2771 4282 2816 4328 et
2857 4275 3080 4331 videbitis
3124 4278 3245 4347 quid
3286 4282 3350 4335 sit
3390 4283 3522 4336 inter

1920 4365 2119 4435 justum
2146 4374 2191 4419 et
2218 4366 2467 4437 iniquum,
2512 4376 2562 4421 et
2588 4368 2717 4421 inter
2745 4370 3036 4424 servientem
3066 4367 3174 4425 Deo
3214 4381 3259 4425 et
3294 4390 3408 4426 eum
3434 4376 3519 4444 qui

1928 4470 2030 4509 non
2058 4457 2206 4510 servit
2226 4458 2291 4511 ei.
2323 4457 2455 4522 Quia
2480 4475 2592 4512 ecce
2621 4460 2725 4513 dies
2756 4463 2886 4514 venit
2907 4460 3089 4519 ardens
3114 4464 3242 4517 sicut
3268 4464 3516 4533 clibanus,

1931 4554 1976 4600 et
1997 4548 2252 4602 comburet
2288 4565 2390 4615 eos,
2420 4558 2467 4602 et
2495 4559 2639 4603 erunt
2668 4566 2839 4604 omnes
2871 4553 3185 4624 alienigena,
3227 4564 3272 4609 et
3297 4556 3520 4609 universi

1927 4639 2015 4709 qui
2041 4638 2234 4708 faciunt
2272 4640 2602 4707 iniquitatem,
2647 4642 2836 4710 stipula
2864 4657 2884 4696 :
2907 4651 2954 4696 et
2995 4645 3262 4699 succendet
3301 4662 3382 4699 eos
3413 4646 3517 4700 dies

1928 4731 2148 4798 veniens,
2178 4732 2298 4785 dicit
2332 4731 2577 4787 Dominus
2612 4734 2925 4804 omnipotens
2952 4754 2969 4790 :
3000 4745 3047 4790 et
3074 4755 3173 4792 non
3212 4739 3518 4807 relinquetur

1928 4823 1983 4877 in
2011 4825 2084 4878 eis
2117 4824 2286 4891 radix,
2311 4838 2469 4895 neque
2494 4840 2685 4881 ramus.
2714 4825 2783 4880 Et
2810 4827 3000 4884 orietur
3028 4831 3182 4893 vobis,
3219 4833 3305 4900 qui
3335 4831 3515 4883 timetis

1930 4930 2112 4971 nomen
2142 4930 2323 4982 meum,
2353 4918 2430 4972 sol
2446 4920 2680 4991 justltlte,
2714 4927 2760 4974 et
2785 4923 2978 4977 sanitas
3015 4924 3066 4975 in
3092 4922 3267 4992 pennis
3294 4923 3439 4985 eius;
3470 4938 3513 4975 ct

1929 5011 2271 5084 egrediemini,
2302 5022 2350 5066 et
2376 5014 2566 5067 salictis
2594 5015 2720 5069 sicut
2748 5014 2890 5069 vituli
2931 5014 2992 5068 de
3015 5014 3229 5067 vinculis
3259 5017 3473 5067 relaxati
3500 5033 3515 5069 :

1928 5114 1977 5159 et
2004 5104 2360 5159 eonculcabitis
2384 5106 2603 5177 iniquos,
2645 5113 2691 5160 et
2733 5115 2879 5159 erunt
2917 5105 3042 5158 cinis
3070 5105 3161 5158 sub
3194 5104 3401 5174 pedi/"ts
3440 5123 3514 5157 rc-

1929 5200 2070 5265 stris,
2108 5198 2230 5253 dicit
2264 5199 2512 5254 Dominus
2551 5199 2868 5268 omnipotens
2896 5196 3146 5265 (Malach.
3176 5214 3256 5264 tu,
3292 5200 3376 5263 I7,
3414 5200 3511 5261 18;

1930 5308 2007 5357 ιν,
2041 5291 2177 5364 1-5).
2211 5292 2337 5347 Haec
2374 5292 2622 5347 distantia
2655 5292 2994 5361 praemiorum
3041 5301 3199 5362 atque
3239 5307 3514 5362 pinnarum

1926 5383 2100 5454 justas
2126 5384 2380 5439 dirimens
2416 5384 2486 5437 ab
2519 5382 2748 5452 injustis,
2775 5392 2896 5453 quas
2922 5381 3022 5437 sub
3053 5382 3153 5437 isto
3179 5384 3293 5438 sole
3336 5384 3386 5437 in
3418 5384 3517 5437 htt-

1926 5477 2013 5549 jus
2041 5478 2163 5533 vita:
2190 5478 2419 5532 vanitate
2448 5491 2556 5531 non
2597 5477 2853 5540 cernitur,
2886 5476 3097 5546 quando
3142 5478 3240 5532 sub
3280 5478 3372 5533 illo
3403 5481 3516 5533 sole

1926 5570 2147 5643 justiti-uc
2192 5570 2245 5625 in‘
2293 5569 2432 5626 illius
2464 5569 2587 5625 vitae
2632 5566 3059 5626 manifestatione
3098 5571 3340 5639 clareltit,
3390 5581 3513 5627 tunc

1994 5780 2012 5812 ι
2046 5778 2163 5841 miti
2179 5790 2235 5827 ac
2255 5775 2478 5841 plerique
2501 5783 2626 5834 Mss.,
2651 5780 2697 5826 et
2718 5780 2982 5827 convertar.
2998 5776 3319 5827 Emendantur
3347 5778 3406 5826 ad
3428 5790 3514 5841 ve-

1930 5850 2091 5895 terem
2116 5838 2293 5889 librum
2321 5838 2666 5901 Corbeieusem
2690 5852 2702 5887 :
2742 5851 2852 5887 nam
2878 5841 3076 5901 et_apud
3099 5842 3407 5901 Septuaginta
3443 5838 3514 5887 le-

1930 5908 2079 5969 gitur,
2103 5900 2183 5954 ka‘t
2205 5900 2633 5968 epistrapltésestltd
2660 5914 2677 5953 :
2703 5909 2755 5952 et
2775 5902 2823 5951 in
2862 5899 3078 5966 Vulgata,
3094 5907 3140 5952 et
3160 5899 3513 5953 conttértemiui.
