4062 6494
580 398 687 460 703

576 519 822 586 profecto
844 518 949 575 erit
969 518 1227 590 judicium
1248 519 1406 593 quale
1432 534 1705 593 nunquam
1737 521 1855 578 fuit.

577 612 801 669 CAPUT
831 611 1066 670 XXVIII.
1087 643 1150 654 —
1176 612 1254 667 De
1286 614 1395 686 lege
1421 613 1591 687 Moysi
1616 615 1951 687 spiritualiter
1976 616 2167 673 intelli-

649 706 844 775 genda,
892 722 963 760 ne
990 706 1045 760 in
1083 705 1395 762 damnabilia
1433 724 1697 762 murmura
1734 709 1957 765 carnalis
1996 726 2169 766 sensus

652 797 898 851 incurrat.

648 889 800 956 Quod
847 904 976 946 vero
1018 890 1290 964 subjungit
1330 892 1469 949 idem
1521 894 1820 965 propheta,
1868 895 2173 953 Mementote

579 981 701 1051 legis
730 980 901 1053 Moysi
943 985 1072 1039 servi
1107 989 1231 1050 mei,
1282 1003 1434 1057 quam
1491 988 1725 1043 mandavi
1778 989 1826 1044 ei
1866 990 1919 1044 in
1973 988 2166 1045 Choreb

578 1075 645 1126 rat
673 1091 870 1128 onmem
896 1074 1060 1131 Israel
1088 1075 1341 1151 (Malach.
1367 1095 1441 1147 tv,
1472 1080 1560 1153 4);
1603 1089 1867 1151 pnecepta
1898 1090 1952 1137 et
1972 1081 2170 1153 judicia

580 1180 876 1234 opportune
892 1181 1299 1236 commemorat,
1318 1181 1439 1242 post
1453 1173 1777 1229 declaratum
1795 1182 1900 1229 tam
1918 1190 2167 1243 magnum

582 1258 816 1313 futurum
870 1260 1011 1316 inter
1061 1263 1432 1319 observatores
1488 1265 1618 1335 legis
1670 1276 2171 1337 contemptoresque

584 1351 903 1418 discrimen;
947 1354 1107 1409 simul
1133 1356 1293 1411 etiam
1316 1367 1374 1412 ut
1394 1357 1600 1413 discant
1623 1358 1794 1430 legem
1822 1360 2170 1430 spiritualiter

584 1442 881 1511 intelligere
906 1486 919 1509 ,
965 1455 1018 1499 et
1064 1447 1339 1502 inveniant
1366 1448 1418 1503 in
1444 1463 1505 1503 ea
1532 1448 1803 1505 Christum
1824 1493 1838 1516 ,
1869 1467 1965 1522 per
2010 1467 2168 1522 quem

579 1531 810 1600 iudicem
834 1533 1070 1591 facienda
1092 1547 1174 1592 est
1199 1538 1338 1593 inter
1360 1541 1531 1596 bonos
1555 1550 1609 1597 et
1635 1542 1805 1598 malos
1826 1543 1938 1613 ipsa
1964 1544 2172 1600 discre—

583 1625 675 1678 tio.
707 1625 819 1679 Non
865 1628 1006 1682 enim
1034 1629 1227 1685 frustra
1269 1631 1406 1687 idem
1448 1635 1705 1691 Dominus
1734 1637 1808 1691 ait
1844 1636 2076 1705 Iudaeis,
2110 1636 2171 1694 Si

582 1718 850 1774 crederetis
894 1720 1094 1792 Moysi,
1143 1724 1410 1780 crederetis
1444 1736 1490 1779 ct
1532 1728 1692 1794 mihi;
1720 1729 1784 1784 de
1819 1746 1897 1784 me
1924 1731 2055 1785 enim
2084 1731 2174 1785 ille

581 1809 783 1879 scripsit
824 1809 1003 1881 (Joan.
1035 1830 1097 1880 v,
1131 1815 1244 1886 46).
1296 1814 1594 1873 Carnaliter
1627 1820 1821 1890 quippe
1860 1821 2169 1893 accipiendo

589 1902 792 1970 legem,
841 1912 896 1958 et
937 1905 1051 1974 ejus
1092 1909 1352 1978 promissa
1397 1918 1607 1966 terrena
1650 1928 1827 1967 rerum
1870 1913 2167 1971 cmlestium

585 1994 781 2064 figuras
807 2011 926 2051 esse
946 1999 1266 2065 nescientes,
1310 2000 1360 2054 in
1404 2002 1487 2055 illa
1520 2018 1789 2058 murmura
1820 2019 2166 2072 corruerunt,

580 2095 640 2141 ut
667 2088 847 2144 dicere
879 2091 1164 2160 auderent,
1214 2092 1384 2149 Vanus
1410 2104 1481 2149 est
1506 2096 1591 2166 qui
1629 2097 1778 2151 servit
1804 2097 1914 2153 Deo
1934 2115 1955 2153 :
1976 2109 2022 2153 et
2047 2101 2171 2172 quid

583 2179 833 2249 amplius,
861 2182 980 2252 quia
1015 2184 1373 2240 custodivimus
1407 2187 1647 2241 mandata
1675 2189 1783 2259 ejus
1802 2232 1816 2257 ,
1844 2200 1891 2244 et
1919 2192 2038 2261 quia
2063 2209 2171 2246 um-

579 2267 860 2325 bulavimus
881 2275 1164 2344 suppliees‘
1189 2286 1308 2331 ante
1339 2278 1521 2347 faciem
1544 2278 1752 2335 Domini
1778 2284 2131 2351 omnipotentis
2146 2285 2173 2340 ?

579 2356 649 2411 Et
694 2376 826 2414 nunc
869 2379 960 2417 nos
1003 2363 1174 2420 beatos
1212 2367 1427 2424 dicimus
1480 2370 1707 2437 alienos,
1754 2382 1803 2427 et
1854 2374 2172 2442 adiﬁcantur

579 2465 751 2505 omnes
787 2455 873 2523 qui
913 2457 1105 2526 faciunt
1143 2458 1459 2529 iniquitatem
1480 2461 1732 2533 (Malach.
1765 2479 1853 2532 tu,
1884 2466 1951 2521 14
1977 2474 2024 2520 et
2049 2465 2164 2541 l5).

580 2541 784 2609 Quibus
830 2560 1019 2601 eorum
1062 2549 1241 2604 verbis
1282 2552 1677 2622 quodammodo
1718 2557 1975 2627 propheta
2023 2573 2172 2615 com-

581 2634 766 2703 pulsus
804 2645 885 2691 est
926 2639 1274 2696 novissimum
1323 2645 1717 2713 prmnuntiare'
1755 2647 2046 2717 judicium,
2081 2650 2169 2707 ubi

581 2725 709 2779 mali
740 2742 840 2782 nec
875 2729 1065 2785 saltem
1107 2731 1241 2788 falso
1264 2733 1373 2788 sint
1397 2735 1557 2802 beati,
1590 2737 1683 2793 sed
1710 2739 2045 2809 apertissime
2071 2757 2168 2814 ap-

577 2831 801 2892 pareant
838 2825 1152 2892 miserrimi;
1200 2836 1254 2883 et
1292 2828 1417 2884 boni
1464 2830 1609 2886 nulla
1648 2835 1931 2903 temporali
1977 2837 2167 2893 saltem

579 2915 794 2971 miseria
822 2916 1085 2991 laborent,
1119 2920 1212 2975 sed
1233 2921 1376 2977 clara
1404 2937 1468 2978 ac
1487 2924 1811 2996 sempiterna
1840 2927 2167 2987 beatitudine

580 3010 940 3081 perfruantur.
991 3014 1203 3069 Dixerat
1249 3017 1444 3087 quippe
1487 3019 1708 3073 istorum
1756 3020 1883 3076 talia
1922 3021 2166 3093 quaedam

582 3104 746 3158 verba
796 3105 959 3159 etiam
1001 3106 1249 3176 superius
1302 3109 1591 3166 dicentium
1618 3144 1649 3178 ,ν
1684 3111 1862 3167 Omnis
1907 3114 1992 3186 qui
2044 3116 2169 3186 facit

579 3196 789 3259 malum,
818 3196 978 3252 bonus
996 3209 1069 3253 est
1091 3201 1141 3253 in
1170 3211 1438 3272 conspectu
1466 3203 1708 3271 Domini,
1750 3215 1796 3261 et
1835 3208 1957 3262 tales
1985 3209 2033 3263 ei
2055 3211 2169 3280 pla-

575 3298 687 3341 cent
708 3287 816 3358 (Id.
848 3304 903 3355 ll,
933 3290 1043 3360 l7).
1071 3291 1151 3346 Ad
1181 3291 1313 3358 bare,
1344 3294 1582 3365 inquam,
1605 3306 1788 3352 contra
1821 3297 1984 3354 Deum
2015 3316 2167 3357 mur-

576 3394 726 3432 mura
751 3392 1130 3451 pervenerunt,
1150 3384 1317 3454 legem
1336 3385 1502 3458 Moysi
1522 3389 1836 3459 accipiendo
1856 3393 2163 3449 carnaliter.

579 3469 731 3525 Unde
756 3481 811 3527 et
845 3473 933 3527 illc
964 3474 1018 3528 in
1059 3474 1271 3530 Psalmo
1299 3480 1692 3550 septuagesimo
1729 3484 1997 3550 secundo,
2030 3499 2167 3555 pene

575 3574 872 3619 commotos
900 3565 1029 3621 dicit
1063 3565 1224 3622 fuisse
1252 3569 1417 3639 pedes
1442 3586 1568 3626 suos
1585 3613 1599 3638 ,
1634 3581 1689 3629 et
1728 3574 1927 3631 etl‘usos
1951 3592 2167 3647 gressus

575 3669 724 3721 suos,
753 3656 936 3727 utique
968 3656 1019 3711 in
1045 3658 1251 3729 lapsum
1273 3701 1287 3725 ,
1317 3663 1438 3732 quia
1466 3663 1656 3719 zelavit
1682 3663 1734 3719 in
1764 3668 2161 3736 peccatoribus,

576 3764 760 3820 pacem
794 3762 1129 3821 peccatorum
1178 3754 1420 3822 intuens;
1451 3756 1521 3810 ita
1548 3765 1607 3812 ut
1635 3759 1775 3814 inter
1794 3770 1989 3816 caetera
2014 3761 2163 3818 dice-

574 3850 679 3909 ret,
712 3841 975 3909 Quomodo
992 3847 1132 3900 scivit
1154 3845 1310 3914 Deus,
1334 3858 1381 3903 et
1405 3850 1449 3903 si
1470 3861 1542 3904 est
1565 3852 1774 3906 scientia
1800 3854 1853 3909 in
1874 3855 2165 3912 Altissimo?

574 3933 779 3991 diceret
819 3938 978 3993 etiam
996 3980 1013 4006 ,
1048 3937 1315 4011 Numquid
1340 3957 1463 3997 vane
1478 3944 1760 4014 justiﬁcavi
1787 3964 1873 4001 cor
1899 3965 2085 4016 meum,
2118 3960 2164 4005 et

575 4025 676 4081 lavi
705 4029 757 4082 in
784 4024 1129 4086 innocentibus
1148 4032 1169 4064 ³
1209 4050 1390 4089 manus
1419 4036 1596 4091 meas?
1624 4036 1695 4094 Ut
1722 4047 1899 4095 autem
1929 4042 2165 4099 solveret

577 4116 714 4172 hanc
743 4119 1109 4177 difﬁcillimam
1130 4126 1503 4195 qumstionem,
1529 4143 1648 4198 quae
1672 4129 1748 4195 fit,
1770 4146 1889 4185 cum
1916 4131 2165 4190 videntur

577 4211 699 4267 boni
726 4226 843 4266 e~se
871 4214 1070 4280 miseri,
1102 4223 1157 4270 et
1193 4215 1379 4272 felices
1416 4218 1576 4273 mali:
1605 4218 1737 4288 Hoc,
1775 4222 1978 4291 inquit,
2020 4224 2162 4280 labor

588 4313 648 4360 est
677 4314 794 4356 ante
822 4322 927 4369 me,
958 4307 1114 4360 donec
1138 4306 1386 4364 introeam
1417 4312 1469 4366 in
1495 4315 1837 4367 sanctuarium
1863 4314 1978 4381 Dei,
2006 4326 2054 4373 et
2082 4319 2162 4372 in-

588 4397 797 4466 Hligam
847 4399 899 4450 in
940 4399 1209 4455 novissima
1252 4401 1424 4475 (Psal.
1454 4420 1617 4468 LXXII,
1663 4407 1750 4474 Η,
1794 4406 1881 4475 15,
1925 4408 2156 4481 16,17).

587 4488 781 4545 lmlieio
804 4493 997 4562 quippe
1028 4493 1320 4551 novissnno
1350 4512 1457 4552 non
1486 4498 1565 4554 sic
1585 4498 1683 4554 erit
1708 4516 1721 4553 :
1752 4499 1847 4556 sed
1890 4503 1942 4555 in
1969 4512 2156 4574 aperta

585 4580 873 4652 iniquorum
924 4586 1170 4655 miseria,
1221 4598 1276 4644 et
1315 4599 1498 4659 aperta
1551 4590 1805 4651 felicitate
1852 4594 2156 4666 justorum,

584 4676 730 4733 lenae
754 4696 907 4747 quam
939 4695 1080 4735 nunc
1106 4690 1189 4739 est
1207 4683 1352 4738 aliud
1377 4685 1674 4756 apparebit.

581 4790 799 4847 llhi'l‘T
845 4793 1229 4849 XXIX.--De
1269 4799 1484 4852 adventu
1526 4798 1660 4855 Elite
1704 4809 1822 4855 ante
1867 4802 2155 4872 judicium,

638 4887 786 4954 t‘njtts
826 4887 1183 4954 pra'dicatione
1220 4890 1603 4962 Scripturath
1642 4903 1831 4949 secreta
1871 4905 2153 4965 reseruate,

640 4976 812 5030 Jzulrvi
837 4989 1186 5034 convertentur
1212 4980 1281 5034 ad
1303 4980 1587 5037 Christum.

640 5094 768 5143 tium
821 5104 997 5147 autem
1050 5093 1457 5163 admonuisset,
1504 5105 1564 5152 ut
1603 5096 1971 5153 meminissent
2021 5100 2156 5171 legis

570 5184 607 5233 ἒξ
642 5187 729 5253 .y.i
758 5201 769 5236 :
795 5186 1047 5253 quoniam
1069 5187 1394 5257 praevidebat
1413 5203 1509 5245 eos
1529 5188 1694 5245 multo
1713 5188 1889 5245 adhuc
1914 5199 2156 5262 tempore

573 5294 673 5327 :m';
711 5294 827 5330 eam
858 5279 1237 5349 spiritualiter,
1265 5282 1405 5337 sicut
1428 5291 1770 5354 oportuerat,
1800 5292 2115 5353 accepturos
2133 5326 2150 5351 ,

567 5368 823 5421 continuo
870 5369 1227 5441 subjecit:Et
1268 5388 1380 5428 ecce
1430 5389 1522 5446 ego
1564 5373 1757 5428 mittam
1797 5372 1935 5428 vobis
1982 5373 2154 5430 Etiam

626 5523 814 5600 :‘_‘Lov._,
839 5527 1291 5600 simplicesfzgeteri
1314 5529 1427 5583 libri
1448 5531 1567 5584 editi
1598 5540 1651 5585 et
1670 5533 2001 5598 manuscripti,
2035 5547 2154 5600 sup-

564 5583 712 5649 plices
743 5599 759 5635 :
779 5589 916 5649 juxta
931 5583 1064 5649 'Lxx,
1083 5589 1244 5642 iketai.

565 5648 758 5758 “0:??16
780 5648 880 5698 Axn.
921 5657 992 5700 Er.
1021 5648 1072 5703 et
1108 5654 1275 5717 plures
1313 5663 1419 5707 Mss.
1454 5663 1509 5708 At
1530 5659 1663 5708 Vind.
1692 5664 1745 5710 et
1765 5664 1897 5720 ιον..
1938 5671 2151 5723 Ρτοηωι⁶

584 5720 705 5759 tare.

630 5772 817 5845 3.t.ov.,
858 5773 982 5847 inter
1012 5775 1329 5847 innocentes;
1363 5788 1414 5832 et
1456 5781 1600 5847 paulo
1639 5792 1765 5847 post,
1801 5776 2073 5847 intelligam
2102 5785 2155 5835 in

988 5843 1278 5913 Augustinus
1300 5837 1474 5913 legere
1498 5837 1654 5911 solet;
1683 5845 1735 5898 iu
1751 5837 2008 5898 iwvissitria
2022 5859 2043 5911 ;
2080 5855 2151 5913 et,

563 5907 619 5950 sn
635 5896 959 5954 mnibus
985 5914 1005 5955 :
1028 5896 1307 5970 habentque
1330 5896 1393 5957 ita
1417 5913 1522 5957 Mss.

1643 406 1733 464 DE
1769 407 2090 467 CIVITATE
2127 407 2257 477 DE],
2299 408 2358 467 S.
2398 403 2761 465 AUGUSTINI

2275 522 2543 580 Thesbiten
2566 564 2582 591 ,
2628 531 2895 593 antequam
2942 520 3106 576 veniat
3154 520 3263 575 dies
3304 518 3509 576 Domini
3556 537 3773 595 magnus
3822 531 3874 579 et

2274 619 2485 674 illustris
2505 660 2521 684 ,
2551 617 2638 690 qui
2664 623 2910 671 convertet
2935 632 3023 671 cor
3060 616 3221 688 patris
3251 615 3319 669 ad
3343 616 3545 685 ﬁlium,
3586 627 3631 670 et
3665 634 3752 672 cor
3774 617 3876 673 ho-

2275 711 2425 766 minis
2454 711 2521 764 ad
2556 710 2841 782 proximum
2869 725 3043 773 suum,
3087 724 3150 763 ne
3191 712 3322 781 forte
3359 709 3560 764 veniens
3590 711 3875 780 percutiam

2277 811 2463 857 terram
2488 802 2687 874 penitus
2718 799 2969 875 (Malach.
2993 815 3069 867 1v,
3099 800 3153 865 5,
3185 800 3238 865 6,
3261 817 3359 855 sec.
3384 799 3574 872 LXX).
3596 801 3696 856 Per
3716 803 3867 859 hunc

2278 893 2449 949 Eliam
2502 907 2752 965 magnum
2801 891 3205 963 mirabilemque
3256 891 3571 962 prophetam
3624 893 3874 963 exposita

2277 987 2379 1041 sibi
2407 987 2521 1056 lege
2543 1028 2558 1053 ,
2606 986 2792 1041 ultimo
2824 994 3061 1055 tempore
3089 993 3212 1039 ante
3247 983 3503 1053 judicium
3522 1026 3538 1053 ,
3568 982 3785 1041 Iudaeos
3816 985 3873 1042 in

2275 1079 2547 1135 Christum
2571 1094 2788 1146 verum,
2825 1078 2876 1133 id
2907 1086 3022 1145 est,
3065 1078 3117 1133 in
3154 1077 3423 1133 Christum
3461 1088 3702 1134 nostrum
3744 1093 3874 1137 esse

2275 1171 2609 1235 credituros,
2652 1170 3059 1227 celeberrimum
3097 1178 3180 1225 est
3221 1170 3276 1225 in
3317 1169 3656 1225 sermonibus
3685 1170 3868 1226 cordi-

2275 1262 2478 1334 busqne
2508 1262 2761 1319 fidelium.
2797 1264 2914 1333 Ipse
2951 1262 3146 1333 quippe
3183 1270 3308 1318 ante
3350 1261 3635 1317 adventum
3670 1260 3870 1331 judicia

2274 1353 2566 1409 Salvatoris
2589 1370 2694 1409 non
2717 1354 2984 1409 immerito
3005 1361 3253 1423 speratur
3272 1368 3392 1409 esse
3409 1362 3669 1409 venturus
3688 1354 3867 1424 :quia‘

2276 1445 2436 1500 etiam
2481 1460 2622 1500 nunc
2668 1446 2850 1502 vivere
2899 1460 3006 1500 non
3059 1444 3329 1501 immerito
3379 1445 3634 1501 creditur.
3692 1445 3869 1500 Curru

2277 1552 2507 1607 namque
2546 1538 2699 1608 igneo
2738 1547 2922 1608 raptus
2967 1546 3052 1593 est
3093 1537 3160 1593 de
3204 1538 3367 1594 rebus
3401 1538 3683 1601 humanis.
3722 1538 3870 1610 quod

2278 1628 2681 1685 evidentissime
2727 1638 2911 1685 sancta
2955 1630 3229 1701 Scriptura
3266 1638 3492 1686 testatur
3525 1630 3615 1702 (IV
3643 1632 3773 1702 Reg.
3804 1646 3867 1697 ιι,

2276 1719 2386 1787 Η).
2401 1718 2532 1775 Cum
2561 1721 2767 1777 venerit
2790 1722 3271 1792 ergo,exponendo
3294 1722 3465 1793 legem
3486 1723 3863 1792 spiritualiter,

2275 1828 2433 1882 quam
2478 1829 2620 1868 nunc
2652 1813 2823 1869 ludmi
2862 1814 3148 1870 carnaliter
3190 1815 3433 1883 sapiunt,
3482 1825 3735 1869 convertet
3778 1832 3871 1869 cor

2275 1906 2434 1976 patris
2459 1905 2527 1959 ad
2550 1905 2733 1975 ﬁlium,
2761 1904 2814 1961 id
2844 1913 2946 1974 est,
2978 1921 3073 1962 cor
3101 1916 3309 1977 patrum
3333 1907 3399 1962 ad
3432 1906 3569 1962 ﬁlios
3593 1924 3610 1961 :
3632 1908 3871 1980 singula-

2275 2014 2388 2055 rem
2416 2000 2612 2071 quippe
2647 2015 2747 2071 pro
2791 2016 3016 2057 numero
3044 2002 3235 2072 plurali
3279 2002 3597 2073 interpretes
3639 2002 3871 2073 Septua-

2273 2092 2420 2162 ginta
2456 2101 2764 2162 posuerunt.
2809 2092 2877 2149 Et
2902 2102 2985 2149 cst
3011 2110 3201 2149 sensus
3224 2135 3239 2160 ,
3272 2094 3514 2149 utetiam
3541 2092 3638 2149 lilii
3671 2096 3749 2149 sic
3779 2094 3868 2149 in-

2277 2183 2516 2255 telligant
2550 2184 2722 2254 legem
2744 2227 2758 2250 ,
2789 2185 2843 2240 id
2873 2194 2954 2241 est
2982 2185 3175 2253 Judaei,
3204 2186 3652 2257 quemadmodum
3685 2197 3869 2258 patres

2273 2289 2392 2329 eam
2436 2276 2848 2345 intellexerunt,
2903 2277 2955 2333 id
2984 2288 3066 2333 est
3092 2277 3406 2349 Prophetas,
3449 2280 3502 2334 in
3528 2279 3724 2350 quibus
3749 2289 3872 2336 erat

2275 2375 2331 2423 ct
2356 2368 2471 2438 ipse
2498 2368 2731 2441 Moyses.
2763 2370 2852 2426 Sic
2881 2371 3023 2426 enim
3061 2385 3157 2427 cor
3181 2379 3389 2442 patrum
3426 2380 3771 2427 convcrtetur
3799 2372 3869 2427 ad

2274 2458 2436 2523 tilios,
2463 2474 2584 2514 cum
2611 2460 2958 2531 intelligentia
2988 2468 3197 2531 patrum
3227 2461 3550 2532 perducetur
3572 2462 3639 2517 ad
3672 2463 3874 2519 intelli-

2274 2552 2506 2622 gentiam
2535 2553 2795 2618 filiorum;
2824 2563 2872 2609 et
2904 2571 2992 2609 cor
3017 2555 3243 2625 ﬁliorum
3274 2553 3343 2608 ad
3368 2564 3535 2627 patres
3558 2571 3736 2611 eorum
3765 2555 3867 2629 (ο),

2272 2642 2401 2699 dum
2424 2645 2475 2698 in
2501 2644 2552 2699 id
2572 2645 2714 2716 quod
2739 2653 3026 2702 senserunt
3050 2645 3149 2714 illi,
3177 2647 3515 2702 consentient
3541 2656 3593 2702 et
3623 2647 3709 2702 isti
3737 2665 3753 2701 :
3775 2648 3870 2704 ubi

2274 2734 2620 2807 Septuaginta
2671 2737 2941 2805 dixerunt,
2990 2746 3037 2794 et
3078 2755 3168 2793 cor
3211 2738 3429 2793 hominis
3469 2739 3538 2792 ad
3578 2740 3871 2810 proximum

2272 2843 2443 2885 suum.
2468 2829 2604 2886 Sunt
2630 2831 2772 2887 enim
2796 2832 2937 2887 inter
2959 2846 3020 2887 se
3039 2831 3198 2888 valde
3218 2831 3446 2903 proximi
3468 2842 3649 2902 patres
3666 2841 3722 2889 et
3748 2831 3868 2889 lilii.

2272 2924 2586 2995 Quanquam
2630 2924 2684 2979 in
2720 2925 2898 2981 verbis
2936 2924 3286 2996 Septuaginta
3329 2926 3686 2996 interpretum
3712 2968 3728 2992 ,
3777 2926 3870 2997 qui

2274 3017 2584 3087 pr0phetice
2605 3018 2942 3090 interpretati
2963 3030 3108 3087 sunt,
3134 3028 3307 3089 potest
3325 3032 3517 3076 sensus
3538 3019 3675 3075 alius
3698 3019 3872 3076 idem-

2270 3124 2376 3179 que
2404 3111 2627 3167 electior
2668 3113 2934 3178 inveniri;
2976 3123 3033 3169 ut
3074 3113 3404 3185 intelligatur
3446 3114 3590 3169 Elias
3634 3129 3734 3170 cor
3770 3114 3868 3171 Dei

2271 3202 2447 3258 Patris
2472 3219 2833 3261 conversurus
2858 3206 2926 3261 ad
2961 3207 3154 3262 Filium
3179 3224 3192 3262 :
3218 3221 3325 3263 non
3352 3207 3541 3279 utique
3567 3207 3781 3279 agendo
3806 3218 3870 3265 ut

2271 3293 2430 3351 Pater
2452 3296 2641 3367 diligat
2668 3296 2862 3353 Filium
2888 3340 2903 3366 ,
2934 3299 3028 3355 sed
3056 3298 3301 3355 docendo
3325 3299 3466 3370 quod
3493 3299 3655 3356 Pater
3679 3300 3870 3372 diligat

2269 3385 2496 3453 Filium;
2543 3397 2602 3443 ut
2641 3398 2696 3445 et
2719 3388 2930 3458 Judaei,
2972 3407 3131 3463 quem
3174 3393 3322 3462 prius
3350 3392 3595 3459 oderant,
3631 3394 3862 3466 diligant

2269 3477 2539 3545 eumdem,
2555 3481 2645 3551 qui
2668 3489 2854 3537 noster
2872 3490 2972 3541 est.
2993 3482 3264 3539 Christum
3281 3486 3324 3539 ’.
3341 3482 3544 3540 ιιιιᾱωίε
3561 3487 3707 3541 enim
3722 3502 3868 3547 nunc

2268 3584 2517 3626 aversum
2543 3585 2639 3627 cor
2662 3571 2826 3629 habet
2864 3572 3011 3629 Dens
3037 3588 3067 3628 a
3108 3574 3325 3630 Christo
3359 3586 3563 3643 nostro,
3604 3578 3729 3647 quia
3762 3578 3868 3635 hoc

2267 3671 2477 3732 putant.
2505 3662 2599 3719 Eis
2622 3679 2751 3735 ergo
2772 3674 2899 3721 tunc
2925 3681 3019 3721 cor
3039 3667 3158 3737 ejus
3181 3676 3527 3723 convertetur
3552 3667 3619 3722 ad
3643 3667 3864 3736 Filium,

2267 3767 2389 3808 cum
2419 3753 2518 3821 ipsi
2547 3770 2809 3812 converso
2833 3757 2998 3813 corde
3017 3757 3304 3814 didicerint
3324 3759 3665 3815 dilectionem
3686 3759 3867 3816 Patris

2268 3844 2320 3899 in
2365 3844 2580 3901 Filium.
2626 3847 2779 3916 Quod
2823 3865 2953 3904 vero
2998 3851 3266 3921 sequitur,
3312 3860 3360 3905 et
3402 3868 3491 3905 cor
3539 3853 3760 3907 hominis
3794 3854 3869 3908 ad

2267 3939 2553 4009 proximum
2579 3957 2744 4008 suum,
2781 3942 2834 3997 id
2865 3952 2966 4010 est,
2997 3953 3276 4000 convertet
3303 3944 3451 4000 Elias
3477 3954 3532 4000 et
3558 3960 3657 4001 cor
3681 3946 3865 4002 homi-

2268 4031 2350 4087 nis
2386 4031 2452 4087 ad
2503 4034 2803 4103 proximum
2852 4049 3039 4102 suum;
3091 4035 3218 4107 quid
3269 4037 3460 4091 melius
3507 4036 3865 4109 intelligitur,

2264 4138 2422 4194 quam
2451 4138 2547 4179 cor
2575 4124 2807 4182 hominis
2827 4126 2892 4181 ad
2921 4126 3191 4182 hominem
3214 4127 3524 4184 Christum?
3546 4128 3681 4184 Cum
3703 4131 3856 4185 enim

2264 4220 2336 4271 sit
2359 4216 2410 4271 in
2443 4216 2613 4273 forma
2640 4217 2734 4274 Dei
2762 4218 2904 4274 Deus
2930 4229 3135 4287 noster,
3166 4219 3393 4275 formam
3416 4221 3555 4275 servi
3581 4222 3865 4292 accipiens

2266 4321 2387 4361 esse
2425 4307 2675 4375 dignatus
2715 4316 2798 4364 cst
2837 4310 2997 4365 etiam
3034 4310 3309 4379 proximus
3354 4318 3556 4364 noster.
3589 4308 3706 4366 Hoc
3733 4325 3868 4382 ergo

2264 4398 2427 4457 faciet
2457 4401 2622 4457 Elias.
2655 4400 2741 4455 Ne
2768 4407 2929 4473 forte,
2980 4403 3192 4474 inquit,
3241 4402 3456 4469 veniam,
3495 4413 3543 4458 et
3580 4406 3869 4473 percutiam

2264 4502 2448 4548 terram
2474 4495 2693 4565 penitus.
2722 4493 2888 4550 Terra
2910 4504 3036 4551 sunt
3053 4495 3217 4560 enim,
3249 4496 3339 4566 qui
3365 4504 3578 4551 terrena
3602 4496 3866 4566 sapiunt;

2263 4587 2402 4642 sicut
2428 4586 2598 4642 Judaei
2625 4588 2867 4642 carnales
2897 4602 3065 4659 usque
3090 4603 3233 4644 nunc
3253 4606 3266 4642 :
3285 4603 3351 4643 ex
3381 4604 3486 4659 quo
3512 4588 3646 4643 vitio
3668 4598 3867 4646 contra

2263 4676 2433 4733 Deum
2462 4693 2736 4733 murmura
2776 4679 2865 4733 illa
2894 4689 3192 4746 venerunt,
3232 4679 3367 4747 Quia
3395 4680 3518 4734 ntali
3541 4680 3587 4733 ei
3617 4680 3869 4749 placent;

2260 4778 2335 4838 ct,
2377 4768 2547 4825 Vanus
2572 4780 2646 4826 est
2668 4773 2755 4844 qui
2779 4773 2929 4828 servit
2955 4772 3063 4827 Deo
3094 4772 3350 4843 (Malach.
3386 4788 3445 4840 η,
3474 4773 3576 4840 l7;
3618 4788 3706 4838 ut,
3744 4776 3867 4847 14).

2262 4880 2488 4939 CAPUT
2510 4882 2757 4939 XXX.—
2783 4883 2933 4949 Quod
2950 4885 3003 4938 in
3029 4884 3170 4940 libris
3194 4882 3385 4940 Veteris
3407 4884 3714 4940 Testamenti
3744 4904 3872 4943 etim

2334 4972 2470 5027 Deus
2492 4973 2676 5046 legitur
2689 4974 3050 5046 judicaturus,
3091 4992 3191 5030 non
3234 4976 3484 5031 evidenter
3522 4974 3712 5031 Christi
3746 4997 3873 5049 per-

2331 5082 2457 5120 sona
2494 5068 2944 5122 monstretur:sed
2973 5085 3037 5123 ea:
3061 5067 3360 5141 quibusdam
3403 5071 3700 5131 testimoniis
3718 5115 3736 5139 ,
3781 5074 3873 5129 ubi

2331 5157 2582 5213 Dominus
2620 5157 2759 5215 Deus
2808 5160 3060 5233 loquitur,
3110 5171 3357 5234 appareat
3390 5178 3490 5217 non
3529 5161 3679 5217 dubie
3720 5167 3874 5236 quod

2331 5251 2440 5320 ipse
2466 5251 2532 5304 sit
2558 5248 2810 5307 Christus.

2332 5362 2385 5418 1.
2411 5362 2573 5419 Multa
2598 5362 2701 5419 alia
2732 5373 2859 5421 sunt
2883 5366 3278 5438 Scripturarum
3312 5367 3614 5423 testimonia
3644 5366 3876 5426 divina-

2261 5469 2379 5511 rum
2405 5454 2472 5511 de
2492 5456 2782 5513 novissimo
2798 5458 3001 5529 judicio
3025 5460 3147 5526 Dei;
3170 5475 3287 5531 qua:
3314 5460 3358 5514 si
3380 5459 3559 5514 omnia
3577 5459 3873 5532 colligam,

2258 5546 2419 5603 nimis
2463 5548 2678 5619 longum
2714 5550 2836 5606 erit.
2890 5549 3032 5607 Satis
3062 5566 3189 5625 ergo
3217 5552 3319 5617 sit,
3353 5551 3493 5623 quod
3521 5560 3575 5607 ct
3609 5554 3783 5610 novis
3814 5564 3872 5612 et

2322 5663 2340 5727 ε
2376 5660 2509 5727 aliti.
2538 5660 2638 5727 qni-
2664 5661 2830 5727 Plutes
2865 5669 2994 5723 Mss.
3019 5664 3148 5727 quia-

2322 5726 2343 5757 '
2376 5723 2524 5787 Editi,
2537 5723 2728 5787 Scriptis
2747 5723 3112 5786 dissentientes,
3138 5727 3336 5785 habent,
3360 5725 3577 5778 Christus
3604 5738 3625 5778 :
3649 5734 3705 5779 et
3732 5729 3874 5783 intra

2258 5793 2386 5851 post,
2409 5784 2596 5837 Christo
2616 5784 2791 5848 nostra,
2806 5789 2875 5855 sic
2898 5784 3271 5855 prosequuntur,
3296 5784 3409 5852 quia
3429 5801 3523 5840 non
3544 5795 3723 5855 putant
3745 5804 3874 5847 eum

2260 5846 2415 5918 beam
2431 5860 2553 5918 esse,
2574 5860 2725 5918 neque
2751 5846 2839 5918 Dei
2862 5846 3158 5905 FiliumCEis
3179 5846 3319 5918 ergo;
3338 5858 3433 5903 etc.

2322 5909 2398 5974 (α)
2429 5916 2573 5964 Juxta
2597 5909 2860 5975 vulgatam.
