4062 6482
214 356 326 418 705

215 473 488 531 veteribus
514 472 732 529 Litteris
754 470 921 529 sacris
950 468 1053 527 hoc
1078 469 1487 542 przenuntiatum
1516 484 1635 526 esse
1676 485 1798 542 pro-

214 568 482 624 bavimus.
525 564 632 621 Sed
669 565 936 621 veteribus
981 578 1077 634 per
1102 561 1375 618 Christum
1418 562 1646 618 l'uturum
1690 578 1809 619 esse

207 660 496 732 judicium,
527 658 579 714 id
608 672 711 726 εει,
730 657 963 729 judiccm
990 655 1258 713 Christum
1282 656 1349 712 de
1370 656 1510 712 caelo
1534 671 1652 711 esse
1679 672 1808 712 ven-

213 762 417 819 turum,
460 766 581 825 pon
613 760 743 819 tam,
772 765 930 822 quam
975 746 1146 815 novis,
1195 747 1471 803 evidenter
1495 764 1806 818 expreSsnm

211 858 296 901 est
320 864 334 900 :
360 854 652 917 pr0ptcrea
689 844 808 914 quia
856 857 977 898 eum
1015 842 1084 896 ibi
1123 840 1254 896 dicit
1296 840 1551 895 Dominus
1584 841 1721 896 Deus
1748 855 1808 897 se

112 990 117 997 ,
213 953 332 991 esse
356 944 669 999 venturum,
694 934 777 989 vel
807 934 1085 989 Dominum
1116 932 1283 989 Deum
1311 932 1505 988 dicitur
1533 948 1653 989 esse
1681 949 1808 988 ven-

213 1040 388 1083 turum
417 1070 432 1095 ,
482 1043 590 1082 non
628 1034 1021 1096 consequenter
1063 1024 1376 1094 intelligitur
1404 1022 1668 1079 Christus.
1700 1023 1807 1082 Do-

213 1118 395 1172 minus
425 1117 573 1172 eniiu
606 1117 745 1171 Deus
783 1125 837 1168 et
867 1115 1023 1169 Pater
1046 1123 1161 1180 est,
1194 1123 1246 1169 et
1271 1113 1453 1177 Filius,
1488 1123 1543 1168 et
1577 1113 1805 1183 Spiritus

210 1220 466 1265 sanctus:
490 1225 664 1279 neque
707 1207 808 1263 hoc
837 1216 1012 1262 tamen
1046 1206 1352 1261 intestatum
1380 1206 1680 1276 relinquere
1708 1219 1805 1261 nos

211 1312 447 1373 oportet.
479 1302 664 1356 Primo
692 1302 868 1370 itaque
900 1297 1371 1355 demonstrandum
1398 1307 1479 1352 est
1499 1339 1515 1364 ,
1545 1295 1803 1368 quemad-

210 1393 428 1448 modum
471 1392 628 1447 Jesus
667 1390 913 1447 Christus
950 1398 1198 1460 tanquam
1252 1388 1504 1443 Dominus
1553 1387 1694 1441 Deus
1724 1387 1802 1441 lo-

209 1494 404 1556 quatur
432 1484 486 1539 in
519 1482 844 1554 propheticis
872 1481 1037 1545 libris,
1069 1492 1121 1535 et
1151 1488 1327 1534 tamen
1357 1478 1514 1533 Jesus
1554 1477 1801 1532 Christus

210 1574 502 1631 evidenter
540 1583 829 1644 appareat:
855 1582 910 1627 ut
953 1581 1006 1627 et
1047 1569 1259 1641 quando
1293 1570 1371 1624 sic
1399 1586 1504 1624 non
1543 1577 1799 1638 apparet,

211 1677 266 1723 et
294 1676 475 1722 tamen
509 1667 577 1720 ad
607 1666 733 1719 illud
777 1665 1021 1719 ultimum
1058 1661 1313 1732 judicium
1362 1661 1619 1715 Dominus
1662 1659 1802 1714 Deus

210 1762 408 1819 dicitur
439 1776 563 1817 esse
597 1771 851 1815 venturus
871 1800 885 1821 ,
915 1757 1083 1828 possit
1105 1755 1261 1812 Jcsus
1287 1753 1532 1810 Christus
1558 1753 1798 1824 intelligi.

212 1855 311 1911 Est
336 1855 491 1910 locus
520 1853 660 1923 apud
688 1852 875 1905 Isaiam
901 1852 1236 1920 prophetam,
1264 1847 1355 1917 qui
1388 1846 1488 1900 hoc
1518 1845 1655 1915 quod
1682 1843 1802 1899 dico

209 1944 494 2001 evidenter
524 1943 776 1997 ostendit.
818 1941 952 1995 Deus
983 1940 1124 1994 enim
1167 1954 1260 2008 per
1283 1935 1599 2006 prophetam
1619 1976 1632 1998 ,
1669 1933 1803 1987 Audi

209 2055 310 2099 me,
344 2037 539 2106 inquit,
579 2034 740 2088 Jacob
774 2043 820 2088 et
863 2031 1031 2086 Israel
1073 2047 1219 2098 quem
1262 2045 1351 2099 ego
1380 2043 1518 2081 voco.
1553 2025 1664 2097 Ego
1688 2042 1800 2079 sum

212 2130 430 2199 primus,
463 2136 515 2182 et
542 2142 631 2197 ego
657 2126 709 2178 in
736 2124 1094 2193 sempiternum
1122 2130 1204 2176 :et
1227 2137 1403 2174 manus
1433 2136 1541 2173 mea
1567 2117 1800 2188 fundavit

209 2232 399 2278 terram
417 2264 433 2289 ,
463 2230 511 2275 et
541 2221 745 2274 dextera
775 2234 882 2272 mea
910 2215 1126 2286 ﬁrmavit
1153 2215 1349 2268 caelum.
1392 2209 1589 2265 Vocabo
1618 2227 1720 2276 eos,
1752 2216 1802 2264 et

208 2314 414 2369 stabunt
452 2312 640 2378 simul,
681 2320 726 2364 et
764 2308 1200 2381 congregabantur
1238 2321 1441 2370 omnes,
1483 2312 1528 2358 et
1572 2302 1797 2356 audient.

213 2403 339 2471 Quis
365 2405 439 2459 eis
474 2404 722 2458 nuntiavit
766 2401 951 2455 hiec’?
981 2397 1209 2470 Diligens
1254 2406 1318 2464 te,
1368 2395 1465 2468 feci
1501 2394 1799 2449 voluntatem

211 2508 348 2552 tuam
370 2512 529 2567 super
550 2492 879 2565 Babylonem,
902 2499 956 2545 ut
979 2490 1233 2559 auferrem
1260 2504 1426 2542 semen
1447 2484 1801 2541 Chaldteorum

211 2584 280 2645 Et
305 2592 505 2646 locutus
532 2605 665 2653 sum,
702 2594 747 2641 et
788 2601 878 2656 ego
906 2583 1076 2637 vocavi
1100 2598 1117 2635 :
1139 2579 1333 2635 adduxi
1356 2595 1491 2640 eum,
1519 2588 1566 2631 et
1594 2592 1801 2648 prospe-

207 2699 320 2737 rum
342 2682 442 2753 feci
467 2682 601 2734 viam
624 2679 753 2750 ejus.
778 2675 1010 2729 Accedite
1028 2671 1096 2726 ad
1122 2688 1219 2736 me,
1249 2680 1296 2725 et
1322 2669 1493 2723 audite
1514 2669 1641 2722 haec.
1678 2666 1800 2722 Non

208 2793 239 2829 a
276 2773 537 2846 principio
561 2772 614 2825 in
641 2769 930 2824 abscondito
968 2766 1161 2822 locutus
1187 2782 1298 2820 sum
1319 2780 1338 2818 :
1357 2766 1557 2833 quando
1583 2760 1797 2831 ﬁebant,

208 2867 276 2921 ibi
305 2881 469 2920 natu.
505 2861 573 2917 Et
602 2878 735 2915 nunc
782 2859 1025 2912 Dominus
1052 2854 1189 2911 Deus
1216 2855 1348 2909 misit
1378 2870 1472 2917 me,
1504 2862 1551 2907 et
1577 2852 1800 2920 Spiritus

207 2961 321 3030 ejus
346 2956 503 3027 (lsai,
534 2970 712 3018 sum,
745 2949 957 3024 l2-lti).
1001 2948 1204 3020 Nempe
1231 2949 1341 3018 ipse
1366 2956 1467 3013 est,
1499 2945 1585 3017 qui
1617 2944 1802 3015 loque-

208 3053 369 3106 batur
398 3052 542 3105 sicut
584 3047 835 3103 Dominus
863 3044 1039 3100 Deus:
1065 3058 1162 3098 nec
1202 3051 1377 3096 tamen
1419 3038 1801 3108 intelligeretur

209 3144 368 3217 Jesus
389 3141 658 3204 Christus,
688 3138 789 3194 nisi
810 3136 1121 3202 addidisset,
1146 3130 1213 3187 Et
1237 3149 1367 3187 nunc
1392 3129 1642 3186 Dominus
1660 3128 1798 3183 Deus

210 3235 348 3289 misit
374 3250 477 3299 me,
510 3242 559 3287 et
592 3230 817 3301 Spiritus
846 3230 974 3299 ejus.
1018 3227 1130 3282 Hoc
1169 3225 1310 3280 enim
1342 3224 1473 3279 dixit
1508 3222 1798 3278 secundum

210 3330 440 3383 turmam
470 3326 649 3393 servi,
677 3323 745 3381 de
783 3323 1040 3379 re‘lutura
1070 3331 1227 3378 utens
1252 3321 1504 3391 prmteriti
1547 3320 1801 3388 temporis

209 3420 379 3473 verbo
411 3437 426 3472 :
457 3414 907 3488 quemadmodum
970 3412 1109 3484 apud
1182 3411 1427 3468 eumdem
1488 3409 1801 3482 prophetam

211 3511 432 3581 legitur,
464 3508 610 3565 Sicut
636 3509 740 3563 ovis
762 3507 828 3560 ad
855 3503 1221 3560 immolandum
1247 3503 1425 3558 ductus
1445 3511 1516 3557 est
1542 3499 1652 3573 (Id.
1682 3515 1796 3568 LIII,

212 3606 276 3669 7,
324 3618 432 3657 sec.
470 3600 662 3670 LXX).
701 3598 815 3654 Non
858 3599 999 3652 enim
1032 3598 1139 3663 ait,
1179 3592 1551 3649 Ducetur:sed
1594 3608 1693 3664 pro
1737 3607 1804 3648 eo

213 3695 356 3766 quod
374 3694 620 3749 futurum
642 3700 774 3756 erat,
802 3689 1055 3760 prteteriti
1082 3686 1339 3758 temporis
1360 3685 1579 3741 verbum
1603 3685 1801 3756 posuit.

215 3788 283 3845 Et
302 3787 525 3845 assidue
552 3785 861 3857 pr0phetia'
886 3783 963 3838 sic
988 3781 1239 3852 loquitur.

281 3879 337 3936 2.
366 3881 467 3936 Est
516 3889 570 3934 et
618 3877 754 3932 alius
805 3875 953 3931 locus
990 3874 1129 3943 apud
1175 3870 1529 3937 Zachariam,
1570 3870 1656 3940 qui
1703 3867 1807 3925 hoc

214 3972 496 4030 evidenter
551 3967 825 4031 ostendit,
877 3965 1019 4037 quod
1057 3964 1478 4034 omnipotentem
1506 3961 1651 4015 misit
1685 3976 1804 4015 om-

213 4065 468 4134 nipotens
513 4078 527 4113 :
572 4061 692 4130 quis
756 4073 959 4129 quem,
1044 4055 1145 4111 nisi
1219 4055 1360 4110 Deus
1428 4052 1586 4108 Pater
1640 4052 1805 4108 Deum

217 4153 456 4210 Filium?
498 4151 632 4209 Nam
678 4151 749 4206 ita
794 4149 1047 4220 scriptum
1088 4157 1205 4201 est:
1238 4143 1361 4199 Haec
1402 4142 1521 4198 dicit
1564 4140 1809 4197 Dominus

217 4244 561 4316 omnipotens,
599 4242 723 4298 Post
760 4241 975 4314 gloriam
1013 4239 1147 4293 misit
1192 4256 1270 4292 me
1294 4254 1447 4308 super
1482 4246 1671 4309 gentes,
1700 4251 1811 4306 quae

217 4340 565 4414 spoliaverunt
585 4353 671 4392 vos
691 4353 710 4402 ;
733 4337 852 4407 quia
876 4335 963 4406 qui
992 4333 1207 4405 tetigerit
1233 4348 1339 4397 vos,
1370 4330 1511 4402 quasi
1538 4330 1625 4400 qui
1652 4330 1810 4400 tangit

222 4432 475 4504 pupillam
522 4429 658 4485 oculi
702 4431 829 4499 ejus.
869 4425 998 4481 Ecce
1029 4442 1118 4497 ego
1152 4424 1366 4494 inferam
1408 4438 1612 4476 ntanum
1650 4437 1811 4474 meam

220 4541 373 4598 super
401 4541 517 4590 eos,
556 4531 604 4576 et
633 4530 774 4577 erunt
804 4519 966 4590 spolia
994 4518 1069 4572 his
1100 4517 1184 4586 qui
1218 4516 1487 4570 servierant
1516 4514 1617 4579 eis;
1658 4523 1702 4567 et
1728 4530 1813 4567 co-

224 4616 475 4689 gnoscetis
512 4615 632 4685 quia
657 4611 905 4667 Dominus
941 4610 1255 4680 omnipotens
1280 4608 1413 4660 misit
1436 4623 1514 4661 me
1539 4604 1719 4677 (Zach.
1752 4620 1809 4671 tl,

224 4710 330 4766 Bel
356 4709 448 4782 9).
500 4707 640 4763 Ecce
680 4705 808 4761 dicit
847 4703 1104 4758 Dominus
1129 4701 1483 4771 omnipotens,
1516 4714 1544 4754 a
1592 4699 1813 4753 Domino

224 4803 600 4872 omnipotente
625 4813 684 4855 se
715 4797 957 4851 missum.
995 4795 1125 4862 Quis
1165 4792 1251 4847 hic
1282 4793 1468 4846 audeat
1514 4788 1814 4860 intelligere

229 4896 329 4950 nisi
358 4893 632 4949 Christum
659 4891 963 4960 loquentem
988 4928 1005 4954 ,
1053 4886 1258 4942 scilicet
1287 4885 1475 4939 ovibus
1495 4899 1612 4954 qua:
1639 4882 1814 4954 perie-

226 4995 350 5040 rant
378 4982 574 5039 domus
604 4980 808 5036 Israel?
851 4980 938 5034 Ait
969 4994 1196 5047 namque
1236 4977 1284 5030 in
1324 4973 1647 5045 Evangelio,
1694 4973 1816 5028 Non

225 5095 339 5133 sum
376 5076 595 5141 missus,
640 5073 739 5128 nisi
767 5070 835 5125 ad
870 5088 982 5125 ores
1019 5085 1130 5142 qua:
1154 5068 1407 5142 perierunt
1434 5067 1613 5121 domus
1654 5060 1818 5120 Israel

235 5168 450 5241 (Matth.
490 5183 594 5234 xv,
635 5165 730 5235 24)
756 5182 769 5217 :
796 5179 927 5236 quas
954 5161 1041 5217 hic
1082 5158 1407 5231 comparavit
1435 5156 1648 5229 pupillae
1678 5155 1816 5212 oculi

231 5262 350 5326 Dei,
393 5270 615 5331 propter
650 5252 1157 5313 excellentissimum
1204 5248 1502 5307 dilectionis
1537 5246 1814 5313 allectum;

230 5370 297 5411 ex
321 5369 430 5426 quo
454 5366 653 5424 genere
676 5350 853 5405 ovium
877 5349 1035 5403 etiam
1065 5345 1165 5417 ipsi
1189 5343 1430 5415 Apostoli
1458 5341 1691 5397 luerunt.
1710 5339 1818 5395 Sed

233 5454 358 5517 post
381 5445 606 5518 gloriam
625 5439 1032 5497 resurrectionis
1054 5438 1235 5508 utique
1251 5452 1383 5501 sum,
1401 5450 1518 5506 qua!
1534 5441 1817 5505 antequam

294 5601 313 5633 ³
348 5599 424 5649 sic
446 5596 581 5648 Vind.
608 5603 710 5644 Am.
749 5599 823 5642 Er.
843 5592 982 5655 juxta
1003 5602 1217 5655 grmcum
1250 5589 1577 5655 septuaginta.
1602 5592 1655 5636 At
1688 5593 1819 5655 Loth,

228 5662 344 5729 Quis
361 5656 824 5729 anagniavitﬁtec;
845 5651 1038 5717 omissd,
1061 5654 1131 5706 eis
1159 5651 1336 5715 :cujus
1372 5651 1477 5701 loco
1514 5651 1821 5711 manuscripti

227 5722 407 5835 est;
422 5722 693 5836 panegy-
1045 5779 1054 5790 .
1344 5777 1370 5788 ..
1715 5773 1725 5783 .
1787 5772 1797 5784 .

411 5818 426 5833 .
638 5816 672 5844 .,
704 5776 954 5845 propheta.
978 5777 1096 5829 aditi
1135 5789 1254 5829 vero
1292 5775 1374 5827 λιιι
1395 5780 1449 5827 et
1490 5778 1820 5835 manuscripti,

227 5845 504 5918 rm

1500 351 1702 413 LIBER
1740 351 2121 415 VICESIMUS.

3396 367 3500 428 706

1918 470 2069 526 lierct
2087 512 2103 538 ,
2134 470 2208 526 ait
2235 472 2576 543 evangelista,
2604 472 2754 531 Iesus
2781 475 3005 531 nondum
3028 486 3137 532 erat
3163 480 3494 548 gluriﬁmtus'

1915 563 2095 636 (Joan.
2129 580 2232 630 vn,
2277 566 2402 637 '59);
2453 569 2610 622 etiam
2656 584 2817 639 super
2857 580 3041 640 gentes
3088 573 3281 626 missus
3327 588 3405 627 et
3446 596 3496 630 tn

1913 656 2184 728 Apostolis
2209 657 2321 712 suis
2350 676 2362 710 :
2390 673 2453 714 ac
2492 660 2568 714 sic
2610 660 2887 730 impletum
2919 673 2996 717 est
3023 665 3163 732 quod
3206 666 3255 717 in
3292 668 3496 720 l‘sulmn

1913 750 2129 822 legitur,
2162 749 2326 806 Erues
2346 768 2424 805 me
2442 752 2506 806 de
2520 754 2993 810 contradictionibus
3009 757 3187 828 pepuli
3194 801 3205 817 ,
3231 770 3498 815 constitues

1912 857 1991 896 me
2017 842 2070 895 in
2098 852 2251 913 caput
2276 844 2502 915 gentium
2531 842 2696 914 (Psal.
2721 861 2846 910 xvn,
2876 847 2968 918 Η)
2993 865 3007 902 :
3031 859 3089 901 ιη
3116 850 3201 918 qui
3231 852 3493 919 sptniave-

1911 941 2034 987 rant
2053 933 2341 998 lsraelilas,
2361 936 2659 1005 quibusque
2682 936 2930 992 lsraelitm
2952 941 3263 1001 servierunt,
3284 944 3496 1011 tlttatttln

1911 1034 2035 1080 sunt
2058 1027 2303 1097 gentibus
2330 1027 2546 1091 subditi,
2578 1044 2683 1083 non
2714 1031 2944 1085 vicissim
2973 1032 3159 1086 eodem
3190 1035 3348 1087 tumlti
3370 1052 3492 1101 spu-

1910 1116 2204 1185 liarentur,
2256 1119 2349 1175 sed
2391 1120 2489 1189 ipsi
2537 1122 2702 1190 spolia
2746 1121 2933 1176 tierent
2974 1122 3348 1179 lsraelitarmn.
3382 1129 3491 1181 llue

1909 1209 2052 1262 enim
2077 1210 2345 1279 Apostolis
2377 1213 2712 1280 promiserat,
2747 1212 2953 1279 dicens,
2984 1214 3191 1268 Faciam
3210 1233 3293 1269 vos
3321 1222 3486 1286 pisca-

1911 1307 2042 1354 tores
2080 1300 2339 1355 hominum
2367 1301 2576 1375 (Matth.
2604 1320 2676 1370 tv,
2710 1302 2819 1376 l9).
2851 1304 2915 1359 Et
2940 1306 3025 1359 uni
3052 1321 3256 1368 eorum,
3293 1309 3371 1362 Ex
3403 1311 3494 1363 hoc

1897 1392 2035 1463 jam,
2069 1395 2267 1465 inquit,
2300 1396 2526 1452 homines
2555 1397 2652 1453 eris
2678 1398 2883 1468 capiens
2913 1396 3063 1472 (Luc.
3088 1416 3139 1467 v,
3170 1402 3280 1470 10).
3310 1404 3487 1471 Spolia

1907 1498 2035 1554 ergo
2061 1485 2287 1541 tierent’
2310 1488 2404 1542 sed
2435 1488 2485 1541 in
2518 1487 2741 1552 bonum,
2777 1498 3026 1559 tanquam
3057 1501 3241 1562 erepta
3268 1509 3388 1547 vasa
3419 1493 3491 1546 illi

1908 1576 2051 1642 forti,
2079 1580 2171 1633 sed
2203 1579 2386 1635 fortius
2407 1581 2619 1651 alligato
2648 1580 2860 1651 (Matth.
2893 1597 2985 1646 xu,
3016 1581 3135 1652 29).

1977 1671 2030 1726 5.
2062 1670 2191 1725 Item
2238 1686 2330 1740 per
2352 1671 2596 1727 eumdem
2625 1673 2936 1743 prOphetam
2966 1673 3221 1727 Dominus
3247 1673 3490 1745 loquens,

1907 1760 1975 1816 Et
1999 1766 2109 1825 erit,
2136 1762 2324 1832 inquit,
2354 1764 2406 1817 in
2431 1763 2511 1817 die
2536 1764 2646 1829 illa,
2678 1781 2904 1835 quanam
2930 1764 3135 1836 auferre
3166 1782 3335 1821 omnes
3371 1784 3496 1836 gan-

1906 1865 1977 1911 tes
2002 1872 2113 1924 qua:
2155 1858 2355 1910 veniunt
2389 1866 2566 1911 contra
2602 1855 2909 1925 Jerusalem,
2950 1867 2996 1911 et
3038 1857 3298 1926 e/fundant
3341 1875 3495 1929 super

1905 1948 2111 2002 domum
2136 1948 2326 2013 David,
2355 1959 2402 2005 et
2429 1967 2579 2020 super
2600 1950 2906 2005 habitatores
2928 1950 3216 2005 Jerusalem
3242 1951 3493 2022 Spiritum

1905 2043 2083 2113 gratia:
2111 2053 2156 2097 et
2183 2044 2571 2107 misericordiar;
2602 2052 2648 2096 et
2673 2044 2915 2114 aspicient
2935 2044 3002 2099 ad
3024 2060 3119 2109 me,
3153 2060 3247 2115 pro
3277 2060 3336 2098 eo
3356 2045 3491 2114 quod

1903 2134 2304 2201 insultaverunt;
2355 2147 2401 2189 et
2433 2138 2670 2208 plangent
2708 2154 2858 2207 super
2893 2154 3007 2192 eum
3054 2138 3311 2208 planctum
3347 2138 3491 2209 quasi

1902 2241 2054 2297 super
2080 2227 2453 2294 charissimam,
2483 2237 2527 2281 et
2555 2227 2791 2281 dolebunt
2819 2228 2993 2283 dolore
3029 2230 3173 2298 quasi
3204 2246 3353 2298 super
3378 2227 3493 2283 uni-

1903 2320 2126 2390 genitum
2167 2319 2350 2391 (Zach.
2384 2338 2473 2386 xu,
2506 2320 2558 2384 9,
2595 2321 2707 2391 l0).
2738 2320 3003 2391 Numquid
3031 2320 3132 2376 nisi
3164 2321 3257 2376 Dei
3282 2330 3363 2376 est
3388 2336 3487 2375 au-

1905 2410 2047 2466 ferre
2088 2427 2272 2466 omnes
2299 2421 2484 2483 gentes
2515 2412 2755 2466 inimicas
2785 2421 2980 2467 sanctae
3017 2412 3248 2468 civitatis
3274 2412 3489 2468 Jerusa-

1902 2503 2031 2568 lem,
2061 2520 2178 2574 qua:
2220 2505 2421 2558 vetaiunt
2450 2514 2624 2557 contra
2656 2519 2796 2567 eam,
2837 2503 2888 2557 id
2913 2511 3016 2568 est,
3053 2503 3335 2559 contrariae
3365 2512 3489 2558 sunt

1902 2594 1974 2657 ei,
2001 2595 2106 2660 vel,
2129 2595 2263 2649 sicut
2288 2594 2376 2648 alii
2415 2604 2538 2648 sunt
2568 2593 2919 2664 interpretati,
2952 2594 3152 2646 veniunt
3177 2610 3327 2664 super
3349 2609 3486 2661 eam,

1902 2686 1956 2743 id
1986 2696 2088 2753 est,
2114 2697 2172 2742 ut
2196 2704 2312 2742 eam
2341 2687 2440 2742 sibi
2469 2687 2751 2758 subjiciunt
2787 2705 2800 2740 :
2830 2695 2921 2742 aut
2951 2703 3111 2759 super
3138 2686 3353 2743 domum
3386 2688 3489 2742 Da-

1902 2777 1989 2833 vid
2017 2777 2309 2842 ell'undere,
2339 2788 2391 2835 et
2420 2794 2580 2849 super
2611 2777 2940 2833 habitatores
2978 2777 3217 2848 ejusdem
3265 2778 3493 2834 civitatis

1904 2868 2158 2939 Spiritum
2185 2869 2365 2938 gratim
2396 2878 2449 2923 et
2471 2867 2890 2922 misericordite?
2919 2865 3031 2922 Hoc
3058 2868 3239 2938 utique
3270 2867 3362 2922 Dei
3386 2875 3488 2934 est,

1903 2968 1959 3016 et
1982 2976 2046 3016 ex
2076 2976 2302 3031 persona
2335 2960 2425 3014 Dei
2466 2960 2663 3014 dicitur
2705 2974 2802 3029 per
2827 2957 3145 3029 Pr0pbetam
3182 2978 3194 3012 :
3232 2967 3286 3013 et
3315 2969 3491 3014 tamen

1902 3052 2043 3108 hunc
2069 3052 2234 3107 Deum
2263 3052 2376 3106 haec
2406 3060 2510 3106 tam
2552 3065 2740 3120 magna
2772 3059 2825 3105 et
2852 3059 2956 3103 tam
2984 3049 3159 3103 divina
3207 3049 3489 3104 facientem

1903 3158 2024 3198 sese
2051 3142 2297 3198 Christus
2325 3142 2575 3205 ostendit,
2607 3139 2943 3210 atljungendo
2963 3150 3120 3209 atque
3151 3138 3395 3205 dicendo,
3424 3137 3491 3192 Et

1903 3234 2145 3306 aspicient
2169 3234 2237 3287 ad
2268 3250 2363 3298 me,
2394 3250 2483 3303 pro
2500 3249 2558 3287 eo
2578 3233 2712 3302 quod
2742 3232 3143 3297 insultaverunt;
3174 3240 3218 3284 et
3248 3232 3487 3302 plangent

1901 3344 2052 3397 super
2070 3344 2181 3381 eum
2207 3325 2464 3398 planctum
2480 3326 2623 3397 quasi
2648 3342 2800 3396 super
2817 3324 3165 3379 charissimam
3185 3324 3341 3396 (sive,
3360 3325 3489 3380 dile-

1902 3417 2145 3484 ctum),et
2168 3419 2404 3472 dolebant
2426 3418 2600 3472 dolore
2625 3418 2771 3487 quasi
2782 3434 2933 3487 super
2951 3417 3279 3487 unigenitum.
3310 3416 3489 3472 Poeni-

1905 3512 2031 3568 tcbit
2050 3512 2244 3582 quippe
2270 3511 2320 3565 in
2344 3511 2431 3566 die
2455 3512 2545 3565 illa
2566 3510 2798 3575 Jndmos,
2822 3511 2980 3566 etiam
3003 3525 3095 3565 eos
3120 3512 3207 3580 qui
3223 3512 3489 3580 accepturi

1906 3614 2025 3660 sunt
2040 3605 2296 3675 Spiritum
2316 3605 2497 3675 gratim
2514 3612 2567 3657 et
2584 3604 2982 3670 misericordim,
3002 3601 3141 3674 quod
3162 3606 3210 3657 in
3236 3603 3348 3672 ejus
3367 3618 3489 3671 pas-

1906 3695 2056 3752 sione
2082 3696 2451 3751 insultaveriut
2474 3694 2704 3759 Christo,
2728 3710 2847 3748 cum
2877 3695 2942 3747 ad
2981 3710 3102 3748 eum
3144 3694 3486 3762 adspexcrint

1908 3787 1961 3842 in
1983 3802 2076 3841 sua
2103 3787 2382 3857 majestate
2403 3787 2724 3851 venientem,
2752 3800 2979 3854 cumque
2996 3801 3111 3839 esse
3127 3786 3490 3853 cognoverint,

1909 3895 2065 3949 quem
2112 3878 2259 3949 prius
2302 3878 2554 3932 humilem
2598 3876 2648 3930 in
2699 3876 2808 3931 suis
2835 3875 3140 3947 parentibus
3171 3876 3491 3930 ἱιιιικιδτιιιιιε

1911 3972 2153 4042 quamvis
2181 3980 2236 4028 et
2278 3972 2373 4040 ipsi
2408 3980 2654 4039 parentes
2681 3985 2861 4024 eorum
2894 3978 3051 4023 tante
3084 3968 3222 4021 illius
3253 3968 3494 4037 impieta-

1913 4065 1977 4118 tis
2001 4074 2245 4118 auctores
2285 4073 2623 4133 resurgentes
2649 4061 2902 4115 videhunt
2932 4078 3072 4123 eum,
3113 4061 3205 4116 sed
3240 4061 3494 4131 puniendi

1908 4156 2037 4226 jam,
2068 4171 2172 4209 non
2201 4155 2373 4210 adhuc
2395 4152 2713 4223 corrigendi.
2752 4152 2871 4213 Non~
2912 4153 3089 4221 itaque
3120 4152 3219 4205 huc
3249 4153 3365 4205 loco
3398 4152 3497 4220 ipsi

1915 4244 2239 4315 intelligendi
2282 4255 2425 4312 sunt,
2457 4244 2547 4299 ubi
2575 4243 2773 4297 dictum
2813 4252 2916 4308 est,
2959 4241 3026 4295 Et
3057 4242 3312 4309 effundam
3354 4259 3503 4311 super

1914 4338 2119 4392 domum
2145 4336 2311 4390 David
2337 4345 2381 4391 et
2420 4353 2574 4406 super
2613 4336 2914 4389 habitatores
2939 4333 3221 4389 Jerusalem
3256 4336 3504 4406 Spiritum

1914 4431 2090 4500 gratia:
2112 4440 2156 4483 et
2179 4428 2571 4491 misericordiae;
2593 4438 2640 4481 et
2668 4428 2912 4497 aspicient
2942 4428 3009 4479 ad
3035 4444 3132 4493 me,
3161 4445 3251 4497 pro
3280 4444 3337 4478 eo
3367 4424 3502 4493 quod

1916 4524 2283 4577 insultavcrunt
2314 4539 2332 4576 :
2374 4520 2468 4575 sed
2513 4530 2686 4574 tamen
2716 4520 2783 4573 de
2813 4519 3023 4573 illorum
3069 4520 3234 4587 stirpe.
3279 4520 3499 4572 \'Cttl('ll-

1920 4625 2001 4671 tes
2028 4614 2070 4681 ³,
2100 4614 2188 4684 qui
2235 4629 2328 4684 per
2357 4613 2522 4667 Eliam
2554 4612 2643 4666 illo
2674 4619 2911 4680 tempore
2936 4619 3061 4665 sunt
3094 4610 3365 4665 credituri.
3395 4608 3501 4663 Sed

1919 4706 2055 4761 sicut
2080 4705 2306 4760 dicimus
2333 4702 2551 4769 Judzeis,
2582 4701 2692 4756 Vos
2712 4701 2982 4757 occidistis
3009 4700 3301 4767 Christum,
3320 4717 3505 4771 quam-

1919 4798 1998 4850 vis
2028 4796 2128 4851 hoc
2155 4804 2401 4865 parentes
2429 4809 2613 4849 eorum
2642 4791 2867 4847 l‘eeeriut
2896 4809 2909 4846 :
2943 4792 3021 4847 sic
3066 4800 3119 4847 et
3148 4791 3231 4845 isti
3263 4806 3321 4843 se
3361 4790 3506 4842 dole-

1922 4891 2055 4945 buut
2082 4888 2269 4944 fecisse
2291 4885 2703 4958 quodammodo,
2736 4885 2875 4956 quod
2905 4883 3145 4940 fecerunt
3171 4882 3267 4947 illi,
3293 4897 3355 4936 ex
3380 4898 3509 4947 qua-

1921 4998 2040 5038 rum
2063 4980 2227 5050 stirpe
2251 4978 2600 5035 descendunt.
2631 4978 2883 5046 Quamvis
2910 4991 3036 5045 ergo
3065 4983 3283 5042 accepto
3308 4973 3508 5039 Spiritu

1921 5073 2107 5144 gratia:
2154 5081 2206 5128 et
2232 5069 2610 5127 misericordim
2636 5069 2743 5140 jam
2774 5067 2955 5122 ﬁdeles
2986 5080 3089 5121 non
3121 5062 3511 5117 damnaliuutur

1923 5181 2042 5223 cum
2072 5166 2247 5238 impiis
2273 5163 2582 5236 parentibus
2607 5162 2752 5227 suis;
2775 5159 3031 5214 dolebunt
3066 5165 3243 5210 tamen
3260 5163 3507 5223 tanquam

1925 5260 2022 5331 ipsi
2054 5259 2296 5325 fecerint,
2320 5254 2459 5326 quod
2493 5252 2562 5310 ab
2595 5253 2699 5308 illis
2728 5251 2923 5306 factum
2954 5258 3057 5305 est.
3089 5247 3203 5303 Non
3235 5246 3392 5318 igitur
3417 5247 3511 5300 do-

1925 5353 2108 5409 lebunt
2133 5360 2282 5408 reatu
2322 5346 2582 5413 criminis,
2620 5344 2714 5401 sed
2757 5343 2969 5415 pietatis
2998 5341 3213 5397 affectu.
3253 5339 3395 5395 Sane
3426 5338 3512 5394 ubi

1924 5448 2174 5504 dixerunt
2197 5441 2539 5515 Septuaginta
2561 5439 2905 5509 interpretes,
2949 5434 3017 5490 Et
3040 5434 3288 5504 aspicient
3309 5434 3377 5489 ad
3412 5450 3509 5500 me,

1989 5642 2010 5677 ¹
2045 5649 2110 5693 tta
2134 5649 2239 5691 Mss.
2263 5638 2383 5688 Editi
2417 5648 2555 5694 vero,
2592 5632 2661 5685 ait
2696 5629 2992 5694 evangelista
3021 5635 3260 5694 Joannes,
3292 5626 3510 5680 Nondum

1992 5664 2010 5677 '
2045 5664 2110 5693 lla
2137 5664 2239 5691 MSS.
2266 5664 2383 5688 wlu
2422 5664 2555 5694 vcsu,
2592 5664 2661 5685 Ill.
2696 5664 2991 5694 avus-gnum
3021 5664 3228 5679 υνησκυυσ
3292 5664 3411 5680 ην...

1925 5712 2031 5779 erat
2047 5703 2254 5779 θρέψε
2275 5696 2568 5779 detester
2587 5664 3411 5779 ίςξτεξ.η⁰1²ξ¹ξι,’1ἓ.εηέἔέξονίλεαευεο

1991 5754 2025 5800 IV
2044 5754 2118 5829 sie
2139 5763 2280 5829 viae.
2299 5768 2351 5812 et
2370 5754 2477 5811 uss:
2499 5766 2556 5809 At
2578 5768 2684 5829 sm.
2702 5763 2777 5806 Er.
2805 5762 2857 5806 et
2878 5761 3010 5819 Lov.,
3036 5754 3166 5805 tiens.

1996 5829 2020 5863 ⁸
2040 5827 2147 5881 sole
2167 5826 2316 5878 editio
2337 5830 2471 5887 Lov.,
2502 5824 2703 5873 venient.
