4062 6494
559 385 666 454 10'!

564 525 657 579 pro
699 522 757 561 eo
795 504 931 578 quod
958 501 1359 566 iusultaverunt;
1399 497 1476 555 sic
1504 499 1906 570 interpretatum
1948 507 2030 553 est
2079 513 2145 552 ex

569 599 816 664 Hebraeo,
841 595 908 649 Et
931 594 1175 666 aspicient
1200 592 1266 646 ad
1286 608 1385 658 me,
1415 606 1559 661 quem
1575 591 1888 660 conﬁxerunt
1913 587 2009 660 (a).
2033 587 2150 655 Quo

570 690 782 761 quidem
813 687 974 742 verbo
1001 685 1300 741 evidentius
1329 682 1573 740 Christus
1603 691 1822 754 apparet
1845 681 2147 736 cruciﬁxus.

573 784 675 839 Sed
701 783 785 838 illa
810 781 1100 848 insultatio,
1131 795 1290 854 quam
1331 779 1674 850 Septuaginta
1702 792 1902 848 ponere
1945 775 2149 831 malue-

570 886 712 942 runt,
745 878 860 947 ejus
887 875 1150 930 universa:
1187 889 1295 929 non
1320 872 1488 928 defuit
1517 871 1770 942 passioni.
1799 870 1929 926 Nam
1968 875 2021 924 et
2053 867 2150 922 de-

573 977 737 1033 tento,
759 978 813 1022 et
844 967 1080 1037 alligato,
1105 973 1158 1020 et
1177 964 1501 1035 adjudicato,
1531 973 1585 1019 et
1607 961 1893 1036 opprobrio
1922 959 2151 1031 ignomi-

571 1062 733 1115 niosm
758 1059 922 1114 vestis
949 1058 1151 1123 induto,
1181 1066 1235 1113 et
1273 1057 1440 1129 spinis
1465 1065 1740 1123 coronato,
1771 1062 1826 1110 et
1851 1053 2057 1109 calamo
2099 1050 2152 1106 in

573 1154 745 1222 capite
777 1167 1050 1222 percusso,
1079 1161 1131 1207 et
1157 1151 1441 1206 irridenter
1471 1149 1588 1204 lixis
1614 1149 1836 1221 genibus
1857 1148 2076 1204 adorato
2108 1149 2150 1214 ί,

573 1252 626 1297 et
669 1258 882 1297 crucem
928 1257 1076 1296 suam
1111 1240 1362 1311 portanti,
1396 1250 1450 1296 et
1479 1242 1529 1295 in
1576 1240 1718 1311 ligno
1753 1239 1860 1309 jam
1903 1239 2155 1311 pendenti

575 1337 755 1404 utique
800 1335 1204 1388 insultaverunt.
1250 1330 1477 1388 Proinde
1515 1332 2005 1402 interpretationem
2047 1345 2155 1385 non

572 1437 859 1497 sequentes
885 1441 1062 1490 unam,
1097 1427 1189 1480 sed
1212 1426 1811 1500 utramquejungentcs,
1839 1439 1958 1479 cum
1985 1432 2039 1479 et
2077 1423 2156 1479 in-

574 1519 906 1585 sultaverunt,
934 1525 988 1572 et
1022 1518 1337 1586 conﬁmcrunt
1365 1516 1610 1587 legimus,
1640 1515 1846 1586 plenius
1878 1515 2154 1571 veritatem

577 1611 867 1666 Duminicaa
888 1610 1149 1682 passionis
1172 1611 1530 1680 agnoscimus.

645 1704 700 1759 4.
743 1702 873 1759 Cum
900 1719 1027 1774 ergo
1053 1705 1107 1758 in
1135 1703 1457 1774 propheticis
1488 1703 1676 1759 litteris
1700 1702 1767 1758 ad
1809 1702 2154 1760 novissimum

572 1794 828 1865 judicium
859 1793 1159 1850 faciendum
1198 1793 1338 1849 Deus
1368 1794 1559 1864 legitur
1598 1807 1718 1849 esse
1746 1802 2021 1860 venturus,
2057 1792 2156 1848 etsi

577 1886 691 1956 ejus
717 1887 815 1940 alia
843 1885 1112 1941 distinctio
1135 1901 1238 1940 non
1269 1894 1525 1954 ponatur;
1551 1883 1916 1940 tantummodo
1941 1893 2160 1955 propter

578 1978 750 2048 ipsum
776 1977 1033 2047 judicium
1057 1975 1303 2031 Christus
1327 1975 1486 2031 debet
1509 1975 1730 2046 intelligi
1751 1975 1906 2045 :quia
1930 1973 2031 2030 etsi
2056 1973 2158 2028 Pa-

577 2079 697 2138 ter,
737 2069 1030 2140 judicabit,
1087 2083 1181 2139 per
1226 2067 1509 2122 adventum
1562 2066 1681 2121 Filii
1719 2066 1951 2120 hominis
2002 2063 2148 2135 judi-

575 2161 734 2218 cabit.
780 2161 911 2216 Nam
961 2161 1074 2230 ipse
1127 2175 1224 2231 per
1265 2175 1375 2215 suae
1420 2159 1718 2231 praesentiae
1765 2156 2156 2212 manifestatio-

577 2267 701 2308 nem
746 2269 846 2307 non
884 2251 1085 2323 judicat
1125 2267 1444 2324 quemquam,
1467 2250 1555 2306 sed
1577 2267 1722 2306 omne
1735 2249 1991 2320 judicium
2024 2247 2162 2302 dedit

577 2344 716 2400 Filio
747 2345 927 2416 (Joan.
952 2359 1008 2411 v,
1037 2343 1129 2412 ΞΩ)
1171 2362 1185 2399 :
1225 2345 1314 2416 qui
1356 2344 1784 2400 manifestabitur
1817 2343 1978 2398 homo
2015 2341 2160 2413 judi-

577 2446 811 2502 caturus,
839 2436 980 2491 sicut
999 2435 1162 2490 homo
1181 2435 1565 2505 estjudieatus.
1583 2435 1712 2503 Quis
1735 2443 1816 2490 est
1838 2434 1978 2488 enim
2002 2433 2158 2502 alius,

577 2529 645 2585 de
687 2545 792 2600 quo
819 2530 946 2584 item
990 2529 1129 2584 Deus
1173 2529 1410 2599 loquitur
1437 2543 1532 2598 per
1571 2527 1758 2582 Isaiam
1803 2528 1902 2582 sub
1947 2529 2163 2583 nomine

575 2621 739 2677 Jacob
765 2628 819 2676 et
845 2620 1026 2686 Israel,
1049 2619 1115 2674 de
1134 2620 1288 2690 cujus
1313 2621 1516 2676 semine
1542 2633 1736 2692 corpus
1755 2620 1961 2690 accepit
1981 2621 2004 2675 i
2021 2621 2162 2692 quod

579 2713 650 2767 ita
675 2712 928 2784 scriptum
958 2719 1042 2767 est
1068 2729 1082 2766 :
1114 2711 1273 2786 Iacob
1315 2728 1438 2782 puer
1463 2727 1622 2777 meus,
1660 2713 1934 2783 suscipiam
1964 2714 2111 2768 illum
2145 2727 2165 2770 :

581 2804 746 2860 Israel
771 2807 954 2859 electus
984 2819 1142 2874 meus,
1183 2804 1455 2875 assumpsit
1500 2821 1614 2859 eum
1653 2805 1824 2860 anima
1853 2822 1983 2860 mea.
2031 2804 2165 2860 Dedi

583 2896 835 2969 Spiritum
876 2914 1040 2952 meum
1076 2899 1129 2952 in
1158 2896 1326 2964 illum,
1358 2896 1613 2968 judicium
1655 2897 1881 2969 gentibus
1924 2901 2161 2970 proferet.

584 2987 707 3043 Non
751 2988 1006 3052 clamabit,
1054 3003 1209 3058 neque
1255 2987 1470 3043 cessabit
1504 3029 1519 3054 ,
1563 3004 1718 3059 neque
1759 2989 1995 3043 audietur
2038 2985 2165 3058 [mis

583 3095 681 3134 vox
725 3081 854 3151 ejus.
884 3079 1150 3135 Calamam
1189 3089 1484 3149 quassatum
1526 3095 1624 3134 non
1653 3088 1890 3148 conteret,
1930 3089 1976 3135 et
2005 3079 2163 3134 linum

583 3175 788 3243 fumans
814 3187 915 3225 non
941 3171 1262 3242 exstinguat;
1289 3170 1379 3225 sed
1424 3171 1479 3224 in
1516 3171 1724 3225 veritate
1767 3174 1985 3244 proferet
2018 3171 2187 3254 judi-i

577 3263 730 3316 cium.
757 3261 1062 3332 Refulgebit,
1096 3270 1142 3315 et
1187 3277 1288 3315 non
1328 3261 1694 3332 confringetur,
1723 3260 1880 3316 donec
1918 3270 2071 3333 ponat
2110 3262 2165 3316 in

577 3363 710 3407 terra
724 3353 1012 3424 judicium;
1034 3361 1079 3406 et
1099 3353 1150 3405 in
1171 3351 1372 3406 nomine
1400 3353 1506 3423 ejus
1529 3360 1699 3422 gentes
1716 3352 1986 3423 sperabunt
2001 3353 2019 3423 (
2034 3351 2162 3408 Isai.

583 3459 714 3509 xui,
745 3445 866 3510 1-4,
895 3459 996 3498 sec.
1028 3441 1218 3513 LXX).
1250 3442 1306 3497 In
1338 3441 1554 3496 hebrzeo
1580 3456 1683 3496 non
1713 3443 1903 3512 legitur
1930 3441 2090 3497 Iacob
2110 3451 2165 3499 et

576 3532 742 3588 Israel
762 3549 781 3588 :
814 3533 908 3589 sed
937 3531 1078 3604 quod
1104 3533 1174 3587 ibi
1207 3533 1399 3602 legitur
1421 3547 1592 3586 servus
1613 3549 1772 3599 meus,
1798 3533 2046 3588 nimirum
2064 3532 2162 3588 Se-

578 3624 850 3695 ptuaginta
881 3624 1197 3694 interpretes
1220 3623 1460 3678 volentes
1484 3621 1773 3679 admonere
1810 3634 2069 3694 quatenus
2109 3624 2162 3681 id
2186 3604 2203 3619 ’

579 3715 944 3784 accipiendum
976 3715 1064 3780 sit,
1095 3715 1218 3786 quia
1251 3715 1456 3770 scilicet
1502 3722 1719 3785 pr0pter
1755 3714 1977 3770 fortnam
2020 3718 2161 3772 servi

577 3807 779 3863 dictum
807 3816 908 3873 est,
938 3807 993 3862 in
1031 3823 1135 3884 qua
1182 3822 1240 3863 se
1280 3806 1583 3862 Altissimus
1623 3806 1973 3862 humillimum
2021 3823 2162 3878 prae-

576 3899 714 3966 buit,
761 3900 926 3971 ipsius
970 3901 1200 3956 hominis
1243 3916 1438 3956 nomen
1478 3899 1545 3955 ad
1590 3915 1711 3955 eum
1755 3900 2160 3972 significandum

576 4003 894 4065 posuerunt,
927 3993 994 4049 de
1019 3993 1172 4064 cujus
1200 4009 1396 4065 genere
1420 3994 1605 4050 eadem
1626 3993 1766 4050 servi
1786 3993 1952 4050 forma
1981 4009 2161 4051 susce-

579 4093 667 4154 pta
697 4095 796 4140 est.
841 4087 1002 4140 Datus
1040 4095 1123 4140 est
1153 4086 1204 4140 in
1231 4102 1353 4140 eum
1384 4085 1614 4156 Spiritus
1642 4096 1877 4156 sanctus,
1922 4087 2062 4158 quod
2103 4096 2158 4145 et

578 4175 842 4231 columbae
887 4178 1086 4247 specie,
1137 4177 1428 4247 Evangelio
1475 4186 1630 4246 teste,
1679 4189 2030 4234 monstratum
2076 4189 2160 4237 est

578 4264 792 4338 (Matth.
842 4281 928 4334 ιιι,
971 4267 1080 4338 16).
1122 4267 1385 4322 Judicium
1438 4268 1684 4338 gentibus
1732 4270 1984 4339 protulit,
2035 4272 2157 4342 quia

579 4356 951 4429 praenuntiavit
992 4357 1245 4425 futurum,
1277 4358 1416 4430 quod
1446 4358 1691 4429 gentibus
1715 4367 1830 4415 erat
1870 4362 2154 4418 occultum.

576 4446 977 4504 Mansuetudine
998 4464 1101 4504 non
1128 4449 1394 4518 clamavit,
1426 4465 1524 4506 nec
1547 4461 1722 4506 tamen
1746 4453 1795 4507 in
1824 4453 2156 4524 praedicanda

574 4542 798 4597 veritate
825 4543 1071 4598 cessavit.
1099 4543 1204 4600 Sed
1242 4559 1348 4599 non
1377 4551 1460 4599 est
1493 4544 1670 4600 audita
1717 4545 1845 4602 foris
1872 4562 1974 4603 vox
2016 4549 2152 4622 ejus,

577 4649 677 4690 nec
703 4635 943 4701 auditur;
974 4635 1398 4708 quandoquidem
1439 4637 1506 4691 ab
1535 4638 1612 4692 eis
1651 4639 1740 4710 qui
1783 4638 1913 4694 foris
1941 4641 2008 4696 ab
2038 4641 2156 4711 ejus

577 4742 804 4798 corpore
851 4725 1058 4798 praecisi
1102 4736 1254 4794 sunt,
1300 4743 1406 4783 non
1456 4729 1532 4783 illi
1582 4729 1829 4785 obeditur
1862 4748 1875 4785 :
1909 4731 2156 4802 ipsosque

567 4838 693 4878 suos
727 4835 1095 4894 persecutores
1130 4823 1364 4889 Iudaeos,
1394 4826 1479 4896 qui
1525 4826 1728 4883 calamo
1754 4836 2002 4898 quassato
2033 4842 2156 4896 per-

567 4916 677 4972 dita
704 4917 1024 4988 integritate,
1056 4927 1110 4974 et
1140 4917 1249 4973 lino
1279 4917 1500 4973 fumanti
1528 4919 1726 4973 amisso
1765 4920 1965 4974 lumine
2005 4933 2155 4972 com-
2196 4907 2201 4912 ’

565 5009 737 5078 parati
761 5017 905 5076 sunt,
937 5023 1041 5078 non
1065 5009 1339 5077 contrivit,
1367 5025 1466 5064 nec
1491 5011 1780 5076 exstinxit;
1810 5010 1930 5080 quia
1961 5025 2153 5080 pepero

566 5101 638 5154 cit
662 5101 759 5166 eis,
793 5101 884 5172 qui
912 5102 1147 5156 nondum
1177 5110 1398 5158 venerat
1419 5117 1512 5157 eos
1538 5101 1801 5173 judicare,
1845 5101 1941 5157 sed
1980 5103 2047 5156 ab
2075 5103 2154 5157 eis

567 5190 795 5262 judicari
821 5194 919 5263 (b).
949 5193 1005 5262 In
1035 5194 1257 5249 veritate
1299 5207 1428 5250 sane
1452 5183 1708 5270 judicium
1736 5193 1972 5264 protulit,
2014 5209 2150 5265 pra:-

630 5325 647 5356 ί
672 5331 743 5374 Er.
764 5335 816 5378 et
835 5333 964 5394 tov.,
982 5333 1027 5394 et
1047 5326 1304 5394 iri-idenm;
1325 5327 1468 5394 ﬂexis
1703 5328 1922 5382 adorato.
1947 5334 2004 5380 At
2016 5330 2150 5381 Vind.

567 5394 668 5435 nn.
695 5394 746 5436 et
766 5396 888 5448 Mss.,
917 5385 960 5439 et
983 5387 1243 5441 irridenter
1264 5385 1381 5455 ﬁx'is
1402 5385 1599 5454 genibus
1621 5390 1837 5442 adorato.

654 5468 706 5532 (ι)
740 5470 811 5518 Slc
824 5467 1037 5532 vulgata.

572 5529 721 5608 bibl
730 5530 900 5608 uehis
916 5529 1136 5608 omnibus
1160 5535 1368 5605 egregie
1387 5535 1526 5608 _agit,
1545 5534 1783 5608 “eumdem
1815 5537 1948 5608 lsaiaa
1991 5534 2151 5608 locum

567 5595 1277 5663 interpretans,_ttieronynius
1296 5595 1362 5645 ’in
1387 5595 1591 5660 Epistola
1628 5599 1744 5661 151,
1790 5598 1851 5649 ad
1880 5599 2146 5663 Algasiam,

571 5651 843 5718 (mestitiae
865 5651 918 5704 2.
932 5651 1180 5711 coeamus.

1609 379 1699 444 DE
1737 374 2053 444 CIVITATE
2093 381 2226 454 DEI,
2265 382 2324 441 S.
2365 373 2731 442 AUGUSTlNl

3721 382 3842 446 του

2256 498 2438 553 dicens
2464 500 2542 554 eis
2571 499 2782 570 quando
2805 497 3054 569 puniendi
3080 507 3280 566 essent,
3307 498 3352 556 si
3379 499 3432 556 in
3468 515 3564 557 sua
3591 503 3846 574 maligni-

2256 597 2360 644 tate
2389 591 2755 659 persisterent.
2784 589 3011 646 Refulsit
3028 590 3079 645 in
3103 601 3282 646 monte
3303 593 3462 648 facies
3483 593 3598 664 ejus
3623 593 3844 666 (Matth.

2255 697 2389 747 xvn,
2427 683 2476 747 1,
2503 681 2583 752 2),
2616 683 2666 737 in
2711 682 2842 737 orbe
2871 683 3005 737 fama
3035 683 3150 754 ejus
3180 700 3192 738 :
3222 699 3320 740 nec
3358 685 3681 754 confractus,
3725 690 3850 744 sive

2254 775 2514 829 contritus
2540 785 2640 838 est,
2661 776 2782 846 quia
2809 792 2980 847 neque
3001 778 3052 830 in
3082 791 3162 844 se,
3192 792 3363 848 neque
3389 779 3439 832 in
3463 779 3698 835 Ecclesia
3719 796 3846 849 sua,

2257 874 2314 920 ut
2341 882 2458 922 esse
2483 867 2796 934 desisteret,
2824 869 3253 939 persecutoribus
3281 872 3459 926 cessit.
3494 871 3559 927 Et
3587 873 3704 928 ideo
3735 889 3849 929 non

2259 965 2342 1012 est
2385 957 2601 1024 factum,
2636 975 2734 1015 nec
2774 960 2883 1027 lict,
2917 961 3059 1032 quod
3093 962 3292 1018 inimici
3322 963 3437 1033 ejus
3460 963 3727 1031 dixerunt,
3760 968 3852 1022 vel

2256 1047 2456 1116 dicunt,
2478 1050 2692 1116 Quando
2711 1051 2948 1105 morietur
2969 1060 3017 1106 et
3038 1052 3212 1122 peribit
3233 1070 3410 1108 nomen
3428 1057 3536 1126 ejus
3557 1055 3730 1126 (Psal.
3751 1073 3844 1123 χι,

2257 1141 2352 1212 6)?
2384 1141 2554 1198 Donec
2579 1153 2730 1215 ponat
2753 1145 2804 1198 in
2831 1153 2965 1198 terra
2978 1144 3251 1215 judicium.
3289 1145 3424 1202 Ecce
3450 1133 3850 1204 manifestatum

2258 1243 2341 1289 est
2382 1233 2524 1304 quod
2568 1233 2936 1291 absconditum
2967 1238 3354 1306 quaerebamus.
3405 1237 3515 1293 Hoc
3567 1239 3710 1294 enim
3766 1249 3855 1295 est

2259 1326 2605 1382 novissimum
2633 1327 2915 1397 judicium,
2949 1327 3090 1399 quod
3124 1337 3287 1400 ponet
3313 1329 3368 1384 in
3397 1338 3560 1397 terra,
3599 1346 3719 1385 cum
3750 1347 3854 1385 ve-

2260 1417 2401 1471 nerit
2437 1418 2549 1486 ipse
2586 1416 2654 1472 de
2697 1419 2854 1473 cmlo.
2899 1417 2973 1474 De
2999 1434 3104 1490 quo
3141 1419 3252 1490 jam
3279 1418 3519 1475 videmus
3549 1421 3850 1491 impletum,

2259 1509 2402 1580 quod
2448 1509 2534 1564 hic
2565 1510 2806 1566 ultimum
2858 1511 3089 1582 positum
3139 1523 3221 1568 est
3255 1529 3270 1567 :
3317 1512 3385 1566 Et
3414 1514 3467 1567 in
3498 1515 3696 1568 nomine
3739 1517 3854 1584 ejus

2259 1609 2432 1672 gentes
2452 1601 2742 1671 sperabunt.
2771 1603 2875 1658 Per
2914 1606 3014 1658 hoc
3040 1613 3184 1660 certe
3217 1604 3358 1677 quod
3401 1606 3583 1676 negari
3613 1621 3717 1660 non
3749 1621 3847 1678 po-

2263 1703 2384 1760 test,
2414 1695 2570 1750 etiam
2598 1694 2726 1751 illud
2752 1695 3000 1752 credatur
3024 1697 3165 1768 quod
3212 1697 3550 1769 impudenter
3595 1706 3846 1770 negatur.

2261 1785 2389 1870 Quis
2410 1787 2551 1842 enim
2580 1795 2842 1860 Speraret,
2873 1788 3013 1859 quod
3041 1790 3200 1844 etiam
3229 1789 3282 1844 hi
3329 1789 3418 1860 qui
3458 1790 3646 1846 nolunt
3670 1790 3855 1848 adhuc

2262 1878 2482 1935 credere
2512 1880 2564 1935 in
2605 1879 2897 1947 Christum,
2939 1881 3050 1952 jam
3082 1881 3357 1938 nobiscum
3387 1883 3588 1950 Vident,
3627 1894 3681 1939 et
3719 1900 3856 1956 quo-

2263 1968 2405 2023 niam
2444 1985 2639 2041 ncgare
2669 1986 2772 2025 non
2805 1980 3049 2041 possunt,
3075 1971 3325 2028 dentibus
3359 1973 3468 2028 suis
3492 1973 3756 2040 frendent,
3800 1986 3857 2031 et

2265 2060 2582 2116 tabescunt?
2609 2061 2762 2130 Quis,
2802 2062 3037 2134 inquam,
3065 2072 3306 2136 Speraret
3343 2075 3530 2136 gentes
3568 2066 3620 2120 in
3651 2066 3853 2121 Christi

2264 2153 2482 2209 nomine
2510 2165 2834 2226 speraturas,
2854 2157 3066 2228 quando
3098 2158 3704 2229 tenebatur,-ligabatur,
3738 2175 3855 2215 ca:-

2263 2244 2510 2315 debatur,
2542 2235 2882 2312 illudebatur,
2926 2249 3364 2319 eruciligebatur;
3395 2251 3607 2320 quando
3654 2261 3710 2307 et
3752 2252 3856 2324 ipsi

2263 2335 2509 2408 discipuli
2548 2353 2699 2410 spem
2729 2339 3087 2410 perdiderant,
3119 2355 3277 2420 quam
3323 2342 3491 2432 inille
3524 2343 3720 2400 habere
3741 2344 3858 2424 jam

2265 2438 2542 2498 casperant
2556 2429 2580 2483 ?
2594 2430 2744 2500 Quod
2773 2439 2900 2488 tunc
2916 2434 3001 2486 vix
3019 2448 3155 2488 unus
3178 2433 3313 2488 latro
3331 2429 3561 2505 speravit
3592 2437 3642 2490 in
3671 2452 3856 2504 cruce,

2266 2535 2407 2574 nunc
2437 2531 2655 2592 sperant
2678 2529 2865 2595 gentes
2905 2523 3061 2595 longe
3089 2523 3302 2596 lateque
3326 2524 3562 2594 dill‘usm;
3597 2536 3651 2582 et
3683 2543 3752 2583 ne
3803 2529 3857 2592 in

2267 2623 2523 2668 aeternum
2572 2614 2886 2683 moriantur,
2934 2615 3046 2686 ipsa
3096 2614 3148 2670 iu
3186 2630 3290 2688 qua
3335 2616 3424 2672 ille
3462 2627 3702 2674 mortuus
3747 2627 3856 2688 est,

2268 2718 2427 2760 cruce
2452 2705 2748 2776 signantur.
3211 2691 3218 2698 ’

2341 2798 2396 2852 5.
2437 2797 2620 2852 Nullus
2647 2800 2806 2871 igitur
2831 2801 2916 2856 vel
2965 2807 3123 2871 negat
3151 2802 3233 2857 vel
3279 2801 3500 2868 dubitat,
3547 2819 3643 2876 per
3665 2803 3856 2860 Jesum

2275 2887 2547 2944 Christum
2576 2891 2682 2945 tale
2701 2892 2854 2961 quale
2885 2891 3001 2946 istis
3026 2893 3193 2948 sacris
3209 2893 3425 2950 Litteris
3449 2897 3856 2966 praznuntiatur,

2269 2978 2503 3036 futurum
2549 2995 2670 3036 esse
2713 2981 3061 3037 novissimum
3083 2983 3364 3054 judicium,
3394 2987 3491 3040 nisi
3535 2987 3624 3058 qui
3650 2987 3858 3042 eisdem

2269 3071 2506 3139 Litteris,
2537 3072 2717 3128 nescio
2745 3087 2844 3144 qua
2873 3073 3202 3129 incredibili‘
3250 3076 3585 3132 animositate
3626 3091 3721 3130 seu
3748 3093 3858 3132 cr-

2269 3164 2446 3230 citate,
2481 3179 2588 3218 non
2616 3163 2804 3231 credit,
2829 3178 2946 3236 quae
2981 3164 3092 3235 jam
3123 3167 3401 3220 veritatem
3427 3182 3574 3221 suam
3614 3167 3732 3222 orbi
3759 3167 3860 3222 de-

2267 3267 2633 3312 monstravere
2657 3264 2938 3312 terrarum.
2969 3257 3026 3311 in
3054 3257 3144 3312 illo
3175 3261 3354 3330 itaque
3381 3259 3579 3330 judicio
3605 3260 3692 3315 vel
3714 3262 3858 3316 circa

2269 3349 2395 3403 illud
2413 3347 2671 3419 judicium
2695 3349 2792 3404 has
2819 3365 2906 3404 res
2923 3348 3205 3405 didicimus
3230 3365 3350 3406 esse
3380 3360 3657 3417 venturas,
3680 3353 3858 3407 Eliam

2269 3441 2577 3509 Thesbiten,
2607 3441 2766 3498 ﬁdem
2797 3442 3124 3511 Iudaeorum,
3157 3443 3547 3501 Antichristum
3592 3461 3853 3518 persecu-

2269 3544 2463 3603 turum,
2511 3535 2785 3592 Christum
2807 3537 3196 3609 judicaturum,
3246 3548 3579 3596 mortuorum
3607 3555 3859 3596 resurre-

2267 3629 2519 3696 Ctionem,
2544 3628 2808 3685 bonorum
2829 3631 3198 3704 malorumque
3214 3632 3648 3706 diremptionem,
3668 3633 3859 3692 mundi

2269 3720 2785 3791 conﬂagratiouem,
2837 3722 3184 3795 ejusdemque
3234 3725 3656 3782 renovationem.
3723 3725 3858 3793 Quas

2266 3813 2443 3868 omnia
2473 3811 2686 3880 quidem
2715 3821 2938 3868 ventura
2966 3829 3085 3869 esse
3106 3815 3435 3870 credendum
3465 3823 3548 3872 est
3572 3835 3586 3870 :
3612 3815 3705 3871 sed
3737 3817 3856 3887 qui-

2270 3903 2370 3959 bus
2400 3904 2591 3971 modis,
2620 3911 2674 3958 et
2701 3919 2806 3974 quo
2833 3905 3023 3961 ordine
3072 3907 3306 3974 veniant,
3338 3907 3504 3980 magis
3535 3917 3661 3962 tunc
3689 3907 3857 3963 doce-

2266 3997 2340 4053 bit
2368 4014 2542 4053 rerum
2575 3999 2929 4070 experientia,
2961 4014 3118 4070 quam
3165 4015 3306 4055 nunc
3333 4000 3398 4054 ad
3425 4001 3720 4070 perfectura
3749 3999 3855 4055 ho-

2265 4089 2466 4144 minum
2498 4089 2846 4161 intelligentia
2880 4089 3017 4146 valet
3059 4095 3336 4162 consequi.
3382 4091 3641 4148 Existimo
3671 4102 3856 4152 tamen

2269 4197 2334 4236 eo
2356 4196 2461 4253 quo
2488 4196 2518 4235 a
2546 4197 2630 4236 me
2655 4191 3074 4238 commemorata
3101 4191 3226 4237 sunt
3245 4182 3431 4238 ordine
3455 4198 3576 4245 esse
3600 4191 3853 4237 ventura.

2336 4272 2387 4328 ϐ.
2433 4274 2549 4328 Duo
2576 4274 2729 4330 nobis
2760 4275 2826 4329 ad
2857 4274 2957 4330 hoc
2985 4291 3116 4346 opus
3145 4277 3471 4347 pertinentes
3499 4277 3690 4349 reliqui
3726 4288 3858 4333 sunt

2263 4365 2404 4433 libri,
2439 4377 2499 4421 ut
2537 4365 2824 4436 adjuvante
2866 4367 3093 4422 Domino
3136 4369 3393 4439 promissa
3433 4369 3802 4439 compleamus
3838 4387 3855 4424 :

2261 4474 2485 4529 quorum
2518 4475 2656 4515 unus
2680 4461 2784 4515 erit
2831 4459 2897 4515 de
2946 4460 3210 4518 malorum
3256 4461 3550 4533 supplicio,
3594 4462 3732 4516 alius
3783 4462 3859 4518 de

2261 4549 2514 4607 felicitate
2556 4551 2868 4622 justorum:
2911 4551 2963 4606 in
3004 4553 3197 4624 quibus
3238 4553 3489 4619 maxime,
3538 4555 3673 4609 sicut
3706 4554 3858 4610 Deus

2261 4641 2559 4708 donaverit,
2588 4651 2900 4714 argumenta
2937 4641 3256 4699 refellentur
3297 4643 3545 4710 humana,
3568 4660 3688 4713 qua:
3720 4659 3862 4699 con-

2263 4743 2342 4789 tra
2372 4734 2625 4806 praedicta
2656 4751 2719 4790 ac
2750 4736 3011 4807 promissa
3041 4735 3219 4790 divina
3246 4737 3513 4808 sapienter
3539 4737 3637 4793 sibi
3661 4739 3860 4794 miseri

2260 4825 2453 4882 rodere
2477 4827 2497 4858 ³
2529 4827 2794 4895 videntur,
2823 4837 2876 4883 et
2902 4829 3130 4884 salubris
3175 4829 3296 4885 fidei
3340 4831 3660 4886 nutrimenta
3701 4834 3860 4889 velut

2260 4917 2391 4971 falsa
2441 4925 2494 4972 et
2542 4917 2762 4973 ridenda
2811 4929 3182 4976 contemnunt.
3225 4920 3326 4987 Qui
3374 4937 3501 4978 vero
3550 4923 3861 4980 secundum

2261 5010 2427 5068 Deum
2459 5010 2692 5088 sapiunt,
2721 5013 2958 5068 omnium
2979 5029 3098 5085 quae
3127 5014 3454 5070 incredibilia
3477 5014 3730 5070 videntur
3754 5017 3862 5072 ho-

2259 5103 2522 5169 minibus,
2560 5112 2614 5158 et
2659 5112 2836 5170 tamen
2881 5104 3170 5178 Scripturis
3203 5107 3430 5174 sanctis,
3472 5121 3698 5177 quarum
3736 5124 3862 5179 jam

2257 5195 2452 5249 veritas
2485 5194 2666 5252 multis
2695 5196 2866 5252 modis
2895 5203 3099 5252 asserta
3129 5205 3231 5265 est,
3272 5198 3630 5264 continentur,
3664 5214 3759 5253 ma
3773 5202 3863 5255 xi-

2257 5299 2401 5338 mum
2430 5293 2797 5354 argumentum
2845 5295 3028 5343 tenent
3073 5303 3321 5344 veracem
3362 5289 3452 5345 Dei
3495 5291 3864 5360 omnipoten—

2257 5374 2401 5440 tiam,
2423 5390 2578 5445 quem
2603 5385 2805 5432 certum
2832 5378 3030 5434 habent
3058 5381 3204 5436 nullo
3230 5380 3389 5436 modo
3416 5382 3467 5436 in
3493 5383 3570 5437 eis
3599 5385 3867 5452 potuisse

2254 5466 2494 5536 mentiri,
2523 5478 2575 5524 et
2601 5483 2758 5539 posse
2778 5469 2955 5527 facere
2982 5471 3126 5544 quod
3147 5473 3476 5544 impossibile
3501 5483 3584 5532 est
3615 5476 3860 5536 infideli.

2319 5600 2336 5632 λ
2371 5605 2437 5649 tta
2452 5606 2560 5650 Mss.
2586 5601 2707 5652 aditi
2730 5615 2864 5662 vero,
2884 5601 3155 5656 incredula.

2318 5663 2342 5695 ⁸
2374 5663 2512 5728 aditi,
2537 5664 2790 5717 veteribus
2815 5665 2953 5718 libris
2976 5663 3346 5733 dissentientes,
3361 5667 3583 5732 reddere.
