4062 6526
1335 369 1542 430 manu
1580 337 1960 433 pessmus
1986 367 2260 434 paruus.

789 583 1263 716 LIBER
1343 579 2002 708 VIGESIM
2017 585 2205 694 US
2269 589 2904 706 PRIMUS.

285 787 340 830 ne
377 777 480 830 line
497 774 667 828 debito
701 771 909 824 civitatis
930 766 1125 831 diaboli,
1148 765 1382 852 supplicio
1401 763 1588 818 scilicet
1601 765 1825 893 ἀειπέῗέιᾶ

1934 769 2278 884 Lisstoenipiterno,
2300 769 2465 838 deque
2487 775 2706 830 humanis
2727 789 2894 834 contra
2915 779 3032 834 illud
3055 783 3416 838 iucredulorum

227 378 314 436 τοο
1335 375 1542 430 LIBER
1580 375 1948 433 VlGESlMUS
1986 375 2260 434 PRIMUS.
3379 375 3484 448 "t'to

223 503 3436 540 _______________________________________________

221 1114 426 1180 CAPUT
481 1105 768 1182 PRIHUlﬂ.
807 1104 984 1174 —De
1028 1103 1206 1166 ordine
1259 1101 1657 1174 disputationis,
1701 1117 1806 1174 qua

2125 1106 2138 1118 .
2255 1109 2266 1120 .
2712 1113 2726 1128 ο
3510 1053 3579 1112 ’ᾖξΙὶ

1934 1121 2026 1162 nec
2053 1108 2300 1164 animalia
2317 1125 2418 1166 nec
2443 1125 2656 1184 semper
2675 1123 2878 1182 vivunt,
2905 1126 2960 1174 et
2989 1118 3040 1174 in
3058 1119 3164 1176 illis
3187 1119 3488 1182 fervoribus

289 1209 418 1282 prius
449 1201 802 1266 disserendum
831 1208 904 1256 est
950 1197 1012 1252 de
1034 1205 1272 1270 perpetuo
1301 1192 1552 1266 supplicio
1583 1193 1796 1250 damna-
1905 1201 2022 1258 sine
2045 1201 2321 1260 doloribus
2347 1205 2550 1274 vivunt,
2581 1221 2692 1262 suae
2717 1208 2912 1280 quippe
2937 1221 3141 1268 naturae
3169 1219 3492 1274 convenien-

286 1309 444 1358 tarum
471 1313 588 1352 cum
629 1293 852 1362 diabolo,
881 1305 1038 1364 quam
1063 1287 1128 1348 de
1155 1299 1344 1344 intuma
1371 1285 1620 1358 felicitate
1645 1299 1798 1340 sanc-

287 1401 303 1444 ι
305 1406 446 1444 orum
453 1427 466 1441 .

287 1502 412 1559 Cum
441 1515 541 1574 per
569 1499 750 1558 Iesum
779 1496 1046 1564 Christum
1093 1493 1376 1558 Dominum
1421 1499 1686 1556 nostrum,
1713 1488 1802 1560 ju-

229 1597 386 1652 dicem
413 1595 666 1658 vivorum
695 1599 854 1664 atque
897 1596 1272 1654 mortuorum,
1321 1583 1390 1644 ad
1422 1583 1630 1640 debitos
1669 1580 1802 1640 ﬁnies

233 1693 390 1747 amba:
417 1687 760 1760 pervenerint
785 1685 1049 1748 civitates,
1081 1695 1306 1752 quarum
1333 1693 1436 1738 una
1479 1685 1562 1734 est
1591 1675 1704 1739 Dei,
1733 1673 1804 1746 al-

227 1793 326 1838 tera
347 1781 572 1846 diaboli,
595 1775 891 1850 cuiusmodi
919 1773 1238 1848 supplicium
1257 1771 1327 1848 sit
1343 1769 1577 1840 futurum
1604 1765 1803 1842 diaboli

225 1883 276 1930 et
296 1873 532 1929 omnium
574 1871 640 1926 ad
671 1885 792 1924 eum
820 1863 1220 1942 pertinentium,
1248 1861 1301 1918 in
1330 1861 1428 1915 hoc
1463 1860 1600 1916 libro
1627 1858 1803 1928 nobis,

225 1973 471 2038 quantum
502 1979 602 2036 ope
633 1961 812 2018 divina
841 1957 1156 2034 valebimus,
1192 1953 1500 2026 diligentius
1521 1951 1804 2022 disputan-

227 2059 342 2113 dum
371 2065 472 2112 cst.
501 2054 624 2110 Ideo
651 2065 828 2108 autem
863 2051 1002 2104 hunc
1033 2059 1212 2102 tenere
1249 2043 1490 2100 ordinem
1524 2041 1810 2122 malui,lu_t

227 2161 400 2222 postea
446 2149 707 2204 disseram
757 2145 825 2202 de
873 2143 1126 2200 felicitate
1163 2149 1508 2214 sanctorum,
1557 2135 1809 2212 quoniam

229 2255 507 2314 utrumque
533 2257 652 2298 cum
676 2237 990 2310 corporibus
1015 2235 1152 2302 erit;
1181 2241 1234 2290 et
1263 2229 1628 2300 incredibilius
1657 2229 1809 2304 vide-

231 2349 311 2392 tur
333 2351 453 2392 esse
487 2335 539 2389 in
571 2331 784 2388 aeternis
810 2344 1035 2404 corpora
1066 2327 1260 2382 durare
1283 2321 1624 2396 cruciatibus,
1652 2335 1812 2398 quam

229 2431 340 2486 sine
370 2429 556 2486 dolore
582 2427 689 2484 ullo
721 2427 772 2482 in
801 2435 1000 2480 mterna
1025 2419 1352 2477 beatitudine
1377 2430 1709 2490 permanere.
1738 2415 1814 2488 Ac

229 2538 322 2593 per
347 2521 452 2576 hoc
495 2535 615 2574 cum
641 2517 784 2572 illam
813 2529 1027 2588 poenam
1060 2528 1164 2567 non
1211 2509 1406 2565 debere
1430 2523 1548 2564 esse
1581 2503 1815 2560 incredi-

227 2615 388 2672 bilem
432 2613 870 2669 demonstravero
900 2651 916 2676 ,
970 2603 1244 2678 adiuvabit
1295 2620 1381 2660 me
1415 2602 1722 2674 plurimum,
1758 2607 1817 2672 ut

230 2710 396 2764 multo
423 2707 632 2762 facilius
651 2705 796 2762 omni
818 2717 1007 2758 carens
1031 2699 1272 2756 molestia
1304 2697 1674 2772 immortalitas
1699 2710 1818 2750 cor-

231 2816 420 2872 porum
449 2799 502 2855 in
533 2798 729 2854 sanctis
753 2795 931 2852 futura
957 2793 1224 2852 credatur.
1267 2791 1375 2846 Nec
1401 2805 1428 2844 a
1454 2789 1648 2852 divinis
1686 2788 1819 2860 ordo

233 2893 335 2948 iste
357 2892 614 2960 abhorret
637 2889 882 2962 eloquiis,
907 2883 1291 2960 nbialiquando
1317 2883 1528 2956 quidem
1559 2881 1818 2956 bonorum

233 2983 506 3040 beatitudo
541 2983 684 3054 prius
713 2979 949 3052 ponitur,
980 2988 1038 3034 ut
1067 2987 1149 3034 est
1199 2975 1348 3042 illud,
1398 2975 1495 3040 Qui
1537 2971 1666 3030 bona
1697 2975 1822 3044 [ece-

229 3084 368 3142 runt,
393 3075 446 3128 in
485 3073 896 3134 resurrectionem
925 3071 1036 3124 vita:
1057 3086 1076 3134 ;
1097 3069 1182 3142 qui
1210 3077 1376 3122 autem
1405 3065 1540 3120 mala
1571 3071 1774 3138 egerunt
1799 3101 1820 3132 ,

229 3171 284 3225 in
313 3168 726 3224 resurrectionem
755 3165 939 3240 judicii
965 3163 1142 3232 (Joau.
1177 3178 1231 3232 v,
1257 3161 1347 3230 ‘29)
1377 3159 1510 3216 :sed
1537 3157 1822 3230 aliquando

229 3273 282 3318 et
311 3259 600 3334 posterius,
620 3269 678 3314 ut
703 3269 801 3326 est,
828 3257 995 3328 Mittet
1017 3253 1182 3310 Filius
1201 3251 1416 3308 hominis
1444 3251 1660 3326 Angelos
1683 3265 1820 3320 suos,

231 3370 278 3413 et
307 3357 548 3427 colligent
570 3357 632 3409 de
653 3369 809 3425 regno
837 3353 944 3422 ejus
966 3349 1134 3404 omnia
1162 3347 1422 3418 scandala,
1453 3353 1499 3400 et
1547 3344 1742 3410 mittent
1771 3341 1825 3408 in

231 3451 491 3504 caminum
515 3447 644 3520 ignis
665 3443 886 3499 ardentis
910 3443 950 3510 ί,
983 3443 1088 3496 illic
1131 3439 1226 3496 erit
1251 3440 1400 3510 ﬂetus
1421 3447 1466 3492 et
1493 3433 1679 3492 stridor
1700 3431 1824 3494 den-

232 3545 402 3606 tium;
430 3551 550 3595 tunc
565 3539 694 3612 justi
728 3535 994 3612 fulgebunt
1024 3535 1149 3590 sicut
1181 3533 1259 3608 sol
1280 3532 1331 3586 in
1371 3546 1523 3602 regno
1557 3525 1728 3596 Patris
1747 3527 1826 3592 sui

233 3635 452 3708 (animi.
477 3615 592 3696 xut,
631 3629 852 3708 tt-ts);
885 3638 940 3684 ει
989 3627 1136 3702 illud,
1172 3623 1260 3682 Sic
1290 3625 1430 3680 ibunt
1453 3621 1534 3676 an
1560 3621 1580 3652 ’
1605 3620 1660 3676 in
1698 3636 1826 3690 sup-

233 3729 448 3800 plicium
473 3736 716 3780 (sternunt
729 3740 749 3788 ;
783 3719 913 3794 justi
939 3731 1104 3776 autem
1129 3759 1144 3788 ,
1167 3719 1220 3774 in
1246 3717 1398 3772 vitam
1419 3725 1662 3770 (sternam
1692 3709 1712 3784 (
1737 3709 1824 3778 Id.

231 3836 362 3886 xxv,
392 3815 510 3882 46).
537 3815 608 3872 Et
636 3815 688 3872 in
732 3811 1034 3878 Prophetis,
1063 3807 1204 3884 quod
1235 3818 1660 3863 commemorare
1705 3801 1828 3866 ioue

229 3931 358 3988 gum
391 3923 494 3978 est,
528 3923 672 3970 nunc
696 3907 812 3980 ille,
847 3923 994 3964 nunc
1031 3907 1130 3962 iste
1159 3903 1311 3970 ordo,
1329 3902 1376 3958 si
1405 3902 1524 3972 quis
1551 3899 1826 3970 inspiciat,

231 4011 527 4066 invenitur.
558 4005 664 4082 Sed
692 4019 790 4080 ego
821 4005 981 4076 istum
1019 4015 1124 4074 qua
1175 4011 1336 4062 causa
1365 3993 1618 4066 elegerim
1649 4033 1665 4062 ,
1695 3989 1828 4048 dixi.

230 4122 464 4182 CAPUT
491 4119 558 4178 11.
587 4148 662 4162 ——
685 4117 766 4178 An
790 4116 981 4188 possint
1023 4127 1240 4183 corpora
1263 4111 1318 4166 in
1357 4107 1556 4168 ustione
1575 4105 1710 4178 ignis
1727 4118 1834 4160 esse

910 4213 1168 4278 Perpetua.

309 4329 450 4399 Quid
477 4327 640 4398 igitur
653 4321 952 4386 ostendam,
978 4295 1122 4374 unde
1147 4314 1535 4372 convincantur
1551 4306 1834 4376 increduli,

237 4441 404 4496 posse
433 4423 668 4477 humana
699 4431 922 4488 corpora
964 4413 1198 4468 animata
1223 4417 1384 4480 atque
1412 4403 1648 4460 viventia
1677 4441 1693 4466 ,
1723 4413 1836 4454 non

233 4519 418 4574 solum
445 4526 720 4582 nunquam
773 4517 946 4564 morte
991 4503 1258 4570 dissolvi,
1289 4499 1382 4556 sed
1421 4499 1474 4554 in
1513 4505 1838 4582 aeternorum

234 4625 458 4682 quoque
479 4605 682 4678 ignium
707 4601 899 4658 durare
919 4593 1234 4654 tormentis?
1259 4592 1458 4648 Nolunt
1481 4589 1622 4646 enim
1645 4586 1746 4682 hoc
1771 4581 1840 4640 ad

235 4677 648 4773 drnnipotentis
702 4709 802 4752 nos
851 4693 1053 4750 referre
1108 4688 1404 4760 potentiam
1430 4725 1444 4748 ,
1499 4679 1594 4737 sed
1661 4677 1844 4748 aliquo

1905 1293 2045 1350 tibus
2067 1305 2377 1367 vegetamur
2403 1299 2525 1366 illis,
2555 1315 2660 1356 non
2679 1301 2982 1360 cruciantur
3001 1305 3280 1363 elementis
3303 1325 3317 1374 ;
3340 1311 3494 1380 quasi

1908 1400 2016 1440 non
2047 1387 2412 1446 incredibilius
2437 1392 2507 1446 sit
2549 1393 2826 1463 vegetari',
2853 1409 3010 1465 quam
3039 1400 3266 1455 cruciari
3297 1401 3491 1459 talibus

1907 1479 2084 1536 rebus.
2118 1481 2356 1539 Mirabile
2381 1493 2464 1540 est
2487 1483 2662 1553 enim,
2691 1485 2876 1544 dolere
2906 1489 2958 1544 in
2979 1489 3206 1560 ignibus,
3238 1503 3290 1548 et
3317 1501 3496 1552 tamen

1907 1571 2088 1628 vivere
2122 1591 2136 1628 :
2163 1575 2258 1630 sed
2283 1576 2600 1644 mirabilius,
2621 1579 2806 1634 vivere
2835 1580 2887 1634 in
2913 1581 3144 1651 ignibus,
3170 1599 3268 1640 nec
3289 1583 3496 1642 dolere.

1911 1664 1968 1720 Si
1997 1673 2174 1722 autem
2205 1667 2308 1724 hoc
2335 1669 2588 1737 creditur,
2613 1686 2708 1726 cur
2733 1687 2840 1728 non
2863 1681 2916 1728 et
2944 1673 3119 1730 illud?

1911 1780 2136 1840 CAPUT
2163 1783 2252 1842 ΙΙΙ.
2273 1815 2346 1826 -
2369 1785 2448 1842 An
2491 1803 2795 1860 consequens
2838 1789 2903 1844 sit
2951 1801 3004 1844 ut
3030 1807 3330 1868 corporeum
3355 1791 3500 1868 delo-

2279 1897 2384 1954 rem
2414 1892 2650 1952 sequatur
2677 1883 2845 1939 carnis
2875 1885 3122 1939 interitus.

1988 1992 2038 2046 l.
2071 1993 2176 2064 sed
2228 1995 2430 2056 nullum
2481 1999 2874 2080 cst,inquiqm,
2925 2014 3120 2072 corpus
3141 2000 3284 2072 quod
3313 1999 3502 2072 dolere

1913 2085 2114 2155 possit,
2147 2101 2246 2142 nec
2268 2089 2434 2158 possit
2457 2089 2612 2162 mori.
2640 2091 2702 2164 Et
2728 2091 2829 2164 line
2850 2091 2989 2160 unde
3013 2094 3254 2168 scimus?
3279 2093 3412 2154 Nam
3433 2093 3502 2162 de

1916 2178 2232 2248 corporibus
2263 2181 2382 2252 quis
2405 2191 2585 2258 certus
2618 2192 2703 2258 est
2739 2183 3040 2260 circumitum
3063 2225 3080 2252 ,
3109 2194 3286 2256 utrum
3333 2187 3388 2248 in
3415 2185 3496 2250 eis

1917 2271 2152 2344 doleant,
2184 2275 2394 2348 quando
2422 2292 2482 2352 se
2513 2277 2676 2352 afﬂigi
2725 2280 2932 2348 magnis
2957 2282 3286 2348 cruciatibus
3325 2279 3500 2344 conii-

1920 2372 2098 2434 tentur
2121 2369 2138 2434 (
2165 2385 2193 2418 α
2215 2365 2277 2438 )‘3
2309 2367 2462 2436 Quod
2501 2370 2543 2428 si
2573 2371 2930 2442 respondetur
2951 2413 2966 2438 ,
2997 2381 3270 2436 terrenum
3303 2387 3502 2442 corpus

1919 2455 2148 2512 solidum
2181 2457 2561 2534 scilicetatque
2581 2465 2926 2540 conspicuum
2958 2464 3157 2528 nullum
3186 2479 3324 2532 esse,
3344 2475 3506 2536 atque

1921 2555 1980 2602 ut
2011 2564 2115 2604 uno
2159 2551 2334 2620 potius
2360 2553 2574 2618 nomine
2600 2553 2653 2620 id
2679 2555 2942 2628 explicem
2965 2597 2982 2622 ,
3009 2557 3208 2626 nullam
3237 2571 3358 2614 esse
3379 2572 3503 2614 car-

1924 2655 2044 2696 nem
2072 2657 2190 2714 qum
2220 2642 2400 2698 dolere
2429 2646 2632 2718 possit,
2666 2649 2908 2722 morique
2961 2663 3064 2722 non
3123 2649 3292 2720 possit
3335 2666 3348 2702 :
3379 2649 3508 2720 quid

1923 2730 2066 2787 aliud
2092 2731 2307 2802 dicitur,
2331 2735 2436 2806 nisi
2457 2736 2598 2808 quod
2619 2752 2782 2796 sensu
2803 2739 3043 2814 corporis
3064 2737 3310 2800 homines
3329 2748 3384 2794 et
3410 2755 3513 2802 es—

1923 2825 2182 2898 perientia
2221 2827 2602 2902 collegerunt?
2629 2829 2842 2890 Nullam
2875 2847 3104 2906 namque
3141 2847 3358 2888 carnent
3407 2833 3512 2898 nisi

1925 2921 2212 2974 mortalem
2241 2919 2456 2976 sciunt:
2490 2932 2542 2990 et
2575 2921 2692 2996 haec
2739 2931 2822 2988 est
2869 2939 3054 2998 eorum
3103 2933 3212 2980 tota
3265 2925 3424 2994 ratio,
3457 2933 3514 2988 ut

1925 3009 2066 3080 quod
2089 3011 2294 3084 experti
2323 3027 2429 3066 non
2453 3019 2580 3084 sunt
2602 3053 2616 3080 ,
2645 3027 2979 3084 nequaquam
3021 3027 3138 3084 esse
3189 3028 3344 3084 posse
3369 3013 3512 3078 arbi-

1929 3112 2152 3160 trentur.
2185 3103 2316 3160 Nam
2340 3105 2492 3176 cujus
2513 3104 2732 3164 rationis
2753 3115 2836 3170 est
2861 3105 3098 3166 dolorem
3123 3104 3302 3166 facere
3323 3107 3513 3174 mortis

1927 3207 2316 3274 argumentum,
2338 3215 2460 3256 cum
2487 3199 2608 3258 vitae
2639 3201 2816 3276 potius
2833 3200 3211 3268 sitindicium?
3237 3201 3351 3258 Etsi
3367 3201 3512 3264 enim

1933 3295 2222 3364 quaerimus
2247 3335 2260 3356 ,
2297 3303 2470 3348 utrum
2501 3309 2714 3364 semper
2759 3294 2924 3364 possit
2957 3295 3132 3360 vivere
3157 3312 3170 3348 :
3199 3304 3403 3356 certqu
3433 3303 3514 3346 ta-

1929 3401 2050 3440 men
2079 3395 2162 3440 est
2183 3385 2359 3440 vivere
2382 3401 2538 3440 (nunc
2568 3383 2712 3458 quod
2738 3384 2900 3450 dolet,
2933 3383 3277 3456 doloremque
3297 3399 3512 3448 munem

1929 3479 2030 3548 nisi
2061 3479 2110 3532 in
2145 3496 2200 3546 re
2237 3479 2446 3548 vivente
2467 3494 2588 3536 esse
2613 3493 2718 3552 non
2746 3493 2923 3550 posse.
2953 3477 3184 3534 Necesse
3203 3485 3286 3534 est
3312 3493 3438 3548 ergo
3457 3487 3518 3546 ut

1929 3573 2078 3626 vivat
2106 3571 2315 3656 dolens,
2349 3588 2453 3628 non
2484 3581 2566 3628 est
2597 3585 2816 3630 necesse
2842 3578 2898 3644 ut
2939 3569 3148 3634 occidat
3174 3569 3328 3624 dolor
3354 3588 3366 3624 :
3390 3570 3515 3640 quia

1933 3681 2030 3720 nec
2049 3679 2276 3734 corpora
2298 3665 2404 3730 ista
2433 3665 2684 3722 mortalia
2708 3703 2722 3730 ,
2749 3673 2807 3720 et
2831 3663 3012 3733 utique
3033 3663 3314 3728 moritura,
3339 3663 3516 3718 omnis

1931 3755 2086 3812 dolor
2111 3753 2342 3821 occidit;
2372 3763 2427 3810 et
2455 3763 2512 3820 ut
2535 3756 2690 3818 dolor
2716 3757 2905 3824 aliquis
2933 3756 3390 3826 possitoccidere,
3421 3755 3514 3814 illa

1932 3860 2094 3916 causa
2118 3855 2218 3912 est,
2239 3846 2492 3918 quoniam
2511 3848 2590 3906 sic
2613 3857 2694 3920 est
2713 3847 2890 3914 anima
2907 3861 3148 3910 connexa
3175 3847 3300 3908 huic
3319 3861 3518 3918 corpo-

1933 3945 2002 4012 ri,
2033 3953 2092 4002 ut
2119 3942 2342 4000 summis
2370 3941 2645 3998 doloribus
2687 3942 2863 4010 cedat,
2895 3951 3054 4012 atque
3079 3941 3358 3998 discedat:
3385 3957 3520 4010 quo-

1937 4040 2078 4096 niam
2100 4047 2154 4094 et
2177 4038 2288 4108 ipsa
2315 4051 2576 4108 compago
2600 4035 2962 4092 membrorum
2983 4044 3142 4106 atque
3166 4035 3403 4094 vitalium
3443 4033 3522 4090 sic

1936 4132 2146 4188 inﬁrma
2177 4139 2260 4188 est
2283 4171 2298 4198 ,
2347 4139 2402 4186 ut
2427 4145 2545 4186 eam
2571 4131 2678 4188 vim
2709 4146 2826 4202 qua:
2855 4145 3104 4200 magnum
3133 4129 3230 4186 vel.
3253 4143 3524 4186 summum

1937 4226 2180 4282 dolorem
2210 4221 2357 4292 facit,
2387 4239 2494 4280 non
2521 4223 2698 4280 valeat
2719 4223 3008 4280 sustinere.
3036 4221 3190 4278 Tunc
3213 4231 3392 4280 autem
3435 4220 3526 4278 tali

1939 4318 2152 4390 corpori
2181 4319 2358 4374 anima
2386 4325 2530 4372 eteo
2581 4317 2916 4384 connectitur
2940 4314 3120 4380 modo,
3144 4321 3204 4370 ut
3247 4311 3374 4370 illud
3405 4315 3526 4370 vin-

1941 4413 2120 4469 culum
2166 4413 2303 4468 sicut
2328 4412 2470 4468 nulla
2497 4411 2756 4481 temporis
2803 4409 3131 4480 longitudine
3159 4407 3400 4472 solvitur,
3455 4407 3528 4460 ita

1941 4506 2090 4562 nullo
2139 4505 2330 4561 dolore
2370 4511 2669 4574 rumpatur.
2703 4503 2934 4560 Proinde
2979 4502 3188 4559 etiamsi
3233 4515 3360 4556 caro
3387 4511 3529 4556 nunc

1943 4599 2068 4654 talis
2111 4597 2256 4652 nulla
2285 4605 2390 4664 est,
2425 4611 2546 4666 qua:
2588 4609 2804 4652 sensum
2847 4594 3048 4652 doloris
3088 4593 3294 4666 perpeti
3325 4588 3528 4662 possit,

1944 4702 2280 4764 mortemque
2305 4707 2412 4748 non
2443 4690 2604 4760 possit
2636 4705 2650 4742 :
2693 4687 2793 4744 erit
2825 4695 3002 4748 tamen
3041 4693 3170 4740 tunc
3198 4685 3320 4738 talts
3354 4693 3484 4736 caro
3510 4719 3530 4748 ,

235 4772 508 4864 exemplo
537 4803 700 4862 persp
775 4815 780 4826 ι
809 4786 848 4839 si
873 4783 976 4839 sibi
1003 4781 1261 4852 flagitant.
1291 4775 1496 4844 Quibus
1529 4772 1579 4826 si
1617 4781 1825 4864 respon-

1947 4787 2119 4858 qualis
2148 4801 2288 4840 nunc
2315 4799 2420 4840 non
2449 4795 2530 4844 est
2555 4799 2570 4846 ;
2603 4783 2742 4840 sicut
2769 4779 2888 4842 talis
2915 4779 3020 4834 erit
3049 4787 3104 4836 et
3141 4791 3290 4832 mors
3313 4817 3330 4842 ,
3360 4773 3565 4850 qualis_

1951 4896 2092 4936 tumo
2114 4894 2217 4932 nou
2247 4887 2347 4932 est.
2379 4875 2494 4932 Non
2523 4876 2666 4932 enim
2695 4873 2838 4930 nulla
2861 4913 2876 4938 ,
2909 4870 3004 4928 sed
3033 4869 3356 4938 sempiterna
3385 4857 3560 4938 mors

235 4857 684 4952 debito-umens
725 4878 976 4934 animalia
1008 4871 1249 4944 profecto
1275 4861 1669 4936 corruptibilia,
1713 4857 1844 4929 quia

235 4931 290 4945 ...
319 4931 536 4952 ........-,
564 4931 681 4938 --η
1011 4931 1022 4944 .
1441 4931 1453 4936 -
2438 4931 2445 4932 ,
2533 4931 2539 4932 ,
2659 4931 2664 4932 γ
2863 4931 2874 4938 ,
3154 4931 3166 4938 ,

235 4980 522 5043 mortalia.
554 4989 674 5048 qua:
701 4981 878 5028 tamen
907 4969 960 5024 ίη
985 4964 1178 5028 mediis
1207 4960 1419 5033 isnibus
1451 4955 1683 5055 νίνθηξξ
1707 4963 1846 5004 “on”
1949 4991 1982 5032 e
2004 4977 2076 5034 it,
2103 4971 2315 5044 quando
2346 4987 2446 5027 nec
2473 4972 2651 5025 vivere
2673 4969 2845 5022 anima
2886 4965 3082 5036 poterit
3103 4963 3268 5016 Deum
3311 4974 3416 5014 non
3441 4931 3564 5052 ita-ﬁI

235 5075 458 5130 “unum
485 5069 650 5126 θίί³¹¹¹
677 5079 848 5137 genus
891 5059 1153 5116 vermium
1179 5057 1232 5111 ί¹¹
1263 5063 1522 5123 aquarum
1549 5042 1848 5146 calidarum
1953 5068 2148 5134 bendo,
2167 5085 2264 5123 nec
2277 5065 2551 5122 doloribus
2574 5061 2815 5136 corporis
2839 5031 3020 5124 carere
3041 5052 3337 5120 moriendo.
3358 5031 3556 5110 Primag

237 5163 582 5236 scaturigine
611 5157 854 5230 reperiri,
883 5169 1106 5226 Quarum
1151 5149 1420 5204 fervorem
1447 5153 1604 5236 nemo
1629 5137 1850 5236 impune
1957 5180 2100 5224 mors
2149 5163 2384 5218 animam
2429 5131 2700 5215 ηοιθηίηιῇ
2747 5153 2898 5224 pem,
2939 5167 2969 5206 θ
3021 5161 3268 5217 corpore.
3296 5131 3561 5230 secunda;
3615 5182 3621 5188 ,

237 5265 590 5322 contrectat;
637 5253 760 5309 ί¹¹⁰⁸
785 5257 968 5306 autem
995 5259 1101 5300 “0"
1147 5241 1322 5308 “im”
1371 5237 1488 5292 “me
1514 5231 1618 5287 “ua
1646 5225 1848 5322 Mla"
1955 5271 2102 5314 mors
2127 5255 2359 5312 animam
2405 5251 2675 5308 nolentem
2718 5253 2864 5302 tenet
2909 5241 2962 5298 in
3001 5237 3350 5311 corpore:ab
3395 5245 3539 5294 utra-

237 5353 410 5408 sione
441 5348 516 5403 ibi
539 5361 660 5402 esse
678 5386 694 5412 ,
722 5341 817 5398 sed
859 5349 1008 5394 extra
1035 5349 1156 5391 esse
1186 5346 1292 5386 non
1319 5341 1477 5398 posse
1503 5342 1516 5379 :
1544 5330 1635 5376 aut
1664 5317 1854 5373 nolunt

235 5446 503 5510 credere,
537 5441 580 5496 si
603 5437 886 5493 ostendere
907 5447 1014 5487 non
1043 5429 1314 5490 valemus;
1346 5429 1437 5476 aut
1457 5421 1501 5474 si
1525 5414 1849 5474 valuerimus

235 5544 372 5598 sive
388 5537 562 5594 oculis
587 5533 958 5590 demonstrare
984 5541 1073 5582 res
1098 5524 1260 5592 ipsas,
1289 5517 1402 5574 sive
1430 5529 1524 5586 per
1543 5519 1709 5568 testes
1729 5505 1850 5580 ido:

234 5651 392 5692 neos
419 5633 672 5696 edocere,
701 5643 806 5683 non
833 5625 962 5682 satis
985 5621 1090 5677 hoc
1115 5632 1235 5674 esse
1257 5614 1324 5670 ad
1340 5607 1644 5680 exemplum
1664 5602 1765 5668 rei,
1785 5599 1856 5696 de

237 5747 364 5806 qua
395 5728 626 5801 quaestio
653 5692 757 5790 est,
787 5719 974 5778 eadem
1008 5712 1318 5772 inﬁdelitate
1338 5701 1708 5776 contendent:
1733 5692 1858 5767 quia

315 5840 798 5903 immutatam

315 5911 350 5944 ι
371 5887 823 5962 ῖῖὺῐῖῐεὰίιί.
845 5895 920 5949 sic
941 5893 1078 5948 ibunt
1093 5887 1280 5954 θήκας.

2021 5419 2094 5482 (τι)
2127 5417 2433 5482 succenset
2477 5421 2540 5460 ει
2587 5393 3418 5482 Hiessent?2.1.9911t'tf'ﬂgiliﬂfitt'3‘
3439 5397 3548 5482 καθ’

1959 5484 2010 5533 in
2468 5453 2574 5544 {cx
2587 5453 2802 5544 “manui:
2823 5453 3189 5544 (:ltrysosttlmp;
3199 5455 3416 5544 Illorgili‘a‘
3527 5489 3543 5516 ,

1961 5518 2018 5596 ξίῑι
2035 5518 2275 5606 intra;
2301 5518 2664 5606 λξίίξεῑιέιευεῃ
2679 5543 2709 5606 ἱ
2738 5518 3024 5606 suetas..."
3049 5519 3263 5606 Erat-1‘3
3271 5518 3548 5606 3:312.”

1961 5585 2390 5664 EiiiiiﬁE'Eiiisiota
2411 5595 2492 5659 76,
2506 5595 2576 5664 ad
2607 5585 3548 5664 maganAttonsae"39939939310.

2147 5639 2390 5715 itié'iéiiiﬁ
2405 5639 2646 5708 iébiité;
2655 5639 2952 5722 Egnatius,
2976 5645 3330 5722 Institutionem
3353 5639 3476 5718 libro
3499 5641 3548 5722 ᾖ

1963 5703 2918 5795 capi.ta-a-nimis—smpeulnlatibus
2939 5703 3102 5795 'editis
3125 5709 3378 5795 verberari
3402 5719 3480 5795 Si:
3500 5703 3554 5795 εξ

1971 5767 2214 5854 Hicine,
2237 5767 2833 5853 ἑιᾜέιὶῖἷῶὶιῖιὲοιιτο
2873 5767 3500 5884 μωωωὲξεὲισεέρε).
3519 5777 3546 5812 ι
