4062 6478
553 417 650 473 7H

555 548 660 601 que
691 531 708 562 ⁸
737 538 909 583 morte
941 523 1295 581 communiter
1344 520 1397 576 id
1449 518 1698 584 habetur,
1753 526 1811 570 ut
1849 513 1992 586 quod
2021 527 2127 567 non

555 625 665 676 vult
691 624 886 685 anima,
910 620 976 673 de
1003 633 1101 672 suo
1131 630 1356 686 corpore
1386 615 1632 684 patiatur.

623 714 680 767 2.
703 710 998 766 Attendunt
1023 719 1200 764 autem
1230 707 1316 762 isti
1339 706 1758 762 contradictores
1783 702 1982 758 nullam
2009 712 2131 756 esse

555 820 696 860 nunc
723 818 959 868 carnem,
990 817 1107 870 qua:
1135 799 1378 854 dolorem
1416 799 1524 868 pati
1574 797 1771 868 possit,
1795 803 2130 862 mortemque

557 912 660 949 non
685 896 855 965 possit
878 910 893 957 ;
922 903 977 948 et
1003 907 1109 946 non
1133 890 1418 946 attendunt
1436 903 1559 945 esse
1587 899 1763 942 tamen
1793 884 1991 956 aliquid
2022 883 2130 938 tale

551 988 690 1057 quod
734 1002 960 1056 corpore
987 985 1157 1055 majus
1191 984 1279 1038 sit.
1329 983 1448 1052 Ipse
1477 982 1673 1052 quippe
1699 981 1909 1034 animus
1936 1019 1952 1043 ,
1978 975 2130 1045 cujus

554 1080 838 1147 praesentia
882 1092 1074 1146 corpus
1111 1077 1242 1129 vivit
1287 1082 1344 1130 et
1378 1075 1600 1143 regitur,
1627 1080 1683 1127 et
1729 1071 1970 1125 dolorem
2020 1066 2128 1138 pati

553 1180 746 1238 potest,
785 1179 841 1225 et
884 1171 1022 1225 mori
1073 1185 1178 1224 non
1211 1177 1406 1240 potest.
1439 1167 1580 1222 Ecce
1615 1167 1828 1220 inventa
1870 1179 1958 1219 res
1999 1171 2084 1217 est
2109 1200 2127 1228 ,

551 1276 669 1332 quae
695 1276 816 1315 cum
839 1275 1056 1315 sensum
1084 1260 1285 1314 doloris
1305 1259 1518 1324 habeat,
1542 1258 1857 1312 immortalis
1880 1265 1984 1310 est.
2017 1253 2130 1308 Hoc

551 1353 711 1422 igiutr
756 1357 860 1408 erit
895 1364 1020 1408 tunc
1070 1354 1230 1408 etiam
1275 1354 1326 1407 in
1370 1352 1683 1421 corporibus
1718 1349 2126 1414 damnatorum,

555 1445 700 1515 quod
729 1460 871 1500 nunc
897 1460 1016 1500 esse
1038 1446 1236 1500 scimus
1264 1445 1317 1499 in
1345 1445 1539 1498 animis
1563 1443 1825 1498 omnium.
1865 1440 1920 1497 Si
1950 1451 2126 1495 autem

551 1537 956 1592 consideremus
979 1537 1304 1608 diligentius,
1325 1535 1480 1592 dolor
1515 1537 1604 1606 qui
1628 1536 1826 1591 dicitur
1843 1535 2085 1604 corporis
2108 1573 2126 1599 ,

551 1630 720 1700 magis
747 1629 815 1683 ad
840 1631 1070 1684 animam
1111 1631 1361 1700 pertinet.
1394 1631 1601 1684 Anima:
1639 1629 1782 1684 enim
1803 1638 1886 1682 est
1909 1628 2123 1694 dolere,

550 1735 657 1775 non
679 1724 940 1794 corporis,
973 1723 1133 1776 etiam
1163 1721 1376 1792 quando
1398 1721 1448 1776 ei
1471 1721 1683 1777 dolendi
1709 1736 1869 1776 causa
1897 1720 2076 1775 existit
2096 1734 2129 1774 a

549 1826 799 1884 corpore,
830 1830 951 1870 cum
984 1815 1035 1870 in
1067 1830 1134 1870 eo
1164 1815 1281 1870 loco
1306 1815 1471 1878 dolet,
1508 1815 1596 1870 ubi
1647 1815 1858 1868 lmditur
1905 1828 2125 1881 corpus.

547 1905 696 1962 Sicut
751 1924 877 1978 ergo
917 1907 1147 1964 dicimus
1191 1922 1416 1977 corpora
1467 1905 1775 1974 sentientia,
1821 1915 1876 1961 et
1903 1918 2128 1974 corpora

546 2000 775 2056 viventia
797 2044 814 2068 ,
843 2015 965 2056 cum
1010 2001 1079 2056 ab
1117 2001 1292 2056 anima
1319 2003 1389 2056 sit
1412 2001 1623 2075 corpori
1648 2001 1670 2032 ¹
1701 2014 1891 2054 sensus
1911 2008 1965 2054 et
1981 1999 2085 2053 vita
2109 2014 2125 2066 ;

546 2092 620 2147 ita
649 2102 704 2148 et
747 2108 972 2163 corpora
1017 2093 1246 2148 dicimus
1273 2094 1504 2148 dolentia
1530 2134 1547 2160 ,
1579 2108 1698 2148 cum
1737 2092 1889 2148 dolor
1915 2091 2127 2160 corpori

545 2184 646 2239 nisi
676 2185 743 2240 ab
770 2184 944 2239 anima
972 2200 1092 2240 esse
1138 2200 1246 2240 non
1303 2184 1491 2255 possit.
1540 2184 1694 2239 Dolet
1744 2184 1922 2254 itaque
1949 2183 2128 2238 anima

544 2289 666 2329 cum
695 2290 923 2346 corpore
945 2277 996 2330 in
1019 2290 1085 2332 eo
1110 2275 1229 2331 loco
1254 2275 1393 2347 ejus,
1420 2275 1512 2330 ubi
1543 2273 1745 2346 aliquid
1773 2275 2031 2345 contingit
2069 2281 2128 2330 ut

544 2364 746 2420 doleat.
780 2366 932 2421 Dolet
956 2375 1011 2421 et
1055 2367 1200 2432 sola,
1241 2366 1486 2437 quamvis
1511 2366 1583 2422 sit
1603 2366 1658 2421 in
1686 2383 1913 2438 corpore
1938 2409 1952 2432 ,
2001 2381 2126 2422 cum

544 2456 722 2526 aliqua
752 2472 911 2513 causa
942 2459 1102 2513 etiam
1149 2459 1401 2514 invisibili
1437 2461 1608 2516 tristis
1635 2469 1719 2515 est
1745 2463 1856 2530 ipsa
1899 2476 2125 2531 corpore

542 2549 981 2605 ineolumi.Dolet
1000 2552 1160 2606 etiam
1191 2568 1295 2606 non
1314 2553 1366 2606 in
1394 2568 1621 2623 corpore
1643 2554 1930 2608 constituta
1960 2572 1972 2606 :
2001 2569 2124 2608 nam

541 2642 725 2710 utique
750 2641 965 2697 dolebat
982 2643 1132 2697 dives
1150 2643 1238 2697 ille
1263 2643 1401 2714 apud
1424 2645 1642 2710 inferos,
1661 2645 1874 2714 quando
1889 2644 2121 2712 dicebat,

542 2730 750 2786 Crucior
767 2733 818 2786 in
834 2733 929 2786 hac
944 2735 1151 2802 ﬂamma
1169 2733 1320 2804 (Luc.
1341 2751 1452 2801 xu,
1468 2735 1585 2808 24).
1603 2737 1809 2807 Corpus
1830 2745 2007 2792 autem
2025 2751 2124 2792 uec

542 2824 785 2879 exanime
803 2824 964 2888 dolet,
989 2841 1087 2882 nec
1102 2828 1390 2882 animatum
1409 2829 1523 2884 sine
1548 2832 1722 2884 anima
1749 2830 1978 2886 dolet.Si
1995 2845 2124 2902 ergo

538 2930 571 2971 a
599 2915 785 2973 dolore
809 2930 1178 2989 argumentum
1200 2929 1346 2976 recte
1370 2931 1672 2977 sumeretur
1689 2922 1756 2977 ad
1779 2932 2003 2978 mortem
2023 2963 2040 2990 ,
2063 2931 2124 2978 ut

539 3005 662 3062 ideo
690 3023 834 3064 mors
864 3009 1030 3079 possit
1053 3010 1318 3078 accidere,
1344 3013 1462 3082 quia
1489 3014 1658 3083 potuit
1678 3012 1922 3069 accidere
1947 3021 2002 3069 et
2025 3013 2126 3069 do-

538 3102 641 3169 lor,
675 3105 841 3175 magis
865 3103 931 3158 ad
957 3105 1192 3161 animam
1217 3108 1506 3176 pertineret
1543 3107 1699 3173 mori,
1722 3108 1787 3162 ad
1818 3124 1976 3178 quam
2008 3123 2121 3162 ma-

537 3196 617 3265 gis
645 3198 873 3266 pertinet
911 3207 966 3253 et
1006 3199 1208 3256 dolere.
1237 3202 1370 3257 Cum
1402 3217 1533 3257 vero
1571 3203 1658 3256 illa
1687 3219 1804 3273 qua:
1831 3202 1998 3272 magis
2025 3201 2120 3256 do-

537 3286 647 3342 lere
670 3298 863 3358 potest,
897 3306 1002 3346 non
1032 3293 1199 3362 possit
1228 3295 1385 3359 mori,
1408 3295 1535 3365 quid
1564 3297 1818 3350 momenti
1841 3296 1995 3350 affert
2024 3311 2120 3350 cur

538 3378 628 3434 illa
665 3396 914 3452 corpora,
959 3388 1210 3454 quoniam
1238 3386 1412 3440 futura
1444 3397 1568 3441 sunt
1596 3387 1648 3441 in
1675 3388 1970 3454 doloribus,
1995 3386 2118 3443 ideo

534 3472 695 3527 etiam
739 3477 998 3530 moritura
1045 3491 1164 3531 esse
1207 3477 1529 3532 credamus?
1554 3478 1813 3534 Dixerunt
1854 3479 2067 3550 quidem
2094 3476 2118 3511 ⁸

535 3563 836 3631 Platonici,
906 3583 971 3622 ex
1018 3569 1247 3623 terrenis
1301 3569 1619 3638 corporibus
1676 3572 2117 3637 moribundisque

533 3649 788 3704 membris
812 3666 932 3705 esse
959 3652 1148 3706 anima:
1175 3661 1228 3707 et
1252 3663 1513 3721 metuere,
1544 3663 1599 3709 et
1626 3669 1841 3724 cupere,
1871 3664 1924 3710 et
1963 3655 2115 3712 dole-

534 3753 612 3806 re,
641 3750 800 3811 atque
820 3743 1050 3812 gaudere
1077 3742 1171 3815 (a).
1210 3743 1360 3800 Unde
1400 3745 1670 3815 Virgilius,
1711 3745 1866 3813 Hinc,
1923 3747 2111 3818 inquit,

534 3828 610 3900 (id
651 3840 773 3900 est,
813 3848 880 3888 ex
910 3835 1240 3890 moribundis
1287 3838 1482 3892 terreni
1531 3839 1770 3908 corporis
1816 3839 2114 3910 membris)

533 3935 758 3980 metuunt
785 3929 1113 4000 cupiuntque,
1143 3929 1314 3985 dolent
1340 3931 1658 4004 gaudentque
1682 3932 1918 4003 (zEneid.
1939 3934 2027 3988 lib.
2046 3934 2110 4000 6,

536 4035 667 4075 vers.
700 4020 846 4091 753).
875 4021 978 4077 Sed
1002 4023 1333 4078 convicimus
1377 4040 1471 4080 eos
1494 4026 1544 4079 in
1578 4038 1769 4096 quarto
1799 4027 2008 4082 decimo
2036 4025 2111 4100 (b)

535 4110 693 4180 hujus
713 4113 888 4181 operis
916 4114 1072 4181 libro,
1102 4115 1298 4170 habere
1323 4117 1527 4172 animas
1555 4119 1844 4174 secundum
1873 4119 2017 4189 ipsos
2045 4121 2113 4174 ab

539 4201 684 4255 omni
710 4203 870 4256 etiam
909 4205 1152 4273 corporis
1180 4206 1298 4261 labe
1333 4216 1603 4276 purgatas,
1635 4209 1805 4263 diram
1849 4211 2111 4279 cupidita-

535 4297 664 4357 tem,
706 4307 807 4362 qua
856 4308 1044 4347 rursus
1075 4296 1336 4364 incipiunt
1365 4297 1416 4351 in
1469 4313 1694 4369 corpora
1743 4299 1878 4356 velle
1916 4304 2109 4357 reverti

534 4380 697 4451 (Ibid.
749 4399 878 4438 vers.
909 4385 1033 4449 720,
1066 4386 1214 4457 721).
1249 4386 1348 4442 Ubi
1388 4397 1565 4444 autem
1601 4399 1776 4460 potest
1804 4407 1923 4448 esse
1966 4395 2115 4465 cupi-

539 4472 696 4540 ditas,
741 4475 978 4543 profecto
999 4476 1157 4531 etiam
1199 4477 1352 4532 dolor
1388 4488 1581 4548 potest.
1611 4480 1887 4537 Frustrata
1919 4485 2112 4555 quippe

532 4566 794 4636 cupiditas
845 4567 959 4624 sive
1007 4585 1112 4624 non
1145 4573 1504 4641 perveniendo
1542 4591 1646 4645 quo
1677 4577 1966 4644 tendebat,
2000 4578 2111 4633 sive

532 4659 826 4714 amittendo
853 4676 958 4730 quo
986 4674 1326 4742 pervenerat,
1359 4667 1583 4722 vertitur
1608 4668 1659 4723 in
1685 4668 1943 4726 dolorem.
1971 4669 2112 4740 Qua-

531 4759 751 4821 propter
779 4752 821 4807 si
850 4754 1050 4820 anima,
1083 4770 1201 4825 qua:
1229 4757 1311 4812 vel
1361 4759 1473 4814 sola
1513 4761 1598 4814 vel
1646 4763 1877 4817 maxime
1924 4763 2107 4831 dolet,

530 4841 690 4899 habet
726 4853 902 4901 tamen
957 4847 1242 4916 quamdam
1273 4864 1369 4920 pro
1411 4865 1509 4906 suo
1551 4852 1712 4908 modo
1743 4854 2112 4910 immortalita-

595 5048 712 5116 {Hic
731 5047 855 5110 apud
871 5054 988 5116 ῐιιιγ.Δ
1003 5046 1277 5103 addendum
1302 5059 1394 5116 est,
1414 5057 1589 5104 tamen.

520 5158 532 5207 Ι
584 5110 617 5170 ,³
649 5110 722 5160 Sic
746 5117 850 5159 Mss.
875 5111 994 5184 adut
1016 5123 1179 5163 autem
1203 5120 1294 5165 hoc
1325 5110 1762 5181 et'proximoloco,
1787 5135 1874 5186 pro
1895 5135 2106 5188 corpori,

538 5171 576 5207 ta
615 5172 718 5218 ('Itt.
739 5178 970 5218 εοιύονις.

633 5179 718 5226 'Itt,
739 5179 970 5232 corporis.

590 5232 764 5311 tinnit
783 5236 1124 5311 ιιιξιιιιιξςιχίριὶξ
1143 5239 1491 5311 dissentientes
1503 5279 1520 5311 ,_
1541 5244 1742 5311 habent,
1767 5247 1984 5311 quidam.

592 5292 1072 5374 trp-aris‘toteles
1114 5301 1166 5374 in.
1200 5301 1322 5350 libro
1340 5302 1405 5352 de
1441 5292 1987 5374 Λήξιῖιῖῥὲίίὶιὸᾞῐέέἰ
2009 5315 2111 5374 ani-

528 5360 834 5434 Ἦξξξξῗέἓοίν
859 5360 1076 5431 Κθυᾳετθ
1099 5395 1114 5422 ι
1133 5363 1329 5434 limere.
1376 5379 1468 5434 non
1493 5360 1796 5434 secus'quam
1819 5360 1996 5424 texere
2030 5373 2112 5426 νει

529 5414 1169 5496 £13.9EQC§E°.3}|§°"§8'“,fut
1213 5414 1798 5496 ιιξςο’³είὶῖι›’ἑτ”‹ἶοῖ’ὗῖιὲξ
1821 5414 1996 5486 ἶᾶῐὲῖ
2010 5414 2111 5490 ειίΤέ

529 5477 926 5558 {tuodLsto‘e'de
951 5486 1028 5558 ira
1052 5477 1104 5534 et
1121 5487 1310 5558 gaudio
1331 5477 1915 5558 adniit‘tamusnirol'ec'to
1938 5477 1990 5548 Ei
2010 5477 2108 5549 ’δ’οῙ

613 5538 856 5620 "ab‘ar'tzitua
875 5545 1046 5620 eadem
1063 5534 1255 5620 ratione
1267 5534 1304 5598 is

534 5599 813 5680 filistxot‘elisL
847 5605 1160 5680 interpretes,
1207 5599 2108 5680 Αιθκίιιιᾶᾷιῖ’Ᾰῇιῖιῗίῖᾱῖἶίθῖιξῖέίνῖιῖἔῖ

530 5665 821 5736 ιιιιξιξυξλθιρ
843 5665 998 5736 anima
1029 5665 1381 5736 sinecorpore.
1402 5685 1511 5729 Lun.
1539 5665 1693 5731 Vivus”.

591 5721 1227 5809 Am.|et01nnes
1397 5721 1771 5809 iii
1819 5753 1996 5809 Lapsus
2038 5759 2114 5802 est

531 5783 852 5877 XﬁLEE’SSBE‘.“
867 5793 969 5877 nt?"
995 5783 1996 5877 ,ῆιιιξξῐξέἐεξιίείῖἕιῖάιιῖῗά“ἶτὶ”ῖ”ι’τιιὸῗάῗῗόἔ
2011 5783 2106 5877 οἷςῗὶ

533 5851 843 5918 Augustinus,
867 5849 954 5906 lib.
995 5854 1070 5916 Η,
1094 5869 1230 5921 capp.
1255 5849 1306 5924 '5,
1328 5863 1376 5913 5.

1605 401 1696 458 DE
1730 395 2051 456 CIVITATE
2086 392 2221 464 DEI,
2259 395 2320 453 S.
2358 396 2722 456 AUGUSTI.“

3701 401 3817 460 712

2245 519 2352 566 tem
2380 527 2528 568 suam
2551 516 2646 585 (α).
2671 531 2777 570 non
2805 515 2923 571 ideo
2951 516 3086 571 mori
3133 527 3382 587 poterunt
3423 519 3505 573 illa
3537 533 3764 588 corpora
3793 560 3813 588 ,

2238 606 2363 676 quia
2392 606 2669 663 dolebant.
2715 609 2990 666 Postremo
3029 612 3074 665 si
3099 625 3324 683 corpora
3348 612 3546 668 laciunt
3567 653 3582 678 ,
3614 622 3672 667 ut
3693 613 3817 667 ani-

2237 712 2340 753 ma:
2363 698 2601 767 doleant,
2635 717 2731 758 cur
2753 704 2833 758 eis
2852 702 3092 759 dolorem
3128 713 3369 774 possunt,
3405 715 3637 762 mortem
3680 719 3816 762 vero

2236 787 2437 845 inferre
2456 807 2563 846 non
2591 803 2852 863 possunt,
2880 795 2982 849 nisi
3029 797 3152 865 quia
3178 811 3513 866 consequens
3543 813 3650 852 non
3690 804 3814 864 est,

2239 889 2298 934 ut
2336 893 2558 937 mortem
2579 883 2768 951 faciat,
2810 886 2952 956 quod
2972 886 3210 943 dolorem
3238 887 3396 943 facit?
3423 889 3530 944 Cur
3557 904 3688 959 ergo
3725 889 3814 943 in-

2237 972 2495 1028 credibile
2545 986 2648 1042 est,
2704 979 2771 1030 ita
2826 979 2974 1045 ignes
3051 979 3155 1034 illis
3209 981 3526 1052 corporibus
3563 982 3812 1037 dolorem

2237 1077 2400 1132 posse
2433 1065 2650 1131 inﬁ-rre,
2681 1084 2787 1123 non
2812 1080 3058 1137 mortem,
3083 1071 3220 1126 sicut
3243 1072 3356 1142 ipsa
3381 1087 3606 1142 corpora
3627 1072 3816 1128 dolere

2235 1157 2441 1212 animas
2464 1158 2684 1224 faciunt,
2725 1176 2860 1231 quas
2892 1170 3068 1217 tamen
3118 1177 3224 1217 non
3260 1163 3383 1218 ideo
3413 1163 3547 1218 mori
3576 1164 3814 1234 cogunt?

2236 1246 2351 1303 Non
2389 1258 2472 1304 est
2517 1266 2646 1321 ergo
2687 1255 3052 1308 necessarium
3087 1253 3276 1310 futurae
3307 1258 3496 1310 mortis
3521 1271 3814 1326 argumen-

2235 1347 2345 1394 tum
2372 1340 2544 1396 dolor.

2235 1449 2463 1507 CAPUT
2503 1452 2592 1508 IV.
2628 1484 2703 1496 —
2738 1454 2819 1510 De
2887 1458 3202 1514 naturalibus
3253 1459 3514 1529 exemplis,
3595 1479 3816 1531 quorum

2303 1545 2639 1600 consideratio
2666 1547 2844 1602 doceat
2868 1565 3014 1619 posse
3040 1550 3168 1605 inter
3195 1551 3448 1606 cruciatus
3471 1553 3816 1606 viventiacor-

2307 1652 2436 1704 pora
2459 1653 2773 1706 permanere.

2307 1751 2359 1806 Ι.
2399 1752 2732 1825 Quapropter
2757 1755 2823 1822 si,
2848 1756 2942 1812 ut‘
2963 1757 3292 1828 scripserunt
3318 1759 3409 1828 qui
3437 1769 3652 1816 naturas
3693 1761 3812 1815 ani-

2235 1850 2451 1904 malium
2490 1852 2754 1909 curiosius
2805 1855 3151 1928 indagamnt,
3204 1856 3531 1912 salamandra
3575 1856 3630 1911 in
3674 1855 3813 1926 igni-

2233 1943 2330 1999 bus
2353 1945 2595 2011 vivit;et
2645 1947 2856 2016 quidam
2905 1951 3166 2006 notissimi
3204 1951 3397 2006 Siciliae
3431 1959 3674 2015 montes,
3722 1947 3811 2018 qui

2233 2044 2379 2091 tanta
2423 2035 2768 2095 diuturnitate
2832 2043 3086 2112 temporis
3133 2051 3291 2111 atque
3340 2050 3600 2097 vetustate
3643 2055 3814 2110 usque

2233 2144 2376 2185 nunc
2437 2145 2501 2185 ac
2552 2131 2802 2202 deinceps
2843 2132 3071 2188 flammis
3118 2143 3363 2200 :cstuant,
3415 2144 3572 2204 atque
3620 2130 3812 2201 integri

2234 2234 2605 2293 perseverant,
2659 2227 2788 2280 satis
2858 2226 3033 2282 idonei
3083 2237 3246 2282 testes
3296 2236 3451 2292 sunt,
3499 2241 3604 2280 non
3651 2239 3814 2279 omne

2229 2315 2373 2385 quod
2417 2315 2571 2370 ardet
2613 2316 2854 2382 absumi;
2894 2326 2949 2372 et
2996 2318 3168 2372 anima
3216 2319 3445 2382 indicat,
3497 2333 3601 2372 non
3651 2330 3813 2370 omne

2229 2409 2373 2480 quod
2429 2409 2610 2465 dolere
2656 2419 2861 2480 potest,
2905 2427 3061 2480 posse
3110 2411 3268 2466 etiam
3309 2410 3491 2466 mori:
3537 2408 3663 2480 quid
3713 2409 3811 2463 ad-

2229 2499 2334 2554 huc
2377 2515 2408 2554 a
2435 2502 2588 2557 nobis
2636 2517 2814 2557 rerum
2861 2515 3150 2574 poscuntur
3177 2503 3412 2571 exempla
3436 2545 3450 2567 ,
3497 2501 3690 2572 quibus
3716 2501 3812 2554 do-

2227 2607 2477 2657 ceamus,
2505 2608 2610 2647 non
2658 2610 2779 2650 esse
2828 2595 3156 2661 incredibile,
3185 2604 3243 2648 ut
3293 2593 3561 2648 hominum
3583 2607 3810 2662 corpora

2228 2684 2558 2752 sempiterno
2583 2685 2842 2754 supplicio
2871 2686 3204 2756 punitorum,
3237 2685 3362 2740 etin
3414 2687 3534 2754 igne
3574 2684 3809 2738 animam

2226 2789 2334 2830 non
2365 2777 2644 2842 amittant,
2700 2787 2754 2833 et
2798 2779 2914 2834 sine
2951 2778 3269 2834 detrimento
3307 2778 3560 2843 ardeant,
3588 2786 3644 2832 et
3691 2777 3810 2832 sine

2227 2869 2444 2924 interitu
2488 2870 2743 2927 doleant?
2790 2872 3015 2928 llabebit
3057 2874 3198 2928 enim
3244 2883 3369 2928 tunc
3410 2872 3599 2928 istam’
3630 2873 3808 2928 carnis

2224 2962 2518 3017 substantia
2546 2964 2853 3035 qualitatem
2881 2966 2948 3020 ab
2973 2966 3061 3020 illo
3090 2967 3308 3021 inditam
3330 3009 3346 3034 ,
3371 2967 3460 3035 qui
3506 2977 3612 3022 tam
3641 2969 3807 3023 minas

2225 3063 2281 3109 et
2310 3056 2481 3111 varias
2510 3065 2589 3111 tot
2621 3058 2778 3113 rebus
2833 3058 3054 3125 indidit,
3083 3073 3215 3128 quas
3265 3058 3505 3114 videmus
3525 3100 3538 3121 ,
3570 3069 3628 3113 ut
3676 3074 3805 3125 cas,

2224 3145 2348 3216 quia
2378 3147 2558 3201 multae
2585 3156 2745 3212 sunt,
2776 3164 2878 3203 non
2903 3149 3179 3203 miremur.
3212 3149 3342 3217 Quis
3362 3148 3504 3203 enim
3537 3148 3635 3202 nisi
3663 3147 3807 3204 Deus

2222 3248 2434 3293 creator
2459 3239 2694 3293 omnium
2718 3239 2862 3294 dedit
2911 3241 3056 3294 carni
3080 3241 3300 3310 pavonis
3321 3240 3510 3294 mortui
3540 3255 3604 3294 ne
3626 3249 3807 3309 putre-

2223 3330 2437 3386 sceret?
2457 3329 2609 3399 Quod
2638 3347 2758 3387 cum
2780 3332 3012 3387 auditum
3035 3333 3340 3388 incredibile
3361 3333 3646 3395 videretur,
3675 3347 3806 3387 eve-

2220 3423 2297 3477 nit
2323 3430 2382 3476 ut
2405 3422 2542 3492 apud
2562 3422 2935 3493 Carthaginem
2957 3424 3108 3478 nobis
3131 3433 3281 3478 cocta
3301 3433 3658 3494 opponeretur
3687 3422 3804 3477 haec

2218 3511 2361 3568 avis:
2390 3512 2458 3568 de
2480 3512 2630 3584 cujus
2658 3520 2870 3584 pectore
2894 3514 3195 3586 pulparum,
3217 3526 3468 3585 quantum
3494 3514 3665 3568 visum
3696 3523 3804 3580 est,

2217 3605 2526 3677 decerptum
2553 3608 2752 3662 servari
2776 3606 3065 3677 jussimus:
3097 3607 3236 3678 quod
3261 3617 3383 3679 post
3427 3607 3630 3662 dierum
3675 3616 3803 3662 tan-

2219 3705 2330 3755 tum
2359 3700 2586 3770 spatium
2607 3741 2620 3762 ,
2649 3709 2846 3771 quanto
2870 3699 2972 3754 alia
2998 3715 3126 3756 caro
3155 3715 3498 3770 quaecumque
3519 3710 3667 3754 cocta
3700 3714 3804 3767 pu-

2217 3797 2506 3856 tresceret,
2557 3791 2819 3860 prolatum
2854 3799 3011 3862 atque
3057 3791 3321 3858 oblatum,
3367 3792 3495 3846 nihil
3557 3800 3800 3848 nostrum

2216 3883 2440 3940 oﬂendit
2463 3882 2738 3940 olfactum.
2758 3884 2994 3955 Itemque
3012 3885 3300 3955 repositum
3315 3885 3555 3955 postdies
3570 3886 3802 3956 amplius

2216 3992 2373 4048 quam
2396 3977 2609 4048 triginta
2629 4017 2644 4042 ,
2668 3977 2805 4032 idem
2830 3977 2969 4048 quod
2990 3987 3104 4033 erat
3125 3977 3392 4033 inventum
3421 3985 3503 4032 est
3519 3997 3532 4032 :
3551 3976 3802 4048 idemque

2217 4078 2337 4140 post
2367 4085 2562 4124 annum
2585 4112 2600 4137 ,
2631 4071 2729 4124 nisi
2778 4071 2915 4140 quod
2941 4071 3268 4141 aliquantum
3309 4071 3651 4141 corpulentia:
3693 4072 3802 4127 sic-

2214 4161 2376 4218 cioris
2399 4172 2454 4218 et
2481 4164 2854 4219 contractioris
2884 4162 3002 4219 fuit.
3031 4164 3160 4230 Quis
3189 4165 3353 4235 palea:
3381 4165 3529 4224 dedit
3555 4166 3638 4220 vel
3690 4175 3800 4220 tam

2213 4253 2458 4326 frigidam
2485 4257 2591 4311 vim
2608 4297 2623 4321 ,
2647 4267 2706 4311 ut
2729 4257 2949 4312 obrutas
2977 4259 3126 4312 nives
3149 4266 3359 4325 servet;
3387 4257 3470 4313 vel
3527 4266 3630 4312 tam
3689 4256 3802 4314 fer-

2213 4348 2390 4404 vidam
2413 4391 2428 4415 ,
2459 4357 2516 4404 ut
2534 4364 2690 4420 poma
2718 4350 2996 4404 immatura
3023 4350 3284 4404 maturet?

2284 4439 2338 4494 2.
2384 4441 2458 4495 De
2488 4441 2605 4511 ipso
2632 4441 2752 4512 igne
2776 4444 2910 4497 mira
2935 4443 3054 4513 quis
3109 4442 3368 4510 explicet,
3418 4457 3522 4512 quo
3569 4458 3802 4514 quaeque

2213 4533 2401 4590 adusta
2433 4537 2758 4607 nigrescunt,
2773 4553 2893 4593 cum
2919 4539 3030 4608 ipse
3047 4541 3116 4593 sit
3139 4537 3363 4606 lucidus;
3383 4547 3437 4593 et
3456 4553 3591 4609 pene
3617 4539 3803 4594 omnia

2213 4640 2334 4698 quae
2360 4627 2527 4682 ambit
2551 4636 2604 4683 et
2620 4629 2822 4695 lambit,
2853 4629 3034 4685 colore
3063 4630 3471 4700 pulcherrimus’
3498 4630 3800 4696 decolorat,

2213 4725 2373 4788 atque
2401 4733 2465 4773 ex
2495 4735 2659 4790 pruna
2686 4719 2882 4790 fulgida
2909 4721 3195 4777 carbonem
3225 4721 3554 4777 tetenimum
3579 4721 3802 4776 reddit?

2212 4807 2398 4880 Neque
2424 4810 2474 4864 id
2497 4812 2645 4880 quasi
2667 4812 2985 4882 regulariter
3009 4812 3283 4868 definitum
3315 4823 3430 4869 est:
3463 4829 3583 4869 nam
3611 4829 3640 4868 e
3664 4829 3804 4869 cou-

2212 4905 2378 4959 trario
2402 4903 2608 4974 lapides
2645 4904 2764 4974 igne
2815 4905 3075 4961 candente
3109 4907 3377 4976 percocti,
3422 4915 3477 4962 et
3524 4907 3621 4976 ipsi
3661 4906 3803 4962 liunt

2211 4996 2455 5062 candidi,
2483 5006 2537 5052 et
2561 4997 2801 5068 quamvis
2832 4998 2917 5053 ille
2943 4999 3109 5069 magis
3157 5000 3378 5067 rubeat,
3410 5001 3486 5055 illi
3511 5000 3802 5066 albicent‘,

2211 5092 2458 5162 congruit
2478 5103 2655 5147 tamen
2684 5091 2792 5147 luci
2835 5092 2976 5162 quod
3023 5092 3199 5148 album
3236 5102 3349 5161 est,
3401 5095 3540 5150 sicut
3581 5095 3803 5165 nigrum

2210 5183 2468 5240 tenebris.
2495 5181 2630 5240 Cum
2658 5183 2837 5258 itaque
2861 5185 3000 5257 ignis
3021 5185 3077 5242 in
3103 5184 3260 5258 lignis
3307 5185 3522 5256 ardeat,
3550 5195 3610 5242 ut
3660 5184 3804 5259 lapi-

2275 5381 2296 5415 ί
2329 5380 2466 5431 Vind.
2492 5389 2590 5430 Am.
2616 5388 2690 5430 Er.
2717 5389 2772 5433 et
2795 5391 2921 5441 Mss,
2945 5381 3086 5434 sicut.

2275 5445 2297 5476 ³
2329 5445 2416 5493 Sic.
2443 5449 2551 5492 Mss.
2578 5443 2696 5494 Editi
2718 5459 2854 5504 vero,
2879 5444 2989 5495 ista.

2274 5505 2298 5569 ἔ
2327 5503 2429 5554 Sola
2454 5505 2600 5554 editio
2621 5513 2749 5564 Lov.,
2776 5503 3111 5569 pulcherrimo.

2273 5568 2296 5600 δ
2329 5575 2395 5616 Ita
2420 5575 2524 5616 Mss.
2549 5575 2604 5618 At
2627 5569 2762 5627 editi,
2777 5567 2860 5618 illi
2898 5569 3062 5619 (ιιὺὶΔο
3083 5569 3239 5620 colore
3260 5571 3504 5627 nilcsmnl,

2274 5631 2347 5694 (α)
2379 5636 2478 5679 Non
2500 5631 2627 5680 enim
2650 5631 2713 5679 ita
2733 5629 3012 5694 immortalis
3036 5639 3130 5690 est,
3151 5639 3204 5683 ut
3221 5641 3458 5681 :eternum
3481 5640 3625 5682 antea
3655 5637 3800 5684 vixe~

2210 5691 2292 5744 rit;
2319 5691 2409 5742 ne:
2433 5699 2489 5744 ut
2513 5693 2757 5754 exstingui
2782 5691 2910 5756 nulla
2935 5694 2980 5741 vi
3001 5701 3152 5756 queat
3177 5707 3188 5741 :
3215 5693 3303 5756 sed
3345 5695 3472 5756 quod
3495 5697 3687 5748 condita
3711 5712 3802 5746 se-

2210 5757 2358 5808 mela
2379 5767 2474 5806 nuo
2521 5768 2763 5817 nunquam
2788 5755 2852 5804 ita
2888 5755 3089 5817 peribit,
3131 5761 3186 5806 ut
3218 5755 3268 5803 in
3300 5755 3499 5806 nihilum
3525 5760 3692 5818 abeat,
3723 5771 3802 5809 ta-

2210 5824 2350 5891 ttttetsi
2377 5830 2582 5871 mortem
2606 5828 2710 5891 pati
2725 5828 2888 5889 possit,
2919 5840 3062 5889 quam
3096 5827 3358 5886 secundum
3379 5825 3582 5872 dit-intus
3612 5825 3808 5888 suppli-

2211 5883 2272 5930 cii
2297 5884 2343 5930 in
2367 5883 2661 5944 perpetuum
2683 5883 2916 5940 duraturi.
2937 5883 3051 5940 Leo.
3076 5897 3231 5941 Vives.

3814 6013 3868 6046 Α
