4062 6536
248 436 348 492 713

246 551 340 606 des
365 552 580 617 coquat,
617 541 914 599 contrarios
943 537 1228 594 habetnon
1255 535 1304 590 in
1335 534 1617 590 contrariis
1663 533 1820 587 rebus

244 639 486 697 eﬂ'ectus.
513 635 625 690 Etsi
649 634 790 689 enim
819 631 1020 700 lapides
1049 639 1101 684 et
1131 629 1266 698 ligna
1286 626 1492 680 diversa
1519 631 1676 690 sunt;
1698 639 1824 678 con-

247 732 408 788 traria
441 740 618 784 tamen
653 741 756 780 non
787 733 943 788 sunt,
973 721 1109 776 sicut
1134 720 1309 774 album
1337 727 1391 774 et
1419 717 1626 786 nigrum
1647 757 1663 783 ,
1694 730 1828 784 quo-

245 838 364 877 rum
395 822 449 874 in
477 817 739 890 lapidibus
761 829 922 869 unum
954 812 1104 878 facit,
1125 811 1347 864 alterum
1377 809 1427 862 in
1447 807 1630 878 lignis,
1653 807 1830 860 clarus

245 915 368 970 illos
398 909 734 974 elariticans,
769 907 884 962 haec
905 904 1221 968 obfuseans;
1257 917 1376 956 cum
1405 901 1456 954 in
1483 899 1586 953 illis
1631 899 1829 974 delice-

247 1015 334 1062 ret
355 1045 370 1070 ,
401 1004 508 1060 nisi
537 1003 590 1057 in
613 1001 728 1056 istis
755 998 976 1052 viveret.
1007 993 1144 1064 Quid
1190 994 1240 1048 in
1267 991 1584 1048 carbonibus
1606 1031 1620 1054 ,
1651 973 1830 1044 nonne

247 1095 494 1152 miranda
544 1091 670 1148 est‘
701 1099 755 1146 et
799 1097 942 1144 tanta
967 1085 1280 1148 infirmitas,
1329 1093 1386 1137 ut
1429 1081 1536 1136 ictu
1559 1081 1830 1136 levissimo

249 1187 587 1258 frangantur,
619 1197 802 1253 pressu
855 1178 1108 1234 facillimo
1161 1183 1537 1236 conterantur;
1584 1180 1636 1226 et
1690 1178 1833 1224 tanta

253 1279 509 1344 lirmitas,
537 1283 594 1330 ut
625 1275 768 1328 nullo
799 1272 1022 1325 lmmore
1051 1273 1475 1335 corrumpantur,
1509 1262 1650 1316 nulla
1681 1271 1836 1316 mtate

255 1370 562 1432 vincantur,
593 1377 764 1436 usque
786 1361 922 1416 adeo
945 1367 1105 1413 uteos
1126 1356 1460 1412 substernere
1485 1353 1716 1418 soleant,
1746 1351 1834 1422 qui

257 1461 456 1516 limites
482 1458 680 1528 ﬁgunt,
709 1454 774 1508 ad
801 1449 1222 1508 convincendum
1251 1443 1836 1515 litigatorem,quisquis

257 1559 376 1622 post
401 1548 732 1621 quantalibet
751 1555 989 1613 tempora
1012 1539 1298 1602 exstiterit,
1319 1535 1585 1604 fixumque
1608 1533 1836 1603 lapidem

257 1641 484 1698 limitem
531 1655 639 1694 non
684 1651 802 1691 esse
849 1629 1234 1689 contenderit?
1282 1627 1411 1695 Quis
1453 1641 1546 1680 eos
1591 1623 1644 1678 in
1698 1633 1837 1679 terra

261 1732 478 1787 humida
505 1730 736 1784 infossus
759 1769 773 1792 ,
805 1727 892 1781 tibi
919 1725 1054 1794 ligna
1077 1727 1446 1793 putrescerent
1463 1761 1477 1784 ,
1503 1727 1610 1771 tam
1635 1716 1724 1770 diu
1745 1715 1840 1769 du-

262 1837 382 1878 rare
407 1817 877 1888 iucorruptibiliter
899 1829 1054 1886 posse
1073 1854 1090 1880 ,
1119 1812 1218 1866 nisi
1245 1823 1427 1866 rerum
1451 1807 1540 1864 ille
1559 1816 1840 1878 corruptor

263 1913 398 1984 ignis
420 1911 600 1966 effecit
633 1907 704 1980 (α)
725 1908 752 1962 ?

333 2005 386 2059 5.
429 2003 742 2058 lntueamur
761 1998 919 2054 etiam
948 1993 1254 2050 miraculum
1283 1991 1444 2048 calcis
1463 2033 1478 2056 ,
1509 1998 1734 2060 excepto
1753 2003 1840 2055 eo,

265 2097 331 2152 de
357 2111 466 2166 quo
483 2094 595 2164 jam
633 2091 762 2146 satis
785 2087 1036 2152 diximus,
1069 2083 1208 2156 quod
1253 2083 1372 2154 igne
1413 2079 1714 2146 eandicat',
1737 2093 1844 2148 quo

265 2189 366 2242 alia
417 2197 557 2241 tetra
605 2183 917 2248 redduntur,
971 2179 1130 2234 etiam
1183 2173 1542 2232 occultissime
1605 2171 1672 2226 ab
1725 2171 1846 2242 igne

269 2283 446 2350 ignem
469 2277 738 2345 concipit,
765 2287 991 2342 eumque
1015 2270 1124 2340 jam
1165 2267 1318 2338 gleba
1367 2263 1703 2334 tangentibus
1749 2260 1844 2316 fri-

269 2371 388 2442 gida
418 2379 528 2423 tam
551 2367 777 2420 latenter
799 2371 1006 2428 servat,
1037 2371 1090 2416 ut
1117 2359 1249 2416 nulli
1277 2367 1459 2414 nosu'o
1485 2353 1664 2411 sensui
1693 2367 1841 2423 pror-

271 2477 359 2519 sus
385 2467 664 2532 appareat,
695 2453 788 2512 sed
813 2461 1115 2525 compertus
1138 2453 1519 2520 experimento,
1539 2447 1698 2500 etiam
1721 2443 1846 2498 dum

273 2569 377 2608 non
403 2559 664 2622 apparet,
709 2547 906 2600 sciatur
951 2545 1124 2598 inesse
1173 2540 1396 2610 sopitus.
1445 2539 1666 2606 Propter
1710 2533 1850 2604 quod

274 2661 389 2702 eam
419 2643 598 2697 vivam
627 2639 824 2694 calcem
846 2635 1132 2706 loquimur,
1163 2632 1308 2686 velut
1348 2631 1462 2700 ipse
1504 2627 1640 2698 ignis
1683 2626 1852 2680 latens

275 2739 448 2792 anima
471 2735 538 2789 sit
559 2730 838 2788 invisibilis
859 2727 1084 2783 visibilis
1099 2723 1356 2795 corporis.
1383 2722 1499 2778 Jam
1523 2736 1648 2776 vero
1694 2732 1850 2788 quam

273 2829 472 2884 mirum
513 2835 596 2880 est
620 2822 759 2894 quod
789 2837 908 2876 cum
945 2816 1312 2887 exstinguitur,
1343 2823 1466 2868 tunc
1515 2808 1853 2866 accenditur?

277 2919 346 2976 Ut
373 2919 518 2974 enim
551 2915 759 2969 occulto
779 2913 898 2990 igne
923 2918 1132 2974 careat,
1155 2905 1312 2976 aqua'
1343 2904 1652 2966 infunditur,
1683 2915 1853 2970 aqua-

277 3027 343 3068 ve
364 3007 736 3083 perfunditur;
763 3013 819 3061 et
843 3019 962 3059 cum
989 3011 1110 3056 ante
1137 3001 1205 3056 sit
1263 2996 1446 3068 frigida
1467 3038 1482 3062 ,
1509 2994 1630 3048 inde
1683 2991 1856 3046 ferve-

277 3105 410 3168 scit,
437 3100 582 3156 unde
611 3095 864 3154 ferventia
918 3103 1104 3149 cuncta
1151 3091 1453 3160 frigescunt.
1487 3085 1638 3140 Velut
1683 3083 1857 3152 ειμιιί-

281 3203 434 3250 rante
479 3207 608 3262 ergo
657 3191 740 3244 illa
768 3187 916 3258 gleba
963 3184 1242 3240 discedens
1291 3181 1444 3250 ignis,
1488 3179 1574 3248 qui
1630 3177 1854 3240 latebat,

279 3295 502 3358 apparet
521 3326 535 3352 ,
593 3297 654 3337 ac
678 3281 870 3336 deinde
907 3287 1154 3347 tanquam
1181 3265 1350 3328 morte
1369 3271 1391 3302 ⁸
1416 3271 1494 3324 sic
1531 3268 1716 3338 frigida
1743 3275 1822 3320 est
1843 3307 1856 3332 ,

245 3360 252 3366 ’
281 3354 573 3446 ut'adjecta
602 3372 738 3428 unda
769 3385 874 3425 non
901 3369 970 3424 sit
995 3381 1176 3422 arsura
1197 3406 1210 3430 ,
1239 3371 1292 3420 et
1320 3377 1476 3434 quam
1524 3354 1722 3414 calcem
1770 3372 1858 3410 vu-

283 3471 537 3525 cabamus
569 3465 742 3518 vivam
763 3503 776 3527 ,
809 3475 1056 3516 vocemus
1087 3458 1424 3514 exstinctam.
1455 3451 1588 3520 Quid
1616 3459 1698 3504 est
1723 3449 1860 3518 quod

285 3561 406 3615 huic
431 3556 692 3612 miraculo
716 3552 836 3608 addi
863 3565 1017 3622 posse
1039 3547 1314 3614 videatur?
1335 3555 1388 3600 et
1423 3555 1596 3600 tamen
1631 3541 1858 3594 additur.

285 3651 416 3706 Nam
443 3649 490 3704 si
517 3663 624 3702 non
648 3643 902 3699 adhibeas
923 3655 1112 3712 aquam
1132 3680 1148 3706 ,
1173 3637 1264 3693 sed
1292 3637 1464 3690 oleum
1481 3677 1494 3700 ,
1519 3633 1658 3704 quod
1695 3630 1862 3699 magis

287 3743 456 3797 fomes
479 3747 564 3806 est
587 3737 754 3807 ignis,
779 3734 922 3788 nulla
977 3732 1092 3802 ejus
1121 3727 1418 3800 perfusinne
1466 3726 1548 3780 vel
1603 3721 1866 3777 inlusione

291 3829 540 3888 fervescit
560 3828 656 3899 (b).
673 3827 785 3882 lloc
810 3823 1118 3880 miracuhnn
1148 3821 1192 3875 si
1215 3819 1280 3873 de
1306 3819 1480 3886 aliquo
1497 3813 1674 3868 Indico
1697 3811 1868 3882 lapide

292 3925 610 3996 legeremus,
629 3923 742 3976 sive
769 3917 1092 3980 audiremus,
1111 3913 1232 3967 etin
1260 3916 1498 3964 nostrum
1525 3905 1864 3974 experimen-

291 3995 400 4071 tum
447 4014 634 4070 venire
689 4025 794 4066 non
851 4015 1058 4078 posset,
1117 4001 1354 4073 profecto
1398 4006 1488 4051 aut
1529 3995 1866 4050 mendacium

293 4119 641 4182 putaremus,
672 4111 764 4156 aut
791 4109 936 4158 certe
982 4095 1254 4167 granditer
1279 4092 1612 4146 miraremur.
1637 4087 1868 4153 Quarum

293 4217 422 4258 vero
443 4213 628 4255 rerum
643 4205 766 4252 ante
786 4193 970 4250 oculos
989 4197 1196 4244 nostros
1211 4183 1512 4256 quotidiana
1553 4183 1870 4237 documenta

293 4299 598 4354 versantur,
629 4303 734 4342 non
759 4299 954 4355 genere
977 4283 1152 4336 minus
1177 4277 1436 4341 mirabili,
1466 4274 1556 4329 sed
1587 4275 1698 4344 ipsa
1741 4273 1872 4326 assi-

295 4385 498 4439 duitate
521 4381 822 4440 vilescunt,
851 4375 920 4430 ita
956 4382 1014 4428 ut
1051 4387 1114 4426 ex
1144 4370 1254 4440 ipsa
1293 4367 1442 4422 India
1463 4407 1475 4431 ,
1505 4381 1622 4435 qua:
1669 4373 1872 4418 remota

296 4483 378 4530 est
407 4487 532 4542 pars
557 4470 747 4525 orbisa
777 4465 928 4520 nobis
953 4506 968 4532 ,
992 4461 1305 4517 desierimus
1351 4455 1602 4512 nonnulla
1657 4453 1872 4520 mirari,

287 4581 416 4636 qua:
429 4563 499 4618 ad
523 4575 622 4615 nos
653 4565 936 4629 potuerunt
957 4553 1190 4608 miranda
1219 4551 1453 4621 perduci.

367 4657 424 4710 4.
467 4653 818 4708 Adamautem
861 4645 1090 4716 lapidem
1132 4643 1282 4696 tnulti
1325 4641 1462 4709 apud
1509 4655 1606 4694 nos
1651 4637 1873 4702 habent,

297 4759 352 4802 et
379 4747 618 4800 maxime
643 4741 887 4796 aurifices
911 4737 1352 4806 insigniloresque
1377 4747 1735 4802 gemmarum,
1789 4731 1878 4798 qui

301 4839 438 4907 lapis
479 4850 579 4906 nec
615 4836 792 4898 ferro,
831 4845 930 4884 nec
963 4829 1071 4898 igni
1115 4825 1208 4898 (ε),
1239 4839 1336 4880 nec
1365 4825 1465 4877 alia
1511 4823 1560 4876 vi
1586 4822 1724 4884 ulla,
1759 4835 1879 4890 pcr-

299 4931 520 4985 hibetur
549 4935 742 4998 praeter
771 4925 792 4956 ⁵
819 4921 1026 4978 hircino
1055 4918 1313 4988 sanguine
1341 4915 1474 4969 vinei
1508 4914 1606 4985 (ά).
1641 4912 1742 4967 Sed
1789 4912 1878 4981 qui

365 5107 392 5178 ι.
421 5103 562 5174 editi,
607 5110 762 5150 nonne
799 5091 1024 5147 miranda
1071 5105 1148 5142 res
1185 5095 1272 5140 est.
1321 5088 1480 5146 Abest,
1529 5095 1623 5144 res,
1664 5095 1690 5130 a
1714 5095 1878 5130 manu-

301 5173 511 5228 SelipttS.

365 5232 386 5260 ι
423 5229 495 5274 sic
516 5233 622 5273 MSS.
649 5229 705 5272 Αι
721 5221 855 5279 mliti,
877 5214 1150 5268 candescat.

367 5290 390 5321 ³
423 5287 878 5349 Αυυιιιιογηαφιίε.
957 5344 966 5349 Δ
1129 5305 1134 5310 -

367 5351 388 5382 ⁸
425 5337 497 5396 Εὖ.
526 5347 674 5410 Lugd.
692 5337 912 5410 "etatem,
949 5344 1172 5410 tanquam
1195 5339 1393 5382 mortua.
1493 5337 1543 5376 Μ.

367 5413 390 5444 ⁸
425 5413 500 5460 sic
525 5405 630 5458 Mss.
657 5407 772 5455 Εόὶιί
797 5417 932 5462 vero,
955 5405 1294 5464 pra‘tcrqmun.

371 5493 446 5555 (ιλ)
481 5492 686 5548 Seruius,
707 5487 862 5555 {three}
884 5482 1234 5555 filius,_primus
1269 5466 1888 5555 (:pnsulu‘it:

305 5533 989 5612 (lamentistényjilinﬁphesim
1017 5533 1192 5590 'tiiana’.
1235 5535 1420 5600 subjici.
1468 5533 1580 5581 \ide
1623 5533 1888 5592 Diogenem

305 5617 574 5672 Laeuium,
599 5607 694 5672 lib;
713 5609 759 5668 2,
783 5607 935 5672 97193.
957 5611 1188 5672 Linon“.

373 5661 450 5750 (135
458 5661 464 5662 ί
480 5661 614 5750 δίῑιίῖ·
635 5661 852 5750 νιίοίῖῖέιμ
869 5667 954 5737 ¹ί¹)·
977 5661 1431 5750 5§~.??l1-:'?°:.......
1453 5715 1632 5750 ηιημηιε

375 5713 448 5802 ἰὲᾔ
483 5713 964 5802 Xiiiiiiiié'iésiiism
987 5713 1176 5774 vasculo
1201 5717 1432 5785 liquandis
1453 5715 1662 5766 metallis
1695 5713 1886 5774 idoneo,

307 5803 358 5852 in
379 5794 568 5849 funium
590 5794 848 5844 evanescit.
877 5797 1108 5852 Lauerunt.

375 5847 459 5926 (Et)
493 5855 630 5909 conf.
655 5853 796 5914 Plin.,
832 5852 915 5901 lib.
939 5849 1018 5926 37,
1037 5861 1142 5908 cap.
1170 5847 1242 5894 us.

520 5943 750 6003 Sancr.
791 5921 1068 5997 Aueosr.
1105 5929 1240 5988 νη.

1361 413 1558 468 LIBER
1602 411 1957 488 YiGESIMUS
1993 416 2260 476 PRIMUS.

3405 427 3502 481 7M

1897 545 1904 552 ‘
1933 551 2053 592 eum
2075 535 2269 592 habent
2288 549 2444 608 atque
2471 549 2746 606 noverunt,
2767 539 3018 610 numquid
3048 539 3114 593 ita
3145 539 3423 604 mirantur,
3446 553 3504 596 ut

1933 625 1986 680 hi
2005 627 2194 697 quibus
2213 628 2434 695 primum
2463 629 2692 698 potentia
2709 629 2821 698 ejus
2842 629 3170 684 ostenditur?
3187 631 3391 699 Quibus
3406 647 3502 685 au-

1934 727 2041 773 tem
2071 734 2176 772 non
2197 717 2509 784 ostenditur,
2538 719 2756 774 fortasse
2781 735 2880 774 nec
2905 720 3162 786 credunt;
3191 730 3283 776 aut
3307 723 3350 775 si
3378 737 3498 778 cre-

1933 809 2096 876 dunt,
2127 809 2395 878 inexperta
2419 809 2705 874 mirantur;
2733 817 2787 864 et
2833 810 2880 864 si
2910 810 3190 880 contigerit
3230 811 3498 882 experiri,

1934 901 2106 956 adhuc
2129 898 2342 970 quidem
2365 900 2619 954 mirantur
2647 901 2892 964 insolita,
2916 901 3007 956 sed
3030 902 3308 958 assiduitas
3337 919 3499 973 expc-

1935 991 2106 1046 riendi
2129 991 2377 1060 paulatim
2399 990 3045 1046 subtrahitadmirationis
3076 994 3494 1049 incitamentum.

1936 1083 2229 1154 Magnetem
2259 1082 2485 1152 lapidem
2523 1083 2766 1136 novimus
2797 1085 3088 1139 mirabilem
3124 1085 3245 1140 ferri
3275 1101 3394 1141 esse
3421 1102 3495 1141 ra-

1936 1183 2140 1244 ptorem
2163 1174 2330 1244 :quud
2357 1175 2707 1246 comprimunt
2733 1175 2830 1229 vidi
2851 1217 2864 1240 ,
2886 1179 3225 1232 vehementer
3245 1179 3496 1234 inhorrui.

1936 1267 2141 1336 Quippe
2165 1267 2446 1322 cernebam
2473 1283 2502 1320 a
2525 1265 2698 1336 lapide
2727 1265 2952 1321 ferreum
3011 1269 3256 1322 annulum
3299 1279 3499 1338 raptum

1937 1369 2096 1430 atque
2123 1373 2435 1430 suspensum
2461 1374 2474 1422 ;
2505 1358 2694 1412 deinde
2717 1366 2961 1428 tanquam
2990 1355 3130 1412 ferro
3158 1357 3297 1429 quod
3321 1375 3498 1428 rapue-

1939 1459 2054 1518 rat,
2113 1451 2218 1506 vim
2273 1450 2506 1505 dedisset
2554 1465 2740 1514 suam,
2776 1465 3217 1519 communemque
3260 1449 3504 1516 fecisset,

1941 1541 2079 1597 idem
2108 1542 2332 1596 annulus
2351 1540 2598 1594 admotus
2625 1550 2705 1594 est
2729 1541 2881 1594 alteri
2903 1580 2918 1604 .
2949 1555 3175 1609 cumque
3202 1540 3466 1608 suspendit
3493 1582 3508 1602 ,

1941 1653 2103 1714 atque
2155 1653 2210 1698 ut
2260 1643 2352 1698 ille
2399 1643 2545 1712 prior
2571 1643 2751 1712 lapidi,
2783 1643 2860 1698 sic
2894 1644 3028 1698 alter
3077 1643 3308 1698 annulus
3351 1643 3512 1713 priori

1943 1733 2140 1790 annulo
2187 1734 2531 1790 cohaerebat:
2582 1735 2807 1790 accessit
2849 1733 3036 1790 eodem
3086 1734 3244 1790 modo
3297 1736 3510 1800 tertius,

1943 1825 2166 1882 accessit
2189 1834 2242 1882 et
2267 1835 2517 1894 quartus,
2539 1825 2756 1896 jamque
2803 1825 2902 1880 sibi
2933 1841 3028 1894 per
3073 1835 3250 1880 mutua
3303 1827 3515 1880 circulis

1943 1915 2096 1970 nexis
2115 1956 2130 1980 ,
2159 1928 2264 1970 non
2285 1914 2678 1984 implicatorum
2707 1915 3044 1980 intrinsecus,
3071 1915 3164 1970 sed
3187 1917 3516 1972 extrinsecus

1945 2005 2326 2060 adhmrentium
2351 2045 2366 2072 ,
2398 2005 2546 2074 quasi
2573 2015 2760 2060 catena
2813 2005 3138 2074 pependerat
3173 2006 3514 2062 annulurum.

1945 2095 2072 2162 Quis
2101 2095 2254 2150 istam
2282 2095 2384 2148 vim
2414 2093 2603 2164 lapidis
2626 2109 2728 2149 non
2751 2104 3022 2164 stuperet,
3051 2111 3168 2164 qua:
3191 2095 3262 2150 illi
3289 2111 3392 2150 non
3422 2110 3516 2150 so-

1949 2187 2054 2241 lum
2086 2187 2288 2248 inerat,
2320 2202 2502 2241 verum
2525 2187 2684 2240 etiam
2713 2202 2806 2254 per
2833 2195 2910 2240 tut
2941 2201 3198 2256 suspensa
3227 2187 3514 2258 transibat,

1947 2289 1999 2334 et
2027 2278 2374 2334 invisibilibus
2398 2293 2460 2332 ea
2487 2278 2709 2332 vinculis
2737 2278 3068 2350 subligabat?
3095 2279 3198 2336 Sed
3225 2281 3392 2336 multo
3433 2291 3521 2338 est

1948 2369 2270 2436 mirabilius,
2299 2369 2438 2441 quod
2467 2387 2496 2423 a
2521 2367 2686 2426 fratre
2711 2379 2765 2424 et
2818 2371 3134 2441 coepisc0po
3155 2387 3274 2426 meo
3315 2371 3518 2428 Severo

1951 2463 2256 2517 lililevitano
2281 2462 2350 2517 de
2379 2463 2482 2516 i510
2513 2461 2688 2532 lapide
2713 2462 2971 2530 comperi.
2998 2461 3068 2518 Se
3089 2462 3260 2532 ipsum
3289 2477 3518 2532 namque

1954 2555 2152 2609 vidisse
2181 2553 2446 2618 narravit,
2485 2553 2930 2622 quemadmodum
2953 2553 3300 2608 Bathanarius
3351 2567 3522 2622 quon-

1953 2645 2074 2700 dam
2121 2643 2315 2702 Comes
2366 2643 2590 2708 Africae,
2645 2656 2766 2696 eum
2791 2642 2930 2714 apud
2984 2658 3104 2696 eum
3153 2643 3524 2698 convivaretur

1957 2735 2282 2804 EpiscOpus,
2317 2731 2562 2788 eumdem
2595 2731 2874 2802 protulerit
2901 2732 3128 2804 lapidem
3150 2775 3165 2799 ,
3211 2741 3266 2787 et
3293 2733 3530 2788 tenuerit

1958 2827 2056 2880 sub
2079 2835 2340 2896 argento,
2385 2823 2692 2895 ferrumque
2739 2840 2898 2894 super
2939 2835 3214 2895 argentum
3261 2826 3524 2896 posuerit;

1957 2917 2150 2973 deinde
2198 2917 2334 2972 sicut
2363 2917 2549 2972 subter
2597 2917 2841 2971 movebat
2871 2931 3116 2982 manum,
3168 2931 3270 2988 qua
3299 2917 3529 2987 lapidem

1962 3012 2191 3074 tenebat,
2217 3010 2284 3064 ita
2311 3009 2508 3064 ferrum
2533 3009 2762 3078 desuper
2787 3009 3116 3072 movebatur,
3139 3019 3295 3079 atque
3313 3019 3532 3080 argento

1961 3101 2135 3158 medio
2174 3099 2410 3172 nihilque
2458 3099 2725 3170 patiente,
2773 3099 3194 3156 concitatissimo
3243 3114 3402 3154 cursu
3468 3113 3534 3154 ae

1965 3207 2178 3249 recursu
2207 3191 2339 3246 infra
2365 3191 2500 3262 lapis
2524 3191 2589 3245 ab
2616 3189 2830 3246 homine
2849 3231 2862 3253 ,
2898 3203 3054 3260 supra
3077 3190 3272 3244 ferrum
3293 3188 3534 3259 rapieba-

1965 3293 2048 3338 tur
2075 3299 2106 3337 a
2131 3281 2324 3352 lapide.
2353 3282 2468 3336 Dixi
2493 3280 2632 3352 quod
2663 3279 2778 3350 ipse
2819 3281 3069 3350 conspexi
3097 3321 3108 3343 ,
3137 3279 3244 3336 dixi
3291 3279 3430 3349 quod
3467 3279 3536 3334 ab

1913 3395 1924 3406 ·
1966 3375 2056 3428 illo
2075 3373 2392 3440 audivi,cui
2427 3381 2675 3442 tanquam
2711 3371 2823 3442 ipse
2871 3371 3090 3426 viderim
3135 3369 3353 3426 credidi.
3399 3369 3536 3438 Quid

1965 3467 2124 3520 etiam
2151 3465 2218 3520 de
2243 3465 2342 3518 isto
2374 3473 2617 3534 magnete
2642 3463 2861 3534 legerim
2917 3461 3108 3517 dicam.
3142 3459 3362 3528 Quando
3387 3461 3534 3529 juxta

1967 3573 2086 3612 cum
2139 3556 2350 3626 ponitur
2399 3555 2634 3621 adamas,
2665 3569 2767 3608 non
2797 3553 2934 3624 rapit
2969 3551 3205 3617 ferrum;
3237 3559 3290 3606 et
3332 3551 3377 3606 si
3429 3551 3537 3620 jam

1969 3660 2248 3720 rapuerat,
2280 3659 2337 3704 ut
2359 3649 2408 3703 ei
2453 3647 2990 3718 appropinquaverit,
3039 3660 3160 3700 mox
3213 3643 3430 3698 remittit
3462 3642 3536 3714 (α)

1971 3743 2113 3798 India
2137 3743 2296 3796 mittit
2321 3741 2417 3796 hos
2443 3739 2671 3810 lapides:
2699 3738 2790 3794 sed
2820 3739 2862 3792 si
2892 3752 2985 3792 eos
3016 3752 3114 3792 nos
3153 3735 3394 3804 cegnitos
3427 3733 3540 3805 jam

1971 3835 2275 3892 desistimus
2299 3833 2554 3888 admirari
2583 3875 2596 3898 ,
2621 3842 2818 3903 quanto
2847 3833 3016 3901 magis
3044 3831 3120 3885 illi
3145 3845 3173 3884 a
3221 3829 3412 3900 quibus
3445 3843 3535 3882 ve-

1973 3930 2155 3990 niunt,
2185 3927 2226 3980 si
2253 3940 2348 3980 eos
2375 3925 2652 3980 facillimus
2702 3923 2931 4004 habent,
2963 3925 3040 3976 sic
3085 3921 3304 3976 forsitan
3345 3919 3544 3974 habent

1977 4031 2029 4074 ut
2061 4035 2158 4072 nos
2175 4017 2373 4072 calcent
2396 4057 2412 4083 ,
2440 4030 2598 4086 quam
2629 4015 2764 4069 miro
2790 4015 2948 4070 modo
2975 4030 3106 4085 aqua
3133 4013 3541 4076 fcrvescentem,

1975 4127 2076 4181 qua
2103 4109 2238 4164 solet
2269 4109 2403 4178 ignis
2432 4107 2714 4176 exstingui,
2741 4115 2796 4162 et
2823 4106 2942 4160 oleo
2985 4122 3088 4160 non
3139 4105 3544 4170 fcrvescentem,

1976 4219 2079 4270 quo
2105 4201 2238 4254 solet
2267 4200 2402 4268 ignis
2433 4198 2646 4254 accendi
2677 4240 2690 4263 ,
2719 4196 2839 4266 quia
2871 4196 2922 4270 in
2957 4205 3198 4266 promptu
3243 4193 3394 4250 nobis
3421 4203 3504 4249 est
3531 4236 3545 4258 ,

1979 4309 2082 4344 non
2115 4291 2403 4343 miramur?

1979 4381 2200 4434 CAPUT
2236 4380 2292 4432 V.
2326 4409 2356 4419 —-
2383 4407 2396 4418 -
2421 4381 2620 4444 Quanta
2645 4381 2741 4432 sint
2770 4395 2980 4446 quorum
3005 4379 3129 4430 ratio
3159 4386 3364 4444 nequeat
3394 4393 3552 4446 agno-

2050 4473 2120 4526 sci
2153 4475 2188 4536 ³,
2219 4483 2264 4524 ct
2291 4483 2452 4524 tanien
2483 4473 2656 4524 eadem
2679 4487 2790 4522 vera
2821 4486 2924 4522 csse
2947 4485 3044 4522 non
3076 4469 3140 4520 sit
3169 4467 3476 4536 ambiguum.

2053 4565 2101 4617 l.
2125 4563 2494 4616 Verumtamen
2522 4559 2762 4612 homines
2785 4558 3041 4622 infideles,
3070 4559 3156 4627 qui
3188 4559 3207 4588 ⁸
3233 4571 3351 4610 cum
3375 4553 3549 4609 divina

1981 4655 2062 4709 vel
2107 4653 2368 4724 praeterita
2409 4651 2490 4704 vel
2526 4649 2698 4702 futura
2740 4647 2990 4700 miracula
3025 4646 3403 4715 pra-dicamus,
3435 4660 3551 4714 quae

1985 4747 2087 4800 illis
2119 4742 2435 4814 experienda
2478 4755 2582 4794 non
2618 4739 2851 4793 valemus
2885 4737 3164 4792 ostendere
3194 4778 3206 4796 ,
3239 4736 3492 4789 rationem
3523 4747 3552 4784 a

1985 4839 2134 4894 nobis
2161 4851 2342 4892 earum
2371 4833 2608 4904 flagitant
2633 4846 2832 4896 rerum;
2853 4845 3007 4900 quam
3028 4828 3272 4898 quoniam
3301 4841 3402 4878 non
3429 4838 3554 4892 pos-

1986 4943 2167 4984 sumus
2189 4925 2411 4980 rcddere
2433 4921 2718 4997 (excedunt
2737 4921 2875 4975 enim
2898 4921 3034 4973 vires
3055 4919 3244 4971 mentis
3266 4911 3552 4982 humanae),

1987 5019 2284 5086 existimant
2317 5015 2448 5069 falsa
2472 5027 2592 5068 esse
2612 5027 2728 5082 qua:
2751 5011 3006 5073 dicimus;
3032 5007 3124 5075 ipsi
3152 5005 3218 5058 de
3246 5012 3320 5058 tot
3341 5001 3558 5056 mirabi-

1989 5111 2124 5165 libus
2153 5107 2332 5174 rebus,
2357 5121 2488 5177 quas
2511 5105 2596 5160 vel
2621 5105 2798 5158 videre
2825 5111 3105 5171 possumus
3126 5137 3140 5161 ,
3163 5096 3246 5150 vel
3275 5094 3516 5148 videntes
3540 5134 3557 5160 ,

1989 5202 2184 5258 debent
2231 5199 2454 5256 reddere
2495 5197 2771 5251 rationem.
2801 5193 2953 5260 Quod
3000 5191 3042 5244 si
3092 5187 3203 5244 fieri
3249 5188 3315 5241 ab
3343 5185 3558 5240 homine

1991 5313 2096 5350 non
2141 5308 2296 5365 posse
2335 5289 2683 5361 perviderint,
2721 5283 2989 5339 fatendum
3029 5291 3108 5336 est
3143 5279 3220 5336 eis
3245 5321 3260 5346 ,
3292 5293 3396 5332 non
3441 5277 3558 5332 ideo

1991 5387 2186 5456 aliquid
2213 5399 2314 5438 non
2343 5381 2503 5435 fuisse
2527 5420 2541 5444 ,
2569 5376 2650 5432 vel
2675 5375 2910 5429 futurum
2939 5389 3044 5426 non
3084 5385 3203 5424 esse
3225 5411 3238 5433 ,
3263 5369 3385 5437 quia
3415 5369 3552 5422 ratio

2060 5586 2075 5616 ³
2109 5581 2291 5631 Titulus
2308 5577 2472 5638 capitis
2487 5575 2639 5637 quinti
2657 5573 2849 5622 vitiatus
2869 5585 2915 5618 tu
2937 5577 3051 5618 ante
3071 5567 3223 5638 editis
3245 5569 3322 5638 sic_
3337 5566 3544 5614 habebat

1995 5627 2297 5706 Quint—trisne
2316 5627 2432 5700 qua:
2452 5627 2545 5686 ηὸη
2577 5641 2705 5684 recte
2745 5639 2917 5696 queant
2953 5627 3161 5694 agnosci.
3205 5631 3464 5690 castigatur
3504 5635 3558 5672 el

1996 5703 2344 5765 titanuscriptis.

2060 5770 2081 5798 ι
2115 5773 2180 5814 tta
2202 5755 2307 5812 Mss.
2335 5769 2388 5810 At
2412 5760 2556 5817 editi,
2580 5755 2763 5819 quibus.

2065 5827 2136 5896 (gl)
2169 5825 2360 5880 Plinius,
2385 5821 2466 5872 lib.
2491 5821 2569 5877 57,
2588 5818 2694 5880 Cap.
2717 5818 2788 5866 15.

2812 5857 3298 5976 (Πρω-κασίης.)
