4078 6482
575 355 675 413 ⁸715

577 470 697 522 inde
738 482 843 521 non
892 472 1066 535 potest
1107 458 1727 530 :chi;qaandoqnidem
1769 463 1892 512 sunt
1938 457 2037 511 ista
2076 455 2143 511 de

573 558 765 628 quibus
785 552 1029 610 similiter
1053 567 1154 606 non
1187 557 1376 621 potest.
1404 548 1514 603 Non
1537 549 1710 618 itaque
1734 561 1895 620 pergo
1917 560 2011 615 per
2030 545 2143 615 plu-

575 649 708 704 rima
731 660 850 719 quas
877 643 1119 700 mandata
1139 639 1485 704 suntlitteris,
1510 655 1614 695 non
1633 649 1778 709 gesta
1799 646 1956 708 atque
1974 646 2117 691 trans
2132 668 2144 679 α

574 749 690 796 acta
712 777 726 802 .
753 736 845 793 sed
876 737 927 791 in
956 734 1089 791 locis
1114 733 1407 804 quibusque
1437 731 1739 796 manentia;
1768 745 1872 799 quo
1914 731 1956 781 si
1994 726 2141 797 quis-

574 845 729 901 quam
753 829 831 884 ire
850 826 1076 882 voluerit
1094 835 1146 880 et
1171 823 1435 895 potuerit,
1463 831 1637 876 utrum
1666 834 1789 874 vera
1814 820 1940 885 sint,
1963 818 2145 887 explo-

575 923 712 977 rabit
737 963 753 988 ,
785 919 879 975 sed
919 932 1084 990 pauca
1113 928 1494 972 commemoro.
1526 911 1922 982 Agrigentinum
1951 908 2144 965 Sicilire

573 1005 741 1070 salem
771 1011 1053 1083 perhibent
1083 1027 1096 1064 :
1123 1023 1244 1087 cum
1278 1007 1433 1062 fuerit
1464 1005 1707 1059 admotus
1733 1003 1836 1074 igni
1862 1045 1875 1068 ,
1908 1002 2051 1057 velut
2090 1000 2143 1055 in

574 1121 710 1176 aqua
756 1104 1042 1164 ﬂuescerc;
1068 1114 1186 1155 cum
1232 1113 1361 1153 vero
1410 1097 1508 1166 ipsi
1548 1110 1696 1165 aqum
1721 1136 1736 1160 ,
1766 1095 1910 1148 velut
1943 1093 1994 1147 in
2025 1092 2146 1163 igue

574 1196 835 1266 crepitare
855 1194 951 1266 (a).
972 1190 1122 1262 Apud
1142 1189 1491 1245 Garamantas
1512 1186 1794 1257 quemdam
1821 1184 2015 1239 fontem
2040 1192 2145 1238 tam

578 1284 825 1356 frigidum
851 1283 1059 1348 diebus,
1089 1289 1147 1334 ut
1168 1295 1270 1333 non
1297 1278 1526 1341 bibatur;
1559 1288 1662 1330 tam
1693 1273 1950 1329 fervidum
1980 1271 2148 1328 nocti-

578 1378 718 1432 tibus
741 1415 759 1443 ,
785 1383 848 1431 ut
873 1390 976 1428 non
1005 1381 1249 1441 tangatur
1273 1367 1366 1442 (b).
1396 1368 1449 1422 ln
1476 1367 1637 1436 Epiro
1657 1367 1818 1420 alium
1844 1363 2063 1429 fontem,
2093 1364 2146 1416 in

577 1481 686 1536 quo
710 1465 873 1531 faces,
892 1471 947 1516 ut
972 1463 1024 1516 in
1050 1460 1276 1523 czeteris,
1295 1458 1697 1526 exstinguuntur
1720 1469 1959 1509 accensa:
1982 1471 1997 1520 ;
2029 1451 2145 1517 sed,

581 1570 685 1608 non
708 1563 765 1608 ut
781 1554 832 1607 in
852 1551 1080 1617 eat-teris,
1095 1548 1453 1604 accenduntur
1472 1546 1744 1602 exstinetre
1765 1542 1860 1617 (c).
1885 1544 2146 1599 Asheston

579 1643 821 1699 Arcadiae
842 1640 1069 1712 lapidein
1097 1648 1376 1708 propterea
1402 1637 1480 1692 sic
1506 1635 1707 1701 vocari,
1728 1633 1867 1704 quod
1895 1646 2151 1688 accensus

579 1735 745 1791 semel
768 1730 889 1803 jam‘
907 1750 1011 1787 non
1038 1732 1203 1804 possit
1225 1729 1485 1800 exstingui
1510 1729 1609 1799 (d).
1629 1728 1852 1796 Lignum
1878 1727 2149 1796 cujusdam

583 1828 712 1881 ﬁcus
735 1823 1017 1896 Egyptixe,
1047 1836 1151 1877 non
1181 1829 1238 1875 ut
1278 1821 1415 1890 ligna
1445 1827 1635 1873 caetera
1671 1822 1722 1871 in
1755 1817 1906 1886 aquis
1930 1826 2112 1871 natare
2135 1857 2149 1881 ,

578 1917 672 1972 scd
733 1915 937 1987 mergi;
981 1922 1036 1969 et
1078 1912 1218 1984 quod
1264 1921 1346 1966 est
1389 1910 1718 1975 mirabilius,
1759 1923 1879 1964 cum
1939 1909 1992 1964 iu
2046 1909 2153 1963 imo

578 2010 878 2082 aliquandiu
923 2008 1119 2071 fuerit,
1146 2006 1269 2060 inde
1306 2005 1371 2060 ad
1417 2018 1566 2073 aqua:
1595 2000 1926 2072 superﬁciem
1969 2017 2154 2057 rursus

578 2115 852 2172 emergere
873 2141 889 2168 ,
920 2097 1129 2167 quando
1156 2094 1503 2151 madefactum
1533 2093 1714 2147 dolmit
1755 2092 1990 2147 humoris
2020 2108 2153 2162 pon-

578 2194 709 2248 dere
732 2189 1047 2263 prtegravari
1085 2187 1365 2261 (e).-Poma
1393 2187 1444 2239 in
1476 2195 1614 2240 terra
1641 2184 1990 2240 Sodomorum
2012 2184 2153 2254 gigni

578 2285 813 2357 quidem,
831 2294 885 2340 et
907 2282 975 2338 ad
997 2280 1313 2336 maturitatis
1341 2279 1525 2333 faciem
1549 2277 1953 2347 pcrvenire;sed
1977 2291 2154 2331 morsu

580 2391 833 2447 prcssuve
874 2381 1109 2439 tentata,
1142 2372 1194 2426 in
1244 2371 1443 2425 fumum
1481 2384 1545 2424 ac
1580 2368 1808 2424 favillam
1854 2370 1999 2423 corio
2039 2367 2156 2422 l‘ati-

579 2474 761 2522 scente
776 2479 1060 2521 vanescere
1078 2462 1164 2535 (Γ).
1179 2463 1412 2535 Pyritcm
1436 2460 1663 2530 lapidem
1681 2461 1947 2514 Persicum
1970 2469 2156 2514 tenen-

581 2560 649 2613 tis
673 2573 885 2613 manum
913 2597 928 2620 ,
955 2556 997 2609 si
1024 2554 1390 2610 vehementius
1420 2561 1720 2623 prematur,
1752 2550 2003 2630 adurere,
2034 2566 2155 2621 pro-

581 2660 699 2720 pter
726 2650 866 2721 quod
896 2649 963 2703 ab
1000 2649 1120 2718 igne
1146 2661 1342 2700 nomen
1373 2644 1577 2714 accepit
1607 2642 1703 2716 (g).
1737 2643 1791 2696 In
1819 2642 2003 2697 eadem
2035 2643 2160 2697 Per-

583 2746 696 2800 side
720 2744 861 2815 gigni
891 2744 1050 2798 etiam
1082 2742 1308 2812 lapidem
1338 2741 1648 2807 Selenitem,
1677 2740 1826 2809 cujus
1853 2737 2157 2792 interiorem

582 2835 871 2891 candorem
910 2850 1030 2890 cum
1069 2833 1191 2888 luna
1234 2847 1476 2888 crescere
1511 2840 1670 2900 atque
1709 2830 1938 2887 deﬁcere
1970 2829 2071 2900 (Ιι).
2103 2827 2158 2883 ln

583 2925 914 2997 Cappadocia
938 2925 1097 2979 etiam
1128 2931 1287 2978 vento
1307 2938 1470 2993 equas
1497 2922 1778 2992 concipere
1798 2963 1811 2987 ,
1833 2921 2161 2990 easdemque

583 3018 722 3072 fetus
764 3030 869 3071 non
914 3015 1141 3085 amplius
1176 3013 1406 3070 triennio
1435 3014 1613 3068 vivere
1639 3012 1719 3086 (i).
1754 3012 1921 3085 Tylon
1953 3012 1968 3043 ¹
2000 3009 2161 3066 Indiae

588 3107 815 3163 insulam
841 3122 908 3162 eo
933 3106 1165 3177 prazl'erri
1193 3106 1401 3162 ueteris
1422 3104 1612 3172 terris,
1641 3102 1784 3175 quod
1809 3104 1982 3158 omnis
2003 3103 2163 3157 arbor

581 3215 700 3271 quze
728 3200 780 3254 in
810 3214 870 3256 ea
900 3199 1163 3270 gignitur,
1195 3212 1459 3269 nunquam
1498 3196 1725 3252 nudatur
1747 3194 1974 3265 tegmine
2011 3192 2161 3249 folio-

584 3309 698 3348 rum
721 3292 818 3363 (It).

652 3384 711 3442 2.
729 3358 827 3438 ille
855 3383 936 3437 his
967 3392 1126 3452 atque
1153 3380 1273 3435 aliis
1293 3377 1763 3434 innumerabilibus
1792 3377 2120 3432 mirabilibus
2142 3417 2157 3443 ,
2182 3358 2191 3365 ’

582 3491 700 3545 qua
727 3474 946 3529 historia
974 3488 1079 3528 non
1104 3471 1361 3527 factorum
1392 3478 1449 3525 et
1476 3479 1859 3525 transactorum
1882 3509 1898 3535 ,
1920 3468 2014 3524 sed
2045 3484 2128 3522 ma
2145 3496 2158 3504 -

585 3566 821 3621 nentium
860 3565 1098 3619 locorqu
1131 3572 1312 3629 tenet,
1341 3561 1468 3616 mihi
1508 3568 1684 3615 autem
1721 3558 1863 3615 aliud
1892 3559 2069 3630 agenti
2097 3574 2159 3614 ea

586 3655 832 3726 persequi
858 3655 1015 3711 nimis
1039 3654 1253 3724 longum
1283 3661 1385 3719 est,
1413 3651 1635 3734 reddant
1655 3652 1936 3718 rationem,
1964 3650 2011 3705 si
2040 3664 2161 3721 pos-

583 3757 728 3814 sunt,
750 3747 990 3804 inﬁdeles
1013 3746 1124 3813 isti,
1146 3746 1233 3816 qui
1261 3744 1445 3799 nolunt
1468 3742 1659 3798 divinis
1683 3740 1897 3798 Litteris
1919 3741 2157 3805 credere;

584 3841 710 3912 quid
731 3840 872 3895 aliud
890 3855 1047 3911 quam
1067 3854 1169 3893 non
1185 3847 1431 3909 putantes
1451 3850 1541 3890 eas
1559 3849 1679 3891 esse
1694 3834 1916 3900 divinas,
1938 3847 2003 3889 eo
2019 3833 2160 3904 quod

582 3945 671 3988 res
707 3929 939 3986 habeant
983 3928 1319 3984 incredibiles
1341 3969 1354 3993 ,
1384 3926 1550 3981 sicuti
1583 3925 1682 3980 hoc
1721 3933 1805 3981 est
1846 3923 1985 3979 unde
2022 3937 2163 3978 nunc

587 4020 816 4092 agimus.
846 4018 961 4075 Non
1000 4019 1140 4074 enim
1169 4017 1432 4083 admittit,
1456 4015 1728 4086 inquiunt,
1754 4014 1861 4069 ulla
1899 4013 2037 4067 ratio
2058 4054 2073 4079 ,
2107 4022 2161 4067 ut

584 4125 709 4165 caro
735 4109 933 4175 ardeat,
960 4124 1060 4164 nec
1084 4108 1411 4171 absumatur;
1439 4107 1633 4170 doleat,
1665 4120 1838 4176 neque
1863 4104 2157 4158 moriatur:

585 4199 988 4256 ratiocinatores
1012 4198 1257 4253 videlicet
1285 4196 1495 4266 magni,
1523 4196 1610 4265 qui
1637 4195 1704 4250 de
1732 4194 1980 4249 omnibus
2004 4194 2160 4250 rebus

583 4304 716 4359 quas
731 4303 852 4344 esse
874 4288 1141 4343 mirabiles
1156 4296 1384 4352 constat,
1412 4286 1613 4355 possint
1630 4284 1855 4340 reddere
1877 4285 2156 4339 rationem.

584 4378 826 4435 Reddam
852 4392 979 4449 ergo
1006 4378 1075 4433 de
1107 4377 1191 4432 his
1230 4375 1331 4449 (ι),
1354 4390 1472 4446 qua:
1509 4389 1672 4445 pauca
1711 4375 2013 4445 posuimus,
2042 4390 2159 4446 quae

583 4471 766 4543 procul
792 4470 954 4527 dubio
980 4471 1024 4525 si
1054 4485 1173 4526 esse
1198 4468 1467 4525 nescirent
1486 4508 1501 4534 ,
1532 4477 1586 4523 et
1617 4483 1677 4523 ea
1716 4467 1890 4521 futura
1918 4482 2040 4523 esse
2075 4467 2157 4523 di-

583 4551 847 4631 eieramus,
864 4563 1031 4619 multo
1061 4563 1233 4617 minus
1253 4560 1550 4626 crederent,
1575 4574 1731 4630 quam
1758 4558 1897 4629 quod
1925 4573 2065 4614 nunc
2080 4558 2163 4614 di-

583 4657 824 4712 centibus
835 4655 986 4711 nobis
1002 4655 1184 4709 nolunt
1197 4652 1413 4709 credere
1428 4650 1710 4723 aliquando
1726 4650 2161 4718 venturum.Quis

583 4749 725 4804 enim
747 4763 927 4803 eorum
954 4747 1108 4802 nobis
1135 4746 1378 4801 crederet
1400 4785 1414 4809 ,
1439 4745 1517 4813 si,
1540 4741 1984 4815 quemadmodum
2023 4741 2157 4797 dici-

586 4856 702 4896 mus
729 4838 902 4894 i‘utura
924 4838 1195 4894 hominum
1222 4838 1339 4891 viva
1360 4849 1606 4905 corpora,
1633 4850 1750 4906 qua:
1772 4846 1983 4904 semper
2003 4847 2159 4888 arsu-

647 4999 663 5068 ξ
700 4995 951 5068 malum
968 4991 1325 5068 ,τιιηιοης

665 5059 718 5118 α)
750 5055 940 5118 Plinius,
968 5055 1052 5104 lib.
1079 5056 1159 5114 51,
1179 5055 1345 5118 cap.7.

669 5072 695 5107 rt
750 5059 940 5115 Plinius,
968 5059 1052 5104 lib.
1079 5059 1159 5114 51,
1179 5059 1345 5118 cap.7.

669 5059 816 5190 bis!-
850 5117 1240 5190 llP-§'°“l’-.5.:-
1376 5184 1403 5190 _
1452 5188 1476 5190 η
1526 5187 1540 5190 _
1801 5175 1831 5190 ..

668 5172 716 5290 ri]
747 5179 814 5228 ιη.
850 5178 936 5252 lib.
961 5178 1007 5230 2.
1028 5172 1133 5239 cap.
1158 5177 1259 5231 105,
1286 5190 1348 5227 ex
1375 5175 1628 5237 Pomponio
1645 5174 1780 5235 Mala,
1801 5175 1887 5229 lib.
1909 5175 1959 5238 2,
1982 5186 2086 5236 cap.
2105 5172 2151 5222 5.

699 5240 727 5304 λ)
763 5240 829 5304 1d.
848 5238 939 5304 lib.
968 5239 1050 5304 ζῇ,
1072 5252 1176 5301 cap.
1189 5238 1279 5304 _l0.

670 5300 718 5349 θ’
753 5301 821 5349 Id.
848 5300 931 5349 lib.
962 5300 1035 5358 l3,
1059 5312 1162 5362 (mp.
1188 5301 1238 5347 7.

672 5301 997 5433 Ῑζ-δοξεμιιςρ,
1022 5361 1259 5433 lj.b._§,de
1282 5359 1415 5433 bello
1454 5358 1582 5419 Jud.,
1606 5371 1711 5423 cap.
1735 5358 1799 5422 8;
1820 5358 2024 5417 Solinus,
2047 5368 2150 5419 cap.

591 5419 678 5470 ωε
700 5419 906 5470 ‘l‘acitu's.
931 5419 1015 5470 lib.
1032 5422 1063 5470 5
1095 5424 1232 5470 tlist..
1249 5434 1354 5470 can.
1378 5423 1407 5470 7

646 5435 678 5477 li
715 5422 1232 5543 rictiiliii’sfliiifslifcii’
1249 5434 1365 5542 lxii),
1385 5439 1437 5532 lsi
1450 5480 1535 5530 lib.
1551 5483 1632 5543 57,
1654 5494 1761 5546 cap.
1790 5482 1865 5531 tt.

669 5495 701 5613 ἦ
746 5543 918 5617 td..lib.
940 5545 1018 5603 57,
1045 5557 1101 5595 ea
1135 5579 1148 5592 .
1176 5498 1248 5594 ill).
1400 5606 1410 5615 .
1567 5606 1576 5616 .
1618 5605 1629 5616 ν
1788 5572 1821 5615 ,η

674 5608 712 5665 2)
736 5603 937 5676 Solinus,
962 5619 1067 5668 cap.
1206 5606 1322 5655 vide
1346 5613 1492 5654 etiam
1516 5604 1732 5677 Plinium,
1766 5602 1849 5652 hb.

677 5666 728 5727 k)
763 5664 953 5727 Plinms,
978 5666 1060 5717 lib.
1092 5666 1164 5727 12,
1197 5680 1300 5727 cap.
1336 5668 1410 5715 11.
1435 5665 1574 5727 Tylos
1594 5665 1748 5716 insula
1775 5672 1851 5715 est

645 5058 668 5422 ἓ

674 5543 723 5613 ξι)
746 5543 918 5617 111111).
940 5545 1018 5603 57,
1045 5557 1151 5653 cap.
1176 5543 1256 5619 10..
1400 5606 1410 5615 ι
1567 5606 1576 5616 ι
1618 5605 1629 5616 ,
1715 5543 1727 5546 ⁷
1788 5572 1821 5615 ,η

674 5608 712 5668 t)
736 5603 937 5668 Solinus,
962 5619 1067 5668 cap.
1091 5623 1169 5668 .9.
1206 5606 1322 5655 Vide
1346 5604 1732 5668 etiam_thum,
1766 5602 1849 5652 lib.
1873 5601 1923 5668 8,
1942 5614 2047 5663 cap.
2073 5600 2150 5650 42.

662 5664 728 5738 Ut)
763 5664 953 5728 Plinius,
978 5664 1060 5717 lib.
1092 5666 1164 5727 12,
1197 5680 1300 5729 cap.
1336 5668 1410 5715 11.
1435 5665 1574 5730 Tylos
1594 5665 1748 5716 insula
1775 5672 1851 5715 est
1871 5667 2007 5714 sinus
2039 5670 2153 5711 Per-

598 5766 610 5779 ·
632 5742 707 5849 ίτί)
738 5788 955 5849 Subandi,
979 5788 1225 5839 rationem.

1621 338 1704 393 DE
1745 334 2059 390 UYlTATE
2101 332 2230 400 DEI,
2272 335 2327 400 S,
2369 334 2727 394 ΑυϐυδτιΝι

3662 366 3667 371 ’
3713 354 3813 413 716

2254 471 2312 510 ra
2341 465 2499 527 atque
2524 457 2773 526 dolitura,
2796 473 2892 515 nec
2914 468 3087 516 tamen
3109 459 3389 532 aliquando
3414 462 3667 520 moritura
3687 466 3812 534 sint,

2247 547 2316 600 ita
2347 545 2644 603 diceremus
2669 549 2723 604 in
2750 547 2928 604 futuro
2951 552 3148 605 saeculo
3176 553 3403 608 futurum
3428 554 3591 609 salem
3612 596 3627 620 ,
3657 571 3812 625 quem

2245 634 2453 692 faceret.
2468 638 2601 708 ignis
2627 638 2774 694 velut
2798 639 2850 693 in
2880 654 3014 709 aqua
3041 639 3296 696 lluescere
3316 684 3332 710 ,
3360 643 3711 715 eumdemque
3733 643 3815 699 fa-

2246 735 2391 782 ceret
2431 742 2564 799 aqua
2618 728 2763 784 velut
2815 729 2865 783 in
2917 730 3037 801 igne
3074 733 3363 801 crepitare;
3419 744 3516 788 aut
3582 732 3815 792 futurum

2247 815 2466 885 fontem,
2497 817 2647 888 cujus
2685 833 2816 889 aqua
2861 818 2914 874 in
2966 818 3240 891 refrigerio
3279 822 3452 877 noctis
3482 822 3561 879 sic
3608 824 3813 893 ardeat,

2248 917 2303 963 ut
2329 924 2433 963 non
2465 910 2630 980 possit
2668 911 2840 982 tangi;
2869 912 2923 967 in
2949 912 3167 969 testibus
3190 925 3317 970 vero
3345 912 3449 970 diei
3488 915 3566 970 sic
3608 916 3777 987 algeat
3797 959 3813 985 ,

2250 1007 2306 1054 ut
2330 998 2437 1054 bibi
2467 1015 2570 1054 non
2592 1000 2791 1071 possit;
2818 1010 2911 1058 aut
2934 1001 3166 1058 futurum
3193 1003 3445 1075 lapidem,
3475 1007 3556 1062 vel
3581 1022 3706 1062 eum
3729 1009 3816 1079 qui

2248 1104 2347 1145 suo
2373 1090 2551 1146 calore
2579 1107 2791 1147 manum
2831 1094 3245 1166 constringentis
3272 1094 3523 1152 adureret
3540 1137 3554 1162 ,
3588 1096 3671 1154 vel
3697 1113 3816 1155 eum

2249 1184 2337 1252 qui
2369 1181 2733 1255 undecumque
2760 1200 3012 1241 accensus
3034 1188 3295 1258 exstingui
3315 1190 3533 1245 omnino
3560 1205 3666 1247 nou
3697 1206 3820 1262 pos-

2251 1283 2348 1336 set,
2378 1283 2430 1327 et
2454 1283 2647 1329 cmtera
2673 1291 2791 1347 quae
2817 1277 3185 1347 prmtermissis
3214 1280 3333 1336 aliis
3357 1280 3648 1336 innumeris
3674 1296 3819 1337 com-

2252 1366 2593 1419 memoranda
2640 1366 2847 1421 inte'im
2886 1367 3190 1424 duxi?Hzec
3229 1385 3357 1441 ergo
3385 1371 3437 1425 in
3473 1373 3564 1428 illo
3585 1372 3818 1439 saeculo,

2250 1454 2391 1525 quod
2420 1454 2649 1511 futurum
2675 1465 2777 1524 est,
2808 1458 2853 1513 si
2881 1458 3179 1515 diceremus
3205 1460 3377 1517 futura
3402 1504 3417 1530 ,
3450 1463 3711 1535 nobisque
3741 1465 3817 1518 in-

2252 1543 2451 1599 creduli
2497 1545 2912 1615 responderent,
2942 1547 2999 1603 Si
3029 1549 3188 1604 vultis
3229 1559 3285 1606 ttt
3323 1566 3385 1606 ea
3410 1552 3693 1608 credamus
3715 1594 3730 1617 ,
3759 1553 3821 1609 de

2252 1634 2472 1704 singulis
2510 1636 2714 1691 reddite
2752 1637 3011 1692 rationem
3047 1656 3060 1692 :
3091 1653 3187 1693 nos
3217 1656 3320 1695 non
3346 1655 3505 1713 posse
3540 1643 3821 1698 conﬁtere-

2256 1738 2393 1788 mur,
2421 1739 2486 1779 eo
2509 1725 2648 1795 quod
2678 1725 2793 1780 istis
2821 1736 2875 1781 et
2899 1728 3159 1785 similibus
3180 1729 3274 1784 Dei
3300 1731 3447 1785 miris
3467 1732 3721 1801 cperibus
3746 1732 3819 1787 in-

2257 1816 2403 1870 ﬁrma
2432 1817 2731 1872 mortalium
2756 1819 3087 1876 ratiocinatio
3108 1822 3440 1888 vinceretur;
3468 1822 3624 1878 ﬁxam
3651 1832 3826 1881 tamen

2257 1906 2394 1975 apud
2424 1922 2522 1961 nos
2564 1922 2683 1963 esse
2726 1909 3018 1977 rationem,
3049 1926 3152 1966 non
3189 1912 3304 1967 sine
3342 1913 3549 1969 ratione
3571 1913 3821 1986 Omnipo-

2259 2003 2454 2051 tentem
2481 1997 2682 2065 facere,
2707 2000 2849 2056 unde
2873 2001 3079 2056 animus
3106 2001 3368 2058 humanus
3397 2004 3641 2061 inﬁrmus
3668 2007 3820 2063 ratio-

2259 2103 2378 2141 nem
2422 2104 2528 2143 non
2560 2099 2733 2161 potest
2775 2093 3034 2148 reddere:
3061 2102 3115 2150 et
3148 2095 3200 2149 in
3226 2096 3411 2151 multis
3431 2098 3647 2168 quidem
3674 2099 3825 2157 rebus

2260 2178 2517 2235 incertum
2543 2182 2697 2237 nobis
2722 2199 2841 2240 esse
2863 2185 2987 2255 quid
3018 2186 3169 2252 velit;
3200 2187 3330 2242 illud
3352 2197 3526 2244 tamen
3557 2204 3677 2245 esse
3719 2206 3826 2247 eer-

2262 2269 2542 2337 tissimum,
2570 2273 2699 2328 nihil
2726 2289 2908 2330 eorum
2935 2276 3012 2331 illi
3037 2291 3157 2332 esse
3182 2278 3506 2348 impossibile
3528 2321 3544 2347 ,
3566 2296 3827 2351 quzeeum-

2260 2376 2363 2432 que
2408 2363 2635 2420 voluerit
2662 2385 2675 2421 :
2703 2365 2857 2437 eique
2900 2383 2997 2422 nos
3038 2368 3256 2425 credere
3296 2371 3601 2440 praedicenti
3628 2415 3644 2441 ,
3675 2389 3826 2444 quem

2262 2467 2433 2524 neque
2492 2455 2868 2527 impotentem,
2921 2474 3092 2530 neque
3147 2461 3491 2518 mentientem
3551 2478 3831 2534 possumus

2262 2543 2501 2601 credere.
2542 2546 2603 2601 lli
2647 2555 2822 2603 tamen
2868 2549 2986 2605 ﬁdei
3031 2550 3477 2620 reprehensores,
3530 2564 3830 2608 exactores-

2262 2652 2366 2708 que
2414 2637 2665 2704 rationis,
2696 2640 2821 2709 quid
2870 2641 2937 2696 ab
2986 2641 3085 2695 ista
3122 2636 3484 2713 respondent,
3537 2643 3606 2699 de
3647 2644 3832 2715 quibus

2264 2729 2398 2783 ratio
2439 2728 2586 2784 reddi
2627 2732 2695 2785 ab
2733 2730 2946 2788 homine
2983 2748 3087 2787 non
3126 2718 3409 2804 potest,et
3459 2746 3634 2791 tamen
3679 2746 3832 2804 sunt,

2264 2827 2316 2871 et
2358 2817 2455 2887 ipsi
2503 2821 2693 2875 rationi
2725 2832 2925 2877 natura:
2952 2822 3195 2879 videntur
3225 2838 3345 2881 esse
3374 2826 3688 2882 contraria?
3713 2827 3834 2895 Qua:

2262 2911 2305 2965 si
2338 2910 2507 2965 futura
2531 2926 2649 2965 esse
2676 2912 2973 2969 diceremus
2995 2956 3008 2979 ,
3038 2915 3281 2972 similiter
3304 2932 3335 2971 a
3373 2917 3558 2985 nobis,
3582 2918 3724 2974 sicut
3757 2933 3834 2975 eo

2263 3014 2380 3053 rum
2425 3015 2541 3071 qum
2588 3000 2761 3058 futura
2802 3018 2923 3059 esse
2959 3003 3220 3073 dicimus,
3251 3005 3319 3061 ab
3357 3007 3662 3064 inﬁdelibus
3708 3011 3836 3064 ratio

2264 3103 2589 3164 posceretur.
2622 3097 2699 3151 Ac
2731 3111 2826 3166 per
2849 3097 2951 3152 hoc
2971 3139 2987 3166 ,
3016 3113 3136 3153 cum
3172 3099 3224 3154 in
3256 3099 3446 3155 talibus
3471 3102 3726 3172 operibus
3750 3103 3837 3159 Dei

2263 3183 2475 3241 deﬁciat
2512 3189 2647 3242 ratio
2674 3187 2850 3243 cordis
2890 3198 2945 3245 et
2982 3192 3244 3247 sermonis
3282 3192 3536 3260 humani,
3558 3195 3702 3250 sicut
3744 3195 3837 3251 ista

2266 3293 2370 3334 non
2392 3279 2514 3336 ideo
2538 3295 2642 3334 non
2671 3290 2795 3337 sunt
2816 3324 2831 3349 ,
2854 3282 2931 3337 sic
2954 3297 3060 3340 non
3086 3282 3206 3340 ideo
3225 3285 3383 3340 etiam
3406 3285 3492 3341 illa
3512 3302 3620 3342 non
3648 3296 3802 3343 erunt
3817 3327 3835 3354 ,

2262 3371 2512 3508 quggiam
2553 3373 2689 3427 ratio
2729 3371 2797 3428 de
2849 3374 3086 3446 utrisque
3128 3374 3198 3432 ab
3243 3375 3459 3433 homine
3511 3393 3619 3433 non
3667 3386 3852 3451 potest

2265 3469 2322 3508 re
2400 3471 2436 3508 ι.

2265 3469 2436 3508 rem".

2264 3563 2487 3620 CAPUT
2509 3563 2595 3620 Vl.
2615 3594 2689 3606 —
2710 3565 2859 3635 Quod
2880 3582 2981 3621 non
2997 3568 3166 3621 omnia
3179 3567 3423 3624 miracula
3442 3570 3701 3625 naturalia
3719 3571 3838 3635 sint,

2335 3656 2421 3711 sed
2444 3659 2680 3729 pleraque
2706 3657 2928 3712 huutano
2955 3658 3154 3730 ingenio
3175 3659 3482 3731 modiﬁcata,
3501 3660 3745 3732 pleraque
3759 3678 3839 3715 ou-

2337 3755 2432 3799 lem
2460 3746 2749 3802 dwntonum
2774 3757 2881 3802 arte
2906 3750 3204 3820 composita.

2338 3863 2389 3915 1.
2428 3861 2527 3917 Hic
2570 3862 2703 3918 forte
2746 3863 3134 3934 respondeant,
3157 3864 3385 3921 Prorsus
3410 3881 3510 3922 nec
3537 3866 3640 3922 ista
3680 3877 3837 3931 sunt,

2266 3969 2362 4008 nec
2388 3954 2487 4009 ista
2513 3955 2800 4021 credimus,
2836 3955 2963 4011 falsa
2984 3956 3053 4013 de
3079 3956 3163 4013 his
3189 3957 3351 4022 diela,
3383 3958 3510 4013 falsa
3541 3962 3842 4030 conscripta

2264 4053 2496 4111 sunt;et
2533 4045 2782 4116 adjiciam
2824 4046 3233 4114 ratiocinantes,
3265 4058 3426 4119 atque
3473 4051 3754 4118 dicentes,
3785 4053 3838 4107 Si

2265 4137 2385 4192 talia
2413 4137 2674 4193 credenda
2706 4148 2863 4205 sunt,
2902 4138 3106 4195 credite
3145 4148 3200 4195 et
3225 4155 3322 4195 vos
3350 4141 3489 4211 quod
3532 4142 3586 4197 in
3614 4144 3841 4199 ’easdem

2265 4226 2466 4284 litteras
2491 4237 2570 4283 est
2596 4228 2817 4284 relatum
2837 4271 2852 4295 ,
2880 4227 3042 4285 fuisse
3065 4230 3148 4286 vel
3177 4246 3298 4286 esse
3323 4231 3588 4301 quoddam
3620 4234 3841 4289 Veneris

2264 4319 2462 4387 fanum,
2489 4328 2643 4389 atque
2671 4319 2743 4375 ibi
2770 4321 3171 4387 candelabrum,
3193 4331 3246 4376 et
3270 4322 3320 4375 in
3350 4337 3417 4376 eo
3442 4321 3721 4378 lucernam
3745 4325 3843 4379 sub

2262 4409 2385 4465 divo
2407 4410 2483 4464 sic
2502 4409 2796 4479 ardentem,
2824 4418 2882 4464 ut
2898 4425 3015 4465 eam
3047 4411 3191 4466 nulla
3218 4420 3522 4482 tempestas,
3541 4412 3722 4468 nullus
3747 4414 3842 4467 im-

2264 4500 2359 4555 ber
2384 4501 2763 4571 exstingueret,
2796 4499 2936 4554 unde
2964 4499 3105 4556 sicut
3130 4502 3218 4558 ille
3242 4501 3376 4571 lapis
3401 4542 3417 4568 ,
3450 4503 3521 4557 ita
3549 4502 3651 4558 ista
3682 4510 3840 4573 lupo;

2261 4596 2496 4659 ἄσϐεστος,
2516 4590 2568 4645 id
2588 4598 2690 4656 est,
2715 4590 2931 4645 lucerna
2955 4590 3418 4661 inexstinguibilis,
3441 4592 3718 4648 nominata
3738 4605 3839 4648 est.

2261 4680 2408 4747 Quod
2440 4691 2717 4751 propterea
2746 4688 2993 4749 poterunt
3027 4681 3207 4737 dicere
3233 4721 3247 4747 ,
3275 4691 3334 4736 ιιι
3361 4683 3723 4753 respondendi
3745 4699 3844 4739 no-

2261 4774 2343 4830 bis
2383 4774 2649 4845 angustias
2693 4774 2935 4844 ingerant
2966 4792 2981 4829 :
3009 4775 3130 4845 quia
3161 4775 3204 4828 si
3246 4774 3539 4829 dixerimus
3576 4791 3689 4830 non
3724 4789 3845 4830 esse

2260 4864 2581 4921 credendum
2607 4907 2621 4930 ,
2653 4866 2851 4936 scripta
2877 4866 2965 4920 illa
2994 4866 3369 4921 miraculorum
3410 4866 3804 4924 inﬁrmabimus
3828 4885 3842 4931 ;

2261 4956 2304 5011 si
2333 4965 2509 5011 autem
2541 4956 2863 5011 credendum
2889 4972 3008 5011 esse
3037 4958 3478 5025 concesserimus,
3508 4958 3847 5013 conﬁrmabi-

2259 5062 2379 5103 mus
2403 5048 2614 5102 numina
2641 5064 2984 5119 paganorum.
3007 5049 3111 5105 Sed
3135 5064 3232 5105 nos
3253 5091 3268 5112 ,
3298 5051 3435 5105 sicut
3454 5050 3565 5122 jam
3602 5052 3663 5106 in
3707 5052 3848 5106 libro

2258 5140 2685 5210 duodevigesimo
2701 5139 2854 5210 hujus
2871 5142 3045 5211 operis
3055 5140 3161 5196 dixi
3184 5142 3437 5213 (cap.18),
3457 5156 3564 5197 non
3581 5142 3849 5197 habemus

2259 5247 2477 5288 necesse
2502 5233 2677 5286 omnia
2694 5232 2913 5287 credere
2932 5248 3052 5302 qum
3073 5234 3311 5287 continet
3336 5233 3554 5288 historia
3575 5235 3849 5304 gentium,

2258 5337 2375 5376 cum
2414 5331 2467 5377 et
2501 5321 2598 5391 ipsi
2637 5321 2776 5377 inter
2814 5336 2874 5376 se
2906 5321 3181 5388 historici,
3207 5322 3437 5377 sicutait
3458 5322 3665 5389 Varro,
3691 5325 3849 5395 quasi

2257 5413 2374 5471 data
2435 5427 2593 5482 opera
2639 5420 2694 5467 et
2734 5412 2885 5482 quasi
2936 5429 3000 5468 ex
3068 5412 3326 5468 industria
3374 5429 3469 5484 per
3521 5415 3851 5481 multadis-

2257 5502 2524 5567 sentiant;
2553 5501 2644 5556 sed
2670 5518 2730 5557 ea
2751 5544 2766 5568 ,
2800 5503 2842 5557 si
2872 5503 3114 5557 volumus
3131 5545 3146 5571 ,
3172 5504 3438 5560 credimus
3462 5521 3578 5576 qure
3604 5521 3720 5561 non
3748 5507 3849 5562 ad-

2258 5603 2533 5649 versantur
2567 5592 2713 5647 libris
2740 5635 2754 5657 ,
2777 5593 2967 5663 quibus
2998 5609 3102 5649 non
3129 5592 3434 5651 dubitamus
3461 5604 3719 5665 Oportere
3746 5613 3850 5653 nos

2254 5680 2493 5739 credere.
2529 5683 2601 5737 De
2641 5682 2724 5737 his
2761 5693 2935 5738 autem
2975 5685 3559 5750 miraculorum'locis,
3586 5686 3755 5741 nobis
3783 5687 3852 5742 ad

2264 5790 2325 5830 ea
2362 5791 2479 5846 qua:
2527 5774 2696 5829 futura
2728 5776 3043 5845 persuadere
3072 5777 3357 5833 incredulis
3398 5776 3643 5834 volumus
3668 5821 3684 5848 ,
3715 5779 3851 5836 satis
