4078 6478
226 370 333 431 'If'!

228 487 315 542 illa
347 482 629 539 sufﬁciunt
650 523 668 551 ,
694 495 815 554 qua:
840 493 940 536 nos
971 491 1210 549 quosque
1240 491 1523 550 possumus
1544 478 1815 550 experiri,

226 586 284 633 et
307 588 499 633 eorum
524 582 694 631 testes
724 574 946 629 idoneos
970 586 1074 627 non
1098 571 1319 626 difficile
1342 579 1426 626 est
1455 570 1718 626 invenire.
1746 571 1820 625 De

228 669 332 724 isto
374 677 560 723 autem
604 664 735 723 fano
756 664 981 720 Veneris
1008 670 1065 718 et
1100 662 1315 719 lucerna
1358 663 1770 734 inexstinguibili
1803 705 1817 731 ,

229 774 335 814 non
376 760 554 815 solum
607 758 660 812 in
710 757 883 812 nullas
922 764 1259 811 coarctamur
1299 757 1571 826 angustias
1596 797 1610 820 ,
1635 770 1819 810 verum

226 852 392 907 etiam
441 850 742 906 latitudinis
789 849 944 903 nobis
995 861 1216 917 campus
1252 848 1509 917 aperitur.
1563 846 1822 901 Addimus

224 942 372 998 enim
395 941 463 996 ad
494 942 651 995 istam
672 941 942 995 lucernam
963 938 1468 1009 inexstinguibilem,
1496 938 1824 994 cthumana-

228 1050 346 1087 rum
379 1042 438 1088 et
478 1033 803 1101 magicarum
826 1072 842 1097 ,
876 1030 925 1084 id
967 1037 1051 1085 est
1093 1046 1186 1099 per
1224 1031 1469 1085 homines
1509 1030 1826 1086 daemonica-

228 1141 348 1179 rnm
398 1126 412 1156 ¹
454 1125 651 1178 artium
676 1166 689 1189 ,
717 1132 773 1178 et
806 1124 1043 1194 ipsorum
1087 1137 1184 1192 per
1231 1137 1290 1177 se
1335 1123 1479 1192 ipsos
1520 1123 1824 1178 dremonum

230 1218 402 1270 multa
452 1217 707 1270 miracula
742 1232 754 1268 :
783 1231 902 1285 qute
941 1215 984 1268 si
1025 1230 1222 1285 negare
1252 1214 1581 1270 voluerimus
1611 1256 1624 1280 ,
1653 1216 1826 1270 eidem

232 1310 335 1380 ipsi
363 1311 453 1368 cui
481 1309 751 1364 credimus
775 1323 1048 1363 saerarum
1077 1308 1398 1362 Litterarmn
1428 1308 1829 1363 adversahimur

234 1403 470 1458 veritati.
507 1404 610 1457 Aut
638 1417 766 1472 ergo
795 1402 845 1455 in
876 1401 1092 1457 lucerna
1124 1401 1209 1456 illa
1240 1401 1603 1456 mechanicum
1632 1402 1828 1473 aliquid

235 1497 303 1553 de
343 1497 524 1566 lapide
561 1496 774 1552 asbesto
812 1511 900 1551 ars
946 1495 1174 1549 humana
1215 1496 1399 1551 molita
1440 1504 1563 1564 est,
1587 1506 1679 1551 aut
1715 1506 1830 1551 arte

238 1590 449 1659 magica
476 1586 674 1642 factum
702 1596 785 1642 est
806 1629 820 1652 ,
852 1586 993 1657 quod
1027 1586 1270 1640 homines
1300 1587 1392 1641 illo
1418 1587 1739 1642 mirarentur
1777 1588 1829 1642 in

239 1680 445 1751 templo
470 1721 485 1740 ,
510 1686 603 1733 attt
645 1678 853 1733 daemon
900 1677 1159 1748 quispiam
1204 1676 1306 1732 sub
1350 1678 1565 1733 nomine
1608 1677 1832 1732 Veneris

240 1782 391 1828 tanta
416 1787 477 1827 se
498 1771 733 1827 efﬁcacia
760 1770 1118 1841 prmsentavit,
1148 1779 1206 1825 ttt
1232 1769 1334 1826 hoc
1359 1770 1427 1825 ibi
1457 1770 1751 1841 prodigium
1779 1779 1832 1826 et

240 1872 532 1934 appareret
561 1862 883 1926 hominibus,
916 1869 969 1916 et
994 1861 1192 1915 diutius
1220 1872 1558 1931 permaneret
1588 1861 1685 1932 (a).
1716 1862 1831 1917 Illi-

243 1955 463 2011 ciuntur
497 1962 674 2009 autem
718 1952 990 2008 daemones
1026 1951 1091 2007 ad
1123 1952 1521 2007 inhabitandam
1565 1969 1662 2025 per
1695 1967 1837 2008 crea-

243 2057 396 2103 turas
423 2090 438 2114 ,
464 2062 597 2118 quas
624 2062 729 2101 non
761 2045 860 2115 ipsi
886 2084 899 2109 ,
924 2043 1018 2100 sed
1050 2045 1188 2099 Deus
1223 2044 1461 2100 condidit
1481 2087 1495 2112 ,
1517 2044 1838 2101 delectabili-

242 2140 349 2195 bus
374 2155 468 2209 pro
490 2156 583 2195 sua
604 2139 913 2195 diversitate
934 2138 1181 2203 diversis,
1206 2153 1310 2194 non
1334 2148 1387 2193 ttt
1410 2139 1656 2194 animalia
1679 2140 1832 2206 cibis,

244 2233 341 2292 sed
365 2241 423 2286 ut
443 2233 665 2302 spiritus
685 2232 848 2303 signis
872 2273 886 2297 ,
919 2248 1038 2302 qua:
1064 2231 1319 2301 cujusque
1351 2228 1688 2286 delectationi
1716 2246 1837 2286 con.

244 2333 480 2395 gruum,
505 2338 605 2394 per
639 2324 782 2377 varia
812 2338 1007 2394 genera
1043 2322 1276 2392 lapidum
1302 2363 1316 2386 ,
1340 2321 1654 2389 herbarum,
1678 2322 1839 2393 ligno-

245 2432 371 2473 rum
401 2456 417 2481 ,
443 2416 755 2471 anima-lium
783 2457 799 2482 ,
824 2415 1118 2470 carminum
1144 2455 1161 2480 ,
1202 2414 1401 2469 rituum
1426 2413 1522 2483 (b).
1549 2412 1618 2470 Ut
1660 2424 1836 2470 autem

249 2508 535 2562 illiciantur
575 2505 644 2561 ab
695 2507 994 2561 hominibus
1020 2547 1035 2570 ,
1059 2506 1204 2575 prius
1251 2519 1345 2560 eos
1385 2504 1484 2575 ipsi
1514 2506 1836 2561 astutissima

247 2598 541 2654 calliditate
573 2596 868 2664 seducunt,
891 2596 975 2652 vel
1021 2595 1331 2666 inspirando
1366 2611 1551 2652 eorum
1586 2597 1838 2654 cordibus

247 2692 397 2748 virus
430 2692 700 2748 occultum
724 2731 742 2758 ,
769 2690 853 2746 vel
897 2690 1057 2745 etiam
1097 2689 1373 2745 fallacibus
1411 2689 1660 2745 amicitiis
1684 2706 1840 2761 appa~

247 2783 421 2838 rendo
441 2825 458 2851 ,
484 2796 782 2852 eorumque
812 2796 1006 2852 paucos
1025 2780 1317 2851 discipulos
1339 2795 1466 2836 suos
1489 2780 1709 2847 faciunt,
1733 2782 1841 2852 plu-

246 2875 615 2944 ritnorumque
634 2873 897 2928 doctores.
918 2872 1097 2942 Neque
1117 2873 1258 2926 enim
1280 2874 1467 2942 potuit,
1491 2872 1590 2927 nisi
1615 2874 1839 2945 primum

248 2964 384 3035 ipsis
401 2964 752 3030 docentibus,
780 2963 911 3018 disci
937 2963 1062 3032 quid
1087 2962 1313 3033 quisque
1344 2962 1552 3018 illorum
1586 2972 1800 3034 appetat
1820 3004 1835 3029 ,

246 3055 378 3125 quid
402 3054 690 3109 exhorreat
713 3093 729 3115 .
754 3069 860 3124 quo
887 3052 1140 3107 invitetur
1165 3053 1380 3106 nomine
1404 3090 1421 3117 ,
1445 3065 1552 3121 quo
1570 3062 1789 3123 cogatur
1821 3071 1835 3108 :

247 3146 394 3201 unde
421 3145 638 3217 magica:
659 3155 801 3201 artes
816 3159 1102 3214 earumque
1120 3143 1354 3198 artiﬁces
1376 3144 1710 3199 exstiterunt.
1731 3144 1841 3201 Ma-

249 3236 399 3292 xime
410 3244 587 3291 autem
598 3235 874 3306 possident
885 3235 1045 3289 corda
1064 3234 1490 3302 mortalium,qua
1506 3234 1835 3303 potissimum

250 3327 591 3398 possessione
605 3327 1053 3395 gloriantur,cum
1076 3339 1132 3380 se
1147 3325 1584 3395 transﬁgurantin
1608 3325 1839 3397 Angelos

252 3421 388 3475 lucis
409 3418 476 3491 (ll
489 3418 609 3475 Cor.
627 3418 962 3490 xt,l£).Sunt
979 3431 1106 3486 ergo
1123 3416 1255 3472 facta
1273 3430 1454 3471 eorum
1474 3416 1840 3487 plurima,qute

250 3521 456 3581 quanto
501 3511 669 3580 magis
726 3508 988 3563 mirabilia
1030 3506 1388 3573 conﬁtemur,
1443 3515 1589 3560 tanto
1634 3508 1841 3562 cautius

253 3606 425 3660 vitare
444 3604 721 3659 debemus.
749 3600 853 3658 Sed
877 3600 942 3656 ad
970 3600 1072 3655 hoc
1094 3600 1235 3654 ttnde
1263 3614 1401 3653 nunc
1426 3600 1631 3668 agimus
1647 3638 1664 3665 ,
1684 3598 1841 3655 nobis

250 3698 418 3752 etiam
449 3696 559 3765 ipsa
589 3694 889 3765 proﬁciunt.
919 3694 973 3747 Si
994 3692 1134 3746 enim
1156 3690 1271 3765 haec
1289 3689 1543 3745 immundi
1569 3690 1842 3745 dmmones

254 3764 525 3857 possunt,
580 3764 779 3855 quanto
831 3783 1160 3855 potentiores
1213 3764 1337 3836 sunt
1386 3781 1553 3835 sancti
1603 3780 1838 3850 Angeli,

255 3887 456 3948 quanto
483 3878 751 3947 potentior
779 3882 864 3930 est
889 3874 971 3928 his
994 3874 1241 3929 omnibus
1273 3873 1430 3937 Deus,
1464 3872 1548 3941 qui
1577 3880 1839 3926 tantorum

251 3970 640 4024 miraculorum
694 3966 974 4023 effectores
1023 3964 1185 4020 etiam
1228 3965 1372 4033 ipsos
1411 3963 1643 4031 Angelos
1684 3962 1843 4017 fecit?

327 4062 385 4114 '2.
414 4060 770 4127 Quamobrem
797 4057 840 4111 si
872 4065 948 4110 tot
972 4067 1026 4110 et
1052 4064 1193 4110 tanta
1221 4053 1438 4108 mirifica
1460 4054 1504 4118 ¹,
1534 4068 1652 4122 quae
1677 4076 1840 4123 μηχα-

256 4165 450 4220 νήματα
470 4150 760 4220 appellant,
792 4148 878 4203 Dei
908 4155 1151 4202 creatura
1178 4143 1449 4200 utentibus
1478 4144 1723 4200 humanis
1751 4160 1839 4201 arv

258 4246 401 4298 tibus
426 4244 581 4308 ﬁunt,
613 4253 669 4296 ut
707 4255 767 4295 ea
803 4241 890 4309 qtti
922 4240 1167 4294 nesciunt
1192 4238 1475 4308 opinentur
1493 4253 1612 4300 esse
1632 4238 1838 4304 divina;

256 4334 400 4388 unde
429 4335 624 4387 factum
655 4340 757 4395 est,
787 4343 841 4384 ut
869 4330 920 4384 in
950 4329 1177 4400 quodam
1213 4328 1409 4398 templo
1433 4329 1696 4398 lapidibus
1724 4346 1840 4382 tua-

257 4427 505 4497 guetibus
532 4425 586 4478 in
614 4425 730 4478 solo
767 4432 822 4477 et
854 4437 1063 4477 camera
1101 4422 1440 4491 proportione
1468 4420 1843 4489 magnitudinis

259 4519 467 4587 positis,
501 4516 842 4570 simulacrum
873 4514 1100 4567 ferreum
1131 4515 1271 4567 aeris
1312 4512 1451 4566 illius
1491 4510 1667 4570 medio
1705 4512 1844 4566 inter

260 4621 549 4679 utrumque
577 4607 829 4677 lapidem,
860 4604 1219 4676 ignorantibus
1238 4602 1362 4671 quid
1384 4618 1590 4656 sursum
1621 4612 1760 4658 esset
1782 4618 1845 4659 ac

256 4704 536 4767 deorsum,
559 4701 709 4772 quasi
735 4700 964 4755 numinis
988 4708 1247 4770 potestate
1277 4698 1529 4769 penderet
1561 4695 1662 4770 (c);
1690 4698 1844 4768 quale

323 4846 341 4878 ι
375 4844 451 4892 sic
475 4841 609 4892 Vind.
636 4850 732 4889 Am.
758 4847 809 4890 et
828 4847 932 4888 Mss.
957 4845 1012 4887 At
1043 4843 1117 4888 Er.
1158 4841 1211 4888 et
1244 4843 1353 4885 Iov.
1391 4833 1811 4886 davnoniacarum.

320 4909 343 4938 ³
383 4905 502 4953 Fditi
527 4938 542 4963 ,
584 4909 775 4966 tantque
810 4898 1033 4964 nntiﬁca.
1097 4899 1272 4959 Abest,
1330 4903 1556 4959 tamque,
1602 4910 1630 4945 a
1674 4910 1844 4946 mauu-

254 4968 469 5018 scriptis.

324 4982 619 5089 gitimam
643 5030 721 5073 est
753 5022 1030 5089 sepulcrum
1067 5021 1299 5089 memoria
1329 5028 1535 5089 patrum,
1574 5020 1622 5068 in
1644 5033 1745 5089 quo
1769 5031 1845 5068 ar-

258 5082 411 5139 debat
447 5087 683 5145 lucerna,
719 5082 909 5135 condita
932 5085 1014 5137 ibi,
1042 5091 1096 5134 ut
1119 5097 1184 5133 ex
1206 5084 1520 5143 inscriptione
1536 5082 1803 5142 apparebat
1828 5116 1842 5138 ,

257 5166 334 5215 su;
352 5166 408 5199 ra
425 5149 736 5215 millesimum
761 5154 812 5196 et
833 5147 1303 5215 quingentesimunn
1319 5156 1522 5215 annum;
1550 5156 1707 5205 caque
1746 5148 1844 5190 tota

262 5203 538 5273 extemplo,
578 5216 633 5273 ut
668 5203 975 5273 contrectari
991 5213 1147 5273 empta
1171 5212 1266 5264 est,
1290 5205 1419 5253 inter
1434 5203 1647 5252 admotas
1677 5215 1846 5251 manus

260 5274 399 5323 friata
426 5266 474 5321 iit
498 5271 837 5320 tenuissimum
857 5270 974 5316 abiit
996 5266 1266 5329 pulicrem.
1292 5272 1584 5329 μία-κινῇς.

325 5336 400 5395 (b)
425 5331 641 5387 Pselltts,
671 5332 745 5395 _de
771 5324 1087 5395 Dzetnonibus,
1113 5342 1217 5395 cap.
1262 5326 1375 5395 ul_t.,
1414 5325 1678 5395 ltocipsum
1701 5324 1767 5373 ait
1780 5337 1845 5395 ise

257 5385 488 5446 didicisse
507 5385 764 5455 aqubdam
787 5392 987 5453 Ephesio
1003 5385 1085 5451 qtti
1107 5385 1404 5439 daemonibus
1425 5385 1719 5455 familiariter
1730 5394 1848 5455 tite:

260 5459 420 5517 batur,
451 5447 638 5517 nuiltint
662 5447 840 5516 nempe
864 5464 977 5517 esse
1014 5447 1174 5512 genus
1209 5463 1390 5508 rerum,
1414 5460 1512 5510 quo
1543 5449 1665 5497 certi
1698 5447 1845 5510 aliqui

260 5514 520 5567 daundnes
550 5516 677 5565 allici
701 5514 793 5563 non
818 5514 1014 5575 possint.
1032 5520 1282 5575 (Leonteus.

326 5580 400 5641 (ε)
438 5580 487 5627 Id
511 5576 670 5626 refert
706 5568 933 5633 nuﬂihus,
955 5573 1041 5622 lib.
1066 5572 1229 5641 2_Hist.
1250 5569 1450 5641 eoeles.,
1483 5568 1693 5641 θανεξντῖ),
1718 5570 1844 5641 inter

262 5629 479 5703 fraudes,
513 5652 624 5701 quae
667 5643 882 5697 repertae
910 5629 1048 5703 _’sun_t
1098 5636 1146 5682 in
1182 5634 1382 5703 templo
1421 5629 1692 5703 seramus;
1719 5629 1845 5703 apud

262 5650 464 5689 traudes
513 5652 624 5701 quae
667 5650 882 5697 reperta:
933 5650 1048 5683 sunt
1098 5650 1146 5682 tn
1201 5650 1382 5742 tempto
1438 5650 1677 5692 btﬂ'uptuts
1719 5650 1845 5703 ιιι)υο

260 5700 637 5753 Alexandriam:
670 5704 833 5752 tErat,
855 5712 878 5741 ι
909 5697 1079 5758 inquit,
1110 5713 1132 5741 α
1154 5694 1280 5744 aliud
1318 5695 1660 5758 raudisgenns
1681 5692 1845 5758 hujus—

274 5780 295 5807 ι
318 5762 448 5811 modt
476 5775 488 5809 :
518 5768 688 5809 natura
709 5757 879 5820 lapidis
912 5753 1154 5820 ntagnetis
1172 5758 1313 5819 hujus
1336 5756 1522 5803 virtutis
1547 5766 1661 5800 esse
1686 5753 1845 5820 perbi-

262 5824 433 5886 betur,
460 5830 515 5872 ut
539 5822 598 5872 ad
630 5834 685 5869 se
709 5816 862 5882 rapiat
886 5826 937 5866 et
968 5816 1171 5868 attrahat
1191 5816 1370 5865 te'rrum
1398 5832 1409 5865 :
1436 5831 1627 5878 signa...
1650 5816 1765 5860 satis
1783 5816 1838 5861 at

1411 358 1611 416 LIBER
1650 357 1759 415 για
1770 358 2014 417 ESiMUS
2053 362 2321 421 PRIMUS.

3390 366 3499 425 718

1926 480 2123 552 aliquid
2153 483 2312 538 etiam
2339 483 2391 538 in
2419 483 2505 538 illa
2533 484 2747 541 lucerna
2780 484 2996 541 Veneris
3033 484 3102 541 do
3140 484 3313 556 lapide
3341 487 3500 542 ashe-

1923 582 2009 630 sto
2036 575 2105 630 ab
2128 575 2332 631 artiﬁce
2358 576 2470 632 ﬁeri
2510 580 2745 647 potuisse
2775 577 2884 649 jam
2921 578 3154 635 diximus
3186 580 3271 635 :si
3315 593 3499 649 mago-

1927 681 2043 720 rum
2070 680 2253 736 opera,
2281 682 2415 738 quos
2440 679 2616 725 nostra
2636 669 2915 742 Scriptura
2942 674 3210 728 veneﬁcos
3232 680 3288 728 et
3312 673 3502 729 incan-

1930 766 2128 814 tatores
2140 767 2316 825 vocat,
2335 760 2387 813 in
2412 768 2609 815 tantum
2630 763 2899 818 da-moues
2918 765 3171 821 extollere
3191 772 3500 836 potuerunt,

1927 858 1982 904 ut
2024 863 2319 922 congruere
2367 851 2636 907 hominum
2680 855 2921 910 sensibus
2966 856 3063 910 sibi
3109 856 3301 912 nobilis
3347 865 3502 925 poeta

1928 941 2217 1010 videretur,
2249 942 2316 997 de
2350 942 2574 1013 quadam
2614 945 2826 1012 femina,
2860 962 2975 1016 qua-
3001 944 3087 1001 tali
3114 954 3227 1002 arte
3257 947 3501 1017 polleret,

1926 1032 2110 1089 dicens
2137 1052 2151 1090 :

1993 1161 2101 1203 Marc
2123 1167 2178 1203 se
2200 1153 2493 1203 carminibus
2514 1153 2745 1214 promittit
2768 1152 2960 1203 solvere
2984 1162 3196 1215 mentes,

1990 1222 2115 1274 Quas
2138 1214 2273 1273 velit,
2301 1222 2376 1264 ast
2406 1215 2513 1264 aliis
2533 1215 2679 1264 duras
2702 1215 2963 1265 immittere
2978 1228 3144 1273 curas;

1990 1282 2172 1328 Sistere
2195 1289 2366 1339 aquam
2390 1278 2567 1341 fluviis,
2593 1284 2646 1328 et
2667 1285 2868 1341 vertere
2890 1278 3235 1341 sideraretro;

1991 1346 2345 1401 Nocturntisque
2367 1339 2465 1389 ciet
2481 1352 2673 1387 manus:
2698 1339 2884 1401 nutrire
2910 1339 3111 1388 videbis.

1990 1401 2084 1450 Sub
2106 1400 2317 1464 pedibus
2335 1406 2530 1464 terram,
2546 1408 2594 1464 et
2616 1400 2922 1464 descendere
2948 1402 3188 1464 montibus
3206 1413 3379 1464 ornos:

2225 1460 2431 1525 (Virgil.
2456 1461 2751 1515 κιέηείιιίιέυ.
2778 1462 2824 1521 4,
2851 1475 2973 1514 vers.
2992 1462 3264 1527 437-491.)

1932 1574 2131 1637 quanto
2173 1567 2341 1637 tragis
2382 1567 2518 1623 Deus
2555 1576 2744 1635 potens
2768 1577 2849 1622 est
2878 1567 3049 1622 facere
3069 1582 3187 1636 quae
3214 1565 3510 1622 infidelibus

1934 1667 2058 1713 sunt
2084 1658 2409 1715 incredibilia
2433 1700 2446 1725 ,
2474 1658 2566 1713 sed
2594 1659 2739 1714 illius
2759 1658 2931 1713 facilia
2964 1659 3243 1727 potestati;
3271 1658 3514 1727 quando-

1935 1750 2148 1820 quidem
2172 1749 2285 1820 ipse
2310 1749 2540 1820 lapidum
2569 1750 2899 1821 aliarumque
2927 1752 3031 1805 vim
3063 1765 3240 1806 rerum
3263 1759 3313 1804 et
3337 1749 3512 1805 Immi-

1934 1856 2062 1897 num
2089 1841 2296 1911 ingenia
2318 1883 2331 1909 ,
2358 1842 2447 1913 qui
2477 1857 2538 1897 ea
2566 1841 2712 1896 miris
2738 1849 2958 1896 utuntur
2984 1840 3155 1895 modis
3173 1881 3189 1907 ,
3222 1841 3514 1912 angelicas-

1936 1951 2043 2006 que
2070 1944 2285 1990 naturas
2305 1934 2550 1990 omnibus
2568 1936 2790 1990 terrenis
2811 1934 3134 2004 potentiores
3158 1933 3516 1987 animantibus

1936 2028 2191 2092 condidit,
2221 2028 2469 2085 universa
2497 2030 2755 2084 mirabilia
2782 2029 3007 2083 mirabili
3030 2030 3273 2083 vincente
3298 2029 3508 2092 virtute,

1939 2130 1993 2178 ct
2041 2122 2316 2191 operandi,
2363 2121 2603 2192 jubendi,
2655 2122 2967 2192 sincudique
3015 2120 3314 2190 sapientia,
3358 2129 3517 2176 utens

1939 2213 2188 2269 omnibus
2216 2220 2322 2269 tam
2350 2212 2680 2277 mirabiliter,
2713 2228 2871 2283 quam
2901 2212 3142 2268 creavit?

1937 2324 2166 2382 CAPUT
2202 2324 2314 2381 VII.
2342 2356 2406 2367 --
2430 2325 2579 2394 Quod
2611 2324 2663 2380 in
2696 2325 2840 2379 rebus
2872 2324 3013 2378 miris
3050 2339 3247 2379 summa
3284 2320 3517 2377 credendi

1945 2455 1973 2489 ,
2276 2417 2405 2471 ratio
2425 2417 2489 2471 sit
2513 2417 2867 2486 onmipolcmia
2893 2414 3161 2471 Creatoris.

2014 2531 2064 2585 l.
2094 2530 2202 2586 Cur
2231 2531 2404 2600 itaque
2433 2529 2605 2585 facere
2631 2546 2734 2585 non
2763 2529 2928 2600 possit
2953 2528 3112 2594 Deus,
3143 2536 3207 2600 ut
3242 2537 3294 2581 et
3330 2540 3517 2581 resur-

1944 2631 2071 2694 gant
2112 2637 2334 2691 corpora
2374 2632 2727 2687 mortuorum,
2759 2629 2812 2676 et
2840 2620 2957 2690 igne
2986 2628 3184 2673 atterno
3213 2617 3519 2672 crucientur

1943 2728 2166 2784 Corpora
2203 2712 2593 2778 damnatorum,
2628 2712 2716 2782 qui
2748 2709 2869 2766 fecit
2896 2707 3148 2763 mundum
3187 2710 3238 2761 in
3281 2706 3437 2772 casio,
3467 2705 3521 2760 in

1945 2815 2107 2872 terra,
2142 2807 2193 2862 in
2239 2821 2382 2872 acre,
2433 2805 2484 2859 in
2531 2807 2700 2874 aquis,
2749 2801 3219 2858 innumerabilibus
3258 2797 3524 2854 miraculis

1944 2897 2194 2967 plenum;
2238 2913 2355 2951 eum
2389 2897 2458 2950 sit
2486 2895 2731 2951 omnibus
2762 2893 2951 2965 quibus
2986 2892 3171 2961 plenus
3211 2898 3293 2945 cst
3338 2888 3519 2959 procul

1942 2990 2103 3045 dubio
2127 2990 2298 3058 majus
2327 2996 2380 3042 et
2402 2985 2747 3042 excellentius
2774 2984 2931 3040 etiam
2960 2985 3071 3053 ipse
3102 2982 3327 3036 mundus
3354 2981 3517 3037 mira-

1942 3080 2154 3137 culum?
2199 3079 2301 3140 Sed
2330 3079 2416 3134 isti
2442 3093 2563 3133 cum
2590 3076 2779 3148 quibus
2809 3075 2888 3130 vel
2915 3082 3095 3128 contra
3127 3088 3259 3143 quos
3293 3073 3519 3143 agimus,

1942 3176 2032 3248 qui
2055 3182 2109 3229 ct
2139 3174 2302 3229 Deum
2323 3186 2442 3227 csse
2462 3168 2684 3227 credunt
2709 3183 2737 3219 a
2767 3181 2871 3238 quo
2892 3164 3060 3220 factus
3086 3174 3167 3219 est
3196 3164 3439 3224 mundus.
3466 3174 3521 3216 et

1942 3266 2072 3321 deos
2112 3263 2181 3319 ab
2223 3263 2314 3317 illo
2356 3260 2524 3317 factos
2568 3275 2663 3330 per
2707 3273 2841 3330 quos
2885 3256 2953 3311 ab
2995 3256 3085 3310 illo
3124 3254 3521 3309 administratur

1945 3357 2174 3419 mundus
2193 3399 2209 3425 ,
2240 3364 2294 3411 et
2322 3352 2692 3410 miraculorum
2723 3350 3036 3412 effectrices,
3062 3347 3172 3401 sive
3198 3353 3520 3415 Spontaneo-

1945 3466 2093 3517 rum,
2133 3449 2246 3505 sive
2284 3448 2430 3503 cultu
2459 3454 2513 3499 et
2540 3444 2642 3500 ritu
2675 3442 2909 3514 quolibet
2941 3442 3316 3511 imperatorum
3337 3437 3378 3503 ¹,
3410 3436 3521 3489 sive

1946 3542 2104 3597 etiam
2147 3540 2471 3609 magicorum
2503 3535 2796 3590 mundanas
2826 3533 2905 3587 vel
2947 3547 3051 3586 non
3094 3537 3305 3600 negant,
3333 3526 3416 3583 vel
3444 3527 3524 3580 in-

1945 3647 2105 3702 super
2131 3640 2185 3686 et
2211 3630 2497 3701 prmdicant
2525 3636 2811 3698 potestates
2830 3667 2842 3686 .
2873 3624 3079 3705 quando
3106 3622 3185 3677 eis
3210 3636 3386 3675 rerum
3414 3619 3518 3673 vim

1948 3723 2241 3780 mirabilem
2290 3719 2634 3792 proponimus
2678 3716 2922 3782 aliarum,
2970 3729 3088 3784 quae
3131 3726 3237 3791 nec
3272 3709 3518 3765 animalia

1946 3825 2069 3871 sunt
2095 3814 2391 3877 rationalia,
2416 3826 2513 3867 nec
2534 3809 2637 3865 ulla
2667 3809 2870 3863 ratione
2898 3805 3104 3876 prtediti
3129 3804 3365 3873 spiritus,
3384 3801 3521 3856 sicut

1945 3916 2067 3965 sunt
2104 3922 2189 3972 ea,
2232 3920 2455 3976 quorum
2496 3917 2660 3973 pauca
2702 3896 3254 3959 commemoravimus,
3295 3908 3520 3963 l‘CSpOfI-

1946 4003 2075 4058 dere
2110 4000 2343 4055 assolent
2372 4015 2385 4050 :
2415 3997 2507 4052 Vis
2532 4005 2613 4050 est
2642 3995 2739 4049 ista
2776 4002 2997 4056 naturae,
3023 3998 3205 4043 natura
3233 4003 3413 4041 eorum
3443 3985 3521 4039 sic

1947 4106 2006 4148 se
2030 4090 2210 4157 habet,
2239 4088 2567 4160 propriarum
2608 4087 2721 4139 istm
2759 4090 2881 4136 sunt
2915 4081 3164 4135 efficacia:
3190 4086 3516 4148 naturarum.

1947 4182 2079 4237 Tota
2108 4181 2285 4252 itaque
2315 4181 2450 4234 ratio
2470 4186 2569 4243 est,
2593 4192 2687 4230 cur
2707 4173 3099 4245 Agrigentinum
3121 4170 3285 4225 salem
3309 4168 3517 4223 flamma

1948 4274 2111 4328 fluere
2163 4271 2340 4338 faciat,
2390 4285 2524 4339 aqua
2568 4268 2845 4337 crepitare,
2887 4265 3007 4336 quia
3056 4262 3170 4317 hmc
3213 4272 3296 4316 est
3335 4271 3521 4315 natura

1947 4364 2083 4434 ejus.
2116 4363 2184 4417 At
2212 4362 2310 4416 hoc
2336 4376 2454 4415 esse
2484 4359 2652 4430 potius
2678 4366 2861 4410 contra
2889 4367 3128 4409 naturain
3152 4352 3376 4419 videtur,
3401 4367 3521 4421 qua:

1949 4468 2052 4508 non
2085 4453 2211 4523 igni,
2240 4452 2332 4506 scd
2363 4466 2512 4520 aqua:
2541 4448 2685 4501 dedit
2721 4447 2886 4500 salem
2925 4444 3159 4502 solvere;
3191 4453 3392 4496 torrere
3419 4455 3519 4493 au-

1948 4553 2054 4598 tem
2100 4543 2226 4610 igni,
2256 4555 2361 4594 non
2401 4554 2571 4609 aquae.
2614 4535 2718 4592 Sed
2759 4535 2880 4597 ista,
2910 4533 3173 4602 inquiunt,
3205 4530 3329 4586 salis
3365 4526 3521 4596 hujus

1950 4634 2200 4689 naturalis
2227 4640 2310 4686 est
2330 4630 2428 4695 vis,
2455 4638 2509 4683 ut
2530 4628 2611 4682 his
2637 4625 2903 4679 contraria
2935 4624 3180 4692 patiatur.
3211 4622 3332 4674 lltec
3362 4619 3521 4689 igitur
3558 4668 3569 4671 _

1948 4728 2081 4782 ratio
2113 4724 2345 4779 redditur
2371 4728 2423 4775 et
2462 4719 2529 4773 de
2569 4718 2657 4771 illo
2699 4714 2844 4769 fonte
2881 4713 3271 4777 Garamantice,
3305 4709 3389 4764 ubi
3417 4723 3520 4762 una

1948 4833 2079 4874 vena
2109 4815 2260 4886 friget
2279 4813 2484 4878 diebus,
2514 4808 2758 4865 noctibus
2791 4806 2951 4861 fervet
2976 4847 2992 4872 ,
3025 4804 3072 4857 vi
3104 4812 3324 4872 utraque
3350 4799 3520 4853 mole-

1949 4922 2026 4962 sta
2052 4904 2405 4976 Langentibns.
2434 4901 2559 4956 "me
2583 4909 2634 4955 et
2663 4899 2728 4953 de
2754 4898 2842 4952 illo
2867 4896 2989 4956 alio,
3017 4893 3105 4964 qui
3140 4907 3258 4947 euut
3298 4890 3367 4943 sit
3392 4903 3522 4943 con-

1951 4996 2295 5052 trectantibus
2339 4992 2558 5063 frigidus
2582 5032 2597 5054 ,
2641 4997 2696 5043 et
2739 4990 2903 5041 facem
2941 4986 3078 5039 sicut
3109 4982 3195 5035 alii
3224 4979 3397 5033 fontes
3423 4993 3519 5032 ex-

1949 5091 2180 5160 stinguat
2219 5099 2515 5148 accensam,
2546 5080 2869 5135 dissitttilitcr
2906 5086 3079 5129 tamen
3116 5080 3270 5139 atque
3300 5069 3522 5123 mirabi-

1951 5182 2071 5234 liter
2097 5178 2234 5234 idetn
2263 5178 2376 5246 ipse
2403 5172 2643 5229 accendit
2666 5169 3000 5224 CXstinctam.
3033 5163 3155 5217 llam
3179 5170 3232 5216 et
3259 5160 3324 5214 de
3348 5160 3522 5228 lapide

2011 5336 2029 5367 ¹
2064 5335 2135 5384 Sic
2159 5339 2229 5381 Er.
2257 5337 2308 5381 et
2335 5338 2437 5379 Mss.
2459 5331 2511 5376 Αι
2532 5322 2666 5373 Vind.
2693 5331 2793 5371 Am.
2820 5326 2871 5371 et
2893 5326 3022 5377 Lov.,
3047 5317 3426 5381 impetratorum.

1957 5458 1976 5484 α
1998 5439 2091 5487 hoc
2112 5440 2266 5499 ipsum
2291 5444 2365 5499 ex.
2394 5429 2523 5499 ferro
2554 5423 2861 5499 subtilissima
2895 5433 3039 5499 manu
3066 5418 3263 5499 artiﬁcis
3280 5416 3524 5499 fuerat‘fa:

1956 5481 2253 5553 inhenum,
2272 5502 2325 5542 ut
2356 5492 2494 5553 lapis,
2525 5488 2664 5553 cujus
2700 5494 2914 5553 naturam
2932 5484 3122 5553 ferrum
3142 5483 3202 5530 ad
3241 5494 3299 5553 se
3325 5481 3523 5530 trahere

1959 5543 1979 5608 ξ
2001 5543 2253 5615 itii-"initia
2272 5543 2491 5616 αυευίωέ
2509 5552 2560 5616 in
2582 5543 2909 5616 'taquegaribus
2930 5543 3073 5616 “vis
3098 5557 3209 5615 θυι-ιι
3248 5549 3523 5616 emtam“?

1957 5603 2479 5681 £§dii"iii§6mdto'ao
2516 5603 2690 5681 libram"
2720 5608 2893 5657 fuisset
2916 5603 3524 5681 positumSsitnulacrtttttft

1959 5662 1979 5731 ξ
2000 5662 2352 5732 (Tifata-attat
2365 5662 2433 5724 ise
2456 5680 2651 5733 raperet
2669 5669 2868 5719 ferrum.
2892 5662 3521 5733 adsunexissepopulonstf

2380 5721 2431 5783 in
2456 5721 2573 5798 aere
2614 5736 2831 5798 pendere
2859 5730 3134 5798 .v'tleretut‘.
3156 5721 3337 5798 alerent
3370 5721 3524 5798 refert

1957 5789 2045 5854 ett
2061 5789 2248 5866 rospcr,
2272 5789 2407 5862 parte
2439 5799 2471 5845 ὃ
2492 5797 2554 5842 de
2580 5789 2965 5840 ttf'mthctionibus
2983 5825 2997 5850 ,
3033 5804 3140 5853 cap.
3182 5789 3259 5837 38,
3278 5794 3521 5840 εοουευδ,
