4078 6480
602 347 705 406 H9

603 462 836 527 asbesto,
867 459 1097 531 quicum
1124 462 1299 527 Ignem
1331 454 1534 511 nullum
1563 454 1754 509 habeat
1779 453 2072 525 proprium,
2089 465 2178 507 ac-

605 560 763 621 cepto
793 559 968 604 tamen
996 547 1073 603 sic
1100 547 1252 602 ardet
1272 546 1465 611 alieno,
1498 552 1555 600 ut
1579 560 1684 599 non
1710 544 1876 613 possit
1893 542 2177 612 exstingui.

606 643 733 697 Haec
765 641 835 699 de
869 636 1076 695 caeteris
1104 652 1222 710 quae
1248 638 1390 708 piget
1412 648 1658 692 retexere
1678 675 1693 700 ,
1731 634 1922 705 quibus
1947 634 2073 689 licet
2099 632 2181 689 vis

608 733 824 790 insolita
844 739 1031 787 contra
1056 739 1297 785 naturam
1320 730 1495 785 inesse
1519 727 1778 790 videnlur,
1800 726 1901 780 alia
1924 735 2098 779 tamen
2113 723 2181 778 de

606 823 711 878 illis
735 837 840 877 non
871 820 1109 877 redditur
1137 820 1290 885 ratio,
1323 818 1424 874 nisi
1467 827 1525 874 ut
1565 817 1799 881 dicatur,
1831 815 1967 869 hanc
1993 827 2179 868 eorum

603 927 723 969 esse
743 920 1006 968 naturam.
1033 910 1216 966 Brevis
1243 924 1373 965 sane
1402 909 1499 963 ista
1523 918 1605 963 est
1630 907 1786 973 ratio,
1816 904 2004 967 fateor.
2033 902 2182 958 sufﬁ-

607 1005 860 1073 ciensque
887 1001 1185 1072 reSponsio.
1215 1000 1319 1056 Sed
1341 1015 1462 1055 cum
1493 1000 1632 1054 Deus
1661 1009 1845 1053 auctor
1869 997 1937 1051 sit
1961 1003 2178 1050 natura-

604 1110 724 1151 rum
752 1095 1011 1160 omnium,
1043 1109 1139 1149 cur
1163 1093 1351 1148 nolunt
1371 1093 1388 1123 ¹
1418 1091 1690 1145 fortiorem
1718 1102 1813 1142 nos
1843 1086 2065 1142 reddere
2089 1099 2177 1139 ra-

604 1188 829 1254 tionem,
852 1183 1064 1256 quando
1092 1182 1293 1252 aliquid
1318 1181 1461 1236 velut
1489 1177 1813 1249 impossibile
1843 1176 2031 1231 nolunt
2058 1189 2177 1228 cre-

601 1275 766 1342 dere,
805 1275 989 1345 eisque
1029 1272 1382 1330 redditionem
1425 1270 1646 1326 rationis
1698 1267 2036 1338 poscentibus
2089 1281 2177 1319 re-

603 1365 946 1437 spondemus,
980 1364 1116 1419 hanc
1141 1378 1260 1419 esse
1285 1362 1608 1418 voluntatem
1633 1357 2013 1428 omnipotentis
2039 1355 2131 1411 Dei
2157 1371 2172 1421 ;

602 1459 694 1528 qui
719 1467 865 1513 certe
891 1472 996 1510 non
1023 1456 1094 1511 ob
1120 1454 1262 1509 aliud
1288 1463 1503 1508 vocatur
1525 1451 1881 1520 omnipotens,
1911 1446 2012 1502 nisi
2041 1461 2174 1517 quo-

604 1549 746 1603 niam
781 1548 1035 1619 quidquid
1083 1548 1193 1602 vult
1245 1554 1445 1615 potest;
1502 1544 1591 1614 qui
1635 1542 1805 1613 potuit
1840 1554 2025 1595 creare
2068 1546 2174 1593 tam

605 1638 769 1692 multa
790 1679 806 1704 ,
837 1653 954 1707 qua:
990 1636 1090 1691 nisi
1127 1635 1571 1699 ostenderentur,
1602 1640 1694 1685 aut
1716 1646 1748 1686 a
1772 1627 2053 1685 credendis
2078 1626 2177 1681 hoc

598 1729 798 1801 dieque
826 1729 1046 1784 testibus
1072 1726 1376 1783 dicerentur
1393 1766 1408 1790 ,
1440 1723 1676 1795 profecto
1702 1720 2045 1792 impossibilia
2074 1733 2175 1788 pu-

604 1827 863 1886 tarentur,
885 1832 987 1872 non
1010 1817 1181 1873 solum
1200 1831 1319 1887 quae
1343 1814 1667 1886 ignotissima
1691 1811 1829 1882 apud
1857 1824 1972 1874 nos,
1992 1824 2174 1864 verum

603 1910 763 1965 etiam
787 1926 904 1980 qua:
931 1910 1203 1965 notissima
1238 1909 1407 1978 posui.
1450 1906 1535 1962 illa
1574 1906 1714 1961 enim
1751 1920 1868 1974 qum
1904 1902 2042 1973 apud
2077 1917 2175 1958 nos

604 2012 797 2073 praeter
820 2017 934 2071 eos,
959 2017 1184 2073 quorum
1209 2001 1277 2057 de
1302 2001 1386 2056 his
1404 2000 1567 2055 libros
1588 1997 1832 2068 legimus,
1852 2011 1957 2052 non
1980 1994 2175 2052 habent

602 2105 815 2161 testem,
845 2105 900 2151 et
921 2096 990 2151 ab
1017 2096 1095 2151 eis
1120 2094 1415 2163 conscripta
1442 2101 1564 2147 sunt
1589 2091 1677 2161 qui
1707 2105 1810 2144 non
1836 2096 1961 2144 sunt
1985 2086 2174 2143 divini.

602 2196 688 2242 tus
725 2185 863 2241 docti
889 2195 1044 2255 atque
1071 2185 1375 2239 humanitus
1402 2182 1510 2237 falli
1536 2181 1672 2235 forte
1702 2188 2014 2250 potuerunt,
2052 2177 2175 2232 licet

601 2276 794 2346 cuique
818 2275 936 2332 sine
963 2284 1107 2332 recta
1137 2275 1551 2347 reprehensione
1576 2287 1681 2328 non
1701 2272 1940 2327 credere.

671 2369 728 2422 2.
765 2369 893 2424 Nam
916 2383 1015 2424 nec
1037 2383 1138 2440 ego
1162 2368 1283 2422 volo
1309 2377 1509 2422 temere
1543 2366 1686 2421 credi
1710 2374 1898 2419 cuncta
1932 2379 2049 2433 qua:
2075 2376 2174 2440 pu-

601 2458 708 2527 sui,
738 2460 860 2529 quia
894 2473 991 2514 nec
1017 2473 1048 2513 a
1076 2437 1162 2513 me
1188 2459 1303 2528 ipso
1326 2458 1395 2511 ita
1428 2456 1717 2511 creduntur
1758 2465 2001 2524 tanquam
2031 2437 2174 2507 nulfa

600 2550 669 2605 de
695 2550 800 2605 illis
832 2552 900 2605 sit
937 2551 988 2604 in
1025 2563 1143 2605 mea
1182 2549 1499 2619 cogitatione
1523 2547 1800 2608 dubitatio,
1832 2546 2066 2617 exceptis
2092 2544 2174 2600 his

600 2658 717 2713 qua:
743 2642 828 2699 vel
864 2644 976 2712 ipse
1001 2657 1117 2696 sunt
1143 2649 1391 2711 expertus
1410 2683 1424 2707 ,
1452 2649 1506 2696 et
1536 2641 1702 2695 cuivis
1727 2640 1874 2694 facile
1902 2647 1984 2694 est
2009 2652 2168 2707 expc.

598 2734 728 2801 riri;
757 2735 892 2789 sicut
910 2734 978 2790 de
995 2734 1159 2796 calce.
1179 2733 1318 2804 quod
1334 2732 1511 2788 ηῐιιιονρῑ
1530 2733 1582 2787 in
1604 2748 1757 2803 aqua,
1774 2732 1825 2787 in
1847 2732 1963 2787 oleo
1985 2730 2170 2801 frigida

596 2836 711 2892 est;
743 2824 810 2880 de
834 2835 1075 2895 magnete
1103 2824 1295 2895 lapide,
1335 2823 1475 2895 quod
1518 2823 1699 2879 nescio
1737 2838 1840 2893 qua
1884 2821 2173 2877 sorbitione

598 2916 889 2972 insensibili
919 2917 1166 2987 stipulam
1216 2932 1322 2972 non
1363 2924 1593 2981 moveat,
1625 2922 1681 2970 et
1720 2913 1918 2970 ferrum
1962 2915 2167 2984 rapiat;

599 3006 668 3061 de
706 3020 866 3062 carne
904 3021 1010 3066 non
1040 3017 1375 3077 putrescente
1405 3007 1645 3076 pavonis,
1667 3018 1788 3059 cum
1835 3004 2090 3074 putruerit
2116 3011 2172 3058 et

598 3096 864 3164 Platonis;
910 3097 978 3154 de
1015 3085 1164 3168 palea
1211 3098 1289 3153 sic
1332 3095 1557 3168 frigente
1600 3105 1659 3150 ut
1698 3094 1954 3150 iluescere
1996 3094 2166 3147 nivem

598 3204 701 3242 non
728 3189 882 3254 sinat,
904 3190 980 3244 sic
996 3190 1198 3246 calente
1221 3198 1279 3245 ut
1299 3198 1654 3246 maturescere
1673 3203 1827 3260 poma
1846 3188 2167 3258 compellat;

595 3278 663 3333 de
692 3280 811 3349 igne
838 3278 1056 3351 ftdgido,
1088 3279 1228 3350 quod
1253 3279 1543 3336 secundum
1571 3294 1723 3334 suum
1752 3277 2005 3349 fulgorem
2033 3278 2168 3347 lapi-

597 3370 690 3423 des
711 3369 986 3440 coquendo
1010 3354 1319 3438 candificet,
1336 3379 1392 3426 et
1415 3378 1596 3426 contra
1620 3368 1866 3424 eumdem
1896 3384 2046 3423 suum
2070 3367 2164 3422 ful-

596 3476 775 3529 gorem
803 3462 1009 3517 urendo
1036 3461 1258 3531 plurima
1284 3460 1543 3516 obfuscet.
1574 3460 1703 3515 Tale
1727 3468 1809 3514 est
1833 3458 1974 3529 quod
2002 3468 2052 3513 et
2083 3457 2166 3512 ni-

595 3571 705 3624 gra:
734 3555 953 3610 macula:
983 3555 1325 3611 offunduntur
1360 3571 1423 3610 ex
1454 3555 1572 3611 oleo
1602 3553 1897 3625 splendido,
1927 3554 2169 3609 similiter

597 3650 761 3721 nigra:
782 3650 932 3703 linea:
955 3648 1023 3705 de
1045 3648 1270 3705 candido
1297 3649 1669 3718 imprimuntur
1687 3656 1926 3718 argento.
1957 3647 2031 3703 De
2050 3661 2167 3700 car-

594 3740 821 3796 bonibus
851 3740 1008 3794 etiam
1034 3782 1049 3808 ,
1081 3739 1220 3810 quod
1250 3740 1574 3796 accendente
1594 3740 1615 3771 ²
1645 3739 1764 3809 igne
1787 3737 1865 3792 sic
1891 3745 2165 3791 vertantur

596 3833 649 3887 in
677 3831 1021 3896 contrarium,
1051 3840 1107 3884 ut
1136 3830 1203 3887 de
1229 3831 1387 3901 lignis
1418 3827 1783 3899 pulcherrimis
1815 3827 1974 3893 tetri,
2002 3826 2161 3896 fragi-

594 3923 675 3979 les
713 3923 782 3978 de
827 3922 993 3988 duris,
1026 3922 1375 3991 imputrihiles
1400 3920 1467 3976 de
1495 3919 1828 3990 putribilibus
1855 3919 1999 3973 ﬁant.
2041 3918 2164 3973 llaec

593 4016 708 4085 ipse
726 4014 966 4086 quaedam
991 4030 1111 4070 cum
1130 4014 1328 4079 multis,
1350 4012 1592 4083 qmrdam
1613 4027 1731 4067 cum
1754 4012 1998 4066 omnibus
2020 4011 2160 4075 novi,

594 4114 649 4158 et
673 4105 777 4159 alia
807 4106 1051 4175 plurima,
1084 4119 1202 4175 quae
1234 4104 1354 4158 huic
1380 4102 1515 4158 libro
1545 4104 1778 4158 inserere
1803 4103 2015 4172 longum
2046 4101 2161 4156 fuit.

594 4194 674 4250 De
709 4195 792 4249 his
815 4206 988 4250 autem
1018 4212 1134 4265 qute
1160 4197 1310 4266 posui
1345 4211 1448 4251 non
1475 4205 1711 4267 experta,
1740 4196 1832 4252 sed
1862 4197 1997 4251 lecta
2024 4211 2163 4265 pra:-

596 4297 671 4342 ter
700 4286 767 4341 de
800 4285 947 4343 fonte
976 4288 1096 4352 illo,
1129 4286 1217 4342 ubi
1250 4287 1395 4344 faces
1419 4289 1820 4357 exstinguuntur
1841 4286 2086 4343 ardentes
2111 4298 2166 4344 et

592 4377 952 4434 accenduntur
972 4380 1267 4444 exstinctae,
1285 4380 1424 4435 etde
1447 4380 1616 4449 pomis
1639 4372 1793 4435 territa
1812 4380 2160 4436 Sodomorum

595 4467 892 4525 forinsecus
914 4470 1062 4540 quasi
1096 4471 1337 4536 maturis,
1373 4470 1691 4526 intrinsecus
1716 4470 1924 4537 fumeis,
1956 4460 2054 4527 nec
2079 4479 2160 4526 le-

594 4566 704 4614 stes
731 4553 933 4628 aliquos
954 4558 1173 4614 idoneos
1199 4575 1227 4614 a
1256 4560 1445 4630 quibus
1467 4569 1637 4616 utrum
1655 4576 1779 4616 vera
1807 4570 1987 4616 essent
2011 4562 2159 4616 audi-

593 4664 730 4716 rem,
762 4650 907 4720 potui
933 4651 1184 4720 reperire.
1214 4652 1277 4706 Et
1306 4652 1453 4705 illum
1480 4652 1690 4722 quidem
1717 4647 1916 4707 fontem
1944 4667 2048 4706 non
2076 4653 2159 4707 in-

556 4811 571 4819 ‘
593 4739 735 4805 veni,
763 4740 852 4810 qui
882 4740 932 4795 in
959 4740 1122 4812 Epiro
1141 4741 1335 4796 vidisse
1364 4758 1423 4797 se
1447 4742 1700 4808 dicerent,
1724 4742 1815 4799 sed
1840 4743 1927 4813 qui
1959 4744 2011 4797 in
2040 4742 2160 4798 Gal-

593 4830 664 4885 lia
692 4830 917 4886 similem
957 4840 1173 4887 nossent
1216 4848 1321 4887 non
1362 4833 1519 4903 longe
1544 4849 1589 4912 ~a
1632 4833 1990 4904 Gratianopoli
2030 4834 2160 4889 civi-

593 4930 702 4977 tate
732 4920 826 4994 (a).
857 4922 933 4977 De
960 4920 1215 4978 fructibus
1252 4938 1317 4976 an
1330 4932 1430 4977 tem
1472 4924 1860 4979 Sodomitarum
1888 4927 2157 4991 arborum,

593 5027 699 5068 non
722 5021 925 5069 tantum
955 5016 1140 5071 littertc
1169 5013 1270 5070 fide
1297 5015 1467 5084 dignm
1493 5015 1724 5071 indicant
1742 5057 1755 5081 ,
1782 5033 1962 5072 verum
2002 5018 2158 5072 etiam

593 5112 701 5159 tam
746 5104 899 5159 multi
939 5120 997 5161 se
1039 5106 1324 5176 loquuntur
1358 5113 1626 5175 expertos,
1659 5116 1715 5161 ut
1758 5106 1882 5161 hinc
1919 5107 2160 5163 dubitare

595 5208 700 5251 non
729 5194 948 5263 possim.
979 5193 1181 5250 Csetcra
1208 5210 1333 5251 vero
1360 5196 1435 5251 sic
1470 5196 1658 5260 habeo,
1698 5203 1757 5250 ut
1798 5212 1968 5266 neque
2009 5196 2156 5251 affir-

596 5284 785 5341 manda
810 5324 825 5350 ,
865 5299 1036 5356 neque
1063 5287 1303 5356 neganda
1329 5286 1652 5342 decreverim
1685 5305 1699 5342 :
1725 5287 1821 5342 sed
1853 5286 1971 5342 ideo
1998 5287 2157 5342 etiam

655 5459 670 5489 ¹
708 5458 846 5520 Editi,
869 5460 1038 5527 volunt.
1064 5460 1247 5527 Plures
1263 5476 1378 5513 vero
1400 5467 1700 5527 manuscripti
1718 5499 1732 5521 ,
1758 5463 1918 5515 nolunt
1945 5477 1962 5514 :
1987 5464 2161 5515 melius

589 5529 743 5582 sane;
772 5534 899 5589 Διιιιιιι
936 5523 998 5572 de
1021 5523 1278 5589 incredulis
1311 5526 1528 5589 queritur
1552 5523 1853 5589 Augustinus,
1881 5527 2004 5589 quod
2032 5541 2157 5589 eam,

591 5592 737 5650 quam
770 5581 1012 5633 fortiorem
1033 5584 1258 5650 appellat,
1286 5581 1438 5637 nolint
1458 5590 1549 5637 sibi
1585 5581 1718 5637 reddi
1763 5581 2013 5650 rationem,
2037 5581 2160 5639 hanc

594 5640 824 5709 videlicet
846 5657 955 5694 esse
979 5640 1271 5709 voluntatem
1293 5650 1633 5709 omnipotentis
1655 5650 1756 5707 Dei.

659 5703 679 5733 ³
712 5705 784 5765 sic
802 5711 905 5754 Mss.
931 5713 985 5753 ιιι
1006 5706 1139 5765 editi,
1162 5703 1430 5761 act-edente:

655 5764 730 5827 (α)
750 5773 926 5828 Nempe
957 5766 1196 5819 Gratoble.

1637 341 1724 395 DE
1763 337 2079 395 CIVITATE
2118 337 2254 413 DEI.
2277 337 2333 395 S.
2374 339 2734 397 AUGL‘STINI

3754 353 3857 413 τω

2288 451 2397 521 ipsa
2422 454 2593 523 posui,
2615 458 2862 528 quoniam
2881 458 3022 529 apud
3041 474 3247 530 eorum,
3269 473 3453 520 contra
3473 479 3609 536 quos
3627 466 3856 539 agimus,

2288 543 2568 601 historicos
2595 549 2694 619 legi
2720 566 2734 603 :
2753 558 2813 603 ut
2833 551 3169 607 ostenderem
3190 554 3365 624 qualia
3386 556 3573 623 multa,
3596 558 3857 630 multique

2286 635 2515 705 illorum,
2543 640 2685 694 nulla
2710 641 2912 696 reddita
2938 642 3162 710 ratione,
3186 644 3238 698 in
3260 660 3478 701 suorum
3500 647 3853 705 litteratorum

2284 728 2481 798 scripta
2511 730 2699 787 litteris
2728 732 2966 798 credant,
2995 734 3085 805 qui
3110 735 3262 792 nobis
3287 738 3526 804 credere,
3556 740 3775 810 quando
3801 741 3852 797 id

2284 820 2424 889 quod
2463 836 2646 877 eorum
2681 824 3058 895 experientiam
3092 842 3413 900 sensumque
3448 832 3851 902 transgreditur,

2282 912 2699 981 omnipotentem
2724 916 2890 971 Deum
2919 917 3142 972 dicimus
3162 933 3281 975 esse
3299 918 3585 991 facturum,
3605 939 3706 979 nec
3736 926 3854 991 red-

2282 1003 2391 1060 dita
2430 1006 2633 1062 ratione
2668 1007 2969 1078 dignantur.
3014 1010 3145 1065 Nam
3184 1026 3305 1082 qua:
3341 1014 3530 1069 melior
3554 1022 3610 1069 et
3633 1017 3855 1071 validior

2283 1096 2419 1150 ratio
2447 1096 2513 1152 de
2547 1098 2706 1153 rebus
2735 1100 2925 1156 talibus
2950 1102 3218 1170 redditur,
3248 1120 3407 1175 quam
3447 1121 3567 1161 eum
3597 1107 3854 1178 Omnipo-
3906 1167 3915 1171 _

2284 1191 2403 1238 tens
2429 1200 2489 1239 ea
2522 1202 2676 1255 posse
2704 1189 2877 1245 facere
2912 1191 3236 1259 perhibetur,
3264 1202 3320 1249 et
3357 1193 3592 1250 facturus
3629 1196 3852 1265 dicitur,

2282 1290 2401 1344 qua:
2423 1277 2806 1345 prtenuntiasse
2829 1279 2900 1334 ibi
2928 1281 3136 1350 legitur,
3158 1283 3246 1337 ubi
3274 1284 3376 1338 alia
3409 1285 3573 1339 multa
3602 1301 3851 1356 prmana-

2282 1365 2452 1433 tiavit,
2485 1384 2604 1439 quae
2642 1368 2834 1425 fecisse
2874 1376 3234 1428 monstratur?
3276 1374 3392 1445 Ipse
3433 1377 3628 1447 quippe
3675 1377 3849 1446 faciet,

2281 1459 2403 1529 quia
2428 1474 2486 1515 se
2515 1459 2774 1517 facturum
2804 1479 2923 1519 esse
2950 1466 3219 1533 pra-dixit,
3241 1484 3359 1537 qua:
3385 1468 3730 1539 impossibilia
3762 1487 3853 1540 pu-

2283 1560 2488 1617 tantur,
2510 1552 2599 1621 qui
2629 1553 2869 1622 promisit
2895 1564 2948 1610 ct
2975 1554 3099 1611 fecit
3126 1567 3183 1612 ut
3208 1557 3275 1612 ab
3300 1558 3586 1617 incredulis
3608 1561 3852 1632 gentibus

2282 1641 2607 1697 incredibilia
2629 1644 2989 1701 crederentur.

2279 1797 2505 1854 CAPUT
2546 1798 2677 1854 VIII.
2717 1830 2787 1841 —
2826 1799 2951 1856 Non
2991 1819 3097 1858 esse
3136 1814 3312 1859 contra
3346 1816 3613 1873 naturam,
3657 1826 3776 1865 cum
3801 1813 3852 1867 in
3946 1870 3953 1875 γ

2349 1890 2519 1959 aliqua
2542 1906 2597 1944 re
2614 1932 2626 1956 ,
2659 1892 2803 1962 cujus
2828 1902 3006 1947 natura
3034 1896 3278 1963 innotuit,
3321 1898 3514 1969 aliquid
3539 1899 3601 1953 ab
3628 1919 3687 1958 eo
3720 1902 3852 1972 quod

2350 1991 2456 2035 erat
2482 1993 2684 2049 nolunt,
2711 1984 2884 2055 incipit
2910 2001 3015 2040 esse
3042 1988 3308 2042 diversum.

2352 2136 2403 2190 1.
2444 2134 2501 2190 Si
2521 2144 2696 2191 autem
2727 2145 3001 2206 propterea
3031 2139 3357 2210 respondent
3374 2182 3390 2209 ,
3418 2156 3476 2197 se
3502 2158 3606 2197 non
3632 2144 3854 2202 credere

2280 2240 2395 2295 qum
2414 2226 2482 2281 de
2505 2225 2751 2282 humanis
2773 2242 2984 2299 semper
2997 2230 3196 2285 arsuris
3218 2246 3317 2286 nec
3333 2248 3559 2303 unquam
3584 2237 3855 2293 morituris

2279 2318 2591 2388 corporibus
2618 2319 2844 2374 dicimus
2863 2361 2878 2386 ,
2906 2321 3026 2389 quia
3057 2320 3407 2378 humanorum
3441 2338 3724 2395 corporum
3755 2343 3851 2382 na-

2280 2419 2449 2465 turam
2479 2411 2729 2466 novimus
2745 2412 2901 2483 longe
2939 2413 3093 2469 aliter
3117 2414 3408 2469 institutam
3433 2432 3448 2482 ;
3477 2420 3614 2472 unde
3638 2433 3741 2473 nec
3763 2419 3849 2473 illa

2279 2505 2413 2557 ratio
2439 2503 2563 2558 hinc
2604 2502 2749 2558 reddi
2787 2514 2993 2573 potest,
3025 2520 3143 2574 qua:
3170 2504 3235 2560 de
3266 2506 3371 2561 tllis
3399 2509 3600 2563 naturis
3628 2510 3849 2564 mirabi-

2278 2595 2413 2649 libus
2455 2595 2798 2662 reddebatur,
2848 2602 2908 2650 ut
2942 2596 3044 2650 dici
3087 2598 3287 2667 possit,
3332 2598 3419 2653 Vis
3458 2600 3555 2655 ista
3593 2603 3850 2658 naturalis

2277 2696 2389 2752 est,
2438 2687 2513 2742 rei
2540 2686 2699 2756 hujus
2741 2689 2839 2742 ista
2875 2698 3061 2743 natura
3099 2699 3210 2756 est;
3242 2692 3489 2760 quoniam
3519 2693 3720 2749 scimus
3749 2695 3849 2750 hu-

2279 2793 2447 2832 mana:
2466 2779 2639 2833 carnis
2653 2779 2805 2832 istam
2828 2795 2931 2835 non
2949 2793 3068 2835 esse
3083 2789 3342 2835 naturam:
3359 2781 3613 2838 habemus
3633 2786 3848 2855 quidem

2276 2867 2416 2938 quod
2445 2868 2863 2938 respondeamus
2887 2868 2956 2925 de
2998 2870 3212 2926 Litteris
3259 2873 3459 2938 sacris,
3501 2873 3637 2929 hanc
3678 2876 3849 2945 ipsam

2276 2959 2480 3015 scilicet
2529 2958 2811 3014 humanam
2862 2976 3077 3017 carnem
3141 2962 3296 3017 aliter
3342 2964 3634 3020 institutam
3685 2967 3852 3024 fuisse

2275 3061 2399 3106 ante
2439 3061 2711 3122 peccatum
2736 3092 2751 3118 ,
2794 3052 2846 3107 id
2876 3063 2997 3119 est,
3044 3062 3101 3107 ut
3126 3062 3305 3124 posset
3345 3070 3614 3126 nunquam
3644 3060 3851 3129 perpeti

2275 3154 2522 3210 mortem;
2550 3144 2707 3200 aliter
2727 3154 2900 3199 autem
2922 3154 3040 3214 post
3061 3156 3356 3214 peccatum,
3386 3148 3560 3217 qualis
3581 3149 3634 3203 in
3656 3165 3852 3205 terum-

2274 3251 2340 3290 na
2373 3236 2530 3306 hujus
2559 3236 2894 3290 mortalitatis
2916 3237 3161 3302 innotuit,
3197 3246 3254 3292 ut
3281 3247 3551 3308 perpetem
3580 3241 3744 3295 vitam
3775 3251 3850 3295 te-
3927 3266 3930 3270 λ

2273 3343 2401 3383 nere
2430 3344 2535 3382 non
2561 3328 2748 3398 possit.
2778 3327 2865 3383 Sic
2892 3343 3019 3398 ergo
3044 3329 3201 3384 aliter
3227 3346 3384 3400 quam
3411 3331 3565 3385 nobis
3591 3343 3717 3387 nota
3745 3344 3848 3400 est,

2274 3419 2579 3474 instituctur
2606 3419 2657 3473 in
2681 3421 3069 3475 resurrectione
3089 3430 3439 3475 mortuorum.
3466 3421 3572 3477 Sed
3595 3426 3849 3494 quoniam

2273 3511 2389 3567 istis
2427 3527 2530 3566 non
2560 3513 2785 3567 credunt
2823 3511 3032 3576 litteris,
3063 3513 3151 3567 ubi
3175 3513 3368 3583 legitur
3403 3516 3573 3585 qualis
3609 3517 3663 3571 in
3694 3532 3851 3587 para-

2271 3602 2389 3658 diso
2413 3603 2606 3659 vixerit
2644 3603 2840 3670 homo,
2869 3614 3227 3676 quantumque
3264 3605 3423 3661 fuerit
3457 3622 3487 3660 a
3528 3610 3849 3666 necessitate

2272 3698 2460 3752 mortis
2485 3698 2689 3753 alienus
2705 3741 2720 3765 ,
2745 3697 2935 3768 quibus
2965 3699 3144 3768 utique
3169 3699 3213 3753 si
3254 3699 3562 3768 crederent,
3588 3716 3699 3755 non
3724 3717 3847 3758 cum

2270 3790 2374 3845 illis
2406 3805 2556 3860 poena
2599 3790 2967 3844 damnatorum
2991 3832 3006 3857 ,
3047 3806 3165 3860 qua:
3212 3789 3386 3847 futura
3411 3801 3527 3858 est,
3565 3795 3848 3862 operosius

2272 3897 2586 3952 ageremus;
2615 3882 2680 3936 de
2701 3881 2892 3935 litteris
2911 3896 3116 3941 eorum,
3141 3883 3228 3951 qui
3250 3881 3541 3938 doctissimi
3560 3884 3701 3953 apud
3730 3885 3848 3940 illos

2273 3977 2500 4041 fuerunt,
2530 3975 2727 4044 aliquid
2755 3973 3127 4044 proferendum
3150 3984 3251 4040 est,
3279 3990 3386 4045 quo
3409 3989 3665 4045 appareat
3691 3992 3848 4046 posse

2272 4066 2381 4120 ﬁeri
2402 4107 2415 4131 ,
2451 4076 2505 4119 ut
2535 4066 2690 4119 aliter
2716 4080 2772 4119 se
2800 4065 2988 4119 habeat
3017 4081 3237 4135 qumque
3266 4081 3351 4121 res
3372 4108 3386 4131 ,
3428 4082 3585 4137 quam
3610 4069 3764 4138 prius
3794 4070 3845 4124 in

2270 4158 2427 4212 rebus
2454 4158 2752 4213 innotuerat
2780 4173 2889 4212 sua:
2916 4156 3356 4212 determinatioue
3381 4168 3604 4212 naturze.

2338 4248 2392 4301 2.
2436 4248 2529 4302 Est
2560 4249 2609 4302 ἢ]
2642 4249 2803 4303 Marci
2834 4248 3085 4302 Varronis
3108 4247 3293 4314 libris,
3320 4250 3845 4321 quomminscriptio

2268 4348 2374 4403 est,
2424 4338 2499 4392 De
2532 4348 2688 4409 gente
2718 4339 2892 4409 populi
2932 4337 3182 4402 Romani,
3210 4339 3350 4409 quod
3380 4339 3579 4394 eisdem
3625 4341 3805 4395 verbis
3828 4384 3844 4408 ,

2267 4430 2456 4499 quibus
2484 4429 2553 4482 ibi
2593 4429 2799 4499 legitur,
2831 4439 2885 4484 et
2909 4428 2994 4483 hic
3023 4443 3211 4498 ponam
3243 4448 3256 4484 :
3300 4447 3318 4481 t
3353 4429 3410 4483 ln
3433 4431 3598 4493 ccelo,
3634 4432 3844 4501 inquit,

2267 4522 2505 4576 mirabile
2546 4522 2751 4575 exstitit
2794 4527 3094 4589 portentum
3131 4538 3144 4572 :
3194 4535 3314 4573 nam
3355 4520 3408 4574 in
3434 4521 3581 4574 stella
3617 4520 3850 4575 Veneris

2267 4613 2612 4679 nobilissima,
2635 4626 2792 4681 quam
2836 4610 3051 4665 Plautus
3098 4610 3505 4680 l’espcruginem
3556 4609 3845 4682 (Ampltitr.

2266 4714 2383 4759 actu
2431 4704 2497 4770 1,
2540 4719 2689 4758 scena
2744 4703 2809 4769 Ι,
2862 4717 2990 4757 vers.
3048 4701 3202 4773 H9),
3255 4701 3517 4755 Homerus
3559 4701 3846 4771 Hesperon

2265 4796 2518 4868 appellat,
2549 4794 2952 4866 pulcherrimam
2978 4793 3161 4849 dicens
3207 4791 3411 4865 (Iliadis
3442 4808 3497 4859 χ,
3529 4808 3660 4845 vers.
3692 4794 3848 4863 318),

2266 4890 2454 4946 Castor
2477 4888 2661 4943 scribit
2683 4895 2883 4942 tantum
2914 4894 3214 4954 portentum
3243 4885 3509 4939 exstitisse
3527 4924 3541 4949 ,
3580 4892 3642 4938 ut
3669 4895 3854 4938 muta-

2266 4992 2348 5041 ret
2369 4983 2600 5039 colorem
2621 5022 2635 5047 ,
2681 4978 3093 5050 magnitudinem
3113 4977 3391 5048 ,figuram,
3418 4991 3630 5030 cursum
3660 4995 3674 5031 :
3704 4976 3852 5046 quod

2265 5075 2459 5131 factum
2504 5072 2575 5127 ita
2616 5085 2787 5141 neque
2824 5078 2976 5123 antea
2996 5109 3012 5135 ,
3043 5083 3143 5124 nec
3169 5076 3348 5137 postea
3374 5067 3461 5120 sit.
3490 5065 3601 5119 Hoc
3643 5066 3853 5122 factum

2264 5165 2444 5236 Ogyge
2464 5165 2482 5195 ί
2524 5177 2649 5233 rege
2691 5161 2937 5216 dicebant
2969 5159 3224 5213 Adrastus
3253 5155 3544 5229 Cyzicenus
3564 5158 3585 5188 ²
3615 5165 3675 5210 et
3714 5156 3855 5211 Dion

2266 5255 2601 5325 Neapolites,
2653 5250 3011 5306 mathematici
3064 5249 3268 5305 nobiles
3299 5266 3319 5300 ι
3353 5247 3448 5321 (a).
3540 5236 3655 5302 [loc
3701 5258 3857 5303 certe

2327 5436 2345 5468 ι
2380 5442 2508 5491 Mss,
2528 5441 2706 5498 Ogyge.
2726 5431 2859 5498 vind.
2887 5439 2984 5480 Am.
3011 5437 3063 5481 et
3082 5436 3177 5490 Fax,
3201 5424 3398 5494 Ogygio.
3422 5426 3537 5476 vide
3558 5438 3736 5489 supra,
3763 5425 3855 5477 lib.

2265 5498 2341 5561 l8,
2362 5495 2697 5561 cap._8,gétibi
2718 5495 2956 5561 adnotata.
3126 5560 3138 5561 γ
3214 5549 3226 5561 ,
3465 5550 3479 5561 _
3534 5556 3591 5561 ,ξ
3631 5548 3643 5558 _

2327 5546 2347 5589 ⁵
2370 5546 2693 5621 tn'plerisque
2713 5563 2840 5616 Mss,
2865 5556 3088 5605 Adrastus
3110 5549 3383 5617 cyzicenos,
3400 5546 3854 5609 vel,cyzicltmos.

2325 5644 2398 5707 (α)
2427 5641 2595 5691 Confer
2611 5654 2727 5707 qua:
2758 5639 2948 5707 60.1199
2984 5636 3438 5707 τεοηθιξιοβσὲρξξι
3482 5634 3859 5707 ςιῖιξξίιιῐεξίξιιω

2262 5693 2448 5764 Frer'et,
2474 5707 2520 5754 in
2548 5693 2874 5764 Metitoiresde
2896 5693 3179 5749 l’Ac'adémie
3201 5695 3286 5748 des
3310 5693 3689 5753 Bellen-lettres,
3717 5700 3859 5743 tome

2266 5762 2471 5832 pecimo,
2487 5780 2597 5831 pag.
2621 5762 2843 5816 557-576.
2869 5767 3098 5810 Laneus.
