  <div class='ocr_page' id='page_1' title='image "/cluster/home/n/w/nwhite01/storage/ocr_20150623/41/hvd.32044015706344/366.png"; bbox 0 0 4078 6492; ppageno 0'>
   <div class='ocr_carea' id='block_1_1' title="bbox 237 435 2305 500">
    <p class='ocr_par' dir='ltr' id='par_1_1' title="bbox 237 435 2305 500">
     <span class='ocr_line' id='line_1_1' title="bbox 237 435 2305 500; baseline 0.003 -8"><span class='ocrx_word' id='word_1_1' title='bbox 237 436 321 494; x_wconf 65' lang='lat' dir='ltr'><strong>ﬁl</strong></span> <span class='ocrx_word' id='word_1_2' title='bbox 1408 436 1604 492; x_wconf 75' lang='lat' dir='ltr'><strong>LIBER</strong></span> <span class='ocrx_word' id='word_1_3' title='bbox 1653 435 2005 496; x_wconf 72' lang='lat' dir='ltr'><strong>\&quot;IGESIMUS</strong></span> <span class='ocrx_word' id='word_1_4' title='bbox 2044 442 2305 500; x_wconf 64' lang='lat' dir='ltr'><strong>PRIMUS.</strong></span> 
     </span>
    </p>
   </div>
   <div class='ocr_carea' id='block_1_2' title="bbox 235 551 1804 622">
    <p class='ocr_par' dir='ltr' id='par_1_2' title="bbox 235 551 1804 622">
     <span class='ocr_line' id='line_1_2' title="bbox 235 551 1804 622; baseline 0.001 -20"><span class='ocrx_word' id='word_1_5' title='bbox 235 551 396 606; x_wconf 72' lang='lat' dir='ltr'><strong>Varro</strong></span> <span class='ocrx_word' id='word_1_6' title='bbox 427 559 610 607; x_wconf 90' lang='lat' dir='ltr'><strong>tantus</strong></span> <span class='ocrx_word' id='word_1_7' title='bbox 637 561 822 606; x_wconf 85' lang='lat' dir='ltr'><strong>auctor</strong></span> <span class='ocrx_word' id='word_1_8' title='bbox 862 558 1162 622; x_wconf 77' lang='lat' dir='ltr'><strong>portentum</strong></span> <span class='ocrx_word' id='word_1_9' title='bbox 1205 567 1306 605; x_wconf 91' lang='lat' dir='ltr'><strong>non</strong></span> <span class='ocrx_word' id='word_1_10' title='bbox 1350 551 1674 622; x_wconf 84' lang='lat' dir='ltr'><strong>appellaret,</strong></span> <span class='ocrx_word' id='word_1_11' title='bbox 1707 551 1804 604; x_wconf 89' lang='lat' dir='ltr'><strong>nisi</strong></span> 
     </span>
    </p>
   </div>
   <div class='ocr_carea' id='block_1_3' title="bbox 229 643 1806 714">
    <p class='ocr_par' dir='ltr' id='par_1_3' title="bbox 229 643 1806 714">
     <span class='ocr_line' id='line_1_3' title="bbox 229 643 1806 714; baseline 0.001 -19"><span class='ocrx_word' id='word_1_12' title='bbox 229 656 342 696; x_wconf 87' lang='lat' dir='ltr'><strong>esse</strong></span> <span class='ocrx_word' id='word_1_13' title='bbox 390 653 583 698; x_wconf 86' lang='lat' dir='ltr'><strong>contra</strong></span> <span class='ocrx_word' id='word_1_14' title='bbox 626 653 868 698; x_wconf 88' lang='lat' dir='ltr'><strong>naturam</strong></span> <span class='ocrx_word' id='word_1_15' title='bbox 910 643 1196 698; x_wconf 77' lang='lat' dir='ltr'><strong>videretur.</strong></span> <span class='ocrx_word' id='word_1_16' title='bbox 1241 643 1427 698; x_wconf 86' lang='lat' dir='ltr'><strong>Omnia</strong></span> <span class='ocrx_word' id='word_1_17' title='bbox 1458 643 1652 714; x_wconf 90' lang='lat' dir='ltr'><strong>quippe</strong></span> <span class='ocrx_word' id='word_1_18' title='bbox 1683 659 1806 711; x_wconf 87' lang='lat' dir='ltr'><strong>por-</strong></span> 
     </span>
    </p>
   </div>
   <div class='ocr_carea' id='block_1_4' title="bbox 229 735 1807 802">
    <p class='ocr_par' dir='ltr' id='par_1_4' title="bbox 229 735 1807 802">
     <span class='ocr_line' id='line_1_4' title="bbox 229 735 1807 802; baseline -0.002 -12"><span class='ocrx_word' id='word_1_19' title='bbox 229 744 365 790; x_wconf 88' lang='lat' dir='ltr'><strong>tenta</strong></span> <span class='ocrx_word' id='word_1_20' title='bbox 389 743 578 789; x_wconf 91' lang='lat' dir='ltr'><strong>contra</strong></span> <span class='ocrx_word' id='word_1_21' title='bbox 604 745 841 790; x_wconf 91' lang='lat' dir='ltr'><strong>naturam</strong></span> <span class='ocrx_word' id='word_1_22' title='bbox 859 735 1228 790; x_wconf 89' lang='lat' dir='ltr'><strong>dicimusesse:</strong></span> <span class='ocrx_word' id='word_1_23' title='bbox 1247 735 1338 790; x_wconf 89' lang='lat' dir='ltr'><strong>sed</strong></span> <span class='ocrx_word' id='word_1_24' title='bbox 1371 752 1472 790; x_wconf 89' lang='lat' dir='ltr'><strong>non</strong></span> <span class='ocrx_word' id='word_1_25' title='bbox 1503 744 1643 789; x_wconf 89' lang='lat' dir='ltr'><strong>sunt.</strong></span> <span class='ocrx_word' id='word_1_26' title='bbox 1666 735 1807 802; x_wconf 85' lang='lat' dir='ltr'><strong>Quo-</strong></span> 
     </span>
    </p>
   </div>
   <div class='ocr_carea' id='block_1_5' title="bbox 227 825 1804 896">
    <p class='ocr_par' dir='ltr' id='par_1_5' title="bbox 227 825 1804 896">
     <span class='ocr_line' id='line_1_5' title="bbox 227 825 1804 896; baseline 0 -18"><span class='ocrx_word' id='word_1_27' title='bbox 227 825 382 879; x_wconf 86' lang='lat' dir='ltr'><strong>modo</strong></span> <span class='ocrx_word' id='word_1_28' title='bbox 412 834 497 880; x_wconf 90' lang='lat' dir='ltr'><strong>est</strong></span> <span class='ocrx_word' id='word_1_29' title='bbox 523 826 666 880; x_wconf 89' lang='lat' dir='ltr'><strong>enim</strong></span> <span class='ocrx_word' id='word_1_30' title='bbox 705 835 886 880; x_wconf 89' lang='lat' dir='ltr'><strong>contra</strong></span> <span class='ocrx_word' id='word_1_31' title='bbox 917 835 1155 880; x_wconf 89' lang='lat' dir='ltr'><strong>naturam</strong></span> <span class='ocrx_word' id='word_1_32' title='bbox 1187 867 1202 892; x_wconf 97' lang='lat'><strong>,</strong></span> <span class='ocrx_word' id='word_1_33' title='bbox 1246 826 1386 896; x_wconf 85' lang='lat' dir='ltr'><strong>quod</strong></span> <span class='ocrx_word' id='word_1_34' title='bbox 1415 827 1503 882; x_wconf 89' lang='lat' dir='ltr'><strong>Dei</strong></span> <span class='ocrx_word' id='word_1_35' title='bbox 1536 827 1593 880; x_wconf 90' lang='lat' dir='ltr'><strong>ﬁt</strong></span> <span class='ocrx_word' id='word_1_36' title='bbox 1617 827 1804 880; x_wconf 81' lang='lat' dir='ltr'><strong>volun-</strong></span> 
     </span>
    </p>
   </div>
   <div class='ocr_carea' id='block_1_6' title="bbox 227 917 1802 995">
    <p class='ocr_par' dir='ltr' id='par_1_6' title="bbox 227 917 1802 995">
     <span class='ocr_line' id='line_1_6' title="bbox 227 917 1802 995; baseline 0.001 -26"><span class='ocrx_word' id='word_1_37' title='bbox 227 924 348 995; x_wconf 80' lang='lat' dir='ltr'><strong>tate,</strong></span> <span class='ocrx_word' id='word_1_38' title='bbox 380 931 506 972; x_wconf 91' lang='lat' dir='ltr'><strong>eum</strong></span> <span class='ocrx_word' id='word_1_39' title='bbox 536 918 779 972; x_wconf 78' lang='lat' dir='ltr'><strong>voluntas</strong></span> <span class='ocrx_word' id='word_1_40' title='bbox 801 917 930 971; x_wconf 91' lang='lat' dir='ltr'><strong>tanti</strong></span> <span class='ocrx_word' id='word_1_41' title='bbox 957 918 1134 988; x_wconf 79' lang='lat' dir='ltr'><strong>utique</strong></span> <span class='ocrx_word' id='word_1_42' title='bbox 1155 917 1455 972; x_wconf 71' lang='lat' dir='ltr'><strong>Conditoris</strong></span> <span class='ocrx_word' id='word_1_43' title='bbox 1479 917 1706 972; x_wconf 81' lang='lat' dir='ltr'><strong>conditae</strong></span> <span class='ocrx_word' id='word_1_44' title='bbox 1729 917 1802 971; x_wconf 88' lang='lat' dir='ltr'><strong>rei</strong></span> 
     </span>
    </p>
   </div>
   <div class='ocr_carea' id='block_1_7' title="bbox 224 1007 1802 1079">
    <p class='ocr_par' dir='ltr' id='par_1_7' title="bbox 224 1007 1802 1079">
     <span class='ocr_line' id='line_1_7' title="bbox 224 1007 1802 1079; baseline 0.001 -18"><span class='ocrx_word' id='word_1_45' title='bbox 224 1007 483 1077; x_wconf 82' lang='lat' dir='ltr'><strong>cujusque</strong></span> <span class='ocrx_word' id='word_1_46' title='bbox 508 1016 695 1063; x_wconf 87' lang='lat' dir='ltr'><strong>natura</strong></span> <span class='ocrx_word' id='word_1_47' title='bbox 723 1007 827 1062; x_wconf 89' lang='lat' dir='ltr'><strong>sit?</strong></span> <span class='ocrx_word' id='word_1_48' title='bbox 853 1009 1160 1063; x_wconf 74' lang='lat' dir='ltr'><strong>Portentum</strong></span> <span class='ocrx_word' id='word_1_49' title='bbox 1188 1023 1314 1079; x_wconf 89' lang='lat' dir='ltr'><strong>ergo</strong></span> <span class='ocrx_word' id='word_1_50' title='bbox 1340 1009 1429 1075; x_wconf 88' lang='lat' dir='ltr'><strong>ﬁt,</strong></span> <span class='ocrx_word' id='word_1_51' title='bbox 1470 1025 1574 1063; x_wconf 91' lang='lat' dir='ltr'><strong>non</strong></span> <span class='ocrx_word' id='word_1_52' title='bbox 1619 1019 1802 1062; x_wconf 91' lang='lat' dir='ltr'><strong>contra</strong></span> 
     </span>
    </p>
   </div>
   <div class='ocr_carea' id='block_1_8' title="bbox 224 1099 1804 1172">
    <p class='ocr_par' dir='ltr' id='par_1_8' title="bbox 224 1099 1804 1172">
     <span class='ocr_line' id='line_1_8' title="bbox 224 1099 1804 1172; baseline 0 -20"><span class='ocrx_word' id='word_1_53' title='bbox 224 1109 472 1154; x_wconf 89' lang='lat' dir='ltr'><strong>naturam</strong></span> <span class='ocrx_word' id='word_1_54' title='bbox 493 1140 510 1168; x_wconf 93' lang='lat'><strong>,</strong></span> <span class='ocrx_word' id='word_1_55' title='bbox 544 1099 638 1156; x_wconf 91' lang='lat' dir='ltr'><strong>sed</strong></span> <span class='ocrx_word' id='word_1_56' title='bbox 667 1111 850 1155; x_wconf 91' lang='lat' dir='ltr'><strong>contra</strong></span> <span class='ocrx_word' id='word_1_57' title='bbox 877 1116 1032 1172; x_wconf 90' lang='lat' dir='ltr'><strong>quam</strong></span> <span class='ocrx_word' id='word_1_58' title='bbox 1063 1109 1143 1156; x_wconf 90' lang='lat' dir='ltr'><strong>est</strong></span> <span class='ocrx_word' id='word_1_59' title='bbox 1168 1109 1290 1154; x_wconf 91' lang='lat' dir='ltr'><strong>nota</strong></span> <span class='ocrx_word' id='word_1_60' title='bbox 1319 1109 1524 1156; x_wconf 89' lang='lat' dir='ltr'><strong>natura.</strong></span> <span class='ocrx_word' id='word_1_61' title='bbox 1555 1099 1683 1167; x_wconf 84' lang='lat' dir='ltr'><strong>Quis</strong></span> <span class='ocrx_word' id='word_1_62' title='bbox 1711 1114 1804 1153; x_wconf 77' lang='lat' dir='ltr'><strong>au-</strong></span> 
     </span>
    </p>
   </div>
   <div class='ocr_carea' id='block_1_9' title="bbox 221 1192 1800 1264">
    <p class='ocr_par' dir='ltr' id='par_1_9' title="bbox 221 1192 1800 1264">
     <span class='ocr_line' id='line_1_9' title="bbox 221 1192 1800 1264; baseline 0.001 -20"><span class='ocrx_word' id='word_1_63' title='bbox 221 1200 322 1244; x_wconf 89' lang='lat' dir='ltr'><strong>tem</strong></span> <span class='ocrx_word' id='word_1_64' title='bbox 349 1201 727 1260; x_wconf 80' lang='lat' dir='ltr'><strong>portentorum</strong></span> <span class='ocrx_word' id='word_1_65' title='bbox 751 1201 991 1248; x_wconf 91' lang='lat' dir='ltr'><strong>numerat</strong></span> <span class='ocrx_word' id='word_1_66' title='bbox 1012 1193 1420 1260; x_wconf 88' lang='lat' dir='ltr'><strong>multitudinem,</strong></span> <span class='ocrx_word' id='word_1_67' title='bbox 1443 1208 1560 1264; x_wconf 67' lang='lat' dir='ltr'><strong>qua:</strong></span> <span class='ocrx_word' id='word_1_68' title='bbox 1583 1192 1800 1246; x_wconf 83' lang='lat' dir='ltr'><strong>historia</strong></span> 
     </span>
    </p>
   </div>
   <div class='ocr_carea' id='block_1_10' title="bbox 219 1285 1799 1354">
    <p class='ocr_par' dir='ltr' id='par_1_10' title="bbox 219 1285 1799 1354">
     <span class='ocr_line' id='line_1_10' title="bbox 219 1285 1799 1354; baseline 0 -16"><span class='ocrx_word' id='word_1_69' title='bbox 219 1285 460 1354; x_wconf 88' lang='lat' dir='ltr'><strong>gentium</strong></span> <span class='ocrx_word' id='word_1_70' title='bbox 503 1286 840 1341; x_wconf 87' lang='lat' dir='ltr'><strong>continetur?</strong></span> <span class='ocrx_word' id='word_1_71' title='bbox 877 1285 981 1341; x_wconf 87' lang='lat' dir='ltr'><strong>Sed</strong></span> <span class='ocrx_word' id='word_1_72' title='bbox 1026 1302 1166 1341; x_wconf 91' lang='lat' dir='ltr'><strong>nunc</strong></span> <span class='ocrx_word' id='word_1_73' title='bbox 1201 1287 1250 1340; x_wconf 92' lang='lat' dir='ltr'><strong>in</strong></span> <span class='ocrx_word' id='word_1_74' title='bbox 1282 1286 1384 1340; x_wconf 92' lang='lat' dir='ltr'><strong>hoc</strong></span> <span class='ocrx_word' id='word_1_75' title='bbox 1409 1301 1516 1340; x_wconf 89' lang='lat' dir='ltr'><strong>uno</strong></span> <span class='ocrx_word' id='word_1_76' title='bbox 1556 1285 1799 1339; x_wconf 89' lang='lat' dir='ltr'><strong>attenda-</strong></span> 
     </span>
    </p>
   </div>
   <div class='ocr_carea' id='block_1_11' title="bbox 222 1374 1798 1447">
    <p class='ocr_par' dir='ltr' id='par_1_11' title="bbox 222 1374 1798 1447">
     <span class='ocr_line' id='line_1_11' title="bbox 222 1374 1798 1447; baseline -0.001 -19"><span class='ocrx_word' id='word_1_77' title='bbox 222 1389 335 1429; x_wconf 89' lang='lat' dir='ltr'><strong>mus</strong></span> <span class='ocrx_word' id='word_1_78' title='bbox 356 1417 371 1441; x_wconf 97' lang='lat'><strong>,</strong></span> <span class='ocrx_word' id='word_1_79' title='bbox 405 1375 553 1446; x_wconf 91' lang='lat' dir='ltr'><strong>quod</strong></span> <span class='ocrx_word' id='word_1_80' title='bbox 582 1377 646 1431; x_wconf 88' lang='lat' dir='ltr'><strong>ad</strong></span> <span class='ocrx_word' id='word_1_81' title='bbox 678 1391 789 1431; x_wconf 93' lang='lat' dir='ltr'><strong>rem</strong></span> <span class='ocrx_word' id='word_1_82' title='bbox 821 1376 886 1432; x_wconf 90' lang='lat' dir='ltr'><strong>de</strong></span> <span class='ocrx_word' id='word_1_83' title='bbox 915 1391 1016 1446; x_wconf 92' lang='lat' dir='ltr'><strong>qua</strong></span> <span class='ocrx_word' id='word_1_84' title='bbox 1058 1377 1260 1447; x_wconf 83' lang='lat' dir='ltr'><strong>agimus</strong></span> <span class='ocrx_word' id='word_1_85' title='bbox 1289 1377 1534 1446; x_wconf 87' lang='lat' dir='ltr'><strong>pertinet.</strong></span> <span class='ocrx_word' id='word_1_86' title='bbox 1567 1374 1701 1442; x_wconf 83' lang='lat' dir='ltr'><strong>Quid</strong></span> <span class='ocrx_word' id='word_1_87' title='bbox 1730 1375 1798 1428; x_wconf 91' lang='lat' dir='ltr'><strong>ita</strong></span> 
     </span>
    </p>
   </div>
   <div class='ocr_carea' id='block_1_12' title="bbox 221 1463 1796 1534">
    <p class='ocr_par' dir='ltr' id='par_1_12' title="bbox 221 1463 1796 1534">
     <span class='ocr_line' id='line_1_12' title="bbox 221 1463 1796 1534; baseline 0 -16"><span class='ocrx_word' id='word_1_88' title='bbox 221 1463 539 1534; x_wconf 86' lang='lat' dir='ltr'><strong>dispositum</strong></span> <span class='ocrx_word' id='word_1_89' title='bbox 589 1474 669 1520; x_wconf 90' lang='lat' dir='ltr'><strong>est</strong></span> <span class='ocrx_word' id='word_1_90' title='bbox 719 1466 785 1520; x_wconf 90' lang='lat' dir='ltr'><strong>ab</strong></span> <span class='ocrx_word' id='word_1_91' title='bbox 835 1475 1046 1520; x_wconf 90' lang='lat' dir='ltr'><strong>auctore</strong></span> <span class='ocrx_word' id='word_1_92' title='bbox 1091 1475 1290 1520; x_wconf 78' lang='lat' dir='ltr'><strong>natura:</strong></span> <span class='ocrx_word' id='word_1_93' title='bbox 1336 1466 1455 1520; x_wconf 89' lang='lat' dir='ltr'><strong>coeli</strong></span> <span class='ocrx_word' id='word_1_94' title='bbox 1505 1473 1559 1520; x_wconf 92' lang='lat' dir='ltr'><strong>et</strong></span> <span class='ocrx_word' id='word_1_95' title='bbox 1606 1475 1796 1532; x_wconf 82' lang='lat' dir='ltr'><strong>teme,</strong></span> 
     </span>
    </p>
   </div>
   <div class='ocr_carea' id='block_1_13' title="bbox 221 1554 1798 1625">
    <p class='ocr_par' dir='ltr' id='par_1_13' title="bbox 221 1554 1798 1625">
     <span class='ocr_line' id='line_1_13' title="bbox 221 1554 1798 1625; baseline -0.001 -15"><span class='ocrx_word' id='word_1_96' title='bbox 221 1555 670 1625; x_wconf 83' lang='lat' dir='ltr'><strong>quemadmodum</strong></span> <span class='ocrx_word' id='word_1_97' title='bbox 701 1572 888 1611; x_wconf 89' lang='lat' dir='ltr'><strong>cursus</strong></span> <span class='ocrx_word' id='word_1_98' title='bbox 918 1556 1344 1610; x_wconf 81' lang='lat' dir='ltr'><strong>ordinatissimus</strong></span> <span class='ocrx_word' id='word_1_99' title='bbox 1364 1555 1642 1610; x_wconf 84' lang='lat' dir='ltr'><strong>siderum?</strong></span> <span class='ocrx_word' id='word_1_100' title='bbox 1672 1554 1798 1625; x_wconf 90' lang='lat' dir='ltr'><strong>quid</strong></span> 
     </span>
    </p>
   </div>
   <div class='ocr_carea' id='block_1_14' title="bbox 223 1645 1798 1717">
    <p class='ocr_par' dir='ltr' id='par_1_14' title="bbox 223 1645 1798 1717">
     <span class='ocr_line' id='line_1_14' title="bbox 223 1645 1798 1717; baseline -0.001 -18"><span class='ocrx_word' id='word_1_101' title='bbox 223 1657 325 1700; x_wconf 89' lang='lat' dir='ltr'><strong>tam</strong></span> <span class='ocrx_word' id='word_1_102' title='bbox 352 1647 487 1701; x_wconf 86' lang='lat' dir='ltr'><strong>ratis</strong></span> <span class='ocrx_word' id='word_1_103' title='bbox 509 1647 711 1717; x_wconf 91' lang='lat' dir='ltr'><strong>legibus</strong></span> <span class='ocrx_word' id='word_1_104' title='bbox 735 1647 955 1717; x_wconf 85' lang='lat' dir='ltr'><strong>ﬁxisque</strong></span> <span class='ocrx_word' id='word_1_105' title='bbox 984 1647 1285 1700; x_wconf 90' lang='lat' dir='ltr'><strong>ﬁrmatum?</strong></span> <span class='ocrx_word' id='word_1_106' title='bbox 1308 1647 1369 1699; x_wconf 87' lang='lat' dir='ltr'><strong>Et</strong></span> <span class='ocrx_word' id='word_1_107' title='bbox 1392 1655 1563 1700; x_wconf 90' lang='lat' dir='ltr'><strong>tamen</strong></span> <span class='ocrx_word' id='word_1_108' title='bbox 1587 1645 1798 1716; x_wconf 88' lang='lat' dir='ltr'><strong>quando</strong></span> 
     </span>
    </p>
   </div>
   <div class='ocr_carea' id='block_1_15' title="bbox 221 1735 1796 1808">
    <p class='ocr_par' dir='ltr' id='par_1_15' title="bbox 221 1735 1796 1808">
     <span class='ocr_line' id='line_1_15' title="bbox 221 1735 1796 1808; baseline -0.001 -18"><span class='ocrx_word' id='word_1_109' title='bbox 221 1736 308 1792; x_wconf 83' lang='lat' dir='ltr'><strong>ille</strong></span> <span class='ocrx_word' id='word_1_110' title='bbox 331 1737 522 1802; x_wconf 87' lang='lat' dir='ltr'><strong>voluit,</strong></span> <span class='ocrx_word' id='word_1_111' title='bbox 547 1739 633 1806; x_wconf 88' lang='lat' dir='ltr'><strong>qui</strong></span> <span class='ocrx_word' id='word_1_112' title='bbox 661 1752 868 1791; x_wconf 88' lang='lat' dir='ltr'><strong>summo</strong></span> <span class='ocrx_word' id='word_1_113' title='bbox 893 1736 1028 1808; x_wconf 91' lang='lat' dir='ltr'><strong>regit</strong></span> <span class='ocrx_word' id='word_1_114' title='bbox 1048 1737 1270 1807; x_wconf 91' lang='lat' dir='ltr'><strong>imperio</strong></span> <span class='ocrx_word' id='word_1_115' title='bbox 1292 1751 1351 1791; x_wconf 93' lang='lat' dir='ltr'><strong>ac</strong></span> <span class='ocrx_word' id='word_1_116' title='bbox 1376 1745 1630 1806; x_wconf 89' lang='lat' dir='ltr'><strong>potestate</strong></span> <span class='ocrx_word' id='word_1_117' title='bbox 1656 1735 1796 1806; x_wconf 91' lang='lat' dir='ltr'><strong>quod</strong></span> 
     </span>
    </p>
   </div>
   <div class='ocr_carea' id='block_1_16' title="bbox 129 1827 1796 1898">
    <p class='ocr_par' dir='ltr' id='par_1_16' title="bbox 129 1827 1796 1898">
     <span class='ocr_line' id='line_1_16' title="bbox 129 1827 1796 1898; baseline -0.001 -15"><span class='ocrx_word' id='word_1_118' title='bbox 129 1847 141 1857; x_wconf 89' lang='grc'><strong>·</strong></span> <span class='ocrx_word' id='word_1_119' title='bbox 220 1828 498 1895; x_wconf 88' lang='lat' dir='ltr'><strong>condidit,</strong></span> <span class='ocrx_word' id='word_1_120' title='bbox 551 1829 702 1885; x_wconf 86' lang='lat' dir='ltr'><strong>stella</strong></span> <span class='ocrx_word' id='word_1_121' title='bbox 771 1845 878 1898; x_wconf 77' lang='lat' dir='ltr'><strong>pra:</strong></span> <span class='ocrx_word' id='word_1_122' title='bbox 944 1829 1151 1883; x_wconf 83' lang='lat' dir='ltr'><strong>caeteris</strong></span> <span class='ocrx_word' id='word_1_123' title='bbox 1216 1827 1575 1897; x_wconf 80' lang='lat' dir='ltr'><strong>magnitudine</strong></span> <span class='ocrx_word' id='word_1_124' title='bbox 1639 1836 1796 1896; x_wconf 88' lang='lat' dir='ltr'><strong>atque</strong></span> 
     </span>
    </p>
   </div>
   <div class='ocr_carea' id='block_1_17' title="bbox 222 1920 1792 1992">
    <p class='ocr_par' dir='ltr' id='par_1_17' title="bbox 222 1920 1792 1992">
     <span class='ocr_line' id='line_1_17' title="bbox 222 1920 1792 1992; baseline -0.001 -16"><span class='ocrx_word' id='word_1_125' title='bbox 222 1921 513 1990; x_wconf 85' lang='lat' dir='ltr'><strong>splendore</strong></span> <span class='ocrx_word' id='word_1_126' title='bbox 531 1923 826 1987; x_wconf 87' lang='lat' dir='ltr'><strong>notissima,</strong></span> <span class='ocrx_word' id='word_1_127' title='bbox 841 1923 1073 1977; x_wconf 91' lang='lat' dir='ltr'><strong>colorem</strong></span> <span class='ocrx_word' id='word_1_128' title='bbox 1091 1921 1526 1992; x_wconf 83' lang='lat' dir='ltr'><strong>magnitudinem,</strong></span> <span class='ocrx_word' id='word_1_129' title='bbox 1553 1920 1792 1991; x_wconf 77' lang='lat' dir='ltr'><strong>figuram,</strong></span> 
     </span>
    </p>
   </div>
   <div class='ocr_carea' id='block_1_18' title="bbox 218 2011 1794 2082">
    <p class='ocr_par' dir='ltr' id='par_1_18' title="bbox 218 2011 1794 2082">
     <span class='ocr_line' id='line_1_18' title="bbox 218 2011 1794 2082; baseline 0 -15"><span class='ocrx_word' id='word_1_130' title='bbox 218 2020 272 2067; x_wconf 91' lang='lat' dir='ltr'><strong>et</strong></span> <span class='ocrx_word' id='word_1_131' title='bbox 299 2011 466 2082; x_wconf 86' lang='lat' dir='ltr'><strong>(quod</strong></span> <span class='ocrx_word' id='word_1_132' title='bbox 495 2020 578 2066; x_wconf 89' lang='lat' dir='ltr'><strong>est</strong></span> <span class='ocrx_word' id='word_1_133' title='bbox 603 2011 914 2079; x_wconf 80' lang='lat' dir='ltr'><strong>mirabilius)</strong></span> <span class='ocrx_word' id='word_1_134' title='bbox 947 2013 1024 2066; x_wconf 91' lang='lat' dir='ltr'><strong>sui</strong></span> <span class='ocrx_word' id='word_1_135' title='bbox 1054 2025 1240 2066; x_wconf 90' lang='lat' dir='ltr'><strong>cursus</strong></span> <span class='ocrx_word' id='word_1_136' title='bbox 1259 2011 1496 2066; x_wconf 89' lang='lat' dir='ltr'><strong>ordinem</strong></span> <span class='ocrx_word' id='word_1_137' title='bbox 1518 2011 1794 2082; x_wconf 80' lang='lat' dir='ltr'><strong>legemque</strong></span> 
     </span>
    </p>
   </div>
   <div class='ocr_carea' id='block_1_19' title="bbox 218 2101 1796 2172">
    <p class='ocr_par' dir='ltr' id='par_1_19' title="bbox 218 2101 1796 2172">
     <span class='ocr_line' id='line_1_19' title="bbox 218 2101 1796 2172; baseline 0 -13"><span class='ocrx_word' id='word_1_138' title='bbox 218 2104 460 2159; x_wconf 79' lang='lat' dir='ltr'><strong>mutavit.</strong></span> <span class='ocrx_word' id='word_1_139' title='bbox 495 2103 751 2158; x_wconf 89' lang='lat' dir='ltr'><strong>Turbavit</strong></span> <span class='ocrx_word' id='word_1_140' title='bbox 793 2102 1029 2172; x_wconf 91' lang='lat' dir='ltr'><strong>profecto</strong></span> <span class='ocrx_word' id='word_1_141' title='bbox 1059 2111 1181 2156; x_wconf 91' lang='lat' dir='ltr'><strong>tunc</strong></span> <span class='ocrx_word' id='word_1_142' title='bbox 1201 2143 1213 2167; x_wconf 97' lang='lat'><strong>,</strong></span> <span class='ocrx_word' id='word_1_143' title='bbox 1243 2103 1287 2156; x_wconf 91' lang='lat' dir='ltr'><strong>si</strong></span> <span class='ocrx_word' id='word_1_144' title='bbox 1313 2103 1404 2156; x_wconf 90' lang='lat' dir='ltr'><strong>ulli</strong></span> <span class='ocrx_word' id='word_1_145' title='bbox 1431 2102 1538 2171; x_wconf 89' lang='lat' dir='ltr'><strong>jam</strong></span> <span class='ocrx_word' id='word_1_146' title='bbox 1585 2101 1796 2158; x_wconf 88' lang='lat' dir='ltr'><strong>fuerunt</strong></span> 
     </span>
    </p>
   </div>
   <div class='ocr_carea' id='block_1_20' title="bbox 218 2193 1794 2264">
    <p class='ocr_par' dir='ltr' id='par_1_20' title="bbox 218 2193 1794 2264">
     <span class='ocr_line' id='line_1_20' title="bbox 218 2193 1794 2264; baseline -0.003 -12"><span class='ocrx_word' id='word_1_147' title='bbox 218 2209 448 2252; x_wconf 71' lang='lat' dir='ltr'><strong>cztnones</strong></span> <span class='ocrx_word' id='word_1_148' title='bbox 470 2194 895 2264; x_wconf 89' lang='lat' dir='ltr'><strong>astrologorum,</strong></span> <span class='ocrx_word' id='word_1_149' title='bbox 921 2209 1052 2264; x_wconf 88' lang='lat' dir='ltr'><strong>quos</strong></span> <span class='ocrx_word' id='word_1_150' title='bbox 1079 2193 1219 2248; x_wconf 90' lang='lat' dir='ltr'><strong>velut</strong></span> <span class='ocrx_word' id='word_1_151' title='bbox 1245 2193 1510 2248; x_wconf 90' lang='lat' dir='ltr'><strong>inerrabili</strong></span> <span class='ocrx_word' id='word_1_152' title='bbox 1529 2193 1544 2224; x_wconf 85' lang='grc'>¹</span> <span class='ocrx_word' id='word_1_153' title='bbox 1575 2208 1794 2264; x_wconf 88' lang='lat' dir='ltr'><strong>compu-</strong></span> 
     </span>
    </p>
   </div>
   <div class='ocr_carea' id='block_1_21' title="bbox 220 2284 1791 2356">
    <p class='ocr_par' dir='ltr' id='par_1_21' title="bbox 220 2284 1791 2356">
     <span class='ocr_line' id='line_1_21' title="bbox 220 2284 1791 2356; baseline -0.001 -15"><span class='ocrx_word' id='word_1_154' title='bbox 220 2286 416 2341; x_wconf 88' lang='lat' dir='ltr'><strong>tatione</strong></span> <span class='ocrx_word' id='word_1_155' title='bbox 437 2285 505 2340; x_wconf 93' lang='lat' dir='ltr'><strong>de</strong></span> <span class='ocrx_word' id='word_1_156' title='bbox 527 2286 807 2356; x_wconf 72' lang='lat' dir='ltr'><strong>pneteritis</strong></span> <span class='ocrx_word' id='word_1_157' title='bbox 827 2299 889 2339; x_wconf 90' lang='lat' dir='ltr'><strong>ac</strong></span> <span class='ocrx_word' id='word_1_158' title='bbox 910 2285 1099 2340; x_wconf 86' lang='lat' dir='ltr'><strong>futuris</strong></span> <span class='ocrx_word' id='word_1_159' title='bbox 1123 2293 1384 2340; x_wconf 89' lang='lat' dir='ltr'><strong>astrorum</strong></span> <span class='ocrx_word' id='word_1_160' title='bbox 1411 2284 1640 2339; x_wconf 89' lang='lat' dir='ltr'><strong>motibus</strong></span> <span class='ocrx_word' id='word_1_161' title='bbox 1659 2299 1791 2339; x_wconf 88' lang='lat' dir='ltr'><strong>con-</strong></span> 
     </span>
    </p>
   </div>
   <div class='ocr_carea' id='block_1_22' title="bbox 217 2376 1794 2449">
    <p class='ocr_par' dir='ltr' id='par_1_22' title="bbox 217 2376 1794 2449">
     <span class='ocr_line' id='line_1_22' title="bbox 217 2376 1794 2449; baseline -0.001 -15"><span class='ocrx_word' id='word_1_162' title='bbox 217 2379 442 2449; x_wconf 81' lang='lat' dir='ltr'><strong>scriptos</strong></span> <span class='ocrx_word' id='word_1_163' title='bbox 493 2378 727 2443; x_wconf 86' lang='lat' dir='ltr'><strong>habent,</strong></span> <span class='ocrx_word' id='word_1_164' title='bbox 770 2393 900 2448; x_wconf 90' lang='lat' dir='ltr'><strong>quos</strong></span> <span class='ocrx_word' id='word_1_165' title='bbox 929 2392 1160 2433; x_wconf 84' lang='lat' dir='ltr'><strong>canones</strong></span> <span class='ocrx_word' id='word_1_166' title='bbox 1201 2376 1470 2448; x_wconf 90' lang='lat' dir='ltr'><strong>sequendo</strong></span> <span class='ocrx_word' id='word_1_167' title='bbox 1512 2377 1624 2431; x_wconf 90' lang='lat' dir='ltr'><strong>ausi</strong></span> <span class='ocrx_word' id='word_1_168' title='bbox 1669 2386 1794 2433; x_wconf 93' lang='lat' dir='ltr'><strong>sunt</strong></span> 
     </span>
    </p>
   </div>
   <div class='ocr_carea' id='block_1_23' title="bbox 216 2467 1792 2538">
    <p class='ocr_par' dir='ltr' id='par_1_23' title="bbox 216 2467 1792 2538">
     <span class='ocr_line' id='line_1_23' title="bbox 216 2467 1792 2538; baseline -0.001 -13"><span class='ocrx_word' id='word_1_169' title='bbox 216 2469 393 2526; x_wconf 86' lang='lat' dir='ltr'><strong>dicere</strong></span> <span class='ocrx_word' id='word_1_170' title='bbox 424 2469 528 2523; x_wconf 91' lang='lat' dir='ltr'><strong>hoc</strong></span> <span class='ocrx_word' id='word_1_171' title='bbox 557 2467 699 2538; x_wconf 92' lang='lat' dir='ltr'><strong>quod</strong></span> <span class='ocrx_word' id='word_1_172' title='bbox 725 2467 793 2523; x_wconf 92' lang='lat' dir='ltr'><strong>de</strong></span> <span class='ocrx_word' id='word_1_173' title='bbox 819 2468 1059 2522; x_wconf 86' lang='lat' dir='ltr'><strong>Lucifero</strong></span> <span class='ocrx_word' id='word_1_174' title='bbox 1083 2468 1331 2538; x_wconf 85' lang='lat' dir='ltr'><strong>contigit,</strong></span> <span class='ocrx_word' id='word_1_175' title='bbox 1361 2483 1458 2522; x_wconf 92' lang='lat' dir='ltr'><strong>nec</strong></span> <span class='ocrx_word' id='word_1_176' title='bbox 1487 2476 1662 2532; x_wconf 86' lang='lat' dir='ltr'><strong>antea,</strong></span> <span class='ocrx_word' id='word_1_177' title='bbox 1693 2482 1792 2524; x_wconf 91' lang='lat' dir='ltr'><strong>nec</strong></span> 
     </span>
    </p>
   </div>
   <div class='ocr_carea' id='block_1_24' title="bbox 217 2558 1787 2632">
    <p class='ocr_par' dir='ltr' id='par_1_24' title="bbox 217 2558 1787 2632">
     <span class='ocr_line' id='line_1_24' title="bbox 217 2558 1787 2632; baseline 0 -16"><span class='ocrx_word' id='word_1_178' title='bbox 217 2569 396 2630; x_wconf 87' lang='lat' dir='ltr'><strong>postea</strong></span> <span class='ocrx_word' id='word_1_179' title='bbox 417 2559 724 2629; x_wconf 77' lang='lat' dir='ltr'><strong>contigisse.</strong></span> <span class='ocrx_word' id='word_1_180' title='bbox 747 2558 852 2614; x_wconf 86' lang='lat' dir='ltr'><strong>Nos</strong></span> <span class='ocrx_word' id='word_1_181' title='bbox 874 2568 1048 2614; x_wconf 91' lang='lat' dir='ltr'><strong>autem</strong></span> <span class='ocrx_word' id='word_1_182' title='bbox 1076 2560 1127 2614; x_wconf 91' lang='lat' dir='ltr'><strong>in</strong></span> <span class='ocrx_word' id='word_1_183' title='bbox 1151 2560 1343 2614; x_wconf 79' lang='lat' dir='ltr'><strong>divinis</strong></span> <span class='ocrx_word' id='word_1_184' title='bbox 1363 2560 1514 2615; x_wconf 90' lang='lat' dir='ltr'><strong>libris</strong></span> <span class='ocrx_word' id='word_1_185' title='bbox 1542 2561 1787 2632; x_wconf 88' lang='lat' dir='ltr'><strong>legimus,</strong></span> 
     </span>
    </p>
   </div>
   <div class='ocr_carea' id='block_1_25' title="bbox 216 2651 1791 2720">
    <p class='ocr_par' dir='ltr' id='par_1_25' title="bbox 216 2651 1791 2720">
     <span class='ocr_line' id='line_1_25' title="bbox 216 2651 1791 2720; baseline 0.001 -15"><span class='ocrx_word' id='word_1_186' title='bbox 216 2652 372 2706; x_wconf 86' lang='lat' dir='ltr'><strong>etiam</strong></span> <span class='ocrx_word' id='word_1_187' title='bbox 423 2651 593 2705; x_wconf 90' lang='lat' dir='ltr'><strong>solem</strong></span> <span class='ocrx_word' id='word_1_188' title='bbox 639 2651 810 2720; x_wconf 89' lang='lat' dir='ltr'><strong>ipsum</strong></span> <span class='ocrx_word' id='word_1_189' title='bbox 849 2661 900 2705; x_wconf 90' lang='lat' dir='ltr'><strong>et</strong></span> <span class='ocrx_word' id='word_1_190' title='bbox 943 2652 1184 2717; x_wconf 89' lang='lat' dir='ltr'><strong>stetisse;</strong></span> <span class='ocrx_word' id='word_1_191' title='bbox 1215 2666 1334 2706; x_wconf 90' lang='lat' dir='ltr'><strong>cum</strong></span> <span class='ocrx_word' id='word_1_192' title='bbox 1363 2651 1464 2706; x_wconf 92' lang='lat' dir='ltr'><strong>hoc</strong></span> <span class='ocrx_word' id='word_1_193' title='bbox 1499 2667 1528 2706; x_wconf 92' lang='lat' dir='ltr'><strong>a</strong></span> <span class='ocrx_word' id='word_1_194' title='bbox 1570 2653 1791 2708; x_wconf 90' lang='lat' dir='ltr'><strong>Domino</strong></span> 
     </span>
    </p>
   </div>
   <div class='ocr_carea' id='block_1_26' title="bbox 215 2742 1788 2816">
    <p class='ocr_par' dir='ltr' id='par_1_26' title="bbox 215 2742 1788 2816">
     <span class='ocr_line' id='line_1_26' title="bbox 215 2742 1788 2816; baseline 0.002 -19"><span class='ocrx_word' id='word_1_195' title='bbox 215 2743 325 2797; x_wconf 89' lang='lat' dir='ltr'><strong>Deo</strong></span> <span class='ocrx_word' id='word_1_196' title='bbox 348 2742 631 2813; x_wconf 78' lang='lat' dir='ltr'><strong>petivisset</strong></span> <span class='ocrx_word' id='word_1_197' title='bbox 655 2742 735 2796; x_wconf 91' lang='lat' dir='ltr'><strong>vir</strong></span> <span class='ocrx_word' id='word_1_198' title='bbox 755 2752 973 2797; x_wconf 89' lang='lat' dir='ltr'><strong>sanctus</strong></span> <span class='ocrx_word' id='word_1_199' title='bbox 995 2743 1146 2798; x_wconf 86' lang='lat' dir='ltr'><strong>Jesus</strong></span> <span class='ocrx_word' id='word_1_200' title='bbox 1175 2743 1336 2807; x_wconf 87' lang='lat' dir='ltr'><strong>Nave,</strong></span> <span class='ocrx_word' id='word_1_201' title='bbox 1364 2744 1534 2801; x_wconf 89' lang='lat' dir='ltr'><strong>donec</strong></span> <span class='ocrx_word' id='word_1_202' title='bbox 1555 2755 1788 2816; x_wconf 75' lang='lat' dir='ltr'><strong>emptum</strong></span> 
     </span>
    </p>
   </div>
   <div class='ocr_carea' id='block_1_27' title="bbox 215 2832 1791 2905">
    <p class='ocr_par' dir='ltr' id='par_1_27' title="bbox 215 2832 1791 2905">
     <span class='ocr_line' id='line_1_27' title="bbox 215 2832 1791 2905; baseline 0.005 -20"><span class='ocrx_word' id='word_1_203' title='bbox 215 2833 456 2903; x_wconf 64' lang='lat' dir='ltr'><strong>praelium</strong></span> <span class='ocrx_word' id='word_1_204' title='bbox 486 2832 703 2886; x_wconf 80' lang='lat' dir='ltr'><strong>victoria</strong></span> <span class='ocrx_word' id='word_1_205' title='bbox 739 2833 1046 2888; x_wconf 87' lang='lat' dir='ltr'><strong>terminaret</strong></span> <span class='ocrx_word' id='word_1_206' title='bbox 1079 2833 1254 2904; x_wconf 83' lang='lat' dir='ltr'><strong>(Josue</strong></span> <span class='ocrx_word' id='word_1_207' title='bbox 1279 2851 1338 2902; x_wconf 84' lang='lat' dir='ltr'><strong>x,</strong></span> <span class='ocrx_word' id='word_1_208' title='bbox 1369 2836 1457 2905; x_wconf 76' lang='grc'><strong>15)</strong></span> <span class='ocrx_word' id='word_1_209' title='bbox 1479 2853 1492 2903; x_wconf 92' lang='lat'><strong>;</strong></span> <span class='ocrx_word' id='word_1_210' title='bbox 1517 2845 1570 2891; x_wconf 92' lang='lat' dir='ltr'><strong>et</strong></span> <span class='ocrx_word' id='word_1_211' title='bbox 1594 2847 1791 2894; x_wconf 89' lang='lat' dir='ltr'><strong>retror-</strong></span> 
     </span>
    </p>
   </div>
   <div class='ocr_carea' id='block_1_28' title="bbox 214 2923 1789 2995">
    <p class='ocr_par' dir='ltr' id='par_1_28' title="bbox 214 2923 1789 2995">
     <span class='ocr_line' id='line_1_28' title="bbox 214 2923 1789 2995; baseline 0.004 -17"><span class='ocrx_word' id='word_1_212' title='bbox 214 2938 332 2978; x_wconf 91' lang='lat' dir='ltr'><strong>sum</strong></span> <span class='ocrx_word' id='word_1_213' title='bbox 376 2923 618 2987; x_wconf 85' lang='lat' dir='ltr'><strong>redisse,</strong></span> <span class='ocrx_word' id='word_1_214' title='bbox 668 2933 727 2978; x_wconf 89' lang='lat' dir='ltr'><strong>ut</strong></span> <span class='ocrx_word' id='word_1_215' title='bbox 774 2925 885 2994; x_wconf 88' lang='lat' dir='ltr'><strong>regi</strong></span> <span class='ocrx_word' id='word_1_216' title='bbox 931 2924 1172 2980; x_wconf 79' lang='lat' dir='ltr'><strong>Ezechia:</strong></span> <span class='ocrx_word' id='word_1_217' title='bbox 1218 2927 1518 2995; x_wconf 90' lang='lat' dir='ltr'><strong>quindecim</strong></span> <span class='ocrx_word' id='word_1_218' title='bbox 1563 2929 1686 2983; x_wconf 89' lang='lat' dir='ltr'><strong>anni</strong></span> <span class='ocrx_word' id='word_1_219' title='bbox 1724 2930 1789 2986; x_wconf 89' lang='lat' dir='ltr'><strong>ad</strong></span> 
     </span>
    </p>
   </div>
   <div class='ocr_carea' id='block_1_29' title="bbox 215 3015 1788 3089">
    <p class='ocr_par' dir='ltr' id='par_1_29' title="bbox 215 3015 1788 3089">
     <span class='ocr_line' id='line_1_29' title="bbox 215 3015 1788 3089; baseline 0.005 -20"><span class='ocrx_word' id='word_1_220' title='bbox 215 3015 500 3070; x_wconf 87' lang='lat' dir='ltr'><strong>vivendum</strong></span> <span class='ocrx_word' id='word_1_221' title='bbox 525 3015 720 3081; x_wconf 87' lang='lat' dir='ltr'><strong>additi,</strong></span> <span class='ocrx_word' id='word_1_222' title='bbox 747 3015 849 3070; x_wconf 91' lang='lat' dir='ltr'><strong>hoc</strong></span> <span class='ocrx_word' id='word_1_223' title='bbox 873 3017 1030 3072; x_wconf 89' lang='lat' dir='ltr'><strong>etiam</strong></span> <span class='ocrx_word' id='word_1_224' title='bbox 1063 3018 1300 3089; x_wconf 88' lang='lat' dir='ltr'><strong>prodigio</strong></span> <span class='ocrx_word' id='word_1_225' title='bbox 1328 3021 1664 3089; x_wconf 89' lang='lat' dir='ltr'><strong>promissioni</strong></span> <span class='ocrx_word' id='word_1_226' title='bbox 1697 3021 1788 3077; x_wconf 90' lang='lat' dir='ltr'><strong>Dei</strong></span> 
     </span>
    </p>
   </div>
   <div class='ocr_carea' id='block_1_30' title="bbox 212 3106 1787 3183">
    <p class='ocr_par' dir='ltr' id='par_1_30' title="bbox 212 3106 1787 3183">
     <span class='ocr_line' id='line_1_30' title="bbox 212 3106 1787 3183; baseline 0.004 -21"><span class='ocrx_word' id='word_1_227' title='bbox 212 3106 644 3176; x_wconf 83' lang='lat' dir='ltr'><strong>signiﬁcarentur</strong></span> <span class='ocrx_word' id='word_1_228' title='bbox 680 3106 928 3176; x_wconf 89' lang='lat' dir='ltr'><strong>adjuncto</strong></span> <span class='ocrx_word' id='word_1_229' title='bbox 973 3106 1135 3181; x_wconf 79' lang='lat' dir='ltr'><strong>(Isai.</strong></span> <span class='ocrx_word' id='word_1_230' title='bbox 1177 3125 1407 3176; x_wconf 80' lang='lat' dir='ltr'><strong>xxxvnt,</strong></span> <span class='ocrx_word' id='word_1_231' title='bbox 1436 3110 1524 3183; x_wconf 86' lang='lat'><strong>8).</strong></span> <span class='ocrx_word' id='word_1_232' title='bbox 1554 3111 1657 3168; x_wconf 89' lang='lat' dir='ltr'><strong>Sed</strong></span> <span class='ocrx_word' id='word_1_233' title='bbox 1691 3113 1787 3168; x_wconf 89' lang='lat' dir='ltr'><strong>ista</strong></span> 
     </span>
    </p>
   </div>
   <div class='ocr_carea' id='block_1_31' title="bbox 213 3198 1790 3268">
    <p class='ocr_par' dir='ltr' id='par_1_31' title="bbox 213 3198 1790 3268">
     <span class='ocr_line' id='line_1_31' title="bbox 213 3198 1790 3268; baseline 0.004 -16"><span class='ocrx_word' id='word_1_234' title='bbox 213 3211 426 3268; x_wconf 84' lang='lat' dir='ltr'><strong>quoque</strong></span> <span class='ocrx_word' id='word_1_235' title='bbox 467 3198 721 3254; x_wconf 89' lang='lat' dir='ltr'><strong>miracula</strong></span> <span class='ocrx_word' id='word_1_236' title='bbox 741 3239 757 3260; x_wconf 87' lang='lat'><strong>,</strong></span> <span class='ocrx_word' id='word_1_237' title='bbox 785 3214 904 3267; x_wconf 64' lang='lat' dir='ltr'><strong>quae</strong></span> <span class='ocrx_word' id='word_1_238' title='bbox 924 3199 1126 3254; x_wconf 90' lang='lat' dir='ltr'><strong>meritis</strong></span> <span class='ocrx_word' id='word_1_239' title='bbox 1149 3211 1273 3255; x_wconf 88' lang='lat' dir='ltr'><strong>sunt</strong></span> <span class='ocrx_word' id='word_1_240' title='bbox 1299 3216 1550 3256; x_wconf 89' lang='lat' dir='ltr'><strong>concessa</strong></span> <span class='ocrx_word' id='word_1_241' title='bbox 1581 3214 1790 3258; x_wconf 89' lang='lat' dir='ltr'><strong>sancto-</strong></span> 
     </span>
    </p>
   </div>
   <div class='ocr_carea' id='block_1_32' title="bbox 214 3286 1789 3361">
    <p class='ocr_par' dir='ltr' id='par_1_32' title="bbox 214 3286 1789 3361">
     <span class='ocr_line' id='line_1_32' title="bbox 214 3286 1789 3361; baseline 0.004 -20"><span class='ocrx_word' id='word_1_242' title='bbox 214 3303 331 3341; x_wconf 89' lang='lat' dir='ltr'><strong>rum</strong></span> <span class='ocrx_word' id='word_1_243' title='bbox 355 3328 372 3354; x_wconf 96' lang='lat'><strong>,</strong></span> <span class='ocrx_word' id='word_1_244' title='bbox 399 3286 614 3357; x_wconf 87' lang='lat' dir='ltr'><strong>quando</strong></span> <span class='ocrx_word' id='word_1_245' title='bbox 654 3286 878 3342; x_wconf 90' lang='lat' dir='ltr'><strong>credunt</strong></span> <span class='ocrx_word' id='word_1_246' title='bbox 906 3287 988 3342; x_wconf 92' lang='lat' dir='ltr'><strong>isti</strong></span> <span class='ocrx_word' id='word_1_247' title='bbox 1031 3288 1163 3343; x_wconf 89' lang='lat' dir='ltr'><strong>facta</strong></span> <span class='ocrx_word' id='word_1_248' title='bbox 1183 3330 1198 3355; x_wconf 93' lang='lat'><strong>,</strong></span> <span class='ocrx_word' id='word_1_249' title='bbox 1225 3290 1442 3361; x_wconf 80' lang='lat' dir='ltr'><strong>magicis</strong></span> <span class='ocrx_word' id='word_1_250' title='bbox 1467 3291 1664 3347; x_wconf 90' lang='lat' dir='ltr'><strong>artibus</strong></span> <span class='ocrx_word' id='word_1_251' title='bbox 1694 3294 1789 3348; x_wconf 81' lang='lat' dir='ltr'><strong>tri-</strong></span> 
     </span>
    </p>
   </div>
   <div class='ocr_carea' id='block_1_33' title="bbox 216 3378 1786 3453">
    <p class='ocr_par' dir='ltr' id='par_1_33' title="bbox 216 3378 1786 3453">
     <span class='ocr_line' id='line_1_33' title="bbox 216 3378 1786 3453; baseline 0.003 -15"><span class='ocrx_word' id='word_1_252' title='bbox 216 3379 404 3438; x_wconf 83' lang='lat' dir='ltr'><strong>buunt.</strong></span> <span class='ocrx_word' id='word_1_253' title='bbox 447 3378 601 3435; x_wconf 86' lang='lat' dir='ltr'><strong>Unde</strong></span> <span class='ocrx_word' id='word_1_254' title='bbox 641 3378 770 3433; x_wconf 91' lang='lat' dir='ltr'><strong>illud</strong></span> <span class='ocrx_word' id='word_1_255' title='bbox 815 3389 896 3436; x_wconf 89' lang='lat' dir='ltr'><strong>est</strong></span> <span class='ocrx_word' id='word_1_256' title='bbox 937 3380 1075 3450; x_wconf 86' lang='lat' dir='ltr'><strong>quod</strong></span> <span class='ocrx_word' id='word_1_257' title='bbox 1115 3382 1354 3453; x_wconf 88' lang='lat' dir='ltr'><strong>superius</strong></span> <span class='ocrx_word' id='word_1_258' title='bbox 1380 3387 1786 3442; x_wconf 77' lang='lat' dir='ltr'><strong>commemoravi</strong></span> 
     </span>
    </p>
   </div>
   <div class='ocr_carea' id='block_1_34' title="bbox 215 3471 748 3542">
    <p class='ocr_par' dir='ltr' id='par_1_34' title="bbox 215 3471 748 3542">
     <span class='ocr_line' id='line_1_34' title="bbox 215 3471 748 3542; baseline 0 -14"><span class='ocrx_word' id='word_1_259' title='bbox 215 3473 413 3528; x_wconf 80' lang='lat' dir='ltr'><strong>dixisse</strong></span> <span class='ocrx_word' id='word_1_260' title='bbox 439 3471 712 3542; x_wconf 81' lang='lat' dir='ltr'><strong>Virgilium</strong></span> <span class='ocrx_word' id='word_1_261' title='bbox 728 3513 748 3539; x_wconf 85' lang='lat'><strong>,</strong></span> 
     </span>
    </p>
   </div>
   <div class='ocr_carea' id='block_1_35' title="bbox 275 3587 1499 3650">
    <p class='ocr_par' dir='ltr' id='par_1_35' title="bbox 275 3587 1499 3650">
     <span class='ocr_line' id='line_1_35' title="bbox 275 3587 1499 3650; baseline 0 -13"><span class='ocrx_word' id='word_1_262' title='bbox 275 3587 459 3638; x_wconf 84' lang='lat' dir='ltr'><strong>sistere</strong></span> <span class='ocrx_word' id='word_1_263' title='bbox 481 3598 655 3650; x_wconf 80' lang='lat' dir='ltr'><strong>aquam</strong></span> <span class='ocrx_word' id='word_1_264' title='bbox 677 3587 850 3648; x_wconf 83' lang='lat' dir='ltr'><strong>ﬂuviis,</strong></span> <span class='ocrx_word' id='word_1_265' title='bbox 877 3593 928 3650; x_wconf 86' lang='lat' dir='ltr'><strong>et</strong></span> <span class='ocrx_word' id='word_1_266' title='bbox 948 3588 1327 3650; x_wconf 80' lang='lat' dir='ltr'><strong>verteresidera</strong></span> <span class='ocrx_word' id='word_1_267' title='bbox 1350 3597 1499 3639; x_wconf 89' lang='lat' dir='ltr'><strong>retro.</strong></span> 
     </span>
    </p>
   </div>
   <div class='ocr_carea' id='block_1_36' title="bbox 895 3649 1543 3714">
    <p class='ocr_par' dir='ltr' id='par_1_36' title="bbox 895 3649 1543 3714">
     <span class='ocr_line' id='line_1_36' title="bbox 895 3649 1543 3714; baseline 0 -14"><span class='ocrx_word' id='word_1_268' title='bbox 895 3649 1114 3711; x_wconf 70' lang='lat' dir='ltr'><strong>(/Eneid.</strong></span> <span class='ocrx_word' id='word_1_269' title='bbox 1142 3649 1223 3700; x_wconf 84' lang='lat' dir='ltr'><strong>tib.</strong></span> <span class='ocrx_word' id='word_1_270' title='bbox 1248 3651 1294 3711; x_wconf 71' lang='lat'><strong>4,</strong></span> <span class='ocrx_word' id='word_1_271' title='bbox 1320 3664 1365 3700; x_wconf 87' lang='lat' dir='ltr'><strong>v.</strong></span> <span class='ocrx_word' id='word_1_272' title='bbox 1391 3651 1496 3700; x_wconf 74' lang='lat'><strong>489.</strong></span> <span class='ocrx_word' id='word_1_273' title='bbox 1524 3652 1543 3714; x_wconf 85' lang='lat'><strong>)</strong></span> 
     </span>
    </p>
   </div>
   <div class='ocr_carea' id='block_1_37' title="bbox 216 3755 1787 3827">
    <p class='ocr_par' dir='ltr' id='par_1_37' title="bbox 216 3755 1787 3827">
     <span class='ocr_line' id='line_1_37' title="bbox 216 3755 1787 3827; baseline 0.001 -16"><span class='ocrx_word' id='word_1_274' title='bbox 216 3755 347 3812; x_wconf 73' lang='lat' dir='ltr'><strong>Nam</strong></span> <span class='ocrx_word' id='word_1_275' title='bbox 373 3765 427 3811; x_wconf 92' lang='lat' dir='ltr'><strong>et</strong></span> <span class='ocrx_word' id='word_1_276' title='bbox 447 3755 665 3810; x_wconf 85' lang='lat' dir='ltr'><strong>fluvium</strong></span> <span class='ocrx_word' id='word_1_277' title='bbox 691 3755 903 3812; x_wconf 89' lang='lat' dir='ltr'><strong>stetisse</strong></span> <span class='ocrx_word' id='word_1_278' title='bbox 924 3756 1185 3826; x_wconf 88' lang='lat' dir='ltr'><strong>superius,</strong></span> <span class='ocrx_word' id='word_1_279' title='bbox 1210 3755 1531 3827; x_wconf 80' lang='lat' dir='ltr'><strong>inferiasque</strong></span> <span class='ocrx_word' id='word_1_280' title='bbox 1556 3756 1787 3824; x_wconf 82' lang='lat' dir='ltr'><strong>ﬁnxisse,</strong></span> 
     </span>
    </p>
   </div>
   <div class='ocr_carea' id='block_1_38' title="bbox 216 3845 1791 3916">
    <p class='ocr_par' dir='ltr' id='par_1_38' title="bbox 216 3845 1791 3916">
     <span class='ocr_line' id='line_1_38' title="bbox 216 3845 1791 3916; baseline 0.001 -14"><span class='ocrx_word' id='word_1_281' title='bbox 216 3853 336 3903; x_wconf 87' lang='lat' dir='ltr'><strong>cum</strong></span> <span class='ocrx_word' id='word_1_282' title='bbox 392 3846 620 3916; x_wconf 89' lang='lat' dir='ltr'><strong>populus</strong></span> <span class='ocrx_word' id='word_1_283' title='bbox 673 3846 796 3912; x_wconf 90' lang='lat' dir='ltr'><strong>Dei,</strong></span> <span class='ocrx_word' id='word_1_284' title='bbox 848 3845 1066 3902; x_wconf 91' lang='lat' dir='ltr'><strong>ductore</strong></span> <span class='ocrx_word' id='word_1_285' title='bbox 1117 3861 1280 3916; x_wconf 81' lang='lat' dir='ltr'><strong>supra</strong></span> <span class='ocrx_word' id='word_1_286' title='bbox 1324 3857 1616 3902; x_wconf 86' lang='lat' dir='ltr'><strong>memorato</strong></span> <span class='ocrx_word' id='word_1_287' title='bbox 1665 3848 1791 3904; x_wconf 85' lang='lat' dir='ltr'><strong>Jesu</strong></span> 
     </span>
    </p>
   </div>
   <div class='ocr_carea' id='block_1_39' title="bbox 215 3935 1789 4008">
    <p class='ocr_par' dir='ltr' id='par_1_39' title="bbox 215 3935 1789 4008">
     <span class='ocr_line' id='line_1_39' title="bbox 215 3935 1789 4008; baseline -0.001 -14"><span class='ocrx_word' id='word_1_288' title='bbox 215 3937 360 3994; x_wconf 77' lang='lat' dir='ltr'><strong>Nave</strong></span> <span class='ocrx_word' id='word_1_289' title='bbox 383 3979 399 4004; x_wconf 91' lang='lat'><strong>,</strong></span> <span class='ocrx_word' id='word_1_290' title='bbox 431 3937 570 3991; x_wconf 88' lang='lat' dir='ltr'><strong>viam</strong></span> <span class='ocrx_word' id='word_1_291' title='bbox 599 3944 843 4005; x_wconf 82' lang='lat' dir='ltr'><strong>carperet</strong></span> <span class='ocrx_word' id='word_1_292' title='bbox 866 3937 1043 4007; x_wconf 70' lang='lat' dir='ltr'><strong>(Iosue</strong></span> <span class='ocrx_word' id='word_1_293' title='bbox 1066 3952 1135 4002; x_wconf 81' lang='lat' dir='ltr'><strong>tv,</strong></span> <span class='ocrx_word' id='word_1_294' title='bbox 1170 3935 1281 4008; x_wconf 80' lang='grc'>18),</span> <span class='ocrx_word' id='word_1_295' title='bbox 1313 3945 1367 3992; x_wconf 89' lang='lat' dir='ltr'><strong>et</strong></span> <span class='ocrx_word' id='word_1_296' title='bbox 1398 3937 1510 3990; x_wconf 83' lang='lat' dir='ltr'><strong>Elia</strong></span> <span class='ocrx_word' id='word_1_297' title='bbox 1539 3938 1789 4008; x_wconf 87' lang='lat' dir='ltr'><strong>propheta</strong></span> 
     </span>
    </p>
   </div>
   <div class='ocr_carea' id='block_1_40' title="bbox 218 4025 1792 4095">
    <p class='ocr_par' dir='ltr' id='par_1_40' title="bbox 218 4025 1792 4095">
     <span class='ocr_line' id='line_1_40' title="bbox 218 4025 1792 4095; baseline 0.001 -14"><span class='ocrx_word' id='word_1_298' title='bbox 218 4034 530 4081; x_wconf 84' lang='lat' dir='ltr'><strong>transeunte</strong></span> <span class='ocrx_word' id='word_1_299' title='bbox 549 4066 565 4092; x_wconf 95' lang='lat'><strong>,</strong></span> <span class='ocrx_word' id='word_1_300' title='bbox 611 4039 674 4080; x_wconf 92' lang='lat' dir='ltr'><strong>ac</strong></span> <span class='ocrx_word' id='word_1_301' title='bbox 704 4034 887 4094; x_wconf 88' lang='lat' dir='ltr'><strong>postea</strong></span> <span class='ocrx_word' id='word_1_302' title='bbox 933 4025 1194 4094; x_wconf 90' lang='lat' dir='ltr'><strong>discipulo</strong></span> <span class='ocrx_word' id='word_1_303' title='bbox 1233 4025 1346 4095; x_wconf 89' lang='lat' dir='ltr'><strong>ejus</strong></span> <span class='ocrx_word' id='word_1_304' title='bbox 1375 4026 1569 4081; x_wconf 75' lang='lat' dir='ltr'><strong>Elismo</strong></span> <span class='ocrx_word' id='word_1_305' title='bbox 1598 4026 1647 4080; x_wconf 91' lang='lat' dir='ltr'><strong>id</strong></span> <span class='ocrx_word' id='word_1_306' title='bbox 1675 4043 1792 4082; x_wconf 89' lang='lat' dir='ltr'><strong>esse</strong></span> 
     </span>
    </p>
   </div>
   <div class='ocr_carea' id='block_1_41' title="bbox 217 4118 1790 4194">
    <p class='ocr_par' dir='ltr' id='par_1_41' title="bbox 217 4118 1790 4194">
     <span class='ocr_line' id='line_1_41' title="bbox 217 4118 1790 4194; baseline -0.001 -18"><span class='ocrx_word' id='word_1_307' title='bbox 217 4121 416 4176; x_wconf 87' lang='lat' dir='ltr'><strong>factum</strong></span> <span class='ocrx_word' id='word_1_308' title='bbox 446 4118 498 4176; x_wconf 88' lang='lat' dir='ltr'><strong>in</strong></span> <span class='ocrx_word' id='word_1_309' title='bbox 529 4119 695 4174; x_wconf 89' lang='lat' dir='ltr'><strong>sacris</strong></span> <span class='ocrx_word' id='word_1_310' title='bbox 733 4119 943 4175; x_wconf 88' lang='lat' dir='ltr'><strong>Litteris</strong></span> <span class='ocrx_word' id='word_1_311' title='bbox 968 4119 1191 4189; x_wconf 89' lang='lat' dir='ltr'><strong>legimus</strong></span> <span class='ocrx_word' id='word_1_312' title='bbox 1219 4118 1312 4188; x_wconf 87' lang='lat' dir='ltr'><strong>(IV</strong></span> <span class='ocrx_word' id='word_1_313' title='bbox 1341 4119 1466 4191; x_wconf 83' lang='lat' dir='ltr'><strong>Reg.</strong></span> <span class='ocrx_word' id='word_1_314' title='bbox 1499 4137 1553 4186; x_wconf 85' lang='grc' dir='ltr'><strong>ιι,</strong></span> <span class='ocrx_word' id='word_1_315' title='bbox 1583 4121 1636 4185; x_wconf 89' lang='grc'>8,</span> <span class='ocrx_word' id='word_1_316' title='bbox 1669 4120 1790 4194; x_wconf 71' lang='grc' dir='ltr'><strong>η);</strong></span> 
     </span>
    </p>
   </div>
   <div class='ocr_carea' id='block_1_42' title="bbox 215 4209 1792 4280">
    <p class='ocr_par' dir='ltr' id='par_1_42' title="bbox 215 4209 1792 4280">
     <span class='ocr_line' id='line_1_42' title="bbox 215 4209 1792 4280; baseline -0.001 -12"><span class='ocrx_word' id='word_1_317' title='bbox 215 4223 271 4268; x_wconf 91' lang='lat' dir='ltr'><strong>et</strong></span> <span class='ocrx_word' id='word_1_318' title='bbox 294 4219 442 4277; x_wconf 88' lang='lat' dir='ltr'><strong>retro</strong></span> <span class='ocrx_word' id='word_1_319' title='bbox 464 4226 680 4266; x_wconf 90' lang='lat' dir='ltr'><strong>versum</strong></span> <span class='ocrx_word' id='word_1_320' title='bbox 709 4211 871 4266; x_wconf 91' lang='lat' dir='ltr'><strong>fuisse</strong></span> <span class='ocrx_word' id='word_1_321' title='bbox 899 4211 1184 4264; x_wconf 78' lang='lat' dir='ltr'><strong>maximum</strong></span> <span class='ocrx_word' id='word_1_322' title='bbox 1209 4209 1354 4264; x_wconf 86' lang='lat' dir='ltr'><strong>sidus</strong></span> <span class='ocrx_word' id='word_1_323' title='bbox 1379 4221 1632 4280; x_wconf 88' lang='lat' dir='ltr'><strong>regnante</strong></span> <span class='ocrx_word' id='word_1_324' title='bbox 1661 4211 1792 4267; x_wconf 84' lang='lat' dir='ltr'><strong>Eze-</strong></span> 
     </span>
    </p>
   </div>
   <div class='ocr_carea' id='block_1_43' title="bbox 215 4299 1794 4368">
    <p class='ocr_par' dir='ltr' id='par_1_43' title="bbox 215 4299 1794 4368">
     <span class='ocr_line' id='line_1_43' title="bbox 215 4299 1794 4368; baseline 0 -12"><span class='ocrx_word' id='word_1_325' title='bbox 215 4303 360 4366; x_wconf 87' lang='lat' dir='ltr'><strong>chia,</strong></span> <span class='ocrx_word' id='word_1_326' title='bbox 387 4300 548 4356; x_wconf 87' lang='lat' dir='ltr'><strong>modo</strong></span> <span class='ocrx_word' id='word_1_327' title='bbox 571 4301 1121 4356; x_wconf 89' lang='lat' dir='ltr'><strong>commemoravimus.</strong></span> <span class='ocrx_word' id='word_1_328' title='bbox 1145 4299 1293 4368; x_wconf 87' lang='lat' dir='ltr'><strong>Quod</strong></span> <span class='ocrx_word' id='word_1_329' title='bbox 1317 4316 1442 4355; x_wconf 88' lang='lat' dir='ltr'><strong>vero</strong></span> <span class='ocrx_word' id='word_1_330' title='bbox 1463 4301 1527 4355; x_wconf 92' lang='lat' dir='ltr'><strong>dc</strong></span> <span class='ocrx_word' id='word_1_331' title='bbox 1548 4301 1794 4356; x_wconf 89' lang='lat' dir='ltr'><strong>Lucifero</strong></span> 
     </span>
    </p>
   </div>
   <div class='ocr_carea' id='block_1_44' title="bbox 216 4391 1795 4462">
    <p class='ocr_par' dir='ltr' id='par_1_44' title="bbox 216 4391 1795 4462">
     <span class='ocr_line' id='line_1_44' title="bbox 216 4391 1795 4462; baseline 0.002 -18"><span class='ocrx_word' id='word_1_332' title='bbox 216 4393 392 4448; x_wconf 71' lang='lat' dir='ltr'><strong>Varro</strong></span> <span class='ocrx_word' id='word_1_333' title='bbox 416 4392 663 4462; x_wconf 89' lang='lat' dir='ltr'><strong>scripsit,</strong></span> <span class='ocrx_word' id='word_1_334' title='bbox 697 4407 800 4447; x_wconf 92' lang='lat' dir='ltr'><strong>non</strong></span> <span class='ocrx_word' id='word_1_335' title='bbox 829 4402 910 4446; x_wconf 91' lang='lat' dir='ltr'><strong>est</strong></span> <span class='ocrx_word' id='word_1_336' title='bbox 937 4392 1043 4446; x_wconf 89' lang='lat' dir='ltr'><strong>illic</strong></span> <span class='ocrx_word' id='word_1_337' title='bbox 1071 4391 1266 4447; x_wconf 89' lang='lat' dir='ltr'><strong>dictum</strong></span> <span class='ocrx_word' id='word_1_338' title='bbox 1294 4392 1448 4446; x_wconf 90' lang='lat' dir='ltr'><strong>alicui</strong></span> <span class='ocrx_word' id='word_1_339' title='bbox 1481 4391 1674 4446; x_wconf 92' lang='lat' dir='ltr'><strong>homini</strong></span> <span class='ocrx_word' id='word_1_340' title='bbox 1705 4408 1795 4462; x_wconf 88' lang='lat' dir='ltr'><strong>pc-</strong></span> 
     </span>
    </p>
   </div>
   <div class='ocr_carea' id='block_1_45' title="bbox 216 4481 992 4538">
    <p class='ocr_par' dir='ltr' id='par_1_45' title="bbox 216 4481 992 4538">
     <span class='ocr_line' id='line_1_45' title="bbox 216 4481 992 4538; baseline -0.003 0"><span class='ocrx_word' id='word_1_341' title='bbox 216 4483 347 4538; x_wconf 88' lang='lat' dir='ltr'><strong>tcnti</strong></span> <span class='ocrx_word' id='word_1_342' title='bbox 390 4482 442 4537; x_wconf 90' lang='lat' dir='ltr'><strong>id</strong></span> <span class='ocrx_word' id='word_1_343' title='bbox 470 4481 632 4538; x_wconf 90' lang='lat' dir='ltr'><strong>fuisse</strong></span> <span class='ocrx_word' id='word_1_344' title='bbox 659 4496 992 4537; x_wconf 91' lang='lat' dir='ltr'><strong>concessum.</strong></span> 
     </span>
    </p>
   </div>
   <div class='ocr_carea' id='block_1_46' title="bbox 288 4573 1794 4644">
    <p class='ocr_par' dir='ltr' id='par_1_46' title="bbox 288 4573 1794 4644">
     <span class='ocr_line' id='line_1_46' title="bbox 288 4573 1794 4644; baseline -0.001 -14"><span class='ocrx_word' id='word_1_345' title='bbox 288 4576 341 4630; x_wconf 80' lang='grc'><strong>5.</strong></span> <span class='ocrx_word' id='word_1_346' title='bbox 385 4573 505 4628; x_wconf 86' lang='lat' dir='ltr'><strong>Non</strong></span> <span class='ocrx_word' id='word_1_347' title='bbox 543 4588 672 4644; x_wconf 91' lang='lat' dir='ltr'><strong>ergo</strong></span> <span class='ocrx_word' id='word_1_348' title='bbox 699 4574 767 4629; x_wconf 90' lang='lat' dir='ltr'><strong>de</strong></span> <span class='ocrx_word' id='word_1_349' title='bbox 810 4573 996 4628; x_wconf 89' lang='lat' dir='ltr'><strong>notitia</strong></span> <span class='ocrx_word' id='word_1_350' title='bbox 1039 4581 1348 4628; x_wconf 90' lang='lat' dir='ltr'><strong>naturarum</strong></span> <span class='ocrx_word' id='word_1_351' title='bbox 1387 4573 1661 4643; x_wconf 89' lang='lat' dir='ltr'><strong>caliginem</strong></span> <span class='ocrx_word' id='word_1_352' title='bbox 1695 4573 1794 4628; x_wconf 86' lang='lat' dir='ltr'><strong>sibi</strong></span> 
     </span>
    </p>
   </div>
   <div class='ocr_carea' id='block_1_47' title="bbox 215 4665 1796 4736">
    <p class='ocr_par' dir='ltr' id='par_1_47' title="bbox 215 4665 1796 4736">
     <span class='ocr_line' id='line_1_47' title="bbox 215 4665 1796 4736; baseline -0.001 -13"><span class='ocrx_word' id='word_1_353' title='bbox 215 4668 417 4724; x_wconf 79' lang='lat' dir='ltr'><strong>faciant</strong></span> <span class='ocrx_word' id='word_1_354' title='bbox 446 4667 684 4722; x_wconf 75' lang='lat' dir='ltr'><strong>infideles</strong></span> <span class='ocrx_word' id='word_1_355' title='bbox 704 4708 720 4734; x_wconf 97' lang='lat'><strong>,</strong></span> <span class='ocrx_word' id='word_1_356' title='bbox 751 4666 902 4736; x_wconf 90' lang='lat' dir='ltr'><strong>quasi</strong></span> <span class='ocrx_word' id='word_1_357' title='bbox 934 4681 1037 4720; x_wconf 92' lang='lat' dir='ltr'><strong>non</strong></span> <span class='ocrx_word' id='word_1_358' title='bbox 1066 4667 1232 4736; x_wconf 90' lang='lat' dir='ltr'><strong>possit</strong></span> <span class='ocrx_word' id='word_1_359' title='bbox 1261 4666 1314 4719; x_wconf 91' lang='lat' dir='ltr'><strong>iu</strong></span> <span class='ocrx_word' id='word_1_360' title='bbox 1356 4665 1530 4736; x_wconf 89' lang='lat' dir='ltr'><strong>aliqua</strong></span> <span class='ocrx_word' id='word_1_361' title='bbox 1575 4681 1632 4731; x_wconf 88' lang='lat' dir='ltr'><strong>re</strong></span> <span class='ocrx_word' id='word_1_362' title='bbox 1660 4666 1796 4721; x_wconf 85' lang='lat' dir='ltr'><strong>divi-</strong></span> 
     </span>
    </p>
   </div>
   <div class='ocr_carea' id='block_1_48' title="bbox 216 4755 1796 4827">
    <p class='ocr_par' dir='ltr' id='par_1_48' title="bbox 216 4755 1796 4827">
     <span class='ocr_line' id='line_1_48' title="bbox 216 4755 1796 4827; baseline -0.001 -13"><span class='ocrx_word' id='word_1_363' title='bbox 216 4759 364 4814; x_wconf 89' lang='lat' dir='ltr'><strong>nitus</strong></span> <span class='ocrx_word' id='word_1_364' title='bbox 403 4757 520 4813; x_wconf 87' lang='lat' dir='ltr'><strong>ﬁeri</strong></span> <span class='ocrx_word' id='word_1_365' title='bbox 562 4756 735 4821; x_wconf 87' lang='lat' dir='ltr'><strong>aliud,</strong></span> <span class='ocrx_word' id='word_1_366' title='bbox 761 4771 918 4827; x_wconf 91' lang='lat' dir='ltr'><strong>quam</strong></span> <span class='ocrx_word' id='word_1_367' title='bbox 948 4757 998 4810; x_wconf 91' lang='lat' dir='ltr'><strong>in</strong></span> <span class='ocrx_word' id='word_1_368' title='bbox 1027 4757 1142 4826; x_wconf 89' lang='lat' dir='ltr'><strong>ejus</strong></span> <span class='ocrx_word' id='word_1_369' title='bbox 1181 4765 1363 4811; x_wconf 87' lang='lat' dir='ltr'><strong>natura</strong></span> <span class='ocrx_word' id='word_1_370' title='bbox 1392 4771 1486 4826; x_wconf 88' lang='lat' dir='ltr'><strong>per</strong></span> <span class='ocrx_word' id='word_1_371' title='bbox 1513 4755 1796 4812; x_wconf 89' lang='lat' dir='ltr'><strong>humanam</strong></span> 
     </span>
    </p>
   </div>
   <div class='ocr_carea' id='block_1_49' title="bbox 215 4846 1796 4918">
    <p class='ocr_par' dir='ltr' id='par_1_49' title="bbox 215 4846 1796 4918">
     <span class='ocr_line' id='line_1_49' title="bbox 215 4846 1796 4918; baseline -0.004 -12"><span class='ocrx_word' id='word_1_372' title='bbox 215 4865 372 4906; x_wconf 87' lang='lat' dir='ltr'><strong>suam</strong></span> <span class='ocrx_word' id='word_1_373' title='bbox 420 4848 805 4918; x_wconf 84' lang='lat' dir='ltr'><strong>experientiam</strong></span> <span class='ocrx_word' id='word_1_374' title='bbox 847 4855 1210 4918; x_wconf 89' lang='lat' dir='ltr'><strong>cognoverunt</strong></span> <span class='ocrx_word' id='word_1_375' title='bbox 1252 4863 1267 4901; x_wconf 89' lang='lat'><strong>:</strong></span> <span class='ocrx_word' id='word_1_376' title='bbox 1308 4846 1550 4917; x_wconf 85' lang='lat' dir='ltr'><strong>quamvis</strong></span> <span class='ocrx_word' id='word_1_377' title='bbox 1590 4855 1644 4902; x_wconf 92' lang='lat' dir='ltr'><strong>et</strong></span> <span class='ocrx_word' id='word_1_378' title='bbox 1687 4847 1796 4916; x_wconf 90' lang='lat' dir='ltr'><strong>ipsa</strong></span> 
     </span>
    </p>
   </div>
   <div class='ocr_carea' id='block_1_50' title="bbox 215 4937 1798 5012">
    <p class='ocr_par' dir='ltr' id='par_1_50' title="bbox 215 4937 1798 5012">
     <span class='ocr_line' id='line_1_50' title="bbox 215 4937 1798 5012; baseline -0.001 -17"><span class='ocrx_word' id='word_1_379' title='bbox 215 4957 337 5012; x_wconf 65' lang='lat' dir='ltr'><strong>quae</strong></span> <span class='ocrx_word' id='word_1_380' title='bbox 364 4941 420 4995; x_wconf 87' lang='lat' dir='ltr'><strong>in</strong></span> <span class='ocrx_word' id='word_1_381' title='bbox 449 4956 629 4996; x_wconf 92' lang='lat' dir='ltr'><strong>rerum</strong></span> <span class='ocrx_word' id='word_1_382' title='bbox 657 4948 840 4994; x_wconf 90' lang='lat' dir='ltr'><strong>natura</strong></span> <span class='ocrx_word' id='word_1_383' title='bbox 868 4938 1114 4992; x_wconf 91' lang='lat' dir='ltr'><strong>omnibus</strong></span> <span class='ocrx_word' id='word_1_384' title='bbox 1139 4946 1260 4993; x_wconf 90' lang='lat' dir='ltr'><strong>nota</strong></span> <span class='ocrx_word' id='word_1_385' title='bbox 1296 4946 1457 5005; x_wconf 87' lang='lat' dir='ltr'><strong>sunt,</strong></span> <span class='ocrx_word' id='word_1_386' title='bbox 1488 4952 1591 4992; x_wconf 92' lang='lat' dir='ltr'><strong>non</strong></span> <span class='ocrx_word' id='word_1_387' title='bbox 1623 4937 1798 4993; x_wconf 90' lang='lat' dir='ltr'><strong>minus</strong></span> 
     </span>
    </p>
   </div>
   <div class='ocr_carea' id='block_1_51' title="bbox 215 5028 1796 5100">
    <p class='ocr_par' dir='ltr' id='par_1_51' title="bbox 215 5028 1796 5100">
     <span class='ocr_line' id='line_1_51' title="bbox 215 5028 1796 5100; baseline -0.004 -12"><span class='ocrx_word' id='word_1_388' title='bbox 215 5033 353 5089; x_wconf 88' lang='lat' dir='ltr'><strong>mira</strong></span> <span class='ocrx_word' id='word_1_389' title='bbox 384 5033 526 5097; x_wconf 89' lang='lat' dir='ltr'><strong>sint;</strong></span> <span class='ocrx_word' id='word_1_390' title='bbox 557 5040 841 5100; x_wconf 82' lang='lat' dir='ltr'><strong>essentque</strong></span> <span class='ocrx_word' id='word_1_391' title='bbox 879 5029 1138 5100; x_wconf 90' lang='lat' dir='ltr'><strong>stupenda</strong></span> <span class='ocrx_word' id='word_1_392' title='bbox 1180 5028 1638 5084; x_wconf 88' lang='lat' dir='ltr'><strong>considerantibus</strong></span> <span class='ocrx_word' id='word_1_393' title='bbox 1663 5043 1796 5083; x_wconf 89' lang='lat' dir='ltr'><strong>cun-</strong></span> 
     </span>
    </p>
   </div>
   <div class='ocr_carea' id='block_1_52' title="bbox 215 5121 1799 5190">
    <p class='ocr_par' dir='ltr' id='par_1_52' title="bbox 215 5121 1799 5190">
     <span class='ocr_line' id='line_1_52' title="bbox 215 5121 1799 5190; baseline -0.003 -10"><span class='ocrx_word' id='word_1_394' title='bbox 215 5126 337 5190; x_wconf 87' lang='lat' dir='ltr'><strong>ctis,</strong></span> <span class='ocrx_word' id='word_1_395' title='bbox 373 5125 419 5180; x_wconf 89' lang='lat' dir='ltr'><strong>si</strong></span> <span class='ocrx_word' id='word_1_396' title='bbox 449 5125 688 5179; x_wconf 87' lang='lat' dir='ltr'><strong>solerent</strong></span> <span class='ocrx_word' id='word_1_397' title='bbox 717 5123 958 5178; x_wconf 90' lang='lat' dir='ltr'><strong>homines</strong></span> <span class='ocrx_word' id='word_1_398' title='bbox 996 5121 1178 5177; x_wconf 91' lang='lat' dir='ltr'><strong>mirari</strong></span> <span class='ocrx_word' id='word_1_399' title='bbox 1207 5122 1338 5176; x_wconf 88' lang='lat' dir='ltr'><strong>mira</strong></span> <span class='ocrx_word' id='word_1_400' title='bbox 1367 5121 1466 5176; x_wconf 91' lang='lat' dir='ltr'><strong>nisi</strong></span> <span class='ocrx_word' id='word_1_401' title='bbox 1502 5137 1638 5175; x_wconf 91' lang='lat' dir='ltr'><strong>rara.</strong></span> <span class='ocrx_word' id='word_1_402' title='bbox 1669 5121 1799 5187; x_wconf 86' lang='lat' dir='ltr'><strong>Quis</strong></span> 
     </span>
    </p>
   </div>
   <div class='ocr_carea' id='block_1_53' title="bbox 214 5213 1798 5285">
    <p class='ocr_par' dir='ltr' id='par_1_53' title="bbox 214 5213 1798 5285">
     <span class='ocr_line' id='line_1_53' title="bbox 214 5213 1798 5285; baseline -0.004 -12"><span class='ocrx_word' id='word_1_403' title='bbox 214 5220 362 5273; x_wconf 89' lang='lat' dir='ltr'><strong>enim</strong></span> <span class='ocrx_word' id='word_1_404' title='bbox 389 5229 410 5285; x_wconf 76' lang='lat'><strong>,‘</strong></span> <span class='ocrx_word' id='word_1_405' title='bbox 435 5217 675 5274; x_wconf 87' lang='lat' dir='ltr'><strong>consulta</strong></span> <span class='ocrx_word' id='word_1_406' title='bbox 706 5215 910 5271; x_wconf 89' lang='lat' dir='ltr'><strong>ratione</strong></span> <span class='ocrx_word' id='word_1_407' title='bbox 931 5256 946 5280; x_wconf 88' lang='lat'><strong>,</strong></span> <span class='ocrx_word' id='word_1_408' title='bbox 977 5230 1080 5269; x_wconf 89' lang='lat' dir='ltr'><strong>non</strong></span> <span class='ocrx_word' id='word_1_409' title='bbox 1117 5213 1288 5268; x_wconf 81' lang='lat' dir='ltr'><strong>videat</strong></span> <span class='ocrx_word' id='word_1_410' title='bbox 1316 5213 1368 5268; x_wconf 90' lang='lat' dir='ltr'><strong>in</strong></span> <span class='ocrx_word' id='word_1_411' title='bbox 1405 5213 1676 5268; x_wconf 90' lang='lat' dir='ltr'><strong>hominum</strong></span> <span class='ocrx_word' id='word_1_412' title='bbox 1715 5214 1798 5267; x_wconf 87' lang='lat' dir='ltr'><strong>in-</strong></span> 
     </span>
    </p>
   </div>
   <div class='ocr_carea' id='block_1_54' title="bbox 213 5305 1798 5373">
    <p class='ocr_par' dir='ltr' id='par_1_54' title="bbox 213 5305 1798 5373">
     <span class='ocr_line' id='line_1_54' title="bbox 213 5305 1798 5373; baseline -0.004 -9"><span class='ocrx_word' id='word_1_413' title='bbox 213 5307 540 5364; x_wconf 89' lang='lat' dir='ltr'><strong>numerabili</strong></span> <span class='ocrx_word' id='word_1_414' title='bbox 569 5307 982 5373; x_wconf 88' lang='lat' dir='ltr'><strong>numerositate,</strong></span> <span class='ocrx_word' id='word_1_415' title='bbox 1023 5315 1077 5361; x_wconf 91' lang='lat' dir='ltr'><strong>et</strong></span> <span class='ocrx_word' id='word_1_416' title='bbox 1119 5313 1260 5360; x_wconf 89' lang='lat' dir='ltr'><strong>tanta</strong></span> <span class='ocrx_word' id='word_1_417' title='bbox 1309 5313 1510 5360; x_wconf 69' lang='lat' dir='ltr'><strong>natura:</strong></span> <span class='ocrx_word' id='word_1_418' title='bbox 1551 5305 1798 5360; x_wconf 86' lang='lat' dir='ltr'><strong>similitu-</strong></span> 
     </span>
    </p>
   </div>
   <div class='ocr_carea' id='block_1_55' title="bbox 211 5397 1800 5468">
    <p class='ocr_par' dir='ltr' id='par_1_55' title="bbox 211 5397 1800 5468">
     <span class='ocr_line' id='line_1_55' title="bbox 211 5397 1800 5468; baseline -0.001 -13"><span class='ocrx_word' id='word_1_419' title='bbox 211 5401 380 5468; x_wconf 89' lang='lat' dir='ltr'><strong>dine,</strong></span> <span class='ocrx_word' id='word_1_420' title='bbox 411 5399 566 5454; x_wconf 89' lang='lat' dir='ltr'><strong>valde</strong></span> <span class='ocrx_word' id='word_1_421' title='bbox 595 5398 903 5454; x_wconf 87' lang='lat' dir='ltr'><strong>mirabiliter</strong></span> <span class='ocrx_word' id='word_1_422' title='bbox 936 5397 1015 5457; x_wconf 89' lang='lat' dir='ltr'><strong>sic</strong></span> <span class='ocrx_word' id='word_1_423' title='bbox 1053 5397 1251 5453; x_wconf 91' lang='lat' dir='ltr'><strong>habere</strong></span> <span class='ocrx_word' id='word_1_424' title='bbox 1290 5397 1526 5467; x_wconf 88' lang='lat' dir='ltr'><strong>singulos</strong></span> <span class='ocrx_word' id='word_1_425' title='bbox 1564 5397 1800 5468; x_wconf 89' lang='lat' dir='ltr'><strong>singulas</strong></span> 
     </span>
    </p>
   </div>
   <div class='ocr_carea' id='block_1_56' title="bbox 213 5487 1797 5555">
    <p class='ocr_par' dir='ltr' id='par_1_56' title="bbox 213 5487 1797 5555">
     <span class='ocr_line' id='line_1_56' title="bbox 213 5487 1797 5555; baseline -0.002 -9"><span class='ocrx_word' id='word_1_426' title='bbox 213 5491 418 5555; x_wconf 80' lang='lat' dir='ltr'><strong>facies,</strong></span> <span class='ocrx_word' id='word_1_427' title='bbox 450 5499 507 5544; x_wconf 92' lang='lat' dir='ltr'><strong>ut</strong></span> <span class='ocrx_word' id='word_1_428' title='bbox 530 5489 632 5544; x_wconf 91' lang='lat' dir='ltr'><strong>nisi</strong></span> <span class='ocrx_word' id='word_1_429' title='bbox 656 5487 793 5542; x_wconf 90' lang='lat' dir='ltr'><strong>inter</strong></span> <span class='ocrx_word' id='word_1_430' title='bbox 831 5501 891 5543; x_wconf 91' lang='lat' dir='ltr'><strong>se</strong></span> <span class='ocrx_word' id='word_1_431' title='bbox 931 5487 1130 5542; x_wconf 87' lang='lat' dir='ltr'><strong>similes</strong></span> <span class='ocrx_word' id='word_1_432' title='bbox 1155 5495 1363 5552; x_wconf 90' lang='lat' dir='ltr'><strong>essent,</strong></span> <span class='ocrx_word' id='word_1_433' title='bbox 1397 5502 1500 5540; x_wconf 93' lang='lat' dir='ltr'><strong>non</strong></span> <span class='ocrx_word' id='word_1_434' title='bbox 1527 5487 1797 5544; x_wconf 89' lang='lat' dir='ltr'><strong>discerne-</strong></span> 
     </span>
    </p>
   </div>
   <div class='ocr_carea' id='block_1_57' title="bbox 210 5578 1800 5652">
    <p class='ocr_par' dir='ltr' id='par_1_57' title="bbox 210 5578 1800 5652">
     <span class='ocr_line' id='line_1_57' title="bbox 210 5578 1800 5652; baseline -0.003 -15"><span class='ocrx_word' id='word_1_435' title='bbox 210 5592 372 5638; x_wconf 90' lang='lat' dir='ltr'><strong>retur</strong></span> <span class='ocrx_word' id='word_1_436' title='bbox 401 5581 608 5652; x_wconf 73' lang='lat' dir='ltr'><strong>Species</strong></span> <span class='ocrx_word' id='word_1_437' title='bbox 627 5594 812 5636; x_wconf 90' lang='lat' dir='ltr'><strong>eorum</strong></span> <span class='ocrx_word' id='word_1_438' title='bbox 833 5579 900 5634; x_wconf 91' lang='lat' dir='ltr'><strong>ab</strong></span> <span class='ocrx_word' id='word_1_439' title='bbox 927 5578 1244 5634; x_wconf 89' lang='lat' dir='ltr'><strong>animalibus</strong></span> <span class='ocrx_word' id='word_1_440' title='bbox 1267 5578 1474 5633; x_wconf 72' lang='lat' dir='ltr'><strong>caeteris</strong></span> <span class='ocrx_word' id='word_1_441' title='bbox 1495 5595 1508 5643; x_wconf 88' lang='lat'><strong>;</strong></span> <span class='ocrx_word' id='word_1_442' title='bbox 1536 5587 1589 5633; x_wconf 89' lang='lat' dir='ltr'><strong>ct</strong></span> <span class='ocrx_word' id='word_1_443' title='bbox 1617 5595 1800 5634; x_wconf 90' lang='lat' dir='ltr'><strong>rursus</strong></span> 
     </span>
    </p>
   </div>
   <div class='ocr_carea' id='block_1_58' title="bbox 211 5669 1800 5735">
    <p class='ocr_par' dir='ltr' id='par_1_58' title="bbox 211 5669 1800 5735">
     <span class='ocr_line' id='line_1_58' title="bbox 211 5669 1800 5735; baseline -0.003 -9"><span class='ocrx_word' id='word_1_444' title='bbox 211 5673 320 5727; x_wconf 87' lang='lat' dir='ltr'><strong>nisi</strong></span> <span class='ocrx_word' id='word_1_445' title='bbox 353 5673 492 5726; x_wconf 89' lang='lat' dir='ltr'><strong>inter</strong></span> <span class='ocrx_word' id='word_1_446' title='bbox 519 5686 580 5727; x_wconf 88' lang='lat' dir='ltr'><strong>se</strong></span> <span class='ocrx_word' id='word_1_447' title='bbox 622 5669 910 5726; x_wconf 82' lang='lat' dir='ltr'><strong>dissimiles</strong></span> <span class='ocrx_word' id='word_1_448' title='bbox 951 5678 1161 5735; x_wconf 88' lang='lat' dir='ltr'><strong>essent,</strong></span> <span class='ocrx_word' id='word_1_449' title='bbox 1227 5683 1330 5724; x_wconf 90' lang='lat' dir='ltr'><strong>non</strong></span> <span class='ocrx_word' id='word_1_450' title='bbox 1374 5669 1800 5725; x_wconf 90' lang='lat' dir='ltr'><strong>discernerentur</strong></span> 
     </span>
    </p>
   </div>
   <div class='ocr_carea' id='block_1_59' title="bbox 284 5825 1798 5891">
    <p class='ocr_par' dir='ltr' id='par_1_59' title="bbox 284 5825 1798 5891">
     <span class='ocr_line' id='line_1_59' title="bbox 284 5825 1798 5891; baseline 0 -15"><span class='ocrx_word' id='word_1_451' title='bbox 284 5835 295 5860; x_wconf 83' lang='lat'>&#39;</span> <span class='ocrx_word' id='word_1_452' title='bbox 337 5836 412 5876; x_wconf 74' lang='lat' dir='ltr'><strong>Er.</strong></span> <span class='ocrx_word' id='word_1_453' title='bbox 439 5838 488 5879; x_wconf 93' lang='lat' dir='ltr'><strong>et</strong></span> <span class='ocrx_word' id='word_1_454' title='bbox 516 5827 739 5891; x_wconf 65' lang='lat' dir='ltr'><strong>plerique</strong></span> <span class='ocrx_word' id='word_1_455' title='bbox 756 5835 879 5888; x_wconf 70' lang='lat' dir='ltr'><strong>Mss,</strong></span> <span class='ocrx_word' id='word_1_456' title='bbox 895 5826 1218 5879; x_wconf 77' lang='lat' dir='ltr'><strong>inenarrabili.</strong></span> <span class='ocrx_word' id='word_1_457' title='bbox 1241 5835 1385 5876; x_wconf 71' lang='lat' dir='ltr'><strong>Vetus</strong></span> <span class='ocrx_word' id='word_1_458' title='bbox 1403 5825 1526 5876; x_wconf 87' lang='lat' dir='ltr'><strong>liber</strong></span> <span class='ocrx_word' id='word_1_459' title='bbox 1545 5827 1798 5876; x_wconf 75' lang='lat' dir='ltr'><strong>Corheicn-</strong></span> 
     </span>
    </p>
   </div>
   <div class='ocr_carea' id='block_1_60' title="bbox 205 5889 632 5953">
    <p class='ocr_par' dir='ltr' id='par_1_60' title="bbox 205 5889 632 5953">
     <span class='ocr_line' id='line_1_60' title="bbox 205 5889 632 5953; baseline -0.007 -12"><span class='ocrx_word' id='word_1_460' title='bbox 205 5894 284 5941; x_wconf 73' lang='lat' dir='ltr'><strong>sis</strong></span> <span class='ocrx_word' id='word_1_461' title='bbox 309 5926 323 5953; x_wconf 87' lang='lat'><strong>,</strong></span> <span class='ocrx_word' id='word_1_462' title='bbox 350 5889 632 5941; x_wconf 62' lang='grc' dir='ltr'><strong>ἱιὶιιικτίὺῗῖι.</strong></span> 
     </span>
    </p>
   </div>
   <div class='ocr_carea' id='block_1_61' title="bbox 3379 457 3481 515">
    <p class='ocr_par' dir='ltr' id='par_1_61' title="bbox 3379 457 3481 515">
     <span class='ocr_line' id='line_1_61' title="bbox 3379 457 3481 515; baseline 0.01 -1"><span class='ocrx_word' id='word_1_463' title='bbox 3379 457 3481 515; x_wconf 55' lang='grc'><strong>72⁸2</strong></span> 
     </span>
    </p>
   </div>
   <div class='ocr_carea' id='block_1_62' title="bbox 1911 552 3478 642">
    <p class='ocr_par' dir='ltr' id='par_1_62' title="bbox 1911 552 3478 642">
     <span class='ocr_line' id='line_1_62' title="bbox 1911 552 3478 642; baseline 0.016 -37"><span class='ocrx_word' id='word_1_464' title='bbox 1911 552 2098 623; x_wconf 85' lang='lat' dir='ltr'><strong>singuli</strong></span> <span class='ocrx_word' id='word_1_465' title='bbox 2125 557 2192 609; x_wconf 92' lang='lat' dir='ltr'><strong>ah</strong></span> <span class='ocrx_word' id='word_1_466' title='bbox 2217 557 2516 642; x_wconf 80' lang='lat' dir='ltr'><strong>hominibus</strong></span> <span class='ocrx_word' id='word_1_467' title='bbox 2542 565 2787 618; x_wconf 63' lang='lat' dir='ltr'><strong>ceteris?</strong></span> <span class='ocrx_word' id='word_1_468' title='bbox 2812 566 2954 634; x_wconf 88' lang='lat' dir='ltr'><strong>Quos</strong></span> <span class='ocrx_word' id='word_1_469' title='bbox 2979 584 3105 640; x_wconf 77' lang='lat' dir='ltr'><strong>ergo</strong></span> <span class='ocrx_word' id='word_1_470' title='bbox 3130 572 3328 626; x_wconf 73' lang='lat' dir='ltr'><strong>similes</strong></span> <span class='ocrx_word' id='word_1_471' title='bbox 3351 591 3478 629; x_wconf 84' lang='lat' dir='ltr'><strong>cun-</strong></span> 
     </span>
    </p>
   </div>
   <div class='ocr_carea' id='block_1_63' title="bbox 1912 643 3480 720">
    <p class='ocr_par' dir='ltr' id='par_1_63' title="bbox 1912 643 3480 720">
     <span class='ocr_line' id='line_1_63' title="bbox 1912 643 3480 720; baseline 0.017 -26"><span class='ocrx_word' id='word_1_472' title='bbox 1912 643 2141 710; x_wconf 88' lang='lat' dir='ltr'><strong>ﬁtemur,</strong></span> <span class='ocrx_word' id='word_1_473' title='bbox 2170 647 2382 702; x_wconf 87' lang='lat' dir='ltr'><strong>eosdem</strong></span> <span class='ocrx_word' id='word_1_474' title='bbox 2407 649 2688 708; x_wconf 64' lang='lat' dir='ltr'><strong>dissimiles</strong></span> <span class='ocrx_word' id='word_1_475' title='bbox 2719 655 3032 712; x_wconf 90' lang='lat' dir='ltr'><strong>invenimus.</strong></span> <span class='ocrx_word' id='word_1_476' title='bbox 3056 660 3159 715; x_wconf 88' lang='lat' dir='ltr'><strong>Sed</strong></span> <span class='ocrx_word' id='word_1_477' title='bbox 3187 663 3480 720; x_wconf 84' lang='lat' dir='ltr'><strong>mirabilior</strong></span> 
     </span>
    </p>
   </div>
   <div class='ocr_carea' id='block_1_64' title="bbox 1910 736 3474 819">
    <p class='ocr_par' dir='ltr' id='par_1_64' title="bbox 1910 736 3474 819">
     <span class='ocr_line' id='line_1_64' title="bbox 1910 736 3474 819; baseline 0.015 -32"><span class='ocrx_word' id='word_1_478' title='bbox 1910 742 1993 787; x_wconf 84' lang='lat' dir='ltr'><strong>cst</strong></span> <span class='ocrx_word' id='word_1_479' title='bbox 2034 736 2390 792; x_wconf 90' lang='lat' dir='ltr'><strong>consideratio</strong></span> <span class='ocrx_word' id='word_1_480' title='bbox 2425 739 2897 813; x_wconf 88' lang='lat' dir='ltr'><strong>dissimilitudinis;</strong></span> <span class='ocrx_word' id='word_1_481' title='bbox 2941 751 3189 819; x_wconf 90' lang='lat' dir='ltr'><strong>quoniam</strong></span> <span class='ocrx_word' id='word_1_482' title='bbox 3227 754 3474 809; x_wconf 84' lang='lat' dir='ltr'><strong>similitu-</strong></span> 
     </span>
    </p>
   </div>
   <div class='ocr_carea' id='block_1_65' title="bbox 1908 823 3472 905">
    <p class='ocr_par' dir='ltr' id='par_1_65' title="bbox 1908 823 3472 905">
     <span class='ocr_line' id='line_1_65' title="bbox 1908 823 3472 905; baseline 0.014 -29"><span class='ocrx_word' id='word_1_483' title='bbox 1908 823 2083 878; x_wconf 89' lang='lat' dir='ltr'><strong>dinem</strong></span> <span class='ocrx_word' id='word_1_484' title='bbox 2125 826 2325 882; x_wconf 86' lang='lat' dir='ltr'><strong>Justius</strong></span> <span class='ocrx_word' id='word_1_485' title='bbox 2366 829 2570 885; x_wconf 77' lang='lat' dir='ltr'><strong>videtur</strong></span> <span class='ocrx_word' id='word_1_486' title='bbox 2612 850 2898 905; x_wconf 80' lang='lat' dir='ltr'><strong>exposcere</strong></span> <span class='ocrx_word' id='word_1_487' title='bbox 2937 849 3122 895; x_wconf 89' lang='lat' dir='ltr'><strong>natura</strong></span> <span class='ocrx_word' id='word_1_488' title='bbox 3159 846 3472 900; x_wconf 87' lang='lat' dir='ltr'><strong>communis.</strong></span> 
     </span>
    </p>
   </div>
   <div class='ocr_carea' id='block_1_66' title="bbox 1909 915 3472 1003">
    <p class='ocr_par' dir='ltr' id='par_1_66' title="bbox 1909 915 3472 1003">
     <span class='ocr_line' id='line_1_66' title="bbox 1909 915 3472 1003; baseline 0.015 -35"><span class='ocrx_word' id='word_1_489' title='bbox 1909 915 1973 970; x_wconf 84' lang='lat' dir='ltr'><strong>Et</strong></span> <span class='ocrx_word' id='word_1_490' title='bbox 1999 924 2171 972; x_wconf 89' lang='lat' dir='ltr'><strong>tamen</strong></span> <span class='ocrx_word' id='word_1_491' title='bbox 2219 922 2468 989; x_wconf 89' lang='lat' dir='ltr'><strong>quoniam</strong></span> <span class='ocrx_word' id='word_1_492' title='bbox 2509 939 2629 993; x_wconf 75' lang='lat' dir='ltr'><strong>qurc</strong></span> <span class='ocrx_word' id='word_1_493' title='bbox 2662 937 2784 980; x_wconf 90' lang='lat' dir='ltr'><strong>sunt</strong></span> <span class='ocrx_word' id='word_1_494' title='bbox 2826 944 2973 995; x_wconf 90' lang='lat' dir='ltr'><strong>rara,</strong></span> <span class='ocrx_word' id='word_1_495' title='bbox 3004 931 3115 1000; x_wconf 91' lang='lat' dir='ltr'><strong>ipsa</strong></span> <span class='ocrx_word' id='word_1_496' title='bbox 3144 943 3266 988; x_wconf 89' lang='lat' dir='ltr'><strong>sunt</strong></span> <span class='ocrx_word' id='word_1_497' title='bbox 3305 937 3434 990; x_wconf 89' lang='lat' dir='ltr'><strong>mira</strong></span> <span class='ocrx_word' id='word_1_498' title='bbox 3456 980 3472 1003; x_wconf 94' lang='lat'><strong>,</strong></span> 
     </span>
    </p>
   </div>
   <div class='ocr_carea' id='block_1_67' title="bbox 1907 1007 3472 1086">
    <p class='ocr_par' dir='ltr' id='par_1_67' title="bbox 1907 1007 3472 1086">
     <span class='ocr_line' id='line_1_67' title="bbox 1907 1007 3472 1086; baseline 0.013 -26"><span class='ocrx_word' id='word_1_499' title='bbox 1907 1007 2070 1061; x_wconf 92' lang='lat' dir='ltr'><strong>multo</strong></span> <span class='ocrx_word' id='word_1_500' title='bbox 2111 1011 2338 1078; x_wconf 86' lang='lat' dir='ltr'><strong>amplius</strong></span> <span class='ocrx_word' id='word_1_501' title='bbox 2381 1011 2703 1068; x_wconf 90' lang='lat' dir='ltr'><strong>admiramur</strong></span> <span class='ocrx_word' id='word_1_502' title='bbox 2743 1019 2950 1086; x_wconf 89' lang='lat' dir='ltr'><strong>quando</strong></span> <span class='ocrx_word' id='word_1_503' title='bbox 2996 1020 3129 1076; x_wconf 90' lang='lat' dir='ltr'><strong>duos</strong></span> <span class='ocrx_word' id='word_1_504' title='bbox 3157 1023 3226 1079; x_wconf 87' lang='lat' dir='ltr'><strong>ita</strong></span> <span class='ocrx_word' id='word_1_505' title='bbox 3271 1025 3472 1080; x_wconf 88' lang='lat' dir='ltr'><strong>similes</strong></span> 
     </span>
    </p>
   </div>
   <div class='ocr_carea' id='block_1_68' title="bbox 1905 1097 3472 1182">
    <p class='ocr_par' dir='ltr' id='par_1_68' title="bbox 1905 1097 3472 1182">
     <span class='ocr_line' id='line_1_68' title="bbox 1905 1097 3472 1182; baseline 0.013 -33"><span class='ocrx_word' id='word_1_506' title='bbox 1905 1097 2232 1164; x_wconf 89' lang='lat' dir='ltr'><strong>reperimus,</strong></span> <span class='ocrx_word' id='word_1_507' title='bbox 2279 1109 2335 1154; x_wconf 85' lang='lat' dir='ltr'><strong>ut</strong></span> <span class='ocrx_word' id='word_1_508' title='bbox 2371 1102 2423 1154; x_wconf 91' lang='lat' dir='ltr'><strong>in</strong></span> <span class='ocrx_word' id='word_1_509' title='bbox 2453 1103 2532 1156; x_wconf 91' lang='lat' dir='ltr'><strong>eis</strong></span> <span class='ocrx_word' id='word_1_510' title='bbox 2575 1103 2937 1162; x_wconf 90' lang='lat' dir='ltr'><strong>discernendis</strong></span> <span class='ocrx_word' id='word_1_511' title='bbox 2977 1119 3067 1163; x_wconf 88' lang='lat' dir='ltr'><strong>aut</strong></span> <span class='ocrx_word' id='word_1_512' title='bbox 3109 1125 3340 1182; x_wconf 84' lang='lat' dir='ltr'><strong>semper,</strong></span> <span class='ocrx_word' id='word_1_513' title='bbox 3381 1126 3472 1169; x_wconf 86' lang='lat' dir='ltr'><strong>aut</strong></span> 
     </span>
    </p>
   </div>
   <div class='ocr_carea' id='block_1_69' title="bbox 1906 1184 2489 1255">
    <p class='ocr_par' dir='ltr' id='par_1_69' title="bbox 1906 1184 2489 1255">
     <span class='ocr_line' id='line_1_69' title="bbox 1906 1184 2489 1255; baseline 0.012 -18"><span class='ocrx_word' id='word_1_514' title='bbox 1906 1184 2205 1255; x_wconf 87' lang='lat' dir='ltr'><strong>frequenter</strong></span> <span class='ocrx_word' id='word_1_515' title='bbox 2231 1203 2489 1246; x_wconf 91' lang='lat' dir='ltr'><strong>erremus.</strong></span> 
     </span>
    </p>
   </div>
   <div class='ocr_carea' id='block_1_70' title="bbox 1973 1278 3469 1355">
    <p class='ocr_par' dir='ltr' id='par_1_70' title="bbox 1973 1278 3469 1355">
     <span class='ocr_line' id='line_1_70' title="bbox 1973 1278 3469 1355; baseline 0.011 -23"><span class='ocrx_word' id='word_1_516' title='bbox 1973 1279 2025 1332; x_wconf 71' lang='grc'><strong>4.</strong></span> <span class='ocrx_word' id='word_1_517' title='bbox 2065 1278 2166 1334; x_wconf 89' lang='lat' dir='ltr'><strong>Sed</strong></span> <span class='ocrx_word' id='word_1_518' title='bbox 2197 1281 2335 1350; x_wconf 89' lang='lat' dir='ltr'><strong>qnoJ</strong></span> <span class='ocrx_word' id='word_1_519' title='bbox 2365 1282 2469 1336; x_wconf 85' lang='lat' dir='ltr'><strong>dixi</strong></span> <span class='ocrx_word' id='word_1_520' title='bbox 2497 1284 2752 1354; x_wconf 89' lang='lat' dir='ltr'><strong>scriptum</strong></span> <span class='ocrx_word' id='word_1_521' title='bbox 2777 1300 2805 1340; x_wconf 91' lang='lat' dir='ltr'><strong>a</strong></span> <span class='ocrx_word' id='word_1_522' title='bbox 2836 1286 3104 1355; x_wconf 82' lang='lat' dir='ltr'><strong>Varrone,</strong></span> <span class='ocrx_word' id='word_1_523' title='bbox 3138 1292 3262 1347; x_wconf 91' lang='lat' dir='ltr'><strong>licet</strong></span> <span class='ocrx_word' id='word_1_524' title='bbox 3287 1309 3469 1351; x_wconf 91' lang='lat' dir='ltr'><strong>eorum</strong></span> 
     </span>
    </p>
   </div>
   <div class='ocr_carea' id='block_1_71' title="bbox 1903 1367 3469 1444">
    <p class='ocr_par' dir='ltr' id='par_1_71' title="bbox 1903 1367 3469 1444">
     <span class='ocr_line' id='line_1_71' title="bbox 1903 1367 3469 1444; baseline 0.01 -23"><span class='ocrx_word' id='word_1_525' title='bbox 1903 1367 1972 1421; x_wconf 89' lang='lat' dir='ltr'><strong>sit</strong></span> <span class='ocrx_word' id='word_1_526' title='bbox 2002 1369 2281 1426; x_wconf 80' lang='lat' dir='ltr'><strong>hismrieus</strong></span> <span class='ocrx_word' id='word_1_527' title='bbox 2315 1372 2561 1443; x_wconf 82' lang='lat' dir='ltr'><strong>idemque</strong></span> <span class='ocrx_word' id='word_1_528' title='bbox 2587 1375 2924 1431; x_wconf 85' lang='lat' dir='ltr'><strong>doctissimus</strong></span> <span class='ocrx_word' id='word_1_529' title='bbox 2943 1419 2958 1444; x_wconf 93' lang='lat'><strong>,</strong></span> <span class='ocrx_word' id='word_1_530' title='bbox 2987 1378 3208 1436; x_wconf 89' lang='lat' dir='ltr'><strong>fortasse</strong></span> <span class='ocrx_word' id='word_1_531' title='bbox 3238 1398 3361 1439; x_wconf 84' lang='lat' dir='ltr'><strong>vere</strong></span> <span class='ocrx_word' id='word_1_532' title='bbox 3390 1384 3469 1440; x_wconf 80' lang='lat' dir='ltr'><strong>fa-</strong></span> 
     </span>
    </p>
   </div>
   <div class='ocr_carea' id='block_1_72' title="bbox 1902 1463 3471 1536">
    <p class='ocr_par' dir='ltr' id='par_1_72' title="bbox 1902 1463 3471 1536">
     <span class='ocr_line' id='line_1_72' title="bbox 1902 1463 3471 1536; baseline 0.011 -26"><span class='ocrx_word' id='word_1_533' title='bbox 1902 1465 2044 1512; x_wconf 90' lang='lat' dir='ltr'><strong>ctum</strong></span> <span class='ocrx_word' id='word_1_534' title='bbox 2085 1474 2202 1513; x_wconf 90' lang='lat' dir='ltr'><strong>esse</strong></span> <span class='ocrx_word' id='word_1_535' title='bbox 2253 1477 2354 1514; x_wconf 92' lang='lat' dir='ltr'><strong>non</strong></span> <span class='ocrx_word' id='word_1_536' title='bbox 2405 1463 2657 1529; x_wconf 84' lang='lat' dir='ltr'><strong>credunt;</strong></span> <span class='ocrx_word' id='word_1_537' title='bbox 2706 1476 2796 1520; x_wconf 88' lang='lat' dir='ltr'><strong>aut</strong></span> <span class='ocrx_word' id='word_1_538' title='bbox 2837 1467 2956 1536; x_wconf 89' lang='lat' dir='ltr'><strong>quia</strong></span> <span class='ocrx_word' id='word_1_539' title='bbox 3001 1483 3104 1522; x_wconf 91' lang='lat' dir='ltr'><strong>non</strong></span> <span class='ocrx_word' id='word_1_540' title='bbox 3149 1470 3236 1525; x_wconf 88' lang='lat' dir='ltr'><strong>diu</strong></span> <span class='ocrx_word' id='word_1_541' title='bbox 3281 1476 3471 1528; x_wconf 85' lang='lat' dir='ltr'><strong>mansit</strong></span> 
     </span>
    </p>
   </div>
   <div class='ocr_carea' id='block_1_73' title="bbox 1902 1547 3469 1620">
    <p class='ocr_par' dir='ltr' id='par_1_73' title="bbox 1902 1547 3469 1620">
     <span class='ocr_line' id='line_1_73' title="bbox 1902 1547 3469 1620; baseline 0.01 -19"><span class='ocrx_word' id='word_1_542' title='bbox 1902 1549 2061 1603; x_wconf 75' lang='lat' dir='ltr'><strong>talis‘</strong></span> <span class='ocrx_word' id='word_1_543' title='bbox 2104 1551 2338 1620; x_wconf 90' lang='lat' dir='ltr'><strong>ejusdem</strong></span> <span class='ocrx_word' id='word_1_544' title='bbox 2388 1554 2577 1609; x_wconf 89' lang='lat' dir='ltr'><strong>sideris</strong></span> <span class='ocrx_word' id='word_1_545' title='bbox 2621 1570 2836 1620; x_wconf 87' lang='lat' dir='ltr'><strong>cursus,</strong></span> <span class='ocrx_word' id='word_1_546' title='bbox 2885 1558 2977 1612; x_wconf 86' lang='lat' dir='ltr'><strong>sed</strong></span> <span class='ocrx_word' id='word_1_547' title='bbox 3026 1558 3250 1615; x_wconf 86' lang='lat' dir='ltr'><strong>reditum</strong></span> <span class='ocrx_word' id='word_1_548' title='bbox 3291 1547 3469 1617; x_wconf 87' lang='lat' dir='ltr'><strong>estad</strong></span> 
     </span>
    </p>
   </div>
   <div class='ocr_carea' id='block_1_74' title="bbox 1899 1641 3470 1726">
    <p class='ocr_par' dir='ltr' id='par_1_74' title="bbox 1899 1641 3470 1726">
     <span class='ocr_line' id='line_1_74' title="bbox 1899 1641 3470 1726; baseline 0.011 -33"><span class='ocrx_word' id='word_1_549' title='bbox 1899 1641 2136 1706; x_wconf 88' lang='lat' dir='ltr'><strong>solitum,</strong></span> <span class='ocrx_word' id='word_1_550' title='bbox 2171 1643 2343 1696; x_wconf 89' lang='lat' dir='ltr'><strong>minus</strong></span> <span class='ocrx_word' id='word_1_551' title='bbox 2372 1645 2470 1698; x_wconf 87' lang='lat' dir='ltr'><strong>isto</strong></span> <span class='ocrx_word' id='word_1_552' title='bbox 2502 1658 2781 1701; x_wconf 88' lang='lat' dir='ltr'><strong>moventur</strong></span> <span class='ocrx_word' id='word_1_553' title='bbox 2811 1651 3074 1719; x_wconf 84' lang='lat' dir='ltr'><strong>exemplo.</strong></span> <span class='ocrx_word' id='word_1_554' title='bbox 3115 1652 3321 1708; x_wconf 87' lang='lat' dir='ltr'><strong>llabent</strong></span> <span class='ocrx_word' id='word_1_555' title='bbox 3345 1672 3470 1726; x_wconf 88' lang='lat' dir='ltr'><strong>ergo</strong></span> 
     </span>
    </p>
   </div>
   <div class='ocr_carea' id='block_1_75' title="bbox 1899 1730 3470 1814">
    <p class='ocr_par' dir='ltr' id='par_1_75' title="bbox 1899 1730 3470 1814">
     <span class='ocr_line' id='line_1_75' title="bbox 1899 1730 3470 1814; baseline 0.012 -32"><span class='ocrx_word' id='word_1_556' title='bbox 1899 1730 2074 1796; x_wconf 89' lang='lat' dir='ltr'><strong>aliud,</strong></span> <span class='ocrx_word' id='word_1_557' title='bbox 2105 1733 2244 1802; x_wconf 89' lang='lat' dir='ltr'><strong>quod</strong></span> <span class='ocrx_word' id='word_1_558' title='bbox 2285 1735 2440 1788; x_wconf 91' lang='lat' dir='ltr'><strong>etiam</strong></span> <span class='ocrx_word' id='word_1_559' title='bbox 2483 1751 2621 1792; x_wconf 91' lang='lat' dir='ltr'><strong>nunc</strong></span> <span class='ocrx_word' id='word_1_560' title='bbox 2651 1740 2812 1807; x_wconf 72' lang='lat' dir='ltr'><strong>pOSsil</strong></span> <span class='ocrx_word' id='word_1_561' title='bbox 2839 1742 3078 1808; x_wconf 84' lang='lat' dir='ltr'><strong>ostendi,</strong></span> <span class='ocrx_word' id='word_1_562' title='bbox 3121 1744 3304 1814; x_wconf 90' lang='lat' dir='ltr'><strong>eisque</strong></span> <span class='ocrx_word' id='word_1_563' title='bbox 3345 1757 3470 1814; x_wconf 88' lang='lat' dir='ltr'><strong>puto</strong></span> 
     </span>
    </p>
   </div>
   <div class='ocr_carea' id='block_1_76' title="bbox 1898 1819 3463 1909">
    <p class='ocr_par' dir='ltr' id='par_1_76' title="bbox 1898 1819 3463 1909">
     <span class='ocr_line' id='line_1_76' title="bbox 1898 1819 3463 1909; baseline 0.013 -35"><span class='ocrx_word' id='word_1_564' title='bbox 1898 1819 2093 1878; x_wconf 88' lang='lat' dir='ltr'><strong>debere</strong></span> <span class='ocrx_word' id='word_1_565' title='bbox 2132 1823 2410 1889; x_wconf 88' lang='lat' dir='ltr'><strong>sufﬁcere,</strong></span> <span class='ocrx_word' id='word_1_566' title='bbox 2457 1843 2562 1896; x_wconf 90' lang='lat' dir='ltr'><strong>quo</strong></span> <span class='ocrx_word' id='word_1_567' title='bbox 2586 1842 3018 1887; x_wconf 86' lang='lat' dir='ltr'><strong>commoueantur</strong></span> <span class='ocrx_word' id='word_1_568' title='bbox 3039 1835 3079 1899; x_wconf 78' lang='lat'><strong>’,</strong></span> <span class='ocrx_word' id='word_1_569' title='bbox 3109 1851 3229 1890; x_wconf 90' lang='lat' dir='ltr'><strong>cum</strong></span> <span class='ocrx_word' id='word_1_570' title='bbox 3264 1840 3463 1909; x_wconf 86' lang='lat' dir='ltr'><strong>aliquid</strong></span> 
     </span>
    </p>
   </div>
   <div class='ocr_carea' id='block_1_77' title="bbox 1897 1912 3466 2002">
    <p class='ocr_par' dir='ltr' id='par_1_77' title="bbox 1897 1912 3466 2002">
     <span class='ocr_line' id='line_1_77' title="bbox 1897 1912 3466 2002; baseline 0.013 -35"><span class='ocrx_word' id='word_1_571' title='bbox 1897 1912 2220 1971; x_wconf 89' lang='lat' dir='ltr'><strong>adverteriut</strong></span> <span class='ocrx_word' id='word_1_572' title='bbox 2269 1919 2319 1971; x_wconf 92' lang='lat' dir='ltr'><strong>in</strong></span> <span class='ocrx_word' id='word_1_573' title='bbox 2366 1919 2540 1989; x_wconf 89' lang='lat' dir='ltr'><strong>aliqua</strong></span> <span class='ocrx_word' id='word_1_574' title='bbox 2585 1922 2913 1980; x_wconf 90' lang='lat' dir='ltr'><strong>institutione</strong></span> <span class='ocrx_word' id='word_1_575' title='bbox 2960 1936 3191 1992; x_wconf 67' lang='lat' dir='ltr'><strong>naturae,</strong></span> <span class='ocrx_word' id='word_1_576' title='bbox 3242 1945 3466 2002; x_wconf 81' lang='lat' dir='ltr'><strong>eamque</strong></span> 
     </span>
    </p>
   </div>
   <div class='ocr_carea' id='block_1_78' title="bbox 1897 2009 3466 2080">
    <p class='ocr_par' dir='ltr' id='par_1_78' title="bbox 1897 2009 3466 2080">
     <span class='ocr_line' id='line_1_78' title="bbox 1897 2009 3466 2080; baseline 0.011 -17"><span class='ocrx_word' id='word_1_577' title='bbox 1897 2009 1994 2063; x_wconf 86' lang='lat' dir='ltr'><strong>sibi</strong></span> <span class='ocrx_word' id='word_1_578' title='bbox 2033 2011 2358 2066; x_wconf 87' lang='lat' dir='ltr'><strong>notissimam</strong></span> <span class='ocrx_word' id='word_1_579' title='bbox 2398 2012 2648 2080; x_wconf 87' lang='lat' dir='ltr'><strong>fecerint,</strong></span> <span class='ocrx_word' id='word_1_580' title='bbox 2695 2031 2798 2071; x_wconf 91' lang='lat' dir='ltr'><strong>non</strong></span> <span class='ocrx_word' id='word_1_581' title='bbox 2837 2033 2895 2073; x_wconf 91' lang='lat' dir='ltr'><strong>se</strong></span> <span class='ocrx_word' id='word_1_582' title='bbox 2949 2020 3070 2075; x_wconf 87' lang='lat' dir='ltr'><strong>inde</strong></span> <span class='ocrx_word' id='word_1_583' title='bbox 3120 2022 3227 2077; x_wconf 91' lang='lat' dir='ltr'><strong>Deo</strong></span> <span class='ocrx_word' id='word_1_584' title='bbox 3271 2024 3466 2080; x_wconf 89' lang='lat' dir='ltr'><strong>debere</strong></span> 
     </span>
    </p>
   </div>
   <div class='ocr_carea' id='block_1_79' title="bbox 1897 2099 3461 2183">
    <p class='ocr_par' dir='ltr' id='par_1_79' title="bbox 1897 2099 3461 2183">
     <span class='ocr_line' id='line_1_79' title="bbox 1897 2099 3461 2183; baseline 0.012 -33"><span class='ocrx_word' id='word_1_585' title='bbox 1897 2099 2275 2166; x_wconf 72' lang='lat' dir='ltr'><strong>prmscribere,</strong></span> <span class='ocrx_word' id='word_1_586' title='bbox 2315 2104 2462 2172; x_wconf 88' lang='lat' dir='ltr'><strong>quasi</strong></span> <span class='ocrx_word' id='word_1_587' title='bbox 2510 2119 2626 2160; x_wconf 92' lang='lat' dir='ltr'><strong>eam</strong></span> <span class='ocrx_word' id='word_1_588' title='bbox 2667 2122 2769 2162; x_wconf 91' lang='lat' dir='ltr'><strong>non</strong></span> <span class='ocrx_word' id='word_1_589' title='bbox 2814 2109 2978 2178; x_wconf 89' lang='lat' dir='ltr'><strong>possit</strong></span> <span class='ocrx_word' id='word_1_590' title='bbox 3008 2110 3058 2165; x_wconf 91' lang='lat' dir='ltr'><strong>in</strong></span> <span class='ocrx_word' id='word_1_591' title='bbox 3101 2111 3254 2183; x_wconf 89' lang='lat' dir='ltr'><strong>longe</strong></span> <span class='ocrx_word' id='word_1_592' title='bbox 3288 2114 3461 2179; x_wconf 87' lang='lat' dir='ltr'><strong>aliud,</strong></span> 
     </span>
    </p>
   </div>
   <div class='ocr_carea' id='block_1_80' title="bbox 1894 2192 3476 2271">
    <p class='ocr_par' dir='ltr' id='par_1_80' title="bbox 1894 2192 3476 2271">
     <span class='ocr_line' id='line_1_80' title="bbox 1894 2192 3476 2271; baseline 0.009 -28"><span class='ocrx_word' id='word_1_593' title='bbox 1894 2205 2050 2260; x_wconf 81' lang='lat' dir='ltr'><strong>quam</strong></span> <span class='ocrx_word' id='word_1_594' title='bbox 2090 2192 2169 2247; x_wconf 92' lang='lat' dir='ltr'><strong>eis</strong></span> <span class='ocrx_word' id='word_1_595' title='bbox 2213 2199 2419 2264; x_wconf 87' lang='lat' dir='ltr'><strong>cognita</strong></span> <span class='ocrx_word' id='word_1_596' title='bbox 2455 2205 2561 2261; x_wconf 90' lang='lat' dir='ltr'><strong>est,</strong></span> <span class='ocrx_word' id='word_1_597' title='bbox 2608 2209 2817 2256; x_wconf 88' lang='lat' dir='ltr'><strong>vertere</strong></span> <span class='ocrx_word' id='word_1_598' title='bbox 2858 2210 3014 2271; x_wconf 89' lang='lat' dir='ltr'><strong>atque</strong></span> <span class='ocrx_word' id='word_1_599' title='bbox 3045 2216 3269 2259; x_wconf 89' lang='lat' dir='ltr'><strong>mutare.</strong></span> <span class='ocrx_word' id='word_1_600' title='bbox 3303 2206 3476 2261; x_wconf 80' lang='lat' dir='ltr'><strong>Terra.</strong></span> 
     </span>
    </p>
   </div>
   <div class='ocr_carea' id='block_1_81' title="bbox 1893 2279 3470 2366">
    <p class='ocr_par' dir='ltr' id='par_1_81' title="bbox 1893 2279 3470 2366">
     <span class='ocr_line' id='line_1_81' title="bbox 1893 2279 3470 2366; baseline 0.011 -31"><span class='ocrx_word' id='word_1_601' title='bbox 1893 2279 2247 2338; x_wconf 90' lang='lat' dir='ltr'><strong>Sodomorum</strong></span> <span class='ocrx_word' id='word_1_602' title='bbox 2277 2299 2379 2339; x_wconf 90' lang='lat' dir='ltr'><strong>non</strong></span> <span class='ocrx_word' id='word_1_603' title='bbox 2412 2285 2506 2340; x_wconf 89' lang='lat' dir='ltr'><strong>fuit</strong></span> <span class='ocrx_word' id='word_1_604' title='bbox 2537 2287 2714 2358; x_wconf 88' lang='lat' dir='ltr'><strong>utique</strong></span> <span class='ocrx_word' id='word_1_605' title='bbox 2740 2298 2788 2343; x_wconf 93' lang='lat' dir='ltr'><strong>ut</strong></span> <span class='ocrx_word' id='word_1_606' title='bbox 2821 2307 2959 2347; x_wconf 91' lang='lat' dir='ltr'><strong>nunc</strong></span> <span class='ocrx_word' id='word_1_607' title='bbox 2985 2305 3066 2348; x_wconf 85' lang='lat' dir='ltr'><strong>est</strong></span> <span class='ocrx_word' id='word_1_608' title='bbox 3092 2311 3104 2348; x_wconf 90' lang='lat'><strong>:</strong></span> <span class='ocrx_word' id='word_1_609' title='bbox 3137 2295 3227 2350; x_wconf 90' lang='lat' dir='ltr'><strong>sed</strong></span> <span class='ocrx_word' id='word_1_610' title='bbox 3253 2295 3470 2366; x_wconf 86' lang='lat' dir='ltr'><strong>jacebat.</strong></span> 
     </span>
    </p>
   </div>
   <div class='ocr_carea' id='block_1_82' title="bbox 1895 2370 3463 2451">
    <p class='ocr_par' dir='ltr' id='par_1_82' title="bbox 1895 2370 3463 2451">
     <span class='ocr_line' id='line_1_82' title="bbox 1895 2370 3463 2451; baseline 0.013 -28"><span class='ocrx_word' id='word_1_611' title='bbox 1895 2370 2053 2426; x_wconf 90' lang='lat' dir='ltr'><strong>simili</strong></span> <span class='ocrx_word' id='word_1_612' title='bbox 2099 2375 2308 2430; x_wconf 62' lang='lat' dir='ltr'><strong>exteris</strong></span> <span class='ocrx_word' id='word_1_613' title='bbox 2352 2375 2518 2444; x_wconf 88' lang='lat' dir='ltr'><strong>facie,</strong></span> <span class='ocrx_word' id='word_1_614' title='bbox 2571 2379 2862 2451; x_wconf 85' lang='lat' dir='ltr'><strong>eademque</strong></span> <span class='ocrx_word' id='word_1_615' title='bbox 2904 2383 2983 2438; x_wconf 83' lang='lat' dir='ltr'><strong>vel</strong></span> <span class='ocrx_word' id='word_1_616' title='bbox 3023 2386 3180 2440; x_wconf 90' lang='lat' dir='ltr'><strong>etiam</strong></span> <span class='ocrx_word' id='word_1_617' title='bbox 3220 2387 3463 2443; x_wconf 84' lang='lat' dir='ltr'><strong>uberiore</strong></span> 
     </span>
    </p>
   </div>
   <div class='ocr_carea' id='block_1_83' title="bbox 1893 2462 3468 2543">
    <p class='ocr_par' dir='ltr' id='par_1_83' title="bbox 1893 2462 3468 2543">
     <span class='ocr_line' id='line_1_83' title="bbox 1893 2462 3468 2543; baseline 0.012 -27"><span class='ocrx_word' id='word_1_618' title='bbox 1893 2462 2215 2521; x_wconf 80' lang='lat' dir='ltr'><strong>fecunditate</strong></span> <span class='ocrx_word' id='word_1_619' title='bbox 2263 2468 2530 2536; x_wconf 88' lang='lat' dir='ltr'><strong>pollebat;</strong></span> <span class='ocrx_word' id='word_1_620' title='bbox 2576 2486 2698 2526; x_wconf 92' lang='lat' dir='ltr'><strong>nam</strong></span> <span class='ocrx_word' id='word_1_621' title='bbox 2749 2473 2840 2528; x_wconf 85' lang='lat' dir='ltr'><strong>Dei</strong></span> <span class='ocrx_word' id='word_1_622' title='bbox 2885 2475 3128 2543; x_wconf 85' lang='lat' dir='ltr'><strong>paradiso</strong></span> <span class='ocrx_word' id='word_1_623' title='bbox 3171 2478 3222 2532; x_wconf 93' lang='lat' dir='ltr'><strong>in</strong></span> <span class='ocrx_word' id='word_1_624' title='bbox 3269 2479 3468 2534; x_wconf 84' lang='lat' dir='ltr'><strong>divinis</strong></span> 
     </span>
    </p>
   </div>
   <div class='ocr_carea' id='block_1_84' title="bbox 1891 2554 3460 2639">
    <p class='ocr_par' dir='ltr' id='par_1_84' title="bbox 1891 2554 3460 2639">
     <span class='ocr_line' id='line_1_84' title="bbox 1891 2554 3460 2639; baseline 0.011 -31"><span class='ocrx_word' id='word_1_625' title='bbox 1891 2554 2120 2625; x_wconf 90' lang='lat' dir='ltr'><strong>eloquiis</strong></span> <span class='ocrx_word' id='word_1_626' title='bbox 2153 2569 2453 2628; x_wconf 87' lang='lat' dir='ltr'><strong>comparata</strong></span> <span class='ocrx_word' id='word_1_627' title='bbox 2495 2571 2576 2616; x_wconf 91' lang='lat' dir='ltr'><strong>est</strong></span> <span class='ocrx_word' id='word_1_628' title='bbox 2617 2562 2766 2633; x_wconf 82' lang='lat' dir='ltr'><strong>(Gen.</strong></span> <span class='ocrx_word' id='word_1_629' title='bbox 2795 2580 2919 2630; x_wconf 79' lang='lat' dir='ltr'><strong>xm,</strong></span> <span class='ocrx_word' id='word_1_630' title='bbox 2958 2565 3067 2639; x_wconf 84' lang='grc'><strong>10).</strong></span> <span class='ocrx_word' id='word_1_631' title='bbox 3101 2568 3222 2624; x_wconf 67' lang='lat' dir='ltr'><strong>lluse</strong></span> <span class='ocrx_word' id='word_1_632' title='bbox 3250 2582 3460 2639; x_wconf 86' lang='lat' dir='ltr'><strong>postca-</strong></span> 
     </span>
    </p>
   </div>
   <div class='ocr_carea' id='block_1_85' title="bbox 1891 2649 3464 2729">
    <p class='ocr_par' dir='ltr' id='par_1_85' title="bbox 1891 2649 3464 2729">
     <span class='ocr_line' id='line_1_85' title="bbox 1891 2649 3464 2729; baseline 0.009 -28"><span class='ocrx_word' id='word_1_633' title='bbox 1891 2661 2046 2716; x_wconf 89' lang='lat' dir='ltr'><strong>quam</strong></span> <span class='ocrx_word' id='word_1_634' title='bbox 2075 2657 2208 2704; x_wconf 90' lang='lat' dir='ltr'><strong>tacta</strong></span> <span class='ocrx_word' id='word_1_635' title='bbox 2235 2649 2300 2706; x_wconf 91' lang='lat' dir='ltr'><strong>de</strong></span> <span class='ocrx_word' id='word_1_636' title='bbox 2324 2652 2460 2706; x_wconf 73' lang='lat' dir='ltr'><strong>etelo</strong></span> <span class='ocrx_word' id='word_1_637' title='bbox 2486 2661 2588 2718; x_wconf 91' lang='lat' dir='ltr'><strong>est,</strong></span> <span class='ocrx_word' id='word_1_638' title='bbox 2612 2655 2746 2708; x_wconf 85' lang='lat' dir='ltr'><strong>sicut</strong></span> <span class='ocrx_word' id='word_1_639' title='bbox 2777 2656 2982 2711; x_wconf 89' lang='lat' dir='ltr'><strong>illorum</strong></span> <span class='ocrx_word' id='word_1_640' title='bbox 3013 2674 3220 2729; x_wconf 88' lang='lat' dir='ltr'><strong>quoque</strong></span> <span class='ocrx_word' id='word_1_641' title='bbox 3246 2670 3464 2717; x_wconf 84' lang='lat' dir='ltr'><strong>attesta-</strong></span> 
     </span>
    </p>
   </div>
   <div class='ocr_carea' id='block_1_86' title="bbox 1892 2738 3464 2816">
    <p class='ocr_par' dir='ltr' id='par_1_86' title="bbox 1892 2738 3464 2816">
     <span class='ocr_line' id='line_1_86' title="bbox 1892 2738 3464 2816; baseline 0.01 -26"><span class='ocrx_word' id='word_1_642' title='bbox 1892 2745 1972 2791; x_wconf 82' lang='lat' dir='ltr'><strong>tur</strong></span> <span class='ocrx_word' id='word_1_643' title='bbox 2007 2738 2223 2794; x_wconf 86' lang='lat' dir='ltr'><strong>historia</strong></span> <span class='ocrx_word' id='word_1_644' title='bbox 2245 2781 2260 2807; x_wconf 96' lang='lat'><strong>,</strong></span> <span class='ocrx_word' id='word_1_645' title='bbox 2308 2752 2360 2796; x_wconf 90' lang='lat' dir='ltr'><strong>et</strong></span> <span class='ocrx_word' id='word_1_646' title='bbox 2405 2759 2541 2798; x_wconf 90' lang='lat' dir='ltr'><strong>nunc</strong></span> <span class='ocrx_word' id='word_1_647' title='bbox 2568 2743 2633 2798; x_wconf 90' lang='lat' dir='ltr'><strong>ab</strong></span> <span class='ocrx_word' id='word_1_648' title='bbox 2663 2745 2740 2799; x_wconf 87' lang='lat' dir='ltr'><strong>eis</strong></span> <span class='ocrx_word' id='word_1_649' title='bbox 2765 2747 2852 2816; x_wconf 92' lang='lat' dir='ltr'><strong>qui</strong></span> <span class='ocrx_word' id='word_1_650' title='bbox 2892 2747 3110 2805; x_wconf 88' lang='lat' dir='ltr'><strong>veniunt</strong></span> <span class='ocrx_word' id='word_1_651' title='bbox 3134 2749 3198 2804; x_wconf 87' lang='lat' dir='ltr'><strong>ad</strong></span> <span class='ocrx_word' id='word_1_652' title='bbox 3231 2749 3343 2804; x_wconf 86' lang='lat' dir='ltr'><strong>loca</strong></span> <span class='ocrx_word' id='word_1_653' title='bbox 3375 2751 3464 2806; x_wconf 86' lang='lat' dir='ltr'><strong>illa</strong></span> 
     </span>
    </p>
   </div>
   <div class='ocr_carea' id='block_1_87' title="bbox 1891 2831 3462 2912">
    <p class='ocr_par' dir='ltr' id='par_1_87' title="bbox 1891 2831 3462 2912">
     <span class='ocr_line' id='line_1_87' title="bbox 1891 2831 3462 2912; baseline 0.01 -30"><span class='ocrx_word' id='word_1_654' title='bbox 1891 2831 2234 2899; x_wconf 90' lang='lat' dir='ltr'><strong>conspicitur,</strong></span> <span class='ocrx_word' id='word_1_655' title='bbox 2272 2833 2568 2904; x_wconf 88' lang='lat' dir='ltr'><strong>prodigiosa</strong></span> <span class='ocrx_word' id='word_1_656' title='bbox 2606 2835 2818 2906; x_wconf 89' lang='lat' dir='ltr'><strong>fuligine</strong></span> <span class='ocrx_word' id='word_1_657' title='bbox 2851 2837 3053 2893; x_wconf 88' lang='lat' dir='ltr'><strong>horrori</strong></span> <span class='ocrx_word' id='word_1_658' title='bbox 3085 2849 3162 2894; x_wconf 90' lang='lat' dir='ltr'><strong>est</strong></span> <span class='ocrx_word' id='word_1_659' title='bbox 3185 2882 3199 2908; x_wconf 95' lang='lat'><strong>,</strong></span> <span class='ocrx_word' id='word_1_660' title='bbox 3230 2850 3283 2896; x_wconf 92' lang='lat' dir='ltr'><strong>et</strong></span> <span class='ocrx_word' id='word_1_661' title='bbox 3310 2856 3462 2912; x_wconf 90' lang='lat' dir='ltr'><strong>poma</strong></span> 
     </span>
    </p>
   </div>
   <div class='ocr_carea' id='block_1_88' title="bbox 1891 2921 3464 3001">
    <p class='ocr_par' dir='ltr' id='par_1_88' title="bbox 1891 2921 3464 3001">
     <span class='ocr_line' id='line_1_88' title="bbox 1891 2921 3464 3001; baseline 0.008 -23"><span class='ocrx_word' id='word_1_662' title='bbox 1891 2921 2004 2991; x_wconf 86' lang='lat' dir='ltr'><strong>ejus</strong></span> <span class='ocrx_word' id='word_1_663' title='bbox 2035 2923 2337 2979; x_wconf 89' lang='lat' dir='ltr'><strong>interiorem</strong></span> <span class='ocrx_word' id='word_1_664' title='bbox 2376 2925 2608 2981; x_wconf 84' lang='lat' dir='ltr'><strong>favillam</strong></span> <span class='ocrx_word' id='word_1_665' title='bbox 2639 2929 2876 2984; x_wconf 81' lang='lat' dir='ltr'><strong>mendaci</strong></span> <span class='ocrx_word' id='word_1_666' title='bbox 2919 2931 3210 3001; x_wconf 34' lang='lat' dir='ltr'><strong>superﬁcie.</strong></span> <span class='ocrx_word' id='word_1_667' title='bbox 3240 2937 3464 2990; x_wconf 81' lang='lat' dir='ltr'><strong>maturi-</strong></span> 
     </span>
    </p>
   </div>
   <div class='ocr_carea' id='block_1_89' title="bbox 1892 3013 3463 3086">
    <p class='ocr_par' dir='ltr' id='par_1_89' title="bbox 1892 3013 3463 3086">
     <span class='ocr_line' id='line_1_89' title="bbox 1892 3013 3463 3086; baseline 0.011 -20"><span class='ocrx_word' id='word_1_668' title='bbox 1892 3013 2320 3069; x_wconf 88' lang='lat' dir='ltr'><strong>tatisincludunt.</strong></span> <span class='ocrx_word' id='word_1_669' title='bbox 2352 3016 2488 3072; x_wconf 82' lang='lat' dir='ltr'><strong>Ecce</strong></span> <span class='ocrx_word' id='word_1_670' title='bbox 2517 3033 2620 3072; x_wconf 92' lang='lat' dir='ltr'><strong>non</strong></span> <span class='ocrx_word' id='word_1_671' title='bbox 2648 3031 2760 3074; x_wconf 89' lang='lat' dir='ltr'><strong>erat</strong></span> <span class='ocrx_word' id='word_1_672' title='bbox 2791 3020 2907 3076; x_wconf 90' lang='lat' dir='ltr'><strong>talis</strong></span> <span class='ocrx_word' id='word_1_673' title='bbox 2931 3063 2945 3086; x_wconf 89' lang='lat'><strong>,</strong></span> <span class='ocrx_word' id='word_1_674' title='bbox 2974 3031 3026 3076; x_wconf 90' lang='lat' dir='ltr'><strong>et</strong></span> <span class='ocrx_word' id='word_1_675' title='bbox 3054 3023 3172 3078; x_wconf 86' lang='lat' dir='ltr'><strong>talis</strong></span> <span class='ocrx_word' id='word_1_676' title='bbox 3193 3035 3292 3080; x_wconf 92' lang='lat' dir='ltr'><strong>est.</strong></span> <span class='ocrx_word' id='word_1_677' title='bbox 3326 3026 3463 3084; x_wconf 87' lang='lat' dir='ltr'><strong>Ecce</strong></span> 
     </span>
    </p>
   </div>
   <div class='ocr_carea' id='block_1_90' title="bbox 1893 3101 3462 3180">
    <p class='ocr_par' dir='ltr' id='par_1_90' title="bbox 1893 3101 3462 3180">
     <span class='ocr_line' id='line_1_90' title="bbox 1893 3101 3462 3180; baseline 0.008 -24"><span class='ocrx_word' id='word_1_678' title='bbox 1893 3117 1922 3156; x_wconf 91' lang='lat' dir='ltr'><strong>a</strong></span> <span class='ocrx_word' id='word_1_679' title='bbox 1949 3101 2235 3160; x_wconf 82' lang='lat' dir='ltr'><strong>Conditore</strong></span> <span class='ocrx_word' id='word_1_680' title='bbox 2263 3114 2568 3160; x_wconf 86' lang='lat' dir='ltr'><strong>naturarqu</strong></span> <span class='ocrx_word' id='word_1_681' title='bbox 2611 3117 2794 3162; x_wconf 88' lang='lat' dir='ltr'><strong>natura</strong></span> <span class='ocrx_word' id='word_1_682' title='bbox 2825 3109 2940 3180; x_wconf 87' lang='lat' dir='ltr'><strong>ejus</strong></span> <span class='ocrx_word' id='word_1_683' title='bbox 2977 3111 3026 3165; x_wconf 90' lang='lat' dir='ltr'><strong>in</strong></span> <span class='ocrx_word' id='word_1_684' title='bbox 3056 3111 3193 3167; x_wconf 77' lang='lat' dir='ltr'><strong>lmuc</strong></span> <span class='ocrx_word' id='word_1_685' title='bbox 3231 3114 3462 3170; x_wconf 80' lang='lat' dir='ltr'><strong>foedissi-</strong></span> 
     </span>
    </p>
   </div>
   <div class='ocr_carea' id='block_1_91' title="bbox 1892 3193 3459 3260">
    <p class='ocr_par' dir='ltr' id='par_1_91' title="bbox 1892 3193 3459 3260">
     <span class='ocr_line' id='line_1_91' title="bbox 1892 3193 3459 3260; baseline 0.008 -13"><span class='ocrx_word' id='word_1_686' title='bbox 1892 3208 2030 3247; x_wconf 83' lang='lat' dir='ltr'><strong>mam</strong></span> <span class='ocrx_word' id='word_1_687' title='bbox 2059 3193 2419 3251; x_wconf 89' lang='lat' dir='ltr'><strong>diversitatem</strong></span> <span class='ocrx_word' id='word_1_688' title='bbox 2452 3198 2674 3253; x_wconf 90' lang='lat' dir='ltr'><strong>mirabili</strong></span> <span class='ocrx_word' id='word_1_689' title='bbox 2721 3200 3010 3256; x_wconf 91' lang='lat' dir='ltr'><strong>mutatione</strong></span> <span class='ocrx_word' id='word_1_690' title='bbox 3053 3217 3313 3258; x_wconf 83' lang='lat' dir='ltr'><strong>conversa</strong></span> <span class='ocrx_word' id='word_1_691' title='bbox 3340 3213 3459 3260; x_wconf 85' lang='lat' dir='ltr'><strong>est:</strong></span> 
     </span>
    </p>
   </div>
   <div class='ocr_carea' id='block_1_92' title="bbox 1890 3285 3463 3367">
    <p class='ocr_par' dir='ltr' id='par_1_92' title="bbox 1890 3285 3463 3367">
     <span class='ocr_line' id='line_1_92' title="bbox 1890 3285 3463 3367; baseline 0.008 -29"><span class='ocrx_word' id='word_1_692' title='bbox 1890 3285 2106 3355; x_wconf 92' lang='lat' dir='ltr'><strong>etquod</strong></span> <span class='ocrx_word' id='word_1_693' title='bbox 2153 3298 2270 3355; x_wconf 91' lang='lat' dir='ltr'><strong>post</strong></span> <span class='ocrx_word' id='word_1_694' title='bbox 2301 3296 2402 3342; x_wconf 91' lang='lat' dir='ltr'><strong>tam</strong></span> <span class='ocrx_word' id='word_1_695' title='bbox 2437 3289 2647 3362; x_wconf 89' lang='lat' dir='ltr'><strong>longum</strong></span> <span class='ocrx_word' id='word_1_696' title='bbox 2670 3291 2860 3346; x_wconf 85' lang='lat' dir='ltr'><strong>accidit</strong></span> <span class='ocrx_word' id='word_1_697' title='bbox 2892 3301 3099 3362; x_wconf 89' lang='lat' dir='ltr'><strong>tempus</strong></span> <span class='ocrx_word' id='word_1_698' title='bbox 3122 3335 3136 3360; x_wconf 96' lang='lat'><strong>,</strong></span> <span class='ocrx_word' id='word_1_699' title='bbox 3170 3302 3275 3350; x_wconf 90' lang='lat' dir='ltr'><strong>tam</strong></span> <span class='ocrx_word' id='word_1_700' title='bbox 3303 3294 3463 3367; x_wconf 89' lang='lat' dir='ltr'><strong>longo</strong></span> 
     </span>
    </p>
   </div>
   <div class='ocr_carea' id='block_1_93' title="bbox 1891 3385 3393 3450">
    <p class='ocr_par' dir='ltr' id='par_1_93' title="bbox 1891 3385 3393 3450">
     <span class='ocr_line' id='line_1_93' title="bbox 1891 3385 3393 3450; baseline 0.001 -17"><span class='ocrx_word' id='word_1_701' title='bbox 1891 3385 2130 3448; x_wconf 88' lang='lat' dir='ltr'><strong>tempore</strong></span> <span class='ocrx_word' id='word_1_702' title='bbox 2153 3389 2482 3450; x_wconf 87' lang='lat' dir='ltr'><strong>perseverat.</strong></span> <span class='ocrx_word' id='word_1_703' title='bbox 3387 3435 3393 3442; x_wconf 78' lang='grc'><strong>,</strong></span> 
     </span>
    </p>
   </div>
   <div class='ocr_carea' id='block_1_94' title="bbox 1963 3472 3458 3546">
    <p class='ocr_par' dir='ltr' id='par_1_94' title="bbox 1963 3472 3458 3546">
     <span class='ocr_line' id='line_1_94' title="bbox 1963 3472 3458 3546; baseline 0.001 -19"><span class='ocrx_word' id='word_1_704' title='bbox 1963 3472 2015 3527; x_wconf 81' lang='lat'><strong>5.</strong></span> <span class='ocrx_word' id='word_1_705' title='bbox 2045 3472 2193 3527; x_wconf 91' lang='lat' dir='ltr'><strong>Sicut</strong></span> <span class='ocrx_word' id='word_1_706' title='bbox 2219 3487 2345 3544; x_wconf 92' lang='lat' dir='ltr'><strong>ergo</strong></span> <span class='ocrx_word' id='word_1_707' title='bbox 2366 3489 2469 3528; x_wconf 91' lang='lat' dir='ltr'><strong>non</strong></span> <span class='ocrx_word' id='word_1_708' title='bbox 2499 3473 2593 3529; x_wconf 91' lang='lat' dir='ltr'><strong>fuit</strong></span> <span class='ocrx_word' id='word_1_709' title='bbox 2619 3473 2945 3545; x_wconf 90' lang='lat' dir='ltr'><strong>impossibile</strong></span> <span class='ocrx_word' id='word_1_710' title='bbox 2973 3474 3099 3540; x_wconf 88' lang='lat' dir='ltr'><strong>Dec,</strong></span> <span class='ocrx_word' id='word_1_711' title='bbox 3123 3490 3253 3546; x_wconf 90' lang='lat' dir='ltr'><strong>quas</strong></span> <span class='ocrx_word' id='word_1_712' title='bbox 3275 3476 3458 3540; x_wconf 90' lang='lat' dir='ltr'><strong>voluit,</strong></span> 
     </span>
    </p>
   </div>
   <div class='ocr_carea' id='block_1_95' title="bbox 1893 3564 3461 3638">
    <p class='ocr_par' dir='ltr' id='par_1_95' title="bbox 1893 3564 3461 3638">
     <span class='ocr_line' id='line_1_95' title="bbox 1893 3564 3461 3638; baseline 0.001 -20"><span class='ocrx_word' id='word_1_713' title='bbox 1893 3564 2200 3631; x_wconf 89' lang='lat' dir='ltr'><strong>instituere;</strong></span> <span class='ocrx_word' id='word_1_714' title='bbox 2248 3565 2325 3621; x_wconf 91' lang='lat' dir='ltr'><strong>sic</strong></span> <span class='ocrx_word' id='word_1_715' title='bbox 2368 3567 2417 3621; x_wconf 92' lang='lat' dir='ltr'><strong>ei</strong></span> <span class='ocrx_word' id='word_1_716' title='bbox 2443 3581 2547 3622; x_wconf 92' lang='lat' dir='ltr'><strong>non</strong></span> <span class='ocrx_word' id='word_1_717' title='bbox 2597 3575 2678 3622; x_wconf 91' lang='lat' dir='ltr'><strong>est</strong></span> <span class='ocrx_word' id='word_1_718' title='bbox 2716 3566 3079 3638; x_wconf 89' lang='lat' dir='ltr'><strong>impossibile,</strong></span> <span class='ocrx_word' id='word_1_719' title='bbox 3126 3567 3179 3622; x_wconf 94' lang='lat' dir='ltr'><strong>in</strong></span> <span class='ocrx_word' id='word_1_720' title='bbox 3210 3566 3461 3637; x_wconf 87' lang='lat' dir='ltr'><strong>quidquid</strong></span> 
     </span>
    </p>
   </div>
   <div class='ocr_carea' id='block_1_96' title="bbox 1893 3656 3460 3727">
    <p class='ocr_par' dir='ltr' id='par_1_96' title="bbox 1893 3656 3460 3727">
     <span class='ocr_line' id='line_1_96' title="bbox 1893 3656 3460 3727; baseline 0.004 -19"><span class='ocrx_word' id='word_1_721' title='bbox 1893 3656 2136 3722; x_wconf 87' lang='lat' dir='ltr'><strong>voluerit,</strong></span> <span class='ocrx_word' id='word_1_722' title='bbox 2166 3672 2299 3727; x_wconf 90' lang='lat' dir='ltr'><strong>quas</strong></span> <span class='ocrx_word' id='word_1_723' title='bbox 2321 3657 2563 3722; x_wconf 90' lang='lat' dir='ltr'><strong>instituit,</strong></span> <span class='ocrx_word' id='word_1_724' title='bbox 2592 3666 2797 3714; x_wconf 88' lang='lat' dir='ltr'><strong>mutare</strong></span> <span class='ocrx_word' id='word_1_725' title='bbox 2818 3667 3050 3715; x_wconf 85' lang='lat' dir='ltr'><strong>naturas.</strong></span> <span class='ocrx_word' id='word_1_726' title='bbox 3080 3657 3229 3714; x_wconf 90' lang='lat' dir='ltr'><strong>Unde</strong></span> <span class='ocrx_word' id='word_1_727' title='bbox 3250 3659 3460 3714; x_wconf 90' lang='lat' dir='ltr'><strong>illorum</strong></span> 
     </span>
    </p>
   </div>
   <div class='ocr_carea' id='block_1_97' title="bbox 1891 3748 3465 3819">
    <p class='ocr_par' dir='ltr' id='par_1_97' title="bbox 1891 3748 3465 3819">
     <span class='ocr_line' id='line_1_97' title="bbox 1891 3748 3465 3819; baseline 0.002 -17"><span class='ocrx_word' id='word_1_728' title='bbox 1891 3763 2100 3819; x_wconf 90' lang='lat' dir='ltr'><strong>quoque</strong></span> <span class='ocrx_word' id='word_1_729' title='bbox 2125 3748 2498 3804; x_wconf 91' lang='lat' dir='ltr'><strong>miraculorum</strong></span> <span class='ocrx_word' id='word_1_730' title='bbox 2543 3749 2823 3804; x_wconf 90' lang='lat' dir='ltr'><strong>multitudo</strong></span> <span class='ocrx_word' id='word_1_731' title='bbox 2852 3749 3116 3814; x_wconf 90' lang='lat' dir='ltr'><strong>silvescit,</strong></span> <span class='ocrx_word' id='word_1_732' title='bbox 3157 3764 3276 3818; x_wconf 86' lang='lat' dir='ltr'><strong>quae</strong></span> <span class='ocrx_word' id='word_1_733' title='bbox 3308 3764 3465 3805; x_wconf 91' lang='lat' dir='ltr'><strong>mon-</strong></span> 
     </span>
    </p>
   </div>
   <div class='ocr_carea' id='block_1_98' title="bbox 1893 3840 3465 3911">
    <p class='ocr_par' dir='ltr' id='par_1_98' title="bbox 1893 3840 3465 3911">
     <span class='ocr_line' id='line_1_98' title="bbox 1893 3840 3465 3911; baseline 0.001 -16"><span class='ocrx_word' id='word_1_734' title='bbox 1893 3849 2029 3905; x_wconf 88' lang='lat' dir='ltr'><strong>stra,</strong></span> <span class='ocrx_word' id='word_1_735' title='bbox 2064 3849 2290 3906; x_wconf 87' lang='lat' dir='ltr'><strong>ostenta,</strong></span> <span class='ocrx_word' id='word_1_736' title='bbox 2319 3850 2557 3910; x_wconf 88' lang='lat' dir='ltr'><strong>portenta</strong></span> <span class='ocrx_word' id='word_1_737' title='bbox 2578 3882 2593 3906; x_wconf 93' lang='lat'><strong>,</strong></span> <span class='ocrx_word' id='word_1_738' title='bbox 2640 3840 2873 3911; x_wconf 89' lang='lat' dir='ltr'><strong>prodigia</strong></span> <span class='ocrx_word' id='word_1_739' title='bbox 2906 3848 3308 3910; x_wconf 88' lang='lat' dir='ltr'><strong>nuncupantur:</strong></span> <span class='ocrx_word' id='word_1_740' title='bbox 3347 3855 3465 3911; x_wconf 71' lang='lat' dir='ltr'><strong>qua:</strong></span> 
     </span>
    </p>
   </div>
   <div class='ocr_carea' id='block_1_99' title="bbox 1894 3931 3465 4001">
    <p class='ocr_par' dir='ltr' id='par_1_99' title="bbox 1894 3931 3465 4001">
     <span class='ocr_line' id='line_1_99' title="bbox 1894 3931 3465 4001; baseline -0.001 -15"><span class='ocrx_word' id='word_1_741' title='bbox 1894 3931 2130 3986; x_wconf 86' lang='lat' dir='ltr'><strong>recolere</strong></span> <span class='ocrx_word' id='word_1_742' title='bbox 2158 3940 2209 3985; x_wconf 92' lang='lat' dir='ltr'><strong>et</strong></span> <span class='ocrx_word' id='word_1_743' title='bbox 2235 3946 2654 3987; x_wconf 89' lang='lat' dir='ltr'><strong>commemorare</strong></span> <span class='ocrx_word' id='word_1_744' title='bbox 2683 3932 2728 3986; x_wconf 91' lang='lat' dir='ltr'><strong>si</strong></span> <span class='ocrx_word' id='word_1_745' title='bbox 2759 3931 2939 3998; x_wconf 89' lang='lat' dir='ltr'><strong>velim,</strong></span> <span class='ocrx_word' id='word_1_746' title='bbox 2973 3931 3128 4001; x_wconf 91' lang='lat' dir='ltr'><strong>hujus</strong></span> <span class='ocrx_word' id='word_1_747' title='bbox 3150 3931 3326 4001; x_wconf 90' lang='lat' dir='ltr'><strong>operis</strong></span> <span class='ocrx_word' id='word_1_748' title='bbox 3347 3931 3465 4000; x_wconf 89' lang='lat' dir='ltr'><strong>quis</strong></span> 
     </span>
    </p>
   </div>
   <div class='ocr_carea' id='block_1_100' title="bbox 1894 4025 3462 4097">
    <p class='ocr_par' dir='ltr' id='par_1_100' title="bbox 1894 4025 3462 4097">
     <span class='ocr_line' id='line_1_100' title="bbox 1894 4025 3462 4097; baseline -0.001 -17"><span class='ocrx_word' id='word_1_749' title='bbox 1894 4026 1993 4080; x_wconf 91' lang='lat' dir='ltr'><strong>erit</strong></span> <span class='ocrx_word' id='word_1_750' title='bbox 2015 4025 2168 4079; x_wconf 86' lang='lat' dir='ltr'><strong>finis?</strong></span> <span class='ocrx_word' id='word_1_751' title='bbox 2191 4026 2420 4080; x_wconf 82' lang='lat' dir='ltr'><strong>Monstra</strong></span> <span class='ocrx_word' id='word_1_752' title='bbox 2451 4041 2578 4081; x_wconf 88' lang='lat' dir='ltr'><strong>sane</strong></span> <span class='ocrx_word' id='word_1_753' title='bbox 2595 4027 2730 4081; x_wconf 91' lang='lat' dir='ltr'><strong>dicta</strong></span> <span class='ocrx_word' id='word_1_754' title='bbox 2749 4025 3028 4097; x_wconf 91' lang='lat' dir='ltr'><strong>perhibent</strong></span> <span class='ocrx_word' id='word_1_755' title='bbox 3051 4041 3078 4079; x_wconf 73' lang='grc' dir='ltr'><strong>τι</strong></span> <span class='ocrx_word' id='word_1_756' title='bbox 3098 4026 3462 4090; x_wconf 89' lang='lat' dir='ltr'><strong>monstrando,</strong></span> 
     </span>
    </p>
   </div>
   <div class='ocr_carea' id='block_1_101' title="bbox 1894 4115 3464 4188">
    <p class='ocr_par' dir='ltr' id='par_1_101' title="bbox 1894 4115 3464 4188">
     <span class='ocr_line' id='line_1_101' title="bbox 1894 4115 3464 4188; baseline -0.001 -18"><span class='ocrx_word' id='word_1_757' title='bbox 1894 4117 2034 4188; x_wconf 87' lang='lat' dir='ltr'><strong>quod</strong></span> <span class='ocrx_word' id='word_1_758' title='bbox 2065 4117 2256 4188; x_wconf 88' lang='lat' dir='ltr'><strong>aliquid</strong></span> <span class='ocrx_word' id='word_1_759' title='bbox 2293 4116 2636 4188; x_wconf 88' lang='lat' dir='ltr'><strong>signiﬁcando</strong></span> <span class='ocrx_word' id='word_1_760' title='bbox 2666 4118 3060 4182; x_wconf 90' lang='lat' dir='ltr'><strong>demonstrent;</strong></span> <span class='ocrx_word' id='word_1_761' title='bbox 3091 4127 3144 4172; x_wconf 90' lang='lat' dir='ltr'><strong>et</strong></span> <span class='ocrx_word' id='word_1_762' title='bbox 3165 4125 3370 4172; x_wconf 90' lang='lat' dir='ltr'><strong>ostenta</strong></span> <span class='ocrx_word' id='word_1_763' title='bbox 3396 4115 3464 4169; x_wconf 90' lang='lat' dir='ltr'><strong>ab</strong></span> 
     </span>
    </p>
   </div>
   <div class='ocr_carea' id='block_1_102' title="bbox 1895 4209 3468 4281">
    <p class='ocr_par' dir='ltr' id='par_1_102' title="bbox 1895 4209 3468 4281">
     <span class='ocr_line' id='line_1_102' title="bbox 1895 4209 3468 4281; baseline -0.001 -17"><span class='ocrx_word' id='word_1_764' title='bbox 1895 4210 2258 4275; x_wconf 86' lang='lat' dir='ltr'><strong>ostendendo;</strong></span> <span class='ocrx_word' id='word_1_765' title='bbox 2293 4221 2340 4265; x_wconf 91' lang='lat' dir='ltr'><strong>et</strong></span> <span class='ocrx_word' id='word_1_766' title='bbox 2375 4221 2614 4280; x_wconf 88' lang='lat' dir='ltr'><strong>portenta</strong></span> <span class='ocrx_word' id='word_1_767' title='bbox 2641 4226 2670 4264; x_wconf 92' lang='lat' dir='ltr'><strong>a</strong></span> <span class='ocrx_word' id='word_1_768' title='bbox 2703 4210 3086 4281; x_wconf 86' lang='lat' dir='ltr'><strong>portendendo,</strong></span> <span class='ocrx_word' id='word_1_769' title='bbox 3117 4209 3167 4263; x_wconf 88' lang='lat' dir='ltr'><strong>id</strong></span> <span class='ocrx_word' id='word_1_770' title='bbox 3197 4218 3298 4274; x_wconf 91' lang='lat' dir='ltr'><strong>est,</strong></span> <span class='ocrx_word' id='word_1_771' title='bbox 3331 4224 3468 4278; x_wconf 77' lang='lat' dir='ltr'><strong>pra:-</strong></span> 
     </span>
    </p>
   </div>
   <div class='ocr_carea' id='block_1_103' title="bbox 1896 4299 3466 4372">
    <p class='ocr_par' dir='ltr' id='par_1_103' title="bbox 1896 4299 3466 4372">
     <span class='ocr_line' id='line_1_103' title="bbox 1896 4299 3466 4372; baseline -0.001 -17"><span class='ocrx_word' id='word_1_772' title='bbox 1896 4302 2260 4367; x_wconf 85' lang='lat' dir='ltr'><strong>ostcndeudo;</strong></span> <span class='ocrx_word' id='word_1_773' title='bbox 2291 4311 2344 4356; x_wconf 89' lang='lat' dir='ltr'><strong>et</strong></span> <span class='ocrx_word' id='word_1_774' title='bbox 2372 4301 2641 4371; x_wconf 86' lang='lat' dir='ltr'><strong>prodigia,</strong></span> <span class='ocrx_word' id='word_1_775' title='bbox 2671 4301 2810 4372; x_wconf 88' lang='lat' dir='ltr'><strong>quod</strong></span> <span class='ocrx_word' id='word_1_776' title='bbox 2841 4316 2998 4372; x_wconf 93' lang='lat' dir='ltr'><strong>porro</strong></span> <span class='ocrx_word' id='word_1_777' title='bbox 3022 4300 3237 4366; x_wconf 89' lang='lat' dir='ltr'><strong>dicant,</strong></span> <span class='ocrx_word' id='word_1_778' title='bbox 3271 4299 3321 4354; x_wconf 90' lang='lat' dir='ltr'><strong>id</strong></span> <span class='ocrx_word' id='word_1_779' title='bbox 3349 4309 3430 4356; x_wconf 91' lang='lat' dir='ltr'><strong>est</strong></span> <span class='ocrx_word' id='word_1_780' title='bbox 3453 4340 3466 4365; x_wconf 87' lang='lat'>.</span> 
     </span>
    </p>
   </div>
   <div class='ocr_carea' id='block_1_104' title="bbox 1897 4390 3465 4462">
    <p class='ocr_par' dir='ltr' id='par_1_104' title="bbox 1897 4390 3465 4462">
     <span class='ocr_line' id='line_1_104' title="bbox 1897 4390 3465 4462; baseline 0.001 -18"><span class='ocrx_word' id='word_1_781' title='bbox 1897 4390 2067 4446; x_wconf 92' lang='lat' dir='ltr'><strong>futura</strong></span> <span class='ocrx_word' id='word_1_782' title='bbox 2115 4392 2418 4462; x_wconf 61' lang='lat' dir='ltr'><strong>praedicant.</strong></span> <span class='ocrx_word' id='word_1_783' title='bbox 2462 4392 2566 4450; x_wconf 88' lang='lat' dir='ltr'><strong>Sed</strong></span> <span class='ocrx_word' id='word_1_784' title='bbox 2614 4393 2838 4448; x_wconf 90' lang='lat' dir='ltr'><strong>viderint</strong></span> <span class='ocrx_word' id='word_1_785' title='bbox 2879 4407 3062 4448; x_wconf 88' lang='lat' dir='ltr'><strong>eorum</strong></span> <span class='ocrx_word' id='word_1_786' title='bbox 3103 4392 3465 4461; x_wconf 80' lang='lat' dir='ltr'><strong>conjectures,</strong></span> 
     </span>
    </p>
   </div>
   <div class='ocr_carea' id='block_1_105' title="bbox 1897 4479 3470 4552">
    <p class='ocr_par' dir='ltr' id='par_1_105' title="bbox 1897 4479 3470 4552">
     <span class='ocr_line' id='line_1_105' title="bbox 1897 4479 3470 4552; baseline -0.003 -16"><span class='ocrx_word' id='word_1_787' title='bbox 1897 4482 2164 4552; x_wconf 90' lang='lat' dir='ltr'><strong>quomodo</strong></span> <span class='ocrx_word' id='word_1_788' title='bbox 2200 4498 2266 4537; x_wconf 83' lang='lat' dir='ltr'><strong>ex</strong></span> <span class='ocrx_word' id='word_1_789' title='bbox 2312 4483 2390 4537; x_wconf 89' lang='lat' dir='ltr'><strong>eis</strong></span> <span class='ocrx_word' id='word_1_790' title='bbox 2419 4483 2532 4539; x_wconf 83' lang='lat' dir='ltr'><strong>sive</strong></span> <span class='ocrx_word' id='word_1_791' title='bbox 2561 4481 2845 4549; x_wconf 82' lang='lat' dir='ltr'><strong>fallantur,</strong></span> <span class='ocrx_word' id='word_1_792' title='bbox 2885 4483 3000 4538; x_wconf 89' lang='lat' dir='ltr'><strong>sive</strong></span> <span class='ocrx_word' id='word_1_793' title='bbox 3042 4481 3288 4536; x_wconf 92' lang='lat' dir='ltr'><strong>instinctu</strong></span> <span class='ocrx_word' id='word_1_794' title='bbox 3315 4479 3470 4550; x_wconf 88' lang='lat' dir='ltr'><strong>spiri-</strong></span> 
     </span>
    </p>
   </div>
   <div class='ocr_carea' id='block_1_106' title="bbox 1898 4570 3466 4643">
    <p class='ocr_par' dir='ltr' id='par_1_106' title="bbox 1898 4570 3466 4643">
     <span class='ocr_line' id='line_1_106' title="bbox 1898 4570 3466 4643; baseline -0.001 -18"><span class='ocrx_word' id='word_1_795' title='bbox 1898 4580 2044 4626; x_wconf 91' lang='lat' dir='ltr'><strong>tuum</strong></span> <span class='ocrx_word' id='word_1_796' title='bbox 2064 4613 2080 4640; x_wconf 93' lang='lat'><strong>,</strong></span> <span class='ocrx_word' id='word_1_797' title='bbox 2124 4573 2316 4643; x_wconf 89' lang='lat' dir='ltr'><strong>quibus</strong></span> <span class='ocrx_word' id='word_1_798' title='bbox 2343 4587 2467 4627; x_wconf 89' lang='lat' dir='ltr'><strong>cura</strong></span> <span class='ocrx_word' id='word_1_799' title='bbox 2496 4581 2576 4626; x_wconf 90' lang='lat' dir='ltr'><strong>est</strong></span> <span class='ocrx_word' id='word_1_800' title='bbox 2603 4573 2693 4626; x_wconf 90' lang='lat' dir='ltr'><strong>tali</strong></span> <span class='ocrx_word' id='word_1_801' title='bbox 2722 4587 2876 4642; x_wconf 69' lang='lat' dir='ltr'><strong>paena</strong></span> <span class='ocrx_word' id='word_1_802' title='bbox 2915 4571 3105 4642; x_wconf 89' lang='lat' dir='ltr'><strong>dignos</strong></span> <span class='ocrx_word' id='word_1_803' title='bbox 3133 4571 3336 4628; x_wconf 88' lang='lat' dir='ltr'><strong>animos</strong></span> <span class='ocrx_word' id='word_1_804' title='bbox 3367 4570 3466 4624; x_wconf 52' lang='lat' dir='ltr'><strong>ho.</strong></span> 
     </span>
    </p>
   </div>
   <div class='ocr_carea' id='block_1_107' title="bbox 1899 4660 3466 4731">
    <p class='ocr_par' dir='ltr' id='par_1_107' title="bbox 1899 4660 3466 4731">
     <span class='ocr_line' id='line_1_107' title="bbox 1899 4660 3466 4731; baseline -0.003 -15"><span class='ocrx_word' id='word_1_805' title='bbox 1899 4664 2098 4716; x_wconf 91' lang='lat' dir='ltr'><strong>minum</strong></span> <span class='ocrx_word' id='word_1_806' title='bbox 2131 4663 2300 4717; x_wconf 80' lang='lat' dir='ltr'><strong>noxia:</strong></span> <span class='ocrx_word' id='word_1_807' title='bbox 2347 4661 2668 4717; x_wconf 88' lang='lat' dir='ltr'><strong>curiositatis</strong></span> <span class='ocrx_word' id='word_1_808' title='bbox 2718 4662 2916 4717; x_wconf 90' lang='lat' dir='ltr'><strong>retibus</strong></span> <span class='ocrx_word' id='word_1_809' title='bbox 2959 4661 3264 4731; x_wconf 89' lang='lat' dir='ltr'><strong>implicare,</strong></span> <span class='ocrx_word' id='word_1_810' title='bbox 3308 4660 3466 4716; x_wconf 89' lang='lat' dir='ltr'><strong>etiam</strong></span> 
     </span>
    </p>
   </div>
   <div class='ocr_carea' id='block_1_108' title="bbox 1899 4752 3466 4825">
    <p class='ocr_par' dir='ltr' id='par_1_108' title="bbox 1899 4752 3466 4825">
     <span class='ocr_line' id='line_1_108' title="bbox 1899 4752 3466 4825; baseline -0.003 -17"><span class='ocrx_word' id='word_1_811' title='bbox 1899 4769 2022 4808; x_wconf 90' lang='lat' dir='ltr'><strong>vera</strong></span> <span class='ocrx_word' id='word_1_812' title='bbox 2053 4753 2358 4824; x_wconf 65' lang='lat' dir='ltr'><strong>praedicant,</strong></span> <span class='ocrx_word' id='word_1_813' title='bbox 2388 4754 2502 4809; x_wconf 86' lang='lat' dir='ltr'><strong>sive</strong></span> <span class='ocrx_word' id='word_1_814' title='bbox 2528 4754 2691 4808; x_wconf 91' lang='lat' dir='ltr'><strong>multa</strong></span> <span class='ocrx_word' id='word_1_815' title='bbox 2720 4753 2946 4810; x_wconf 85' lang='lat' dir='ltr'><strong>dicendo</strong></span> <span class='ocrx_word' id='word_1_816' title='bbox 2973 4753 3255 4825; x_wconf 89' lang='lat' dir='ltr'><strong>aliquando</strong></span> <span class='ocrx_word' id='word_1_817' title='bbox 3286 4754 3338 4808; x_wconf 93' lang='lat' dir='ltr'><strong>in</strong></span> <span class='ocrx_word' id='word_1_818' title='bbox 3369 4752 3466 4805; x_wconf 90' lang='lat' dir='ltr'><strong>ali-</strong></span> 
     </span>
    </p>
   </div>
   <div class='ocr_carea' id='block_1_109' title="bbox 1899 4842 3470 4917">
    <p class='ocr_par' dir='ltr' id='par_1_109' title="bbox 1899 4842 3470 4917">
     <span class='ocr_line' id='line_1_109' title="bbox 1899 4842 3470 4917; baseline -0.004 -17"><span class='ocrx_word' id='word_1_819' title='bbox 1899 4846 2026 4917; x_wconf 87' lang='lat' dir='ltr'><strong>quid</strong></span> <span class='ocrx_word' id='word_1_820' title='bbox 2047 4845 2282 4900; x_wconf 89' lang='lat' dir='ltr'><strong>veritatis</strong></span> <span class='ocrx_word' id='word_1_821' title='bbox 2323 4847 2611 4901; x_wconf 92' lang='lat' dir='ltr'><strong>incurrant.</strong></span> <span class='ocrx_word' id='word_1_822' title='bbox 2644 4845 2807 4902; x_wconf 88' lang='lat' dir='ltr'><strong>Nohis</strong></span> <span class='ocrx_word' id='word_1_823' title='bbox 2837 4855 3010 4902; x_wconf 88' lang='lat' dir='ltr'><strong>tamen</strong></span> <span class='ocrx_word' id='word_1_824' title='bbox 3046 4847 3145 4902; x_wconf 90' lang='lat' dir='ltr'><strong>ista</strong></span> <span class='ocrx_word' id='word_1_825' title='bbox 3183 4858 3297 4915; x_wconf 69' lang='lat' dir='ltr'><strong>qum</strong></span> <span class='ocrx_word' id='word_1_826' title='bbox 3327 4842 3470 4898; x_wconf 90' lang='lat' dir='ltr'><strong>velut</strong></span> 
     </span>
    </p>
   </div>
   <div class='ocr_carea' id='block_1_110' title="bbox 1901 4934 3469 5004">
    <p class='ocr_par' dir='ltr' id='par_1_110' title="bbox 1901 4934 3469 5004">
     <span class='ocr_line' id='line_1_110' title="bbox 1901 4934 3469 5004; baseline -0.004 -11"><span class='ocrx_word' id='word_1_827' title='bbox 1901 4946 2085 4993; x_wconf 93' lang='lat' dir='ltr'><strong>contra</strong></span> <span class='ocrx_word' id='word_1_828' title='bbox 2111 4948 2351 4992; x_wconf 90' lang='lat' dir='ltr'><strong>naturam</strong></span> <span class='ocrx_word' id='word_1_829' title='bbox 2385 4938 2548 5004; x_wconf 91' lang='lat' dir='ltr'><strong>ﬁunt,</strong></span> <span class='ocrx_word' id='word_1_830' title='bbox 2576 4947 2631 4995; x_wconf 90' lang='lat' dir='ltr'><strong>et</strong></span> <span class='ocrx_word' id='word_1_831' title='bbox 2657 4947 2842 4994; x_wconf 89' lang='lat' dir='ltr'><strong>contra</strong></span> <span class='ocrx_word' id='word_1_832' title='bbox 2867 4948 3110 4994; x_wconf 89' lang='lat' dir='ltr'><strong>naturam</strong></span> <span class='ocrx_word' id='word_1_833' title='bbox 3142 4936 3253 4992; x_wconf 88' lang='lat' dir='ltr'><strong>ﬁeri</strong></span> <span class='ocrx_word' id='word_1_834' title='bbox 3279 4934 3469 4989; x_wconf 73' lang='lat' dir='ltr'><strong>dicun-</strong></span> 
     </span>
    </p>
   </div>
   <div class='ocr_carea' id='block_1_111' title="bbox 1903 5026 3466 5101">
    <p class='ocr_par' dir='ltr' id='par_1_111' title="bbox 1903 5026 3466 5101">
     <span class='ocr_line' id='line_1_111' title="bbox 1903 5026 3466 5101; baseline -0.003 -17"><span class='ocrx_word' id='word_1_835' title='bbox 1903 5037 1988 5084; x_wconf 92' lang='lat' dir='ltr'><strong>tur</strong></span> <span class='ocrx_word' id='word_1_836' title='bbox 2030 5028 2157 5101; x_wconf 89' lang='lat' dir='ltr'><strong>(quo</strong></span> <span class='ocrx_word' id='word_1_837' title='bbox 2195 5045 2344 5086; x_wconf 93' lang='lat' dir='ltr'><strong>more</strong></span> <span class='ocrx_word' id='word_1_838' title='bbox 2385 5031 2657 5086; x_wconf 91' lang='lat' dir='ltr'><strong>hominum</strong></span> <span class='ocrx_word' id='word_1_839' title='bbox 2701 5031 2910 5086; x_wconf 91' lang='lat' dir='ltr'><strong>locutus</strong></span> <span class='ocrx_word' id='word_1_840' title='bbox 2933 5040 3012 5085; x_wconf 92' lang='lat' dir='ltr'><strong>est</strong></span> <span class='ocrx_word' id='word_1_841' title='bbox 3057 5038 3111 5085; x_wconf 89' lang='lat' dir='ltr'><strong>et</strong></span> <span class='ocrx_word' id='word_1_842' title='bbox 3147 5026 3466 5097; x_wconf 62' lang='lat' dir='ltr'><strong>Apostolus,</strong></span> 
     </span>
    </p>
   </div>
   <div class='ocr_carea' id='block_1_112' title="bbox 1901 5119 3467 5190">
    <p class='ocr_par' dir='ltr' id='par_1_112' title="bbox 1901 5119 3467 5190">
     <span class='ocr_line' id='line_1_112' title="bbox 1901 5119 3467 5190; baseline -0.003 -13"><span class='ocrx_word' id='word_1_843' title='bbox 1901 5120 2126 5178; x_wconf 91' lang='lat' dir='ltr'><strong>dicendo</strong></span> <span class='ocrx_word' id='word_1_844' title='bbox 2147 5164 2163 5190; x_wconf 94' lang='lat'><strong>,</strong></span> <span class='ocrx_word' id='word_1_845' title='bbox 2194 5135 2376 5179; x_wconf 87' lang='lat' dir='ltr'><strong>contra</strong></span> <span class='ocrx_word' id='word_1_846' title='bbox 2416 5133 2657 5179; x_wconf 88' lang='lat' dir='ltr'><strong>naturam</strong></span> <span class='ocrx_word' id='word_1_847' title='bbox 2701 5123 2754 5177; x_wconf 94' lang='lat' dir='ltr'><strong>in</strong></span> <span class='ocrx_word' id='word_1_848' title='bbox 2781 5121 2894 5176; x_wconf 89' lang='lat' dir='ltr'><strong>olea</strong></span> <span class='ocrx_word' id='word_1_849' title='bbox 2935 5121 3151 5176; x_wconf 89' lang='lat' dir='ltr'><strong>insitum</strong></span> <span class='ocrx_word' id='word_1_850' title='bbox 3179 5119 3467 5174; x_wconf 88' lang='lat' dir='ltr'><strong>oleastrum</strong></span> 
     </span>
    </p>
   </div>
   <div class='ocr_carea' id='block_1_113' title="bbox 1900 5207 3467 5284">
    <p class='ocr_par' dir='ltr' id='par_1_113' title="bbox 1900 5207 3467 5284">
     <span class='ocr_line' id='line_1_113' title="bbox 1900 5207 3467 5284; baseline -0.001 -20"><span class='ocrx_word' id='word_1_851' title='bbox 1900 5209 2096 5266; x_wconf 86' lang='lat' dir='ltr'><strong>factum</strong></span> <span class='ocrx_word' id='word_1_852' title='bbox 2141 5228 2258 5269; x_wconf 92' lang='lat' dir='ltr'><strong>esse</strong></span> <span class='ocrx_word' id='word_1_853' title='bbox 2300 5213 2608 5284; x_wconf 90' lang='lat' dir='ltr'><strong>participem</strong></span> <span class='ocrx_word' id='word_1_854' title='bbox 2639 5211 2973 5282; x_wconf 75' lang='lat' dir='ltr'><strong>pinguedinis</strong></span> <span class='ocrx_word' id='word_1_855' title='bbox 3009 5209 3142 5265; x_wconf 83' lang='lat' dir='ltr'><strong>oleae</strong></span> <span class='ocrx_word' id='word_1_856' title='bbox 3171 5207 3349 5282; x_wconf 70' lang='lat' dir='ltr'><strong>[Rom</strong></span> <span class='ocrx_word' id='word_1_857' title='bbox 3378 5224 3467 5273; x_wconf 69' lang='grc' dir='ltr'>ιι,</span> 
     </span>
    </p>
   </div>
   <div class='ocr_carea' id='block_1_114' title="bbox 1902 5299 3470 5379">
    <p class='ocr_par' dir='ltr' id='par_1_114' title="bbox 1902 5299 3470 5379">
     <span class='ocr_line' id='line_1_114' title="bbox 1902 5299 3470 5379; baseline -0.006 -16"><span class='ocrx_word' id='word_1_858' title='bbox 1902 5301 1993 5368; x_wconf 73' lang='grc'><strong>17,</strong></span> <span class='ocrx_word' id='word_1_859' title='bbox 2023 5303 2114 5379; x_wconf 71' lang='grc'><strong>24]</strong></span> <span class='ocrx_word' id='word_1_860' title='bbox 2136 5306 2177 5376; x_wconf 85' lang='grc'>),</span> <span class='ocrx_word' id='word_1_861' title='bbox 2222 5315 2275 5361; x_wconf 91' lang='lat' dir='ltr'><strong>et</strong></span> <span class='ocrx_word' id='word_1_862' title='bbox 2319 5315 2552 5360; x_wconf 88' lang='lat' dir='ltr'><strong>monstra</strong></span> <span class='ocrx_word' id='word_1_863' title='bbox 2581 5345 2596 5368; x_wconf 97' lang='lat'><strong>,</strong></span> <span class='ocrx_word' id='word_1_864' title='bbox 2638 5311 2842 5358; x_wconf 84' lang='lat' dir='ltr'><strong>ostenta</strong></span> <span class='ocrx_word' id='word_1_865' title='bbox 2867 5343 2882 5370; x_wconf 96' lang='lat'><strong>,</strong></span> <span class='ocrx_word' id='word_1_866' title='bbox 2926 5309 3200 5372; x_wconf 88' lang='lat' dir='ltr'><strong>portenta,</strong></span> <span class='ocrx_word' id='word_1_867' title='bbox 3233 5299 3470 5370; x_wconf 88' lang='lat' dir='ltr'><strong>prodigia</strong></span> 
     </span>
    </p>
   </div>
   <div class='ocr_carea' id='block_1_115' title="bbox 1901 5389 3472 5467">
    <p class='ocr_par' dir='ltr' id='par_1_115' title="bbox 1901 5389 3472 5467">
     <span class='ocr_line' id='line_1_115' title="bbox 1901 5389 3472 5467; baseline -0.008 -12"><span class='ocrx_word' id='word_1_868' title='bbox 1901 5405 2292 5467; x_wconf 89' lang='lat' dir='ltr'><strong>nuncupantur,</strong></span> <span class='ocrx_word' id='word_1_869' title='bbox 2323 5393 2423 5448; x_wconf 90' lang='lat' dir='ltr'><strong>hoc</strong></span> <span class='ocrx_word' id='word_1_870' title='bbox 2452 5402 2748 5447; x_wconf 90' lang='lat' dir='ltr'><strong>monstrare</strong></span> <span class='ocrx_word' id='word_1_871' title='bbox 2775 5390 2997 5457; x_wconf 89' lang='lat' dir='ltr'><strong>debent,</strong></span> <span class='ocrx_word' id='word_1_872' title='bbox 3029 5389 3129 5446; x_wconf 90' lang='lat' dir='ltr'><strong>hoc</strong></span> <span class='ocrx_word' id='word_1_873' title='bbox 3158 5389 3472 5454; x_wconf 88' lang='lat' dir='ltr'><strong>ostendere,</strong></span> 
     </span>
    </p>
   </div>
   <div class='ocr_carea' id='block_1_116' title="bbox 1902 5479 3468 5560">
    <p class='ocr_par' dir='ltr' id='par_1_116' title="bbox 1902 5479 3468 5560">
     <span class='ocr_line' id='line_1_116' title="bbox 1902 5479 3468 5560; baseline -0.01 -14"><span class='ocrx_word' id='word_1_874' title='bbox 1902 5492 1986 5546; x_wconf 89' lang='lat' dir='ltr'><strong>vel</strong></span> <span class='ocrx_word' id='word_1_875' title='bbox 2017 5485 2401 5560; x_wconf 72' lang='lat' dir='ltr'><strong>prmostendere</strong></span> <span class='ocrx_word' id='word_1_876' title='bbox 2422 5527 2436 5551; x_wconf 95' lang='lat'><strong>,</strong></span> <span class='ocrx_word' id='word_1_877' title='bbox 2465 5485 2568 5540; x_wconf 91' lang='lat' dir='ltr'><strong>hoc</strong></span> <span class='ocrx_word' id='word_1_878' title='bbox 2596 5483 2911 5554; x_wconf 74' lang='lat' dir='ltr'><strong>prtedicere,</strong></span> <span class='ocrx_word' id='word_1_879' title='bbox 2958 5481 3097 5554; x_wconf 90' lang='lat' dir='ltr'><strong>quod</strong></span> <span class='ocrx_word' id='word_1_880' title='bbox 3124 5479 3362 5536; x_wconf 85' lang='lat' dir='ltr'><strong>facturus</strong></span> <span class='ocrx_word' id='word_1_881' title='bbox 3404 5482 3468 5533; x_wconf 88' lang='lat' dir='ltr'><strong>sit</strong></span> 
     </span>
    </p>
   </div>
   <div class='ocr_carea' id='block_1_117' title="bbox 1905 5572 3467 5651">
    <p class='ocr_par' dir='ltr' id='par_1_117' title="bbox 1905 5572 3467 5651">
     <span class='ocr_line' id='line_1_117' title="bbox 1905 5572 3467 5651; baseline -0.01 -14"><span class='ocrx_word' id='word_1_882' title='bbox 1905 5583 2079 5648; x_wconf 89' lang='lat' dir='ltr'><strong>Deus,</strong></span> <span class='ocrx_word' id='word_1_883' title='bbox 2122 5595 2238 5651; x_wconf 77' lang='lat' dir='ltr'><strong>quae</strong></span> <span class='ocrx_word' id='word_1_884' title='bbox 2263 5577 2330 5632; x_wconf 92' lang='lat' dir='ltr'><strong>de</strong></span> <span class='ocrx_word' id='word_1_885' title='bbox 2357 5575 2670 5646; x_wconf 84' lang='lat' dir='ltr'><strong>corporibus</strong></span> <span class='ocrx_word' id='word_1_886' title='bbox 2707 5573 2980 5628; x_wconf 88' lang='lat' dir='ltr'><strong>hominum</strong></span> <span class='ocrx_word' id='word_1_887' title='bbox 3009 5586 3067 5629; x_wconf 89' lang='lat' dir='ltr'><strong>se</strong></span> <span class='ocrx_word' id='word_1_888' title='bbox 3103 5572 3467 5643; x_wconf 73' lang='lat' dir='ltr'><strong>przenuntiavit</strong></span> 
     </span>
    </p>
   </div>
   <div class='ocr_carea' id='block_1_118' title="bbox 1968 5793 2748 5855">
    <p class='ocr_par' dir='ltr' id='par_1_118' title="bbox 1968 5793 2748 5855">
     <span class='ocr_line' id='line_1_118' title="bbox 1968 5793 2748 5855; baseline -0.01 -6"><span class='ocrx_word' id='word_1_889' title='bbox 1968 5806 1981 5835; x_wconf 79' lang='grc'>¹</span> <span class='ocrx_word' id='word_1_890' title='bbox 2024 5800 2157 5850; x_wconf 79' lang='lat' dir='ltr'><strong>Vind.</strong></span> <span class='ocrx_word' id='word_1_891' title='bbox 2187 5808 2280 5848; x_wconf 77' lang='lat' dir='ltr'><strong>Am.</strong></span> <span class='ocrx_word' id='word_1_892' title='bbox 2307 5804 2361 5845; x_wconf 72' lang='lat' dir='ltr'><strong>Er</strong></span> <span class='ocrx_word' id='word_1_893' title='bbox 2387 5804 2436 5846; x_wconf 92' lang='lat' dir='ltr'><strong>et</strong></span> <span class='ocrx_word' id='word_1_894' title='bbox 2460 5803 2586 5855; x_wconf 68' lang='lat' dir='ltr'><strong>Mss,</strong></span> <span class='ocrx_word' id='word_1_895' title='bbox 2610 5793 2748 5846; x_wconf 79' lang='lat' dir='ltr'><strong>alius.</strong></span> 
     </span>
    </p>
   </div>
   <div class='ocr_carea' id='block_1_119' title="bbox 1968 5859 2966 5918">
    <p class='ocr_par' dir='ltr' id='par_1_119' title="bbox 1968 5859 2966 5918">
     <span class='ocr_line' id='line_1_119' title="bbox 1968 5859 2966 5918; baseline -0.014 -2"><span class='ocrx_word' id='word_1_896' title='bbox 1968 5869 1985 5895; x_wconf 80' lang='grc'>³</span> <span class='ocrx_word' id='word_1_897' title='bbox 2017 5859 2090 5902; x_wconf 65' lang='lat' dir='ltr'><strong>Sic</strong></span> <span class='ocrx_word' id='word_1_898' title='bbox 2106 5869 2212 5913; x_wconf 74' lang='lat' dir='ltr'><strong>Mss.</strong></span> <span class='ocrx_word' id='word_1_899' title='bbox 2239 5861 2351 5912; x_wconf 78' lang='lat' dir='ltr'><strong>Editi</strong></span> <span class='ocrx_word' id='word_1_900' title='bbox 2377 5868 2556 5918; x_wconf 82' lang='lat' dir='ltr'><strong>autem,</strong></span> <span class='ocrx_word' id='word_1_901' title='bbox 2578 5859 2966 5907; x_wconf 73' lang='lat' dir='ltr'><strong>commovetutlur.</strong></span> 
     </span>
    </p>
   </div>
  </div>
