4078 6472
295 413 396 471 725

294 542 446 594 num,
497 523 658 580 etlam
691 521 795 592 ipsi
825 519 1062 591 profecto
1089 519 1409 588 incorporei,
1442 529 1495 574 et
1521 533 1658 572 nunc
1689 527 1872 588 potue-

295 629 420 674 runt
451 615 648 672 includi
685 613 1048 683 corporalibus
1097 611 1370 674 membris,
1394 619 1448 666 et
1474 621 1598 665 tunc
1633 619 1880 680 poterunt

295 725 582 778 corporum
611 722 828 762 suorum
853 705 1076 760 vinculis
1108 705 1454 759 insolabiliter
1483 705 1680 774 alligari
1704 705 1726 758 ?
1755 703 1866 760 Ad-

297 799 580 854 hterebunt
617 813 744 867 ergo
769 838 783 862 ,
830 795 872 852 si
921 795 1001 850 eis
1035 795 1174 850 nulla
1214 804 1336 850 sunt
1375 811 1598 866 corpora
1624 837 1638 860 ,
1667 797 1882 868 spiritus

295 891 626 956 dmmonum,
659 889 766 942 imo
798 887 1014 960 spiritus
1055 887 1357 954 dmmones,
1403 886 1528 940 licet
1557 888 1876 956 incorporei,

297 979 578 1050 corporeis
609 978 822 1048 ignibus
850 977 1118 1032 cruciandi
1152 995 1164 1032 :
1195 993 1303 1031 non
1335 985 1391 1031 ut
1425 977 1572 1047 ignes
1614 977 1733 1046 ipsi,
1764 979 1880 1046 qui-

295 1071 398 1126 bus
425 1069 790 1132 adhaerebunt,
813 1083 995 1122 eorum
1021 1067 1265 1137 junctura
1311 1067 1658 1136 inspirentur,
1685 1075 1736 1118 et
1763 1066 1882 1120 ani-

299 1161 460 1214 malia
493 1161 641 1224 liant,
667 1174 782 1228 quat
813 1165 1056 1212 constent
1078 1157 1266 1226 spirittt
1295 1169 1349 1210 et
1377 1171 1602 1226 corpore
1628 1173 1646 1221 ;
1677 1155 1770 1210 sed
1790 1197 1805 1223 ,
1830 1165 1886 1210 ut

301 1251 412 1306 dixi
439 1292 454 1316 ,
485 1252 638 1306 miris
668 1258 720 1305 et
765 1249 1123 1304 ineﬂabilibus
1158 1249 1329 1304 modis
1358 1247 1678 1302 adhmrendo
1699 1289 1712 1312 ,
1743 1247 1885 1302 acci-

298 1343 512 1412 pientes
553 1357 617 1398 ex
640 1341 848 1412 ignibus
877 1356 1109 1410 poenam,
1129 1355 1232 1395 non
1259 1339 1445 1394 dantes
1467 1337 1673 1410 ignibus
1697 1339 1882 1394 vitam.

299 1433 436 1500 Quia
477 1442 534 1488 et
579 1433 680 1486 iste
710 1431 844 1486 alius
881 1431 1069 1486 modus
1096 1473 1108 1496 ,
1140 1445 1248 1501 quo
1277 1431 1590 1500 corporibus
1616 1430 1890 1486 adhaerent

301 1525 540 1596 Spiritus,
575 1532 630 1578 et
669 1524 918 1578 animalia
962 1523 1109 1588 ﬁunt,
1144 1523 1361 1576 omnino
1407 1523 1570 1578 tnirus
1613 1532 1693 1576 est
1721 1562 1737 1586 ,
1792 1535 1890 1576 nec

301 1614 685 1686 comprehendi
729 1615 796 1670 ab
835 1613 1048 1668 homine
1093 1621 1295 1684 potest,
1329 1623 1382 1669 et
1426 1613 1524 1670 hoc
1565 1613 1676 1683 ipse
1727 1611 1886 1668 homo

311 1715 418 1762 est.

376 1799 433 1854 Ξ.
475 1799 715 1854 Dicerem
763 1797 980 1867 quidem
1021 1799 1096 1852 sic
1123 1811 1338 1852 arsuros
1384 1797 1498 1851 sine
1523 1796 1629 1850 ullo
1653 1809 1748 1851 suo
1774 1809 1892 1850 cor-

307 1905 440 1962 pore
468 1889 706 1960 spiritus,
737 1889 872 1944 sicut
917 1887 1138 1942 ardebat
1181 1887 1321 1957 apud
1366 1887 1562 1942 inferos
1595 1887 1682 1942 ille
1719 1885 1888 1950 dives,

306 1981 522 2054 quando
551 1981 778 2044 dicebat,
807 1977 1013 2034 Crucior
1037 1981 1087 2032 in
1110 1978 1203 2032 hac
1227 1979 1432 2047 ﬂamma
1456 1975 1600 2048 (Luc.
1633 1992 1739 2040 xvr,
1768 1975 1890 2047 2i);

308 2075 416 2130 nisi
446 2073 828 2130 convenienter
855 2071 1172 2142 responderi
1199 2085 1476 2126 cernerem
1504 2111 1516 2134 ,
1550 2069 1706 2123 talem
1733 2067 1894 2122 fuisse

309 2165 457 2220 illam
481 2165 769 2230 ﬂammam,
798 2163 986 2234 quales
1031 2161 1170 2217 oculi
1202 2176 1335 2232 quos
1383 2159 1600 2222 levavit,
1631 2167 1684 2213 et
1727 2157 1890 2212 Laza-

311 2273 432 2312 rum
464 2253 612 2322 vidit,
637 2253 808 2326 qualis
839 2253 1014 2324 lingua
1045 2251 1130 2306 cui
1159 2251 1436 2306 humorem
1465 2251 1709 2318 exiguum
1732 2247 1895 2302 desio-

311 2347 520 2403 deravit
560 2345 798 2414 infundi,
821 2345 992 2416 qualis
1017 2344 1209 2414 digitus
1253 2343 1436 2397 Lazari
1465 2342 1531 2396 de
1559 2357 1665 2411 quo
1703 2340 1754 2394 id
1793 2339 1894 2394 sibi

313 2435 432 2491 ﬁeri
457 2435 741 2507 postulavit
764 2453 777 2488 :
808 2435 896 2490 ubi
923 2444 1096 2488 tamen
1124 2443 1276 2488 erant
1301 2432 1416 2487 sine
1444 2431 1755 2501 corporibus
1777 2430 1894 2484 ani-

315 2545 441 2584 mae.
475 2529 565 2584 Sic
586 2543 713 2598 ergo
737 2527 1090 2598 incorporalis
1118 2535 1174 2582 et
1199 2525 1286 2579 illa
1317 2523 1527 2580 ﬂatnma
1556 2539 1659 2592 qua
1676 2521 1894 2589 exarsit,

318 2629 372 2675 et
399 2622 486 2674 illa
517 2621 718 2690 guttula
743 2635 902 2690 quam
933 2619 1217 2688 peposcit;
1251 2617 1425 2688 qualia
1453 2617 1612 2672 etiam
1637 2625 1762 2671 sunt
1785 2615 1898 2669 visa

321 2713 703 2767 dormientium
745 2713 858 2766 sive
885 2711 937 2766 in
969 2709 1164 2766 ecstasi
1189 2709 1520 2764 cernentium
1544 2723 1630 2762 res
1657 2707 1902 2776 incorpo-

319 2803 484 2868 rales,
515 2802 772 2857 habentes
795 2813 972 2856 tamen
1007 2799 1410 2855 similitudinem
1431 2813 1740 2868 corporum.
1768 2795 1900 2851 Nam

319 2903 378 2949 et
403 2893 518 2964 ipse
547 2893 709 2948 homo
737 2907 856 2948 cum
887 2893 1100 2962 spiritu,
1134 2906 1238 2945 non
1261 2905 1506 2960 corpore,
1531 2891 1600 2944 sit
1627 2890 1677 2942 in
1709 2887 1902 2942 talibus

323 2984 479 3048 visis,
509 2983 578 3036 ita
622 2997 682 3038 se
721 2991 896 3036 tamen
930 2991 1052 3036 tunc
1095 2979 1324 3036 similem
1370 2995 1468 3034 suo
1498 2981 1708 3048 corpori
1735 2977 1900 3042 videt,

321 3081 384 3131 ut
406 3075 712 3129 discernere
759 3075 976 3128 omnino
1019 3087 1122 3128 non
1155 3071 1340 3141 possit.
1397 3071 1466 3125 At
1494 3085 1620 3125 vero
1651 3069 1896 3140 gehenna

327 3165 437 3231 illa,
467 3163 608 3234 quod
653 3163 816 3218 etiam
847 3174 1088 3234 stagnum
1123 3161 1258 3232 ignis
1299 3169 1352 3217 et
1396 3161 1666 3230 sulphuris
1701 3159 1902 3214 dictum

326 3267 410 3310 est
450 3257 634 3328 (Apoc.
668 3271 757 3322 xx,
785 3255 868 3325 9),
897 3269 1190 3324 corporeus
1221 3255 1356 3324 ignis
1385 3254 1488 3309 erit
1513 3295 1526 3320 ,
1557 3262 1610 3308 et
1647 3251 1906 3306 cruciahit

327 3363 552 3415 carpora
573 3346 965 3412 damnatorum,
993 3355 1081 3400 aut
1115 3355 1168 3400 et
1193 3345 1467 3399 hominum
1495 3353 1550 3399 et
1573 3343 1900 3408 dmmonum,

329 3437 498 3492 solida
527 3436 824 3502 hominum,
843 3437 986 3490 aeria
1009 3435 1343 3498 daemonum;
1375 3443 1468 3488 aut
1493 3443 1694 3488 tantum
1727 3433 1898 3487 homi-

325 3545 453 3584 num
481 3543 704 3598 corpora
731 3543 850 3582 cum
874 3527 1166 3598 spiritibus,
1194 3527 1464 3581 daamones
1490 3536 1666 3581 autem
1689 3525 1906 3595 Spiritus

324 3621 442 3676 sine
489 3619 836 3690 corporibus,
889 3619 1154 3674 haerentes
1205 3617 1464 3672 sumendo
1515 3633 1765 3686 poenam,
1800 3634 1903 3672 non

328 3709 684 3780 impertienda
707 3709 866 3762 vitam
897 3708 1262 3777 corporalibus
1286 3707 1513 3776 ignibus.
1542 3707 1686 3762 Unus
1707 3709 1904 3777 quippe

325 3801 570 3870 utrisque
588 3800 720 3870 ignis
741 3799 862 3868 erit,
878 3799 1014 3854 sicut
1037 3799 1242 3854 Veritas
1263 3798 1396 3852 dixit
1412 3797 1622 3868 (Matth.
1646 3815 1769 3860 xxv,
1791 3796 1901 3870 41).

327 3891 556 3948 CAPUT
595 3891 688 3946 XI.
755 3921 828 3933 —--
863 3890 942 3946 An
971 3891 1065 3944 hoc
1093 3891 1220 3946 ratio
1247 3890 1455 3960 iustitia:
1482 3889 1658 3944 habent
1678 3931 1691 3954 ,
1717 3899 1772 3942 ut
1805 3906 1904 3944 non

398 3985 496 4040 sint
525 3985 808 4039 extettsiora
835 3999 1096 4055 pmnarum
1122 3992 1369 4054 tempora,
1400 3999 1550 4052 quam
1579 3981 1766 4053 fuerint
1794 3997 1906 4050 pec-

397 4085 646 4130 calorum.

399 4167 490 4222 Sic
515 4177 692 4220 autem
717 4166 930 4236 quidam
957 4181 1167 4230 eorum,
1196 4175 1382 4220 contra
1405 4181 1540 4235 quos
1569 4163 1905 4220 defendimus

323 4259 594 4314 civitatem
623 4259 738 4326 Dei,
775 4257 1031 4327 injustum
1057 4265 1260 4326 putant,
1286 4265 1342 4310 ut
1359 4273 1457 4327 pro
1482 4257 1710 4332 peccatis
1731 4272 1908 4327 quant-

329 4350 460 4405 libet
522 4349 748 4418 magnis,
803 4363 966 4419 parvo
1017 4347 1218 4402 scilicet
1272 4355 1514 4416 tempore
1568 4347 1901 4417 perpetratis,

328 4455 482 4512 poma
514 4442 736 4511 quisque
782 4440 1062 4495 damnetur
1088 4449 1282 4495 mterna
1311 4455 1326 4506 ;
1356 4441 1504 4510 quasi
1537 4441 1693 4494 ullius
1731 4440 1784 4495 id
1810 4457 1906 4494 un-

325 4547 486 4602 quam
513 4532 718 4602 justitia
753 4532 884 4602 legis
915 4531 1181 4596 attendat,
1212 4541 1266 4585 ut
1297 4541 1436 4586 tanta
1469 4545 1622 4585 mora
1649 4531 1906 4601 temporis

327 4625 552 4694 quisque
583 4623 852 4692 puniatur,
881 4631 1075 4692 quanta
1115 4639 1261 4676 mora
1301 4624 1556 4692 temporis
1586 4622 1725 4677 unde
1751 4623 1905 4692 puni-

327 4721 474 4766 retur
499 4713 732 4766 admisit.
758 4713 888 4766 Octo
917 4729 1114 4783 genera
1145 4727 1420 4784 pwnarum
1455 4713 1506 4766 in
1547 4712 1752 4782 legibus
1781 4727 1904 4768 esse

327 4802 510 4858 Scribit
535 4803 762 4872 Tullius,
789 4804 1062 4866 damnum,
1093 4804 1324 4870 vincula,
1356 4801 1597 4868 verbera,
1629 4803 1900 4868 talionem,

329 4893 692 4964 ignominiam,
749 4895 1024 4960 exsilium,
1083 4903 1330 4960 mortem,
1386 4895 1718 4950 servitutem.
1769 4895 1902 4962 Quid

329 4985 518 5040 horum
567 4995 650 5040 est
677 4985 818 5056 quod
847 4985 898 5040 in
927 4987 1086 5042 breve
1121 4995 1328 5056 tempus
1355 5001 1451 5055 pro
1481 4986 1738 5056 cujusque
1779 5000 1904 5056 pec-

329 5076 431 5131 cati
461 5077 734 5133 celeritate
758 5087 1077 5142 coaretetur,
1103 5087 1160 5133 ut
1193 5087 1334 5132 tanta
1361 5077 1655 5132 vindicetur
1676 5078 1896 5144 merula,

327 5175 520 5236 quanta
535 5167 950 5237 deprehenditur
967 5178 1348 5238 perpetratum,
1381 5169 1480 5223 nisi
1506 5170 1640 5223 forte
1658 5169 1782 5223 talio
1803 5167 1900 5239 (a)?

329 5257 378 5311 id
407 5258 548 5312 enim
570 5259 698 5327 agit,
725 5267 784 5313 ut
809 5259 908 5312 hoc
929 5259 1157 5328 patiatur
1175 5261 1396 5330 quisque
1419 5259 1556 5328 quod
1585 5258 1726 5314 fecit.
1747 5259 1900 5314 Unde

328 5345 454 5402 illud
495 5357 578 5404 est
613 5347 770 5418 Legis
790 5389 806 5414 ,
837 5347 1052 5402 Oculum
1085 5364 1176 5418 pro
1205 5350 1352 5402 acuto
1373 5389 1390 5416 ,
1412 5349 1610 5402 dentem
1643 5365 1734 5418 pro
1759 5348 1905 5402 dente

389 5459 462 5522 (a)
496 5465 547 5509 In
567 5457 764 5522 legibus
783 5459 1042 5509 Duodecnm
1065 5458 1442 5522 Tabularumsic
1464 5460 1732 5510 habebatur
1758 5473 1770 5509 :
1818 5477 1840 5506 ι
1859 5463 1902 5511 Si

327 5520 596 5570 membrum
619 5520 766 5584 rupit,
810 5523 858 5570 ni
881 5533 992 5584 cum
1029 5534 1090 5584 eo
1112 5523 1266 5584 pauit,
1303 5520 1414 5584 talio
1456 5528 1628 5584 esto.»
1657 5521 1900 5572 't'alionem

327 5591 490 5646 autem
505 5581 754 5646 vocabant,
781 5583 970 5646 quando
991 5581 1266 5646 quis'qualc
1304 5581 1506 5642 fecerat,
1531 5583 1628 5646 tale
1651 5586 1796 5632 etiam
1819 5597 1902 5645 ta—

333 5644 580 5693 tiebatur:
610 5645 724 5694 utsi
748 5643 961 5694 eruisset
991 5643 1182 5694 oculum
1203 5643 1434 5702 alienum,
1457 5643 1702 5694 amitteret
1727 5643 1896 5704 suum;

325 5704 366 5753 si
404 5711 702 5766 amputasset
748 5705 952 5754 alterius
1003 5719 1149 5755 nares
1173 5740 1188 5764 ,
1221 5705 1452 5766 perderet
1493 5705 1717 5753 suaszde
1761 5706 1898 5766 cujus

327 5763 558 5830 aequitate
568 5763 713 5830 iugis
721 5767 988 5828 disputatur
1013 5767 1136 5830 apud
1158 5763 1324 5816 Aulum
1346 5767 1565 5826 Gellium,
1594 5767 1800 5816 Noctium
1820 5763 1898 5815 Ἁι-

327 5827 524 5877 tichrum
547 5827 668 5877 libro
691 5827 767 5890 20,
787 5827 890 5892 etp.
921 5830 962 5878 1.
990 5827 1097 5880 Lup.
1118 5839 1270 5879 \‘tves.

1482 405 1680 460 LIBER
1725 405 2081 462 VICESIMUS
2123 407 2390 466 PRIMUS.

3448 422 3552 484 726

1987 517 2194 589 (Exod.
2239 523 2500 596 “59.4).
2533 525 2668 582 Fieri
2710 527 2848 582 enim
2903 539 3112 596 potest,
3163 543 3218 584 ut
3263 541 3364 586 tam
3413 535 3554 590 brevi

1987 625 2224 686 tempore
2247 619 2469 688 quisque
2495 621 2702 674 amittat
2729 623 2941 678 oculum
2973 627 3258 680 severitate
3283 627 3550 688 vindictae,

1985 722 2142 777 quatn
2172 707 2290 762 tulit
2317 709 2430 778 ipse
2461 709 2613 764 alteri
2642 712 2978 783 improbitate
3005 715 3224 784 peccati.
3256 715 3424 770 Porro
3459 731 3555 768 an-

1987 806 2092 852 tem
2134 797 2178 852 si
2221 797 2411 852 alienae
2453 797 2666 856 feminae
2693 803 2933 856 osculum
2963 803 3202 868 infixum,
3234 805 3454 859 rationis
3493 805 3562 858 sit

1989 887 2210 942 verbere
2253 885 2540 952 vindicare,
2589 905 2764 945 nonne
2794 892 2882 961 qui
2915 892 3040 947 illud
3073 905 3268 962 puncto
3296 896 3554 964 temporis

1987 974 2192 1043 fecerit,
2227 977 2623 1048 incomparabili
2649 979 2898 1036 horarum
2927 985 3096 1054 spatio
3131 985 3438 1041 verbi-ratur
3465 1029 3478 1052 ,
3511 997 3561 1040 et

1989 1069 2220 1124 suavitas
2251 1071 2534 1140 voluptatis
2565 1073 2768 1143 exiguae
2793 1074 3041 1130 diuturno
3079 1076 3263 1132 dolore
3305 1078 3558 1148 punitur?

1990 1161 2144 1228 Quid,
2179 1163 2230 1218 in
2261 1163 2483 1219 vinculis
2529 1166 2778 1236 numquid
2814 1169 2828 1198 ⁸
2879 1175 2982 1222 tam
3026 1168 3114 1222 diu
3172 1170 3396 1240 quisque
3435 1169 3544 1242 judi

1997 1255 2198 1308 candus
2225 1264 2308 1309 est
2336 1271 2454 1312 esse
2491 1255 2708 1324 debere,
2739 1273 2894 1327 quam
2924 1259 3012 1313 diu
3040 1259 3164 1314 fecit
3200 1261 3340 1318 unde
3369 1263 3562 1318 meruit

1993 1345 2230 1418 alligari;
2263 1363 2384 1402 cum
2427 1347 2723 1418 justissima
2768 1366 2999 1406 annosas
3049 1367 3233 1420 pmnas
3281 1369 3468 1410 servus
3511 1353 3562 1408 in

1993 1438 2337 1507 compedibus
2391 1439 2604 1510 pendat,
2656 1441 2745 1510 qui
2791 1443 2953 1498 verbo
2994 1451 3088 1500 aut
3135 1444 3242 1498 ictu
3287 1445 3566 1500 celerrime

1997 1536 2306 1583 transeunte
2359 1535 2438 1584 vel
2463 1529 2728 1586 lacessivit
2751 1533 3045 1601 dominum,
3075 1535 3154 1589 vel
3175 1535 3434 1604 plagavit?
3451 1535 3566 1591 Jam

1997 1635 2122 1676 vero
2169 1622 2444 1686 damnum,
2493 1624 2802 1694 ignominia,
2845 1627 3113 1692 exsilium,
3157 1629 3406 1693 servitus,
3447 1643 3566 1682 etun

1997 1712 2309 1784 plerumque
2334 1715 2411 1770 sic
2437 1715 2758 1786 inﬂiguntur,
2791 1729 2842 1772 ut
2878 1719 3023 1774 nulla
3055 1719 3210 1774 venia
3242 1719 3568 1782 ralaxenlur.

1998 1821 2176 1860 nonne
2208 1822 2304 1876 pro
2348 1807 2504 1878 hujus
2531 1810 2650 1864 vita:
2695 1810 2852 1866 tnodo
2894 1811 3084 1868 similia
3125 1813 3298 1882 ptenis
3327 1812 3572 1868 videntur

1997 1899 2256 1956 aeternis?
2285 1899 2409 1956 ideo
2437 1903 2636 1974 quippe
2664 1913 2864 1958 (eterna
2896 1919 3016 1959 esse
3045 1920 3150 1960 non
3181 1915 3424 1975 possunt,
3450 1906 3572 1974 quia

1998 2005 2098 2046 nec
2140 1993 2252 2062 ipsa
2283 1992 2411 2056 vita,
2437 2009 2555 2062 qua:
2583 1993 2666 2050 his
2709 1995 2983 2066 plectitur,
3015 1997 3300 2068 porrigitur
3329 1997 3381 2052 in
3411 2008 3573 2052 teter-

1999 2098 2123 2136 num
2155 2100 2168 2136 :
2197 2093 2253 2138 et
2280 2090 2453 2138 tamen
2493 2095 2732 2154 peccata,
2763 2102 2882 2157 quae
2909 2087 3244 2144 vindicantur
3275 2087 3572 2159 longissimi

2003 2177 2256 2245 temporis
2285 2178 2476 2247 pomis,
2509 2177 2825 2235 brevissimo
2873 2191 3112 2251 tempore
3157 2189 3570 2252 perpetrantur;

2001 2283 2100 2323 nec
2124 2269 2400 2340 quisquam
2413 2271 2614 2325 exstitit
2634 2272 2722 2342 qui
2749 2281 2994 2328 censeret
3013 2281 3118 2326 tam
3141 2273 3246 2327 cito
3271 2271 3571 2326 nocentium

2003 2359 2232 2414 ﬁnienda
2259 2375 2378 2416 esse
2409 2369 2696 2430 tormenta,
2723 2377 2880 2432 quam
2903 2364 3009 2418 cito
3037 2363 3234 2418 factum
3255 2373 3336 2420 est
3365 2363 3451 2418 vel
3477 2362 3572 2414 lm-

2003 2453 2300 2520 micidium,
2327 2453 2409 2508 vel
2439 2454 2777 2522 adulterium,
2805 2456 2886 2510 vel
2915 2455 3271 2526 Sacrilegium,
3295 2455 3376 2509 vel
3404 2453 3574 2525 quod-

2005 2543 2133 2598 libet
2159 2541 2301 2597 aliud
2323 2543 2514 2608 scelus,
2549 2559 2654 2597 non
2680 2545 2935 2613 temporis
2961 2544 3314 2614 longitudine,
3347 2543 3440 2600 sed
3473 2545 3572 2598 ini—

2005 2633 2220 2702 quitatis
2257 2641 2312 2688 et
2349 2633 2640 2703 impietatis
2684 2633 3051 2706 magnitudine
3095 2635 3442 2691 metiendum.
3475 2633 3576 2702 Qui

2005 2740 2132 2780 vero
2152 2741 2248 2795 pro
2268 2725 2443 2796 aliquo
2465 2725 2650 2798 grandi
2673 2727 2894 2781 crimine
2916 2733 3086 2782 morte
3107 2725 3406 2790 mulctatnr,
3425 2740 3577 2786 num-

2006 2817 2130 2888 quid
2159 2833 2306 2872 mora
2333 2833 2434 2888 qua
2461 2819 2740 2885 occiditur,
2769 2835 2887 2888 qua:
2911 2819 3180 2889 perbrevis
3200 2828 3301 2884 est,
3319 2817 3433 2889 ejus
3453 2833 3578 2886 sup-

2007 2910 2222 2980 plicium
2251 2909 2393 2980 leges
2423 2911 2717 2976 mslimant,
2759 2921 2812 2966 et
2851 2903 2954 2966 non
2987 2911 3126 2982 quod
3153 2927 3272 2967 eum
3305 2911 3356 2966 in
3383 2911 3578 2980 sempi-

2009 3008 2215 3056 ternum
2259 3000 2504 3056 auferunt
2549 3001 2615 3056 de
2659 3002 2912 3057 societate
2957 3003 3284 3056 viventium?
3310 3001 3461 3070 Quod
3502 3011 3581 3057 est

2007 3101 2184 3148 autem
2215 3093 2281 3148 de
2312 3094 2408 3148 ista
2439 3093 2651 3148 civitate
2679 3095 2888 3150 mortali
2926 3095 3169 3150 homines
3197 3095 3456 3166 supplicio
3477 3095 3582 3164 pri-

2011 3200 2109 3238 ma:
2135 3185 2340 3251 mortis,
2371 3183 2472 3240 hoc
2492 3195 2573 3240 est
2601 3185 2668 3240 de
2692 3185 2904 3239 civitate
2925 3185 3012 3240 illa
3033 3183 3316 3240 immortali
3338 3184 3581 3238 homines

2011 3276 2266 3346 supplicio
2287 3276 2532 3332 secundm
2553 3275 2738 3331 mortis
2767 3275 2995 3330 auferre.
3025 3275 3170 3332 Sicut
3197 3277 3338 3330 enim
3370 3291 3472 3329 non
3505 3275 3582 3330 ef-

2013 3367 2197 3422 ticiuut
2230 3369 2374 3439 leges
2407 3367 2562 3439 hujus
2600 3369 2825 3424 civitatis
2849 3409 2864 3434 ,
2899 3379 2956 3424 ttt
2982 3369 3032 3423 in
3071 3384 3187 3422 eam
3231 3369 3453 3440 quisque
3495 3383 3580 3422 re-

2015 3471 2230 3516 vocetur
2269 3461 2517 3528 oceisns;
2559 3462 2636 3516 sic
2679 3477 2775 3516 nec
2816 3461 2953 3516 illius
2985 3503 2998 3526 ,
3040 3469 3097 3516 ut
3147 3459 3382 3514 invitam
3426 3475 3580 3514 revo-

2013 3562 2164 3608 cetur
2204 3563 2454 3608 mternam
2475 3593 2491 3620 ,
2523 3552 2750 3608 secunda
2783 3561 2952 3608 morte
2979 3553 3275 3608 danmatus.
3305 3551 3582 3618 Quomodo
3629 3553 3636 3560 ‘

2011 3661 2138 3716 ergo
2182 3661 2365 3700 vermn
2406 3653 2504 3708 est,
2539 3645 2800 3714 inquiunt,
2833 3645 2970 3714 quod
3011 3645 3082 3698 ait
3109 3643 3348 3698 Christus
3380 3651 3578 3706 vester,

2013 3733 2077 3788 In
2115 3751 2214 3806 qua
2251 3751 2487 3788 mensura
2519 3735 2674 3788 mensi
2707 3734 2905 3802 [ueritis
2925 3775 2938 3798 ,
2965 3735 3016 3787 in
3049 3749 3112 3786 ea
3139 3733 3424 3786 rentetietur
3449 3732 3584 3785 vobis

2013 3827 2161 3901 (Luc.
2185 3843 2258 3890 vt,
2283 3829 2394 3896 58),
2421 3827 2464 3882 si
2491 3827 2779 3896 temporale
2803 3835 3072 3896 peccatum
3095 3825 3352 3896 supplicio
3369 3824 3582 3895 punitur

2011 3931 2210 3975 aeterno
2241 3917 2340 3992 (a)?
2368 3917 2475 3973 Nec
2503 3917 2800 3982 attendunt,
2833 3933 2940 3974 non
2969 3925 3183 3989 propter
3211 3917 3412 3988 aequale
3441 3925 3576 3970 tem-

2015 4011 2156 4081 poris
2171 4011 2422 4080 Spatium,
2451 4008 2542 4064 sed
2571 4017 2781 4080 prepter
2808 4008 3220 4063 vicissitudinem
3239 4007 3386 4073 mali,
3407 4005 3456 4058 id
3479 4013 3579 4068 cst,

2013 4102 2179 4172 utqui
2211 4102 2346 4156 mala
2382 4099 2584 4164 fecerit,
2629 4100 2764 4154 mala
2807 4099 3061 4170 patiatur,
3106 4097 3346 4152 eamdem
3387 4096 3582 4150 dictam

2013 4193 2174 4248 fuisse
2203 4207 2527 4248 mensuram.
2556 4192 2807 4258 Quamvis
2841 4191 2942 4246 hoc
2969 4191 3020 4246 in
3046 4207 3106 4244 ea
3140 4205 3197 4244 re
3223 4189 3435 4258 proprie
3462 4201 3582 4258 pos-

2010 4285 2080 4339 sit
2111 4285 2296 4354 accipi,
2325 4284 2392 4339 de
2417 4299 2520 4354 qua
2554 4284 2808 4337 Dominus
2849 4297 2970 4336 cum
3002 4282 3102 4338 hoc
3138 4281 3359 4348 diceret,
3401 4279 3582 4348 loque-

2015 4377 2186 4444 batur,
2222 4378 2270 4432 id
2295 4385 2396 4443 cst,
2427 4377 2494 4432 de
2513 4376 2724 4447 judiciis
2751 4383 2803 4430 et
2823 4373 3371 4432 condemnatiouibus.
3397 4371 3578 4426 Proin-

2009 4468 2077 4524 de
2105 4470 2192 4538 qui
2215 4469 2416 4538 judieat
2457 4478 2512 4524 et
2539 4467 2858 4524 condemnat
2885 4466 3098 4536 injuste,
3138 4465 3182 4521 si
3227 4463 3492 4534 iudicatur
3529 4471 3584 4518 et

2011 4560 2391 4614 condemnatur
2407 4559 2568 4628 juste,
2599 4559 2648 4612 in
2676 4557 2858 4612 eadem
2887 4570 3132 4611 mensura
3159 4555 3365 4626 recipit,
3393 4567 3580 4622 quam-

2013 4652 2089 4705 vis
2118 4667 2222 4705 non
2252 4651 2352 4705 hoc
2378 4652 2516 4718 quod
2537 4649 2698 4703 dedit.
2729 4647 2936 4704 Judieio
2956 4648 3095 4702 enim
3123 4643 3481 4715 fecit,judicio
3497 4657 3584 4712 pa-

2014 4744 2139 4797 titur
2174 4761 2185 4797 :
2211 4741 2451 4812 quamvis
2476 4740 2660 4794 fecerit
2685 4739 3025 4810 damnatione
3053 4735 3194 4808 quod
3215 4737 3450 4806 iniquum
3474 4740 3578 4786 est.

2013 4835 2237 4905 patiatur
2259 4833 2600 4888 damnatione
2626 4829 2763 4901 quod
2790 4829 2992 4900 justum
3019 4836 3120 4883 est.

2010 4945 2233 5002 CAPUT
2261 4945 2373 5002 ΧΗ.
2390 4975 2462 4985 —
2482 4943 2559 4998 De
2579 4940 2919 5014 magnitudine
2943 4934 3364 5010 pra'ttaricationis
3383 4933 3578 5004 prima,

2081 5041 2140 5094 ob
2163 5055 2312 5110 quam
2353 5047 2538 5092 attenta
2575 5051 2722 5104 paena
2760 5031 2985 5086 omnibus
3024 5028 3276 5090 debeatur,
3313 5024 3397 5094 qui
3441 5032 3584 5077 extra

2079 5133 2290 5204 gratiora
2313 5129 2496 5200 fuerint
2523 5127 2821 5182 Saluatoris.

2080 5243 2184 5299 Sed
2211 5255 2364 5311 ptena
2399 5251 2592 5292 aeterna
2626 5235 2744 5289 ideo
2767 5233 2896 5286 dura
2925 5241 2976 5286 et
3003 5230 3196 5298 injuste
3225 5226 3471 5283 sensibus
3503 5225 3582 5279 vi-

2008 5338 2162 5392 detur
2185 5333 2445 5396 humanis,
2473 5329 2592 5400 quia
2622 5329 2671 5382 in
2695 5327 2794 5382 hac
2819 5325 3121 5380 inllrmit:-tc
3149 5317 3584 5376 moribundorum

2007 5441 2256 5484 sensuum
2307 5425 2456 5480 deest
2507 5422 2594 5476 ille
2639 5433 2827 5475 sensus
2864 5417 3131 5472 altissima:
3181 5411 3580 5482 purissiuneqne

2071 5645 2086 5674 ι
2117 5641 2248 5701 Editi,
2269 5636 2390 5700 Quid
2415 5636 2466 5687 in
2483 5633 2678 5687 vinculis
2695 5632 2717 5684 ?
2732 5631 2966 5696 Numquid
2993 5629 3074 5682 ibi.
3097 5630 3257 5690 Abest,
3273 5627 3352 5688 ibi,
3371 5640 3399 5678 a
3413 5639 3583 5676 mann-

2007 5711 2290 5826 “'(iii'iiac
2329 5764 2468 5824 Epist.
2521 5760 2635 5810 102.
2662 5759 2716 5807 al
2743 5757 3037 5821 Dengratias,
3059 5761 3230 5817 quzest.
3277 5751 3320 5812 ιι,
3359 5763 3408 5800 n.
3435 5748 3493 5797 22
3540 5755 3581 5796 ei

2013 5841 2148 5889 seqq.
