4078 6490
506 334 615 415 ’τυ

511 474 817 545 sapientiae,
859 489 962 544 quo
996 474 1181 530 sentiri
1222 474 1387 543 possit
1423 483 1673 543 quantum
1719 474 1868 528 nefas
1907 474 1957 527 iu
2000 474 2084 528 illa

512 566 679 633 prima
722 564 1150 635 praevaricatione
1187 563 1528 617 commissum
1570 564 1659 617 sit.
1698 562 1907 630 Quanto
1943 565 2085 619 enim

511 658 681 727 magis
716 657 874 711 homo
913 655 1185 710 fruebatur
1223 656 1351 722 Deo,
1399 664 1543 709 tanto
1578 656 1779 724 majore
1821 656 2087 725 impietate

512 747 786 817 dereliquit
814 747 995 809 Deum,
1041 754 1094 801 ct
1138 745 1305 801 factus
1350 755 1431 801 est
1469 747 1607 800 malo
1648 747 1837 816 dignus
1864 756 2084 812 mterno,

509 837 600 905 qui
629 835 728 890 hoc
751 837 802 891 in
837 851 895 892 se
921 837 1142 907 peremit
1167 837 1386 902 bonum,
1418 837 1556 906 quod
1594 851 1713 892 esse
1735 847 1911 906 posset
1933 846 2089 892 mter-

510 943 660 981 ntuu.
698 927 828 982 lliuc
864 937 947 983 est
982 927 1222 982 universa
1252 928 1461 999 generis
1487 927 1701 981 humani
1741 942 1915 981 massa
1940 927 2089 981 dam-

510 1029 631 1073 nata
676 1036 689 1071 :
732 1019 978 1088 quoniant
1007 1019 1096 1089 qui
1135 1019 1235 1073 boc
1267 1019 1510 1089 primitus
1542 1019 1558 1050 ¹
1597 1019 1829 1086 admisit,
1871 1033 1991 1072 cum
2027 1032 2088 1072 ea

509 1124 629 1179 quae
659 1109 710 1163 in
742 1109 831 1163 illo
857 1108 1028 1164 fuerat
1064 1109 1293 1164 radicata
1330 1124 1425 1163 sua
1453 1109 1620 1177 stirpe
1652 1110 1864 1180 punitus
1888 1117 2002 1174 est,
2030 1117 2091 1165 ut

509 1200 688 1254 nullus
714 1200 779 1255 ab
809 1200 909 1255 hoc
939 1200 1081 1268 justo
1108 1200 1395 1269 debitoque
1428 1200 1715 1270 supplicio,
1756 1199 1854 1255 nisi
1882 1200 2089 1255 miseri—

512 1288 694 1343 cordia
723 1297 777 1343 et
810 1289 1038 1344 indebita
1076 1290 1241 1359 gratia
1278 1290 1560 1353 liberetur;
1590 1297 1749 1359 atque
1784 1290 1853 1344 ita
1882 1289 2087 1359 disper-

511 1378 673 1434 tiatur
695 1394 861 1450 genus
880 1380 1187 1448 humanum,
1204 1390 1263 1434 ut
1283 1380 1335 1434 in
1358 1380 1670 1451 quibusdam
1698 1381 2091 1437 demonstretur

513 1468 639 1537 quid
668 1469 843 1524 valeat
875 1469 1179 1523 misericors
1215 1469 1405 1539 gratia,
1453 1470 1502 1522 iu
1544 1470 1753 1524 exteris
1789 1470 1914 1540 quid
1951 1469 2089 1540 justa

513 1560 765 1617 vindicta.
818 1560 1000 1630 Neque
1035 1560 1175 1615 enim
1220 1567 1501 1630 utrumque
1541 1560 1993 1616 demonstraretur
2038 1562 2090 1615 in

513 1651 795 1706 omnibus:
821 1650 966 1721 quia,
995 1650 1039 1706 si
1066 1664 1252 1704 omnes
1284 1658 1622 1705 remanerent
1651 1649 1703 1703 in
1745 1650 1916 1719 pmnis
1937 1650 2091 1720 justas

514 1741 887 1808 damnationis,
915 1742 965 1795 in
995 1740 1140 1796 nullo
1158 1748 1437 1810 appareret
1463 1741 1762 1795 misericors
1777 1741 1942 1810 gratia
1968 1740 2092 1795 red-

514 1831 728 1886 imentis
752 1832 809 1885 ':
846 1846 1076 1897 rursum,
1095 1830 1139 1884 si
1160 1844 1346 1887 omnes
1378 1844 1408 1884 a
1431 1830 1664 1885 tenebris
1682 1830 2094 1884 transferrentur

515 1922 571 1977 in
587 1922 842 1988 lucem,in
860 1923 1001 1977 nullo
1028 1930 1307 1992 appareret
1337 1920 1629 1992 severitas}
1646 1922 1877 1977 ultionis.
1908 1921 1964 1976 ln
1990 1937 2091 1992 qua

514 2024 790 2083 propterea
813 2014 976 2069 multo
995 2014 1176 2085 plures
1200 2028 1356 2083 quam
1381 2014 1433 2067 in
1461 2014 1546 2068 illa
1567 2020 1709 2081 sunt,
1735 2022 1791 2067 ut
1815 2012 1895 2068 sic
1911 2023 2088 2068 osten-

514 2105 670 2160 datur
696 2105 819 2175 quid
842 2107 1089 2160 omnibus
1113 2105 1415 2160 deberetur.
1444 2104 1593 2173 Quod
1622 2105 1667 2159 si
1697 2105 1943 2160 omnibus
1968 2104 2092 2159 red-

514 2193 747 2261 derelur,
787 2195 1044 2264 justitiam
1083 2194 1395 2249 vindicantis
1425 2193 1569 2265 juste
1607 2208 1766 2249 nemo
1803 2193 2092 2265 reprehen-

516 2282 666 2339 deret
698 2301 713 2336 :
751 2284 873 2354 quia
919 2298 1046 2338 vero
1083 2290 1187 2337 tam
1231 2284 1391 2337 multi.
1421 2282 1613 2338 exinde
1655 2281 1973 2350 liberantur,
2013 2291 2095 2338 est

516 2373 657 2429 unde
697 2384 920 2445 agantur
958 2375 1200 2430 maxinue
1236 2375 1421 2446 gratia:
1454 2375 1684 2446 gratuito
1721 2374 1928 2429 muneri
1964 2374 2095 2430 libe-
2127 2389 2141 2397 ‘

462 2460 467 2468 ’
516 2465 702 2520 rantis.

519 2580 748 2637 CAPUT
784 2580 919 2636 Xlll.
942 2611 1013 2623 —
1048 2579 1235 2637 Contra
1274 2580 1559 2651 opinionem
1587 2596 1760 2634 eorum
1791 2580 1879 2651 qui
1916 2589 2095 2652 putant

585 2674 867 2729 criminosis
906 2672 1156 2745 supplicia
1190 2682 1301 2744 post
1341 2682 1546 2728 mortem
1579 2689 1733 2727 causa
1782 2673 2094 2745 purgationis

587 2763 833 2817 adhiberi.

589 2874 849 2930 Platonici
888 2876 1135 2947 quidem,
1172 2876 1410 2947 quamvis
1450 2875 1706 2946 impunita
1748 2875 1890 2930 nulla
1932 2875 2097 2930 velint

518 2980 637 3021 esse
668 2973 900 3035 peccata,
930 2975 1104 3021 tamen
1129 2980 1316 3021 omnes
1344 2979 1528 3035 ptenas
1548 2950 1914 3021 emendationi
1939 2964 2093 3020 adbi-

517 3054 631 3111 beri
661 3064 869 3126 putant,
897 3054 980 3110 vel
1000 3054 1245 3110 humanis
1273 3053 1495 3109 inﬂictas
1523 3053 1746 3124 legibus,
1770 3054 1853 3108 vel
1879 3053 2091 3118 divinis,

515 3145 628 3200 sive
648 3144 702 3199 in
733 3145 831 3199 bac
854 3145 983 3213 vita,
1007 3146 1119 3201 sive
1136 3155 1255 3215 post
1280 3152 1526 3211 mortem,
1552 3145 1596 3198 si
1625 3152 1718 3199 aut
1742 3151 1990 3215 parcatur
2011 3143 2095 3199 hic

517 3234 733 3304 cuique,
751 3244 844 3290 aut
874 3236 944 3289 ita
980 3235 1239 3306 plectatur
1265 3244 1321 3288 ut
1345 3234 1436 3289 bie
1463 3248 1573 3288 non
1598 3234 1913 3305 corrigatur.
1962 3233 2094 3288 lline

516 3336 600 3384 est
618 3327 847 3383 Maronis
865 3328 951 3382 illa
972 3328 1254 3393 sententia,
1283 3327 1371 3382 ubi
1396 3340 1515 3381 eum
1542 3325 1763 3381 dixisset
1784 3324 1852 3380 de
1870 3324 2095 3379 terrenis

520 3418 834 3491 corporibus
860 3408 1294 3488 moribundisque
1319 3416 1593 3480 membris,
1624 3415 1765 3486 quod
1793 3416 1982 3470 anima:

579 3554 696 3602 nine
716 3558 942 3615 metuunt
960 3552 1276 3615 cupiuntque,
1299 3549 1468 3601 dolent
1487 3549 1819 3613 gaudentque,
1843 3562 1938 3600 nec
1954 3560 2097 3599 auras

576 3616 857 3677 Suspiciunt,
883 3614 1057 3664 clausa:
1080 3614 1299 3665 tenebris
1322 3619 1373 3662 et
1392 3624 1589 3663 carcere
1609 3623 1759 3672 eazeo;

523 3730 737 3776 secutus
758 3720 1017 3791 adjunxit,
1039 3729 1197 3791 atque
1216 3721 1291 3774 ait
1320 3737 1333 3773 :

580 3854 700 3914 Quin
723 3860 774 3904 et
794 3866 1023 3917 armento
1044 3865 1154 3905 cum
1176 3852 1361 3903 lumine
1384 3853 1481 3904 vita
1499 3852 1727 3916 reliquit;

524 3956 574 4011 id
598 3964 698 4023 est,
730 3971 850 4012 cum
876 3956 963 4012 die
992 3956 1281 4012 novissimo
1308 3956 1523 4028 reliquit
1543 3972 1632 4013 eas
1662 3958 1760 4013 ista
1792 3958 1917 4011 vita.
2005 3995 2008 3998 .

580 4096 679 4139 Non
700 4096 863 4141 tanien
889 4091 1112 4154 (inquit)
1133 4102 1277 4141 omne
1310 4089 1486 4140 malum
1508 4092 1715 4152 miseris,
1756 4104 1851 4144 nec
1886 4089 2098 4142 funditus

581 4164 1101 4274 Corporggteictscedunt
1124 4219 1307 4274 pestes,
1332 4213 1628 4274 penitusque
1651 4224 1859 4263 necesse
1883 4220 1957 4265 est

580 4270 725 4320 [ulla
741 4272 825 4320 diu
846 4281 1070 4322 concreta
1094 4270 1246 4323 modis
1265 4270 1711 4323 inolescere'miris.

580 4338 1023 4396 largoexereentur
1044 4336 1220 4396 poenis,
1244 4341 1566 4396 veterumque
1591 4334 1823 4385 malorum

579 4392 813 4456 Supplicia
835 4392 1118 4505 eaxdpendunt
1141 4408 1153 4444 :
1180 4394 1288 4468 alia:
1310 4392 1580 4468 panduntur
1603 4396 1773 4445 inanes

579 4462 834 4505 Susnensaa
937 4464 1125 4505 ventos.
1150 4455 1257 4505 alns
1277 4457 1370 4505 sub
1391 4464 1588 4505 auratte
1612 4464 1746 4505 vasto

579 4455 834 4518 Suspensas
854 4455 914 4518 ad
937 4464 1125 4518 ventos,
1150 4455 1257 4507 aliis
1277 4455 1370 4505 sub
1391 4458 1588 4518 gurgite
1612 4464 1746 4507 vasto

582 4493 1696 4629 ῖιῖἴέοἷῦεῑῖιίίιῖῖεὶῐὶιῖὲζ’ἔιῆ“ἔμῗιῖἱί⁵ιὶἔ

1105 4578 1314 4629 (acia.
1338 4578 1420 4629 ιιι).
1444 4579 1492 4629 6.
1510 4592 1553 4629 υ.
1674 4605 1693 4615 -

1105 4578 1314 4643 (maid.
1338 4578 1420 4629 lib.
1444 4579 1492 4639 6,
1510 4592 1553 4629 υ.
1577 4578 1828 4642 755-742.)

519 4682 621 4749 Qui
646 4682 746 4738 hoc
768 4681 1073 4753 opinantur,
1102 4683 1271 4739 nullas
1302 4699 1484 4754 pmnas
1510 4683 1610 4738 nisi
1649 4684 1977 4755 purgatoriss
2003 4699 2098 4738 vo-

522 4772 636 4827 lunt
673 4787 793 4829 esse
823 4782 942 4843 post
981 4784 1227 4841 mortem,
1262 4783 1318 4829 ut
1354 4776 1601 4845 quoniam
1631 4775 1787 4831 terris
1823 4774 2095 4844 superiora

520 4874 645 4919 sunt
687 4863 979 4929 elementa,
1022 4880 1176 4935 aqua,
1214 4880 1327 4929 aer,
1368 4866 1521 4936 ignis,
1562 4881 1628 4921 ex
1666 4866 1844 4936 aliquo
1876 4865 2095 4920 istorum

518 4956 804 5012 mundetur
846 4973 940 5028 per
965 4956 1284 5027 expiatorias
1316 4971 1531 5027 pmnas,
1561 4959 1699 5028 quod
1728 4965 1935 5013 terrena
1970 4971 2101 5013 con-

518 5047 729 5116 tagione
776 5058 1106 5104 contractum
1142 5056 1246 5102 est.
1276 5048 1386 5103 Aer
1425 5048 1618 5119 quippe
1655 5049 1911 5118 accipitur
1945 5050 1996 5101 in
2033 5063 2099 5104 eo

517 5138 658 5208 quod
692 5139 784 5206 ait,
818 5138 1092 5210 Suspensas
1115 5137 1184 5193 ad
1208 5146 1377 5195 ventos
1412 5153 1434 5193 :
1458 5153 1591 5209 aqua
1631 5138 1683 5193 in
1726 5153 1793 5193 eo
1828 5138 1968 5209 quod
2001 5139 2094 5205 ait,

521 5228 627 5282 Sub
649 5229 846 5300 gurgite
865 5239 1005 5284 vasto
1030 5245 1050 5285 :
1074 5230 1210 5300 ignis
1227 5239 1404 5286 autem
1438 5246 1535 5286 suo
1568 5228 1783 5294 nomine
1814 5244 2098 5299 expressus

519 5329 623 5388 est,
655 5336 777 5376 cum
804 5322 954 5386 dixit,
992 5323 1092 5377 Aut
1125 5325 1353 5377 exuritur
1388 5323 1513 5394 igni.
1556 5321 1665 5377 Nos
1696 5336 1824 5377 vero
1849 5322 2007 5377 etiam
2044 5323 2097 5376 in

524 5416 623 5469 hac
645 5414 858 5483 quidem
885 5416 1091 5469 n'ortali
1122 5416 1226 5470 vita
1251 5430 1372 5471 esse
1396 5414 1650 5486 quasdam
1686 5430 1869 5486 pmnas
1901 5430 2097 5486 purga-

524 5505 686 5561 torias
702 5506 1037 5576 confitemur,
1067 5523 1172 5562 non
1202 5508 1394 5579 quibus
1416 5508 1716 5581 afﬂiguntur
1740 5523 1961 5579 quorum
1992 5508 2093 5563 vita

587 5661 602 5690 ι
631 5656 852 5721 Plerique
876 5666 1005 5714 Mss,
1029 5660 1234 5721 primus.

587 5723 606 5752 ί
645 5720 866 5779 Verbum,
892 5720 1188 5782 redinit'ntts,
1210 5723 1350 5772 abest
1373 5736 1398 5771 a
1421 5732 1522 5773 uss.

589 5782 606 5810 ⁸
642 5789 690 5830 ιιι
714 5789 815 5833 \lss.
847 5783 1121 5845 μοι-ἰθείης,
1159 5784 1345 5834 reritus.

1559 358 1648 413 DE
1685 358 2003 414 CIVITATE
2042 355 2172 423 DEI,
2212 357 2270 413 S.
2310 356 2673 415 AUGUSTINI

3654 351 3761 412 728

2195 472 2278 527 vel
2307 488 2409 528 non
2437 474 2559 529 inde
2587 473 2643 527 lit
2668 473 2873 538 melior,
2903 473 2985 529 vel
3025 472 3197 542 potius
3228 470 3350 527 inde
3381 470 3436 525 (lt
3465 470 3646 542 pejor;
3670 471 3767 526 sed

2194 562 2301 617 illis
2344 573 2469 617 sunt
2509 562 2841 635 pttrgatorim,
2895 563 2982 632 qui
3026 562 3105 618 eis
3139 561 3356 617 coerciti
3404 560 3765 630 corriguntur.

2192 652 2410 708 (ἔπιθι-ω
2436 669 2620 709 omnes
2649 670 2840 724 preme,
2882 655 2992 710 sive
3022 653 3353 725 temporariae
3372 694 3387 718 ,
3424 653 3537 708 sive
3567 651 3769 722 sempi-

2196 756 2375 810 ternm,
2399 747 2533 801 sicut
2550 749 2905 818 unusquisque
2924 746 3097 802 divina
3118 745 3444 817 providentia
3459 742 3769 800 tractandus

2192 848 2293 902 est,
2333 838 2647 905 inferuntur,
2672 840 2754 894 vel
2789 854 2884 910 pro
2919 839 3147 910 peccatis
3178 839 3290 894 sive
3315 836 3617 910 praeteritis,
3649 835 3768 890 sive

2195 928 2248 982 in
2271 928 2460 998 quibus
2490 929 2664 984 adhuc
2686 930 2815 984 vivit
2835 930 2923 985 ille
2950 930 3038 1000 qui
3074 929 3341 999 plectitur,
3369 928 3454 983 vel
3487 941 3583 998 pro
3610 940 3768 981 exer-

2193 1020 2842 1093 cendisAdeclarandisque
2870 1022 3169 1084 virtutibus,
3202 1036 3296 1090 per
3320 1019 3562 1074 homines
3586 1026 3640 1072 et
3669 1033 3765 1071 an-

2193 1090 2492 1178 gelosﬂseu
2536 1109 2702 1166 bonos
2744 1090 2835 1167 seu
2887 1109 3074 1165 malos.
3114 1109 3244 1164 Nam
3290 1107 3389 1164 etsi
3436 1109 3713 1179 quisquam
3745 1108 3761 1137 ¹

2195 1200 2317 1255 mali
2344 1200 2541 1270 aliquid
2566 1201 2781 1257 alterius
2805 1201 3136 1271 improbitate
3162 1202 3243 1256 vel
3273 1215 3457 1255 errore
3491 1200 3723 1267 patiatur
3744 1238 3762 1264 ,

2196 1299 2377 1362 peccat
2396 1291 2607 1362 quidem
2630 1292 2808 1358 homo,
2844 1294 2931 1363 qui
2958 1292 3041 1348 vel
3069 1291 3381 1363 ignorantia,
3404 1290 3487 1344 vel
3508 1288 3761 1359 iniustitia

2195 1384 2437 1454 cuiquam
2464 1384 2587 1438 mali
2608 1383 2804 1453 aliquid
2832 1383 2955 1439 facit
2979 1400 2992 1436 :
3016 1383 3109 1439 sed
3141 1398 3245 1437 non
3273 1389 3455 1451 peccat
3482 1380 3640 1444 Deus,
3671 1380 3761 1449 qui

2191 1475 2356 1544 justo,
2388 1475 2627 1545 quamvis
2656 1476 2884 1541 occulto,
2910 1475 3110 1544 judicio
3146 1472 3264 1529 ﬁeri
3306 1472 3451 1527 sinit.
3478 1471 3583 1526 Sed
3622 1477 3762 1525 tem-

2197 1566 2432 1635 porarias
2455 1581 2639 1637 pinnas
2657 1566 2748 1621 alii
2769 1568 2821 1621 in
2848 1566 2948 1623 hac
2977 1567 3081 1621 vita
3110 1574 3336 1632 tantum,
3357 1564 3447 1618 alii
3472 1571 3595 1634 post
3618 1577 3762 1616 mor-

2198 1667 2324 1725 tem,
2356 1658 2443 1712 alii
2464 1667 2519 1714 et
2543 1673 2683 1713 nunc
2707 1666 2761 1714 et
2782 1665 2927 1725 tunc,
2958 1666 3320 1713 verumtamen
3348 1663 3472 1710 ante
3504 1653 3761 1725 judicium

2197 1749 2327 1805 illud
2372 1751 2768 1806 severissimum
2816 1750 3263 1819 novissimumque
3311 1746 3597 1817 patiuntur.
3646 1743 3763 1800 Non

2195 1849 2370 1895 autem
2392 1855 2578 1898 omnes
2598 1841 2813 1896 veniunt
2833 1840 2888 1895 in
2908 1840 3257 1910 sempiternas
3279 1851 3481 1907 prunas,
3505 1851 3622 1906 qua:
3645 1842 3768 1904 post

2198 1929 2326 1984 illud
2352 1929 2604 2000 judicium
2630 1938 2753 1985 sunt
2780 1929 2969 1984 futura:
2998 1930 3041 1995 ²,
3073 1928 3162 1998 qui
3192 1936 3314 1997 post
3341 1938 3569 1979 mortem
3598 1924 3765 1978 susti-

2198 2030 2326 2077 nent
2350 2020 2690 2090 temporales.
2728 2020 2859 2075 Nam
2899 2017 3235 2090 quibusdam,
3264 2017 3402 2087 quod
3432 2017 3485 2070 in
3523 2016 3625 2070 isto
3656 2028 3767 2069 non

2196 2111 2506 2176 remittitur,
2533 2111 2730 2166 remitti
2763 2111 2814 2165 in
2846 2110 3023 2165 futuro
3051 2109 3249 2165 saaculo
3278 2106 3487 2179 (Matth.
3524 2122 3619 2171 xu,
3647 2104 3766 2175 32),

2199 2203 2250 2258 id
2277 2212 2393 2270 est,
2424 2219 2492 2258 ne
2522 2203 2681 2257 futuri
2708 2203 2890 2258 surculi
2929 2211 3128 2258 aeterno
3163 2199 3423 2271 supplicio
3459 2198 3767 2269 puniantur,

2192 2294 2303 2365 jam
2326 2309 2482 2365 supra
2502 2294 2752 2350 diximus.

2196 2406 2420 2464 CAPUT
2464 2407 2604 2463 XIV.
2641 2437 2714 2447 —
2747 2406 2825 2462 De
2866 2407 3023 2477 ptenis
3061 2404 3417 2476 temporalibus
3456 2402 3601 2457 istius
3631 2401 3767 2468 vim,

2470 2500 2647 2570 quibus
2670 2498 2892 2569 subjecta
2913 2507 2986 2553 est
3012 2498 3233 2554 humana
3256 2496 3496 2551 conditio.

2267 2609 2541 2685 Rarissimi
2580 2620 2705 2664 sunt
2735 2618 2912 2665 autem
2946 2609 3034 2678 qui
3072 2606 3246 2663 nullas
3284 2607 3337 2661 in
3380 2605 3478 2661 bac
3518 2605 3647 2670 vita,
3672 2603 3771 2659 sed

2199 2708 2398 2755 tantum
2430 2712 2548 2771 post
2570 2716 2688 2755 eam
2721 2715 2903 2771 pinnas
2929 2701 3097 2755 luunt.
3122 2698 3308 2754 Fuisse
3326 2707 3508 2753 tamen
3534 2697 3767 2766 aliquos,

2199 2794 2287 2863 qui
2322 2808 2489 2862 usque
2512 2791 2579 2846 ad
2616 2791 2941 2861 decrepitam
2972 2798 3305 2846 senectutem
3344 2804 3411 2844 ne
3444 2787 3769 2844 levissimam

2197 2883 2412 2955 quidem
2457 2882 2765 2938 febriculam
2805 2881 3102 2947 senserint,
3148 2880 3486 2950 quietamque
3521 2876 3772 2933 duxerint

2197 2975 2384 3039 vitam,
2411 2973 2510 3044 ipsi
2539 2983 2593 3028 et
2627 2974 2868 3028 novimus
2897 2981 2952 3028 et
2974 2971 3271 3026 audivimus
3298 2983 3634 3039 :quanquam
3663 2968 3770 3021 vita

2202 3067 2318 3136 ipsa
2349 3068 2654 3122 mortalium
2680 3074 2789 3119 tota
2814 3079 2970 3133 paena
2996 3064 3099 3127 sit,
3128 3062 3250 3131 quia
3280 3069 3387 3115 tota
3418 3059 3637 3114 tentatio
3664 3065 3769 3125 est,

2198 3156 2335 3211 sicut
2350 3172 2515 3211 sacrae
2537 3155 2747 3211 Littera:
2764 3162 3071 3226 personant,
3097 3151 3185 3206 ubi
3208 3151 3462 3219 scriptum
3477 3156 3579 3213 est,
3606 3146 3773 3202 Num-

2199 3249 2321 3319 quid
2350 3264 2447 3302 non
2468 3249 2672 3302 tentatio
2691 3256 2764 3303 est
2782 3247 2882 3300 uita
2904 3249 3128 3300 humana
3151 3260 3301 3313 super
3315 3252 3499 3296 terram
3526 3239 3644 3310 (Job
3674 3255 3767 3303 vn,

2199 3339 2255 3406 1,
2291 3355 2389 3392 sec.
2420 3338 2623 3408 LXX)?
2646 3338 2759 3392 Non
2802 3337 2944 3393 enim
2984 3349 3145 3406 parva
3185 3348 3339 3404 pruna
3366 3341 3449 3388 est
3478 3333 3588 3402 ipsa
3632 3331 3770 3387 insi-

2203 3431 2420 3500 pientia,
2449 3429 2535 3484 vel
2562 3428 2844 3499 imperitia,
2871 3442 2989 3499 qua:
3019 3441 3187 3496 usque
3215 3424 3350 3480 adeo
3375 3422 3619 3495 fugienda
3646 3435 3767 3476 mc-

2199 3523 2303 3579 rito
2335 3522 2619 3594 jndieatnr,
2649 3531 2706 3576 ut
2739 3537 2832 3591 per
2870 3535 3052 3590 prunas
3089 3517 3361 3575 doloribus
3397 3517 3580 3586 plenas
3618 3514 3767 3584 pueri

2197 3623 2455 3687 cogantur
2479 3629 2701 3685 quicque
2720 3612 2940 3666 artiﬁcia
2969 3610 3051 3665 vel
3073 3610 3271 3664 litteras
3295 3607 3500 3662 discere
3529 3623 3542 3659 :
3566 3605 3771 3675 ipsum—

2198 3723 2301 3779 que
2329 3707 2554 3769 discere,
2596 3703 2663 3758 ad
2700 3702 2839 3773 quod
2882 3702 3052 3772 prunis
3086 3700 3383 3770 adiguntur,
3423 3708 3527 3752 tam
3560 3696 3771 3767 pmoalc

2199 3807 2281 3853 est
2303 3797 2400 3863 eis,
2439 3805 2497 3851 ut
2526 3808 2903 3865 nonnunquam
2940 3793 3080 3862 ipsas
3117 3805 3299 3860 pmnas
3331 3804 3423 3859 per
3458 3803 3589 3858 quas
3614 3802 3768 3841 com—

2200 3891 2469 3961 pelluntur
2492 3889 2719 3955 discere,
2756 3887 2945 3941 malint
2986 3885 3145 3950 ferre,
3186 3898 3341 3953 quam
3382 3881 3610 3936 discere.
3641 3879 3771 3946 Quis

2198 3992 2374 4039 autem
2406 3998 2508 4037 non
2531 3982 2833 4045 exborreat,
2857 3988 2909 4034 et
2927 3977 3059 4033 mori
3080 3977 3257 4048 eligat,
3283 3976 3325 4030 si
3348 3976 3396 4031 ei
3423 3984 3768 4044 proponatur,

2199 4086 2291 4132 aut
2317 4090 2462 4131 mors
2492 4071 2855 4145 perpetienda,
2886 4080 2980 4125 aut
3005 4085 3187 4125 rursus
3222 4065 3475 4122 infantia?
3497 4065 3628 4133 Qua:
3655 4065 3773 4135 qui-

2199 4169 2319 4224 dem
2349 4168 2489 4239 quod
2521 4182 2624 4221 non
2655 4181 2684 4219 a
2713 4165 2842 4228 risu,
2870 4162 2963 4218 sed
2983 4177 3013 4215 a
3036 4161 3159 4215 ﬂetu
3185 4159 3392 4214 orditur
3415 4157 3552 4211 hanc
3573 4157 3767 4223 lucem,

2200 4258 2324 4329 quid
2348 4257 2610 4312 malorum
2640 4256 2875 4326 ingressa
2915 4253 3004 4318 sit,
3046 4249 3292 4306 nesciens
3315 4248 3597 4317 prophetat
3634 4262 3769 4313 quo-

2199 4347 2505 4403 dammodo.
2537 4345 2718 4401 Solum
2741 4386 2757 4411 ,
2796 4341 3007 4412 quando
3042 4349 3197 4395 natus
3234 4344 3339 4403 est,
3369 4334 3545 4391 ferunt
3587 4335 3771 4389 risisse

2201 4439 2537 4494 Zoroastrem
2560 4435 2662 4507 (a),
2694 4450 2794 4491 nec
2819 4434 2868 4490 ei
2893 4432 3016 4489 boni
3041 4429 3237 4502 aliquid
3272 4436 3607 4483 monstrosus
3633 4426 3771 4482 risus

2200 4532 2288 4586 ille
2314 4530 2598 4601 portendit.
2626 4529 2756 4584 Nam
2784 4527 3103 4597 magicarum
3129 4524 3319 4578 artium
3343 4522 3511 4577 fuisse
3535 4520 3769 4591 perhibe-

2202 4630 2287 4676 tur
2311 4622 2554 4676 inventor
2586 4638 2599 4673 :
2624 4634 2742 4688 qua:
2779 4618 2990 4689 quidem
3017 4616 3088 4670 illi
3121 4629 3222 4670 nec
3248 4613 3313 4668 ad
3342 4612 3621 4683 prmsentis
3648 4611 3769 4664 vita:

2201 4727 2390 4767 vanam
2422 4709 2723 4768 felicitatem
2750 4715 2934 4765 contra
2964 4722 3091 4762 suos
3119 4704 3362 4760 inimicos
3393 4702 3647 4773 prodesse
3672 4715 3769 4770 po-

2202 4810 2437 4858 luerunt.
2463 4803 2503 4875 Α
2537 4801 2672 4855 Nino
2697 4800 2890 4870 quippe
2914 4812 3039 4867 rege
3072 4794 3431 4865 Assyriorum,
3464 4805 3586 4845 eum
3629 4797 3771 4845 esset

2202 4896 2313 4965 ipse
2337 4894 2754 4954 Bactrianorum,
2784 4889 2922 4944 bello
2942 4892 3223 4956 superatus
3244 4892 3346 4938 est.
3371 4881 3599 4937 Prorsus
3630 4879 3768 4949 quod

2200 4985 2456 5055 scriptum
2492 4991 2592 5047 est,
2626 4979 2789 5034 Grave
2821 4978 3003 5049 jugum
3036 4991 3185 5046 super
3214 4973 3349 5042 ﬁlios
3395 4970 3557 5027 Adam
3578 5009 3594 5034 ,
3635 4986 3668 5022 a
3692 4968 3773 5038 die

2200 5075 2363 5130 exitus
2384 5072 2446 5126 de
2464 5079 2630 5125 ventre
2651 5069 2826 5122 matris
2853 5082 3045 5133 eorum,
3068 5079 3223 5136 usque
3251 5063 3304 5116 in
3331 5060 3464 5115 diem
3494 5059 3769 5129 sepultura!
3828 5100 3835 5105 .

2200 5167 2253 5219 in
2281 5172 2491 5217 matrem
2515 5160 2740 5215 omnium
2764 5157 2947 5229 (Eccli.
2977 5172 3068 5221 ιι,
3101 5154 3175 5227 1),
3204 5168 3369 5222 usque
3397 5150 3532 5206 adeo
3560 5149 3764 5219 impleri

2201 5269 2419 5310 necesse
2453 5262 2554 5318 est,
2584 5259 2641 5305 ut
2678 5250 2776 5320 ipsi
2813 5249 3015 5320 parvuli
3050 5261 3147 5317 per
3179 5245 3446 5299 lavacrum
3487 5255 3765 5311 regenera-

2201 5346 2359 5403 tionis
2383 5345 2451 5399 ab
2471 5342 2742 5413 originalis
2767 5340 2990 5411 peccati,
3019 5352 3125 5408 quo
3147 5336 3263 5391 solo
3293 5332 3631 5397 tenebantur,
3655 5331 3763 5384 vir-.-

2199 5438 2320 5493 culo
2342 5437 2452 5507 jam
2480 5434 2666 5501 soluti,
2688 5433 2824 5487 mala
2844 5430 3004 5485 multa
3021 5427 3301 5498 patientes,
3333 5421 3573 5479 nonnulli
3602 5430 3659 5477 et
3688 5420 3761 5474 iu-

2266 5591 2442 5641 'Vind.
2473 5587 3020 5654 Am.etM_ss.,quisQue.
3086 5645 3130 5654 ,,
3215 5646 3229 5654 _
3378 5643 3405 5654 ..

2255 5658 2281 5726 ξ
2306 5656 2441 5715 aliti,
2465 5652 2539 5703 Itis
2551 5660 2656 5704 sunt
2681 5643 2878 5713 futurie:
2895 5643 3055 5709 Abest,
3078 5645 3170 5707 his,
3182 5646 3250 5715 ab
3262 5643 3487 5694 omnibus
3504 5643 3755 5691 manuscri-

2201 5725 2343 5840 lmZu)
2378 5778 2569 5836 t‘linius,
2595 5775 2679 5825 lib.
2702 5777 2731 5825 7
2754 5777 2870 5824 Hist.
2892 5779 3008 5834 nat.,
3033 5783 3137 5834 cap.
3177 5770 3253 5828 l5,
3268 5768 3314 5816 in
3337 5766 3419 5815 lin.
