4078 6468
294 351 394 409 729

293 484 480 524 cursus
523 469 800 540 spiiituum
845 473 1194 544 malignorum
1243 477 1524 546 aliquando
1573 482 1856 550 patiantur.

293 560 422 626 Quae
447 560 659 628 quidem
689 562 863 630 passio
891 563 1030 618 absit
1055 573 1110 618 ut
1137 565 1216 620 eis
1249 567 1426 636 obsit,
1459 571 1502 624 si
1547 570 1682 626 hanc
1701 572 1862 625 vitam

297 649 348 704 in
371 651 460 704 illa
479 661 654 716 actate,
679 653 838 707 etiam
861 653 972 728 ipsa
995 655 1240 722 passione
1259 658 1660 728 ingravescente
1680 671 1732 717 et
1753 663 1865 716 ani-

295 757 436 796 mam
459 743 528 797 de
550 758 776 812 corpore
805 745 1140 812 excludente,
1172 748 1406 804 ﬁnierint
1431 751 1530 822 (ιι).

294 831 523 888 CAPUT
561 832 676 887 XV.
703 865 776 874 —
813 835 963 900 Quod
987 853 1131 891 onme
1157 853 1284 907 Opus
1311 843 1488 910 gratia:
1511 841 1620 901 _Dei
1649 845 1865 898 eruentis

367 939 460 976 nos
481 924 544 976 de
562 925 902 994 profumlitate
921 926 1094 978 veteris
1121 927 1260 994 ntali,
1284 930 1350 982 ad
1371 933 1529 993 futuri
1551 935 1724 987 surculi
1749 950 1870 1002 per-

371 1013 526 1066 tinent
548 1015 834 1069 novitatem.

369 1101 750 1160 Verumtamen
779 1107 830 1160 in
860 1111 1002 1179 gravi
1028 1111 1156 1182 jugo
1181 1111 1322 1182 quod
1353 1115 1579 1182 positum
1611 1123 1691 1168 est
1711 1129 1874 1184 super

301 1193 440 1248 ﬁlios
486 1193 675 1260 Adam,
721 1212 750 1250 a
790 1198 876 1254 die
921 1203 1092 1258 exitus
1131 1203 1198 1258 de
1239 1215 1424 1258 ventre
1453 1204 1636 1258 matris
1663 1220 1870 1274 eorum,

298 1298 470 1352 usque
515 1285 566 1338 in
605 1285 744 1340 diem
775 1289 1060 1358 sepultura.-
1091 1293 1142 1346 in
1175 1301 1396 1348 matrem
1423 1295 1684 1361 omnium,
1713 1297 1872 1350 etiam

300 1375 406 1430 hoc
443 1375 642 1430 malum
669 1379 940 1436 mirabile‘
971 1385 1250 1452 reperitur,
1297 1394 1354 1438 ut
1383 1386 1544 1440 sobrii
1573 1387 1758 1452 simus,
1789 1394 1870 1440 at-

299 1483 405 1538 que
451 1469 806 1540 intelligamus
857 1474 992 1529 hanc
1041 1477 1199 1530 vitam
1235 1477 1302 1530 de
1327 1487 1546 1548 peccato
1597 1477 1688 1532 illo
1715 1478 1873 1532 nimis

301 1556 529 1625 nefario,
574 1559 716 1628 quod
755 1561 808 1614 in
851 1564 1094 1632 paradiso
1145 1575 1502 1634 perpetratum
1531 1575 1631 1634 est,
1679 1567 1871 1624 factam

298 1647 458 1702 nobis
486 1661 606 1704 esse
625 1651 911 1720 pmnalem,
938 1661 1210 1724 totumque
1235 1657 1376 1725 quod
1401 1657 1676 1711 nobiscum
1698 1659 1874 1728 agitur

301 1755 400 1809 per
427 1741 827 1798 Testamentum
863 1759 1077 1810 novum,
1109 1761 1212 1800 non
1243 1749 1508 1816 pertinere
1535 1749 1634 1802 nisi
1658 1749 1722 1802 ad
1752 1749 1873 1804 novi

299 1829 486 1882 saeculi
517 1830 878 1888 lizereditatem
925 1851 1134 1900 novam,
1173 1846 1230 1891 ut
1259 1837 1346 1892 hic
1375 1840 1591 1908 pignore
1630 1849 1870 1909 accepto,

300 1921 430 1976 illud
456 1923 606 1992 cujus
633 1923 734 1980 hoc
763 1927 952 1996 pignus
978 1937 1060 1982 est
1081 1944 1178 1984 suo
1205 1937 1440 2000 tempore
1464 1946 1872 2000 consequamur:

301 2027 445 2066 nunc
473 2022 648 2068 autem
671 2017 998 2072 ambulemus
1027 2019 1078 2072 in
1105 2035 1219 2090 spe,
1250 2029 1304 2075 et
1333 2020 1670 2090 proﬁcientes
1697 2023 1764 2078 de
1785 2023 1872 2078 die

301 2102 354 2155 in
381 2103 546 2170 diem,
574 2106 760 2175 spiritu
793 2107 924 2162 facta
949 2111 1122 2166 carnis
1158 2112 1538 2168 mortiﬁcemus
1563 2113 1736 2182 (Rom.
1761 2129 1870 2180 vm,

301 2194 414 2264 15).
447 2195 600 2250 Novit
625 2199 765 2252 enim
795 2202 1046 2254 Dominus
1071 2203 1158 2271 qui
1177 2212 1290 2256 sunt
1310 2206 1420 2274 ejus
1451 2204 1514 2274 (ll
1538 2203 1668 2258 Tim.
1689 2206 1870 2276 11,19);

301 2295 376 2348 ct,
395 2286 642 2358 Quotquot
664 2289 860 2359 Spiritu
886 2291 979 2346 Dei
1003 2305 1237 2364 aguntur,
1261 2295 1314 2348 hi
1333 2296 1427 2362 lilii
1453 2305 1568 2350 sunt
1591 2296 1869 2366 Dei(Rom.

303 2394 413 2442 vni,
445 2381 558 2450 l4),
587 2381 690 2436 Sed
717 2385 902 2452 gratia,
927 2401 1029 2439 non
1057 2393 1264 2440 natura.
1291 2387 1488 2442 Unicus
1517 2391 1658 2442 enim
1689 2398 1872 2442 natura

305 2469 400 2524 Dei
431 2469 616 2536 Filius,
653 2483 867 2542 propter
909 2491 1006 2530 nos
1047 2477 1407 2532 misericordia
1435 2478 1602 2532 factus
1627 2489 1708 2534 est
1738 2479 1876 2536 illius

304 2560 554 2628 hominis,
588 2572 643 2616 ut
669 2579 764 2618 nos
792 2573 976 2620 natura
1018 2567 1106 2621 ﬁlii
1141 2567 1390 2636 hominis,
1425 2570 1516 2624 ﬁlii
1558 2570 1653 2624 Dei
1679 2585 1773 2640 per
1805 2571 1872 2626 il-

305 2651 412 2704 lum
433 2652 600 2721 gratia
629 2654 872 2709 lieremus
887 2657 1150 2710 '.Mancns
1173 2659 1370 2728 quippe
1391 2659 1482 2714 ille
1509 2660 1870 2726 immutabilis,

304 2751 547 2796 naturam
597 2753 854 2810 nostram,
888 2747 936 2800 in
967 2763 1068 2816 qua
1097 2763 1194 2802 nos
1233 2749 1550 2820 susciperet,
1583 2751 1814 2821 suscepit
1843 2767 1872 2806 a

301 2831 494 2898 nobis;
536 2841 591 2888 et
633 2839 788 2888 tenax
825 2835 1113 2891 divinitatis
1150 2853 1280 2904 sum,
1313 2849 1508 2894 nostra:
1555 2839 1874 2896 infirmitatis

301 2921 567 2992 particeps
609 2923 776 2980 factus
814 2935 932 2988 est;
977 2937 1032 2981 ut
1058 2944 1156 2984 nos
1205 2929 1255 2984 in
1309 2931 1499 2984 melius
1541 2934 1871 2999 commutati,

301 3013 442 3083 quod
474 3024 780 3083 peccatores
807 3019 1160 3090 mortalcSque
1185 3035 1390 3084 sumus,
1421 3021 1535 3091 ejus
1561 3021 1874 3078 immortalis

300 3113 355 3156 et
377 3103 546 3174 justi’
575 3109 970 3178 participatione
997 3111 1324 3178 amittamus,
1354 3120 1406 3166 et
1431 3113 1569 3182 quod
1603 3113 1654 3166 in
1685 3122 1870 3170 natura

303 3206 486 3248 nostra
519 3195 715 3250 bonum
757 3199 898 3264 fecit,
949 3199 1220 3270 impletum
1251 3217 1460 3256 summo
1488 3202 1631 3258 bono
1661 3205 1712 3258 in
1757 3204 1874 3274 ejus

303 3299 508 3344 natura:
560 3289 792 3345 bonitate
833 3306 1126 3348 servemus.
1173 3293 1319 3348 Sicut
1373 3295 1514 3348 enim
1565 3310 1659 3364 per
1711 3311 1872 3350 unum

302 3381 574 3436 hominem
626 3391 931 3452 peccantem
976 3381 1088 3452 (Id.
1119 3400 1172 3450 v,
1227 3384 1311 3454 l2)
1365 3385 1416 3439 in
1448 3385 1549 3440 hoc
1578 3395 1680 3440 tam
1715 3401 1876 3456 grave

299 3473 500 3526 malum
525 3473 872 3528 devenimus:
901 3474 970 3528 ita
999 3489 1095 3544 per
1121 3490 1282 3528 unum
1313 3474 1578 3530 hominem
1603 3477 1880 3531 eumdem-

299 3579 406 3632 que
433 3561 596 3618 Deum
619 3563 996 3634 justitieantem
1028 3565 1094 3618 ad
1127 3564 1254 3618 illud
1285 3565 1480 3620 bonum
1513 3575 1616 3620 tam
1648 3567 1875 3624 sublime

301 3654 596 3710 veniemus.
641 3654 750 3710 Nec
777 3657 1054 3725 quisquam
1083 3669 1141 3708 se
1170 3655 1328 3710 debet
1369 3655 1437 3710 ab
1481 3657 1584 3712 isto
1629 3657 1694 3712 ad
1725 3658 1872 3712 illum

301 3745 558 3800 transisse
595 3744 885 3810 conlidere,
915 3744 1016 3798 nisi
1046 3759 1166 3798 eum
1211 3745 1280 3798 ibi
1305 3743 1482 3812 fuerit,
1527 3747 1614 3801 ubi
1656 3749 1876 3802 lentatio

301 3837 442 3893 nulla
474 3839 608 3902 erit;
643 3838 742 3892 nisi
773 3853 956 3908 pacem
987 3838 1233 3902 tenuerit,
1269 3852 1426 3908 quam
1457 3838 1580 3894 belli
1611 3839 1786 3908 hujus,
1821 3841 1872 3894 in

301 3949 408 4004 quo
438 3948 564 3986 caro
588 3932 916 4002 concupiscit
957 3931 1214 3986 adversus
1259 3932 1500 4002 spiritum
1550 3940 1603 3986 et
1656 3932 1874 4001 Spiritus

300 4026 557 4080 adversus
585 4039 799 4078 carnem
831 4022 1029 4092 (Galat.
1057 4039 1110 4086 v,
1140 4021 1250 4094 Π),
1284 4023 1462 4078 multis
1487 4032 1538 4078 et
1569 4023 1728 4076 variis
1755 4039 1874 4079 cer-

303 4115 591 4170 taminibus
618 4114 824 4184 qumrit.
851 4113 962 4168 lloc
982 4123 1157 4167 autem
1187 4115 1382 4168 bellmn
1415 4129 1678 4183 ininquam
1711 4115 1873 4168 ullum

299 4215 464 4270 esset,
507 4207 550 4260 si
601 4211 786 4260 natura
833 4205 1062 4260 lnunana
1102 4221 1198 4274 per
1242 4205 1466 4259 liberum
1517 4207 1794 4260 arbitrium
1824 4207 1876 4262 in

303 4298 646 4366 rectitudine,
673 4300 722 4352 in
750 4313 851 4367 qua
888 4297 1021 4352 facta
1053 4307 1156 4362 est,
1187 4298 1525 4366 perstitissct.
1573 4297 1723 4354 Nunc
1750 4314 1878 4354 vero

302 4406 424 4460 quas
453 4404 634 4459 pacem
681 4389 802 4443 felix
829 4403 948 4442 cum
977 4389 1086 4442 Deo
1121 4386 1314 4442 habere
1349 4388 1536 4454 noluit,
1569 4404 1750 4442 secum
1779 4404 1877 4458 pn-

302 4480 642 4552 gnatinfclix,
661 4487 715 4534 et
732 4495 850 4532 cum
874 4479 942 4534 sit
967 4478 1066 4534 hoc
1082 4478 1276 4532 malum
1305 4478 1663 4545 miserabile‘,
1691 4481 1880 4536 melius

303 4581 386 4625 est
413 4580 590 4626 tamen
617 4585 772 4640 quam
803 4570 976 4640 priora
1006 4569 1124 4623 vitae
1154 4569 1329 4637 hujus.
1361 4569 1546 4624 Melius
1575 4571 1880 4639 conﬂigitur

302 4664 499 4732 quippe
541 4677 660 4715 cum
691 4662 850 4726 vitiis,
881 4676 1036 4730 quam
1075 4676 1196 4716 cum
1218 4661 1237 4692 ⁸
1263 4661 1378 4715 sine
1411 4661 1514 4714 ulla
1537 4661 1880 4717 conﬂictione

303 4754 666 4808 dominantur.
715 4751 900 4806 Melius
933 4760 1035 4818 est,
1085 4751 1324 4820 inquam,
1365 4751 1559 4805 bellum
1611 4766 1732 4805 cum
1784 4767 1882 4822 spe

304 4853 519 4898 acterna:
547 4843 710 4912 pacis,
743 4857 898 4912 quam
929 4843 1043 4896 sine
1071 4843 1175 4897 ulla
1205 4843 1532 4896 liberationis
1558 4843 1878 4912 cogitatione

304 4937 605 5007 captivitas.
651 4935 906 5004 Cupimus
943 4935 1154 5006 quidem
1187 4935 1344 4990 etiam
1378 4934 1479 4988 hoc
1506 4935 1646 4990 bello
1675 4950 1877 5002 carere,

367 5089 386 5120 ε
411 5087 547 5142 Fditi,
567 5083 654 5134 hoc
678 5084 890 5135 medium
905 5084 1189 5135 miserabile.
1206 5083 1430 5147 Plerique
1448 5091 1574 5144 Mss,
1593 5083 1680 5134 hoc
1702 5084 1883 5135 malum

303 5147 522 5218 mirabile
551 5161 568 5196 :
591 5148 778 5220 scilicet
799 5149 848 5196 in
885 5147 1096 5209 parvulis
1129 5149 1244 5210 ipsis
1273 5149 1599 5209 regeneratis,
1621 5148 1686 5196 de
1709 5151 1885 5210 quibus

305 5223 556 5304 superiore
578 5218 752 5281 capite.
999 5268 1028 5278 η
1147 5269 1156 5280 _
1333 5268 1342 5278 ι
1387 5268 1398 5278 ο
1612 5269 1621 5278 ¹

421 5271 526 5319 Sola
561 5273 708 5319 editio
753 5276 890 5319 ων..
938 5267 1028 5319 ﬁlu
1069 5277 1156 5319 De:
1195 5283 1280 5319 uer
1324 5268 1454 5319 illius
1495 5275 1700 5319 aratrum
1743 5267 1883 5319 ﬁere-

421 5271 526 5320 sola
561 5267 708 5320 editio
753 5276 890 5329 mv.,
936 5267 1028 5331 ﬁlii
1069 5269 1156 5319 Dei
1193 5283 1280 5332 per
1324 5268 1454 5320 illius
1495 5269 1700 5333 gratiam
1742 5267 1856 5334 ﬁere

305 5347 478 5464 T’gsita
502 5406 673 5464 omnes
709 5401 822 5464 mss.
859 5398 912 5464 ᾼι
954 5391 1090 5462 editi,
1114 5391 1232 5464 ‘ejus
1275 5391 1647 5464 immortalitatis
1663 5399 1708 5442 et
1734 5461 1741 5464 Α
1741 5391 1886 5462 justi-

303 5453 428 5564 tiier.
459 5455 698 5518 pauloque
721 5459 830 5517 post
865 5452 988 5514 loco,
1006 5451 1280 5516 impletum,
1325 5454 1472 5502 iidem
1509 5451 1768 5514 habebant,
1793 5453 1883 5504 im-

307 5529 338 5566 υ
356 5533 382 5564 c
401 5530 436 5566 ι.

503 5584 606 5627 Mss.
633 5577 752 5626 Editi
775 5589 910 5636 vero,
934 5573 1089 5626 ethoc
1121 5587 1304 5638 quoque
1325 5587 1436 5626 cum
1457 5574 1638 5626 malum
1658 5573 1720 5626 sit
1743 5573 1885 5628 mise-

307 5651 330 5685 r
393 5652 410 5688 ι
461 5673 474 5687 .

307 5651 330 5685 Ι·
461 5673 474 5687 .

333 5651 774 5772 nigrescentis
797 5697 1026 5772 Plurima.
1043 5701 1150 5746 ωδε·

369 5765 440 5826 (τι)
472 5757 600 5812 (Ioui.
638 5757 865 5812 Enchirid.
891 5771 942 5808 ιι.
971 5757 1044 5810 17.

1481 361 1682 420 LIBER
1722 361 2074 422 VlGESli-IUS
2111 363 2377 422 PRIMUS.

3431 375 3533 438 730

1969 493 2024 536 et
2063 483 2126 536 ad
2157 486 2534 554 capessendam
2577 487 3021 545 ordinatissimam
3067 504 3272 560 pacem,
3321 493 3408 548 ubi
3441 493 3532 546 tiro

1969 577 2204 630 missima
2250 579 2536 634 stabilitate
2581 581 2874 650 potioribus
2921 581 3173 638 inferiora
3217 582 3534 648 subdantur,

1971 667 2090 734 igne
2116 666 2278 721 divini
2323 669 2520 724 amoris
2567 671 2924 726 accendimur.
2948 671 3053 728 Sed
3096 674 3162 740 si,
3209 673 3350 743 quod
3378 673 3536 740 absit,

1972 757 2114 812 illius
2145 759 2274 812 tanti
2301 759 2426 813 boni
2447 774 2568 829 spes
2597 763 2736 816 nulla
2781 771 2944 830 esset,
2973 763 3128 818 malle
3173 763 3454 819 debuimus
3481 765 3536 818 in

1973 846 2128 916 hujus
2157 848 2564 904 conﬂictationis
2589 851 2830 906 molestia
2865 867 3163 920 remanere,
3205 869 3362 923 quam
3398 854 3538 908 vitiis

1973 938 2025 991 in
2074 953 2172 993 nos
2227 939 2644 996 dominationem
2691 957 2798 996 non
2846 941 2926 998 eis
2971 943 3271 998 resistendo
3314 943 3539 1014 permit-

1975 1041 2086 1086 tere
2117 1031 2212 1100 (a).
2297 1055 2300 1058 -

1971 1121 2196 1178 CAPUT
2235 1121 2374 1176 XVI.
2399 1153 2472 1162 -
2500 1123 2606 1177 Sub
2631 1123 2807 1191 quibus
2843 1126 3018 1194 gratiae
3043 1125 3231 1196 legibus
3261 1139 3432 1180 Omnes
3460 1141 3540 1180 re-

2324 1221 2672 1281 generatorum
2699 1213 2976 1267 habeantur
3003 1225 3192 1269 letales.

2048 1302 2242 1356 Verum
2271 1311 2411 1357 tanta
2443 1313 2523 1358 est
2551 1304 2642 1356 Dei
2669 1304 3028 1359 misericordia
3075 1307 3126 1359 in
3159 1321 3284 1360 vasa
3329 1307 3540 1361 miseri—-

1974 1393 2168 1446 cordia:
2196 1408 2313 1462 qum
2344 1392 2658 1463 praeparavit
2703 1395 2754 1447 in
2797 1395 3043 1464 gloriam,
3075 1403 3132 1448 ut
3165 1395 3324 1450 etiam
3367 1395 3538 1466 prima

1976 1481 2206 1536 hominis
2251 1492 2399 1548 aetas,
2453 1483 2503 1536 id
2537 1493 2637 1548 est,
2675 1483 2892 1538 infantia
2921 1499 3040 1553 qua:
3069 1484 3185 1540 sine
3229 1485 3336 1539 ullo
3363 1485 3542 1539 renisu

1976 1571 2212 1641 subjacet
2235 1573 2403 1637 carni,
2433 1580 2488 1626 et
2523 1573 2754 1627 secunda
2781 1587 2898 1642 quze
2941 1573 3164 1642 pueritia
3194 1581 3544 1642 nuncupatur,

1977 1663 2066 1716 ubi
2093 1661 2326 1716 nondum
2355 1663 2488 1716 ratio
2515 1663 2748 1732 suscepit
2775 1663 2912 1718 hanc
2939 1679 3190 1733 pugnam,
3219 1673 3274 1718 et
3308 1662 3421 1718 fere
3446 1665 3548 1719 sub

1975 1753 2222 1809 omnibus
2245 1755 2450 1808 vitiosis
2471 1754 2906 1809 delectationibus
2930 1755 3093 1824 jacet,
3124 1756 3244 1825 quia
3277 1755 3400 1810 licet
3433 1755 3543 1825 jam

1977 1844 2074 1898 fari
2097 1845 2287 1910 valeat,
2321 1853 2374 1900 et
2396 1845 2516 1899 ideo
2541 1844 2816 1900 infantiam
2846 1847 3100 1902 transisse
3121 1847 3382 1911 rideatur,
3417 1861 3548 1900 non-

1976 1935 2100 1989 dum
2129 1936 2180 1989 in
2207 1950 2270 1990 ea
2300 1945 2382 1990 est
2409 1936 2656 2004 przecepti
2705 1951 2870 2006 capax
2901 1935 3178 1991 inﬁrmitas
3225 1937 3451 2002 mentis;
3503 1937 3548 1989 si

1977 2035 2307 2082 sacramenta
2336 2027 2640 2082 Mediatoris
2661 2029 2947 2098 acceperit,
2980 2029 3186 2082 etiamsi
3217 2028 3353 2082 hanc
3379 2029 3432 2081 in
3471 2027 3550 2081 eis

1975 2119 2131 2174 annis
2158 2121 2318 2174 vitam
2343 2121 2509 2186 ﬁniat,
2535 2121 2788 2175 translata
2819 2121 3021 2176 scilicet
3061 2136 3089 2174 a
3119 2127 3375 2190 potestate
3401 2127 3550 2173 tene-

1976 2209 2188 2264 brarum
2217 2209 2268 2264 in
2289 2225 2510 2280 regnum
2529 2209 2747 2276 Christi,
2770 2225 2874 2264 non
2895 2209 3065 2264 solum
3095 2209 3262 2278 pinnis
3283 2223 3386 2263 non
3415 2222 3552 2277 pra:-

1977 2307 2192 2368 paretur
2229 2301 2462 2364 aeternis,
2513 2299 2606 2354 sed
2653 2315 2721 2354 ne
2773 2300 2878 2354 ulla
2917 2299 3129 2369 quidem
3178 2305 3296 2368 post
3325 2305 3548 2352 mortem

1977 2392 2279 2461 purgatoria
2307 2400 2568 2446 tormenta
2599 2391 2846 2461 patiatur.
2869 2389 3076 2445 Sufﬁcit
3100 2390 3239 2444 enim
3261 2390 3372 2444 sola
3395 2389 3553 2458 spiri-

1979 2483 2134 2536 tualis
2157 2485 2509 2552 regeneratio,
2541 2496 2607 2536 ne
2640 2491 2758 2552 post
2781 2490 3004 2536 mortem
3033 2481 3174 2535 obsit
3199 2479 3337 2549 quod
3364 2493 3554 2534 carna-

1978 2574 2044 2627 lis
2069 2573 2344 2644 generatio
2371 2587 2490 2627 cum
2521 2581 2692 2628 morte
2737 2571 3004 2626 contraxit
3049 2569 3143 2642 (b).
3190 2571 3321 2625 Cum
3374 2577 3551 2624 autem

1976 2673 2192 2719 ventum
2221 2664 2374 2718 fuerit
2398 2663 2464 2718 ad
2492 2671 2720 2728 :ctatem,
2738 2677 2854 2732 quae
2883 2669 3204 2732 princeptum
3231 2659 3342 2730 jam
3386 2659 3549 2728 capit,

1977 2765 2031 2810 et
2054 2753 2206 2809 subdi
2234 2761 2408 2824 potest
2436 2753 2564 2822 legis
2593 2753 2834 2824 imperio,
2871 2749 3263 2820 suscipiendum
3307 2758 3389 2804 est
3433 2749 3550 2802 bel-

1979 2849 2084 2904 lum
2115 2857 2299 2904 contra
2326 2849 2471 2914 vitia,
2501 2855 2554 2902 et
2573 2845 2862 2916 gerendum
2903 2845 3116 2910 acriter,
3151 2859 3216 2898 ne
3237 2842 3303 2896 ad
3330 2842 3551 2896 damna-

1977 2939 2098 2994 bilia
2129 2946 2342 3008 peccata
2365 2936 2634 3006 perducat.
2667 2935 2736 2989 Et
2781 2935 2826 2988 si
2871 2933 3084 3004 quidem
3112 2933 3345 2988 nondum
3375 2933 3544 2987 victo-

1977 3033 2173 3087 riarum
2205 3027 2588 3086 consuetudine
2609 3027 2858 3084 roborata
2879 3035 3021 3092 sunt,
3047 3025 3252 3080 facilius
3269 3024 3553 3080 vincuntur

1976 3133 2029 3178 et
2055 3123 2285 3177 cedunt:
2318 3121 2362 3176 si
2391 3127 2569 3174 autem
2599 3117 2813 3172 vincere
2841 3127 3000 3186 atque
3028 3117 3294 3186 imperare
3321 3130 3550 3169 consue-

1985 3216 2240 3278 verunt‘,
2269 3213 2530 3268 laboriosa
2558 3209 2865 3266 difﬁcultate
2887 3195 3224 3277 superantur.
3271 3205 3455 3275 Neque
3499 3205 3553 3260 id

1979 3309 2036 3362 ﬁt
2062 3306 2322 3362 veraciter
2358 3313 2516 3374 atque
2535 3300 2834 3364 sinceriter,
2859 3297 2960 3352 nisi
2990 3313 3125 3352 verae
3147 3298 3168 3327 ²
3199 3296 3551 3350 delectatione

1971 3399 2230 3470 justitim:
2275 3396 2392 3452 luce
2435 3403 2517 3450 est
2545 3403 2722 3448 autem
2753 3391 2804 3445 in
2842 3389 2946 3444 ﬁde
2973 3387 3188 3444 Christi.
3220 3387 3351 3442 Nam
3392 3385 3550 3442 silex

1973 3493 2165 3562 jubens
2193 3489 2352 3555 adsit,
2381 3497 2433 3544 et
2463 3487 2678 3557 spiritus
2699 3483 2896 3554 juvans
2915 3481 3054 3538 desit
3082 3496 3176 3550 per
3207 3481 3374 3550 ipsam
3418 3492 3551 3549 pro-

1978 3583 2292 3638 hibitionem
2351 3577 2614 3634 desiderio
2658 3583 2932 3631 crescente
2959 3581 3118 3644 atque
3147 3572 3394 3626 vincente
3424 3584 3550 3639 pec-

1977 3677 2102 3743 cati,
2129 3675 2288 3730 etiam
2331 3679 2509 3728 reatus
2553 3665 3001 3738 praevaricationis
3040 3663 3265 3720 accedit.
3295 3661 3554 3716 Nonnun-

1977 3783 2134 3840 quam
2179 3779 2309 3822 sane
2355 3761 2690 3834 apertissima
2747 3757 2872 3813 vitia
2923 3753 3050 3811 aliis
3089 3755 3231 3810 vitiis
3270 3755 3553 3808 vincuntur

1977 3855 2222 3922 occultis,
2249 3869 2367 3926 quae
2391 3859 2640 3923 putantur
2663 3864 2782 3904 esse
2803 3848 3046 3912 virtutes,
3076 3846 3126 3900 in
3152 3844 3344 3915 quibus
3365 3851 3554 3913 regnat

1977 3949 2222 4021 superbia
2251 3955 2304 4002 et
2331 3943 2572 4016 qumdam
2616 3941 2713 3996 sibi
2757 3938 3003 4010 placendi
3049 3935 3273 3991 altitudo
3314 3935 3549 3989 ruinosa.

1979 4041 2128 4096 Tunc
2169 4039 2346 4108 itaque
2393 4034 2532 4088 victa
2581 4031 2706 4086 vitia
2753 4027 3051 4098 deputanda
3099 4034 3240 4092 sunt,
3288 4039 3408 4080 cum
3459 4021 3552 4076 Dei

1979 4145 2162 4186 amore
2206 4128 2509 4190 vincuntur,
2537 4135 2696 4193 quem
2739 4119 2842 4175 nisi
2883 4118 3018 4173 Deus
3064 4117 3178 4188 ipse
3209 4130 3314 4169 non
3367 4113 3549 4180 donat,

1981 4237 2078 4278 nec
2103 4220 2256 4276 aliter
2301 4218 2400 4274 nisi
2449 4231 2545 4285 per
2571 4212 2914 4269 Mediatorem
2941 4209 3034 4264 Dei
3067 4217 3121 4262 et
3147 4206 3422 4261 hominum
3455 4203 3556 4258 ho-

1979 4316 2178 4370 minem
2225 4311 2406 4368 Jesum
2457 4307 2751 4370 Christum,
2803 4303 2890 4373 qui
2941 4301 3110 4356 factus
3156 4309 3240 4355 est
3289 4297 3554 4370 particeps

1983 4405 2318 4461 mortalitatis
2345 4411 2563 4468 nostra),
2595 4408 2651 4453 ut
2675 4413 2770 4452 nos
2800 4395 3086 4465 participes
3115 4391 3316 4448 faceret
3355 4389 3552 4446 divini-

1949 4523 1952 4526 λ
1983 4499 2106 4554 tatis
2133 4511 2264 4552 sum.
2292 4493 2600 4550 Paucissimi
2629 4498 2804 4544 autem
2831 4496 2958 4543 sunt
2991 4493 3149 4540 tanta:
3178 4481 3466 4546 felicitatis,
3495 4489 3554 4534 ut

1980 4589 2048 4644 ab
2077 4589 2204 4658 ipsa
2248 4587 2462 4640 ineunte
2490 4580 2846 4637 adolescentia
2893 4577 3035 4632 nulla
3081 4573 3400 4630 damnabilia
3431 4585 3554 4641 pec-

1981 4689 2098 4736 cata
2151 4675 2532 4740 committant,
2582 4670 2668 4725 vel
2714 4670 2766 4724 in
2803 4665 3016 4737 ﬂagitiis
3043 4707 3058 4733 ,
3112 4665 3198 4720 vel
3239 4665 3290 4718 in
3345 4661 3548 4716 facino-

2045 4815 2219 4874 εισι,
2258 4805 2544 4874 inﬁrmiora.
2591 4804 2708 4854 Edili
2751 4801 2828 4852 alii
2871 4808 2923 4852 et
2965 4799 3187 4864 plerique
3230 4795 3554 4856 manuscripti,

1981 4875 2226 4937 biferiora.
2703 4928 2713 4937 _
2817 4928 2826 4938 Ι
2865 4925 2876 4936 .
3010 4923 3020 4934 ⁹

2046 4939 2066 4967 ⁸
2091 4943 2215 4990 Mss,
2250 4933 2532 4982 consuerunt
2561 4935 2656 4990 :iet
2677 4939 2745 4976 διο
2767 4923 2876 4974 alibi
2899 4935 3089 4986 passum.

1961 5013 1964 5018 '
2048 4998 2068 5029 ³
2095 4989 2226 5045 Vind.
2257 5005 2354 5041 Am.
2380 4999 2453 5040 lar.
2481 4997 2532 5040 et
2555 4989 2754 5052 aliquot.
2783 4995 2908 5045 Mss,
2933 4995 3064 5034 uera.

1959 5075 1964 5080 ’
2049 5081 2127 5144 (α)
2155 5087 2251 5128 [loc
2275 5079 2418 5128 etiam
2451 5075 2682 5124 dixerunt
2719 5059 3557 5144 philosophiLqui

1953 5189 1960 5194 .
1983 5123 2579 5194 attrahi-turno;tantum
2641 5123 3076 5185 insueruntﬁh‘ain',
3119 5123 3198 5175 vel
3242 5123 3368 5194 omni
3396 5123 3555 5191 pretio

1985 5205 2211 5242 nminat-im,
2253 5204 2380 5242 honr!
2400 5201 2568 5242 vivere
2591 5149 2700 5242 nius
2719 5193 2876 5242 iuvat.
2897 5201 3041 5242 quam
3079 5185 3206 5236 male
3231 5199 3244 5242 ;
3266 5192 3316 5232 et.
3339 5195 3440 5242 Ipsa
3464 5196 3555 5230 Vir-

1985 5185 2380 5268 Ξὲῐιοὲίῶζὶὶἓῖιῖο
2400 5185 2568 5268 nunc
2591 5185 2700 5258 ριυδ
2715 5185 3558 5268 im???ztt‘i??3-l¥!ff!£-i.Elllfif‘ﬂi:

2171 5243 2534 5323 ξῖ1)ἶ’ἶιῆι’ρίὶἐιδῖιι
2541 5243 2635 5304 inin
2657 5243 2932 5323 priumiuip
2957 5243 3554 5323 l'elieioresquensun

1987 5305 2268 5378 eiiaiii'diiiii
2289 5305 2568 5374 Eié‘iiéu’m,
2597 5305 2742 5380 qu'am
2778 5313 2890 5362 mali
2913 5305 3264 5380 quantumlibet
3285 5305 3550 5380 fprtuuati:

1985 5367 2132 5452 ita};
2152 5367 2484 5452 itSE'eEi
2507 5367 2717 5452 (:liri'stus
2738 5367 3058 5452 sectatoribus
3077 5367 3555 5452 suisla‘mplitqrmenr-

1991 5433 2286 5500 abbatissa
2307 5433 2448 5494 modo
2465 5445 2513 5491 in
2532 5441 2691 5490 futura
2712 5437 2942 5501 promittit
2963 5435 3079 5496 vita,
3101 5433 3190 5484 sed
3207 5433 3352 5482 etiam
3370 5433 3418 5477 in
3437 5441 3558 5490 prac-

2099 5513 2132 5560 i.
2157 5517 2250 5558 Lup
2273 5515 2426 5556 szs.

1985 5519 2132 5562 senti.
2157 5519 2250 5558 Lup
2273 5519 2426 5556 VIVBS.

2051 5571 2122 5634 (ιε)
2157 5569 2415 5634 ιητειηιίξξυξ
2439 5571 2490 5614 εει
2512 5559 2928 5634 ρυετξδρτοάεεξρ
2941 5551 3390 5634 evenisse?!
3409 5565 3419 5600 ε
3441 5562 3558 5634 (E19:

1985 5615 2128 5682 modo
2144 5615 2306 5681 autem
2330 5615 2500 5676 iisdem
2513 5615 2670 5687 'prosit
2691 5615 2741 5688 in
2775 5615 3420 5688 exigatis—decedentibus,
3455 5623 3558 5688 non

1987 5676 2254 5756 ᾖᾶῌῖιξ
2293 5690 2386 5740 Sed
2408 5676 2534 5739 vide'
2558 5685 2810 5748 tipistolam
2840 5682 2920 5744 98,
2945 5680 3004 5731 ad
3027 5676 3327 5728 Bonifatium.
3353 5681 3558 5723 “th-

1988 5767 2098 5806 πω,
