4078 6486
351 395 460 452 753

420 507 474 562 2.
503 507 594 562 Sic
621 519 748 576 ergo
795 505 880 559 isti
915 504 1097 559 volunt
1126 503 1310 574 judicii
1339 505 1428 558 Dei
1457 503 1918 558 eonnninationem

353 619 463 659 non
491 617 611 658 esse
653 600 962 656 mendacem
987 642 1001 666 ,
1031 601 1270 668 quamvis
1315 600 1383 653 sit
1410 599 1672 653 neminem
1703 598 1924 652 damna-

353 705 528 761 turus,
558 691 998 762 quemadmodum
1022 691 1139 759 ejus
1158 692 1642 754 comminationem,
1673 705 1773 759 qua
1795 689 1928 743 dixit

354 801 663 842 cversurum
703 799 762 838 se
800 797 919 838 esse
955 783 1178 836 Niniven
1217 783 1484 836 civitatem
1535 780 1706 852 (Iona:
1729 797 1808 846 ιιι,
1843 781 1923 851 4),

353 877 664 932 mendacem
711 893 814 930 non
847 889 1127 944 possumus
1152 873 1368 938 dicere;
1411 883 1464 928 et
1503 885 1676 928 tamen
1715 889 1820 928 non
1851 873 1928 927 fa-

353 977 499 1023 ctum
527 976 642 1034 est,
688 967 932 1036 inquiunt
954 1007 969 1032 ,
1003 963 1144 1034 quod
1181 965 1294 1019 sine
1326 965 1426 1018 ulla
1453 963 1756 1018 conditione
1785 979 1927 1034 pra:-

354 1060 507 1114 dixit.
535 1057 650 1112 Non
679 1059 820 1112 enim
848 1057 919 1111 ait
943 1098 957 1122 ,
994 1057 1179 1112 Ninive
1207 1063 1490 1120 evertetur,
1521 1055 1564 1108 si
1589 1071 1694 1108 non
1723 1055 1927 1124 egerint

356 1149 743 1220 pmnitcntiam,
767 1163 930 1216 seque
951 1147 1278 1201 correxerint
1310 1165 1322 1200 :
1351 1145 1446 1201 sed
1487 1147 1584 1199 hoc
1611 1161 1713 1200 non
1743 1145 1924 1198 addito

355 1239 725 1308 praenuntiavit
749 1237 974 1292 futuram
995 1238 1324 1292 eversionem
1343 1237 1476 1290 illius
1497 1237 1742 1290 civitatis.
1759 1236 1926 1302 Quam

355 1330 822 1385 comminationem
851 1337 1128 1399 propterea
1153 1345 1396 1384 veracem
1419 1337 1599 1398 putant
1626 1371 1640 1393 ,
1675 1328 1792 1398 quia
1827 1327 1926 1383 hoc

357 1423 602 1492 prtedixit
632 1424 770 1476 Deus
810 1423 948 1492 quod
981 1437 1104 1478 vere
1145 1423 1286 1492 digni
1334 1433 1484 1478 erant
1514 1423 1620 1494 pati
1643 1464 1658 1490 ,
1691 1423 1930 1494 quamvis

355 1513 460 1568 hoc
485 1529 592 1568 non
619 1523 760 1569 esset
788 1515 901 1583 ipse
939 1515 1189 1568 facturus.
1236 1515 1367 1569 Nam
1413 1515 1510 1571 etsi
1555 1515 1932 1584 paenitentibus

358 1607 637 1674 pepercit,
693 1605 968 1675 inquiunt,
1021 1606 1200 1676 utique
1245 1606 1362 1660 illos
1407 1606 1772 1675 ptenitentiam
1825 1619 1927 1658 non

356 1693 634 1764 ignorabat
681 1703 912 1761 acturos,
953 1703 1006 1748 et
1029 1701 1204 1749 tamen
1240 1695 1481 1750 absolute
1507 1711 1568 1749 ac
1596 1695 1811 1750 deﬁnite
1834 1709 1927 1749 eo-

359 1803 478 1841 rum
521 1787 850 1842 eversionem
897 1786 1132 1841 futuram
1164 1801 1280 1841 esse
1325 1787 1590 1856 praedixit.
1649 1785 1762 1840 lloc
1803 1801 1931 1854 ergo

358 1890 512 1946 erat,
541 1881 812 1950 inquiunt,
847 1881 900 1934 in
929 1879 1150 1934 veritate
1187 1880 1485 1934 severitatis
1509 1920 1524 1946 ,
1552 1879 1672 1950 quia
1705 1879 1754 1932 id
1779 1885 1934 1933 erant

357 1971 542 2041 digni;
590 1971 682 2026 sed
715 1972 765 2024 in
811 1971 1018 2026 ratione
1063 1971 1419 2025 miserationis
1446 1987 1548 2024 non
1581 1979 1729 2033 erat,
1774 1983 1930 2038 quam

359 2077 468 2116 non
496 2061 755 2116 continuit
783 2063 836 2115 in
867 2062 941 2114 ira
973 2075 1066 2115 sua
1091 2101 1106 2126 ,
1137 2069 1196 2116 ut
1220 2061 1286 2115 ab
1313 2077 1372 2115 ea
1413 2075 1567 2130 pmna
1609 2060 1933 2130 supplicibus

361 2161 623 2220 parceret,
653 2166 812 2220 quam
853 2149 1021 2206 fuerat
1050 2153 1446 2206 contumacibus
1474 2151 1846 2206 comminatus.
1877 2149 1932 2206 Si

359 2255 490 2310 ergo
534 2249 658 2294 tunc
697 2242 960 2310 pepercit,
1000 2241 1184 2308 aiunt,
1235 2243 1445 2311 quando
1489 2249 1730 2296 sanctum
1779 2255 1934 2296 suum

360 2333 681 2403 Prophetam
729 2333 900 2390 fuerat
935 2335 1201 2406 parcendo
1245 2337 1688 2401 contristaturus,
1733 2345 1934 2405 quanto

361 2425 530 2494 magis
555 2433 680 2479 tune
709 2427 1058 2482 miserabilius
1083 2425 1506 2496 supplicantibus
1533 2435 1739 2496 parcet,
1770 2441 1936 2496 quan-

361 2513 434 2568 do
457 2523 516 2568 ut
558 2525 738 2584 parcat
780 2531 964 2571 omnes
1002 2517 1173 2572 sancti
1217 2517 1331 2587 ejus
1375 2516 1640 2571 orabunt?
1683 2513 1786 2570 Sed
1836 2513 1938 2569 hoc

361 2604 508 2673 quod
557 2605 656 2675 ipsi
707 2607 817 2662 suis
867 2607 1118 2662 cordibus
1164 2609 1530 2677 suSpieantur,
1583 2606 1703 2661 ideo
1749 2612 1940 2676 putant

361 2693 664 2766 Scripturas
709 2697 936 2752 tacuisse
985 2697 1192 2753 divinas
1218 2740 1232 2766 ,
1273 2707 1328 2751 ut
1369 2699 1518 2752 multi
1559 2713 1619 2752 se
1647 2697 1934 2765 corrigam,

363 2787 450 2840 vel
493 2787 812 2856 prolixarum
851 2787 933 2842 vel
976 2799 1290 2843 mternarnm
1329 2789 1516 2842 timore
1550 2801 1852 2856 prunarum,
1887 2794 1940 2841 et

365 2875 472 2931 sint
513 2877 602 2946 qui
649 2879 850 2946 possint
876 2894 1028 2934 orare
1074 2895 1172 2949 pro
1196 2879 1273 2934 eis
1296 2919 1310 2944 ,
1344 2879 1430 2947 qui
1470 2891 1526 2932 se
1557 2893 1662 2932 non
1689 2891 1938 2932 correxe-

365 2967 638 3024 rint:nec
685 2979 857 3025 tamen
907 2973 1190 3042 opinantur
1235 2972 1378 3026 omni
1425 2970 1584 3024 modo
1633 2969 1688 3024 id
1730 2969 1938 3039 eloquia

367 3057 544 3112 divina
573 3061 820 3116 tacuisse.
869 3061 1000 3115 Nam
1036 3077 1140 3131 quo
1179 3061 1402 3130 pertinet
1429 3101 1444 3128 ,
1479 3060 1758 3130 inquiunt,
1795 3059 1938 3130 quod

365 3150 624 3220 scriptum
692 3163 772 3206 est
800 3193 814 3216 ,
884 3151 1045 3217 Quam
1101 3151 1260 3204 multa
1327 3151 1594 3206 multitudo
1653 3149 1932 3204 dulcedinis

371 3251 492 3311 tum,
529 3242 762 3310 Domine,
813 3261 962 3315 quant
1007 3243 1310 3298 abscondisti
1345 3243 1668 3297 metuentibus
1686 3252 1733 3298 te
1763 3240 1937 3316 (Psal.

369 3349 497 3400 xxx,
523 3333 648 3406 20)!
679 3335 780 3388 nisi
809 3343 865 3389 ut
890 3335 1242 3404 intelligamus
1271 3343 1483 3405 propter
1511 3335 1751 3390 timorem
1781 3333 1942 3388 fuisse

370 3425 733 3479 absconditam
779 3425 1156 3480 misericordia:
1202 3425 1394 3480 divina:
1434 3435 1540 3478 tam
1589 3425 1808 3479 multam
1856 3439 1940 3478 sc-

371 3505 678 3586 eretamque
733 3515 1112 3571 dulcedinem?
1175 3516 1389 3570 Addunt
1439 3518 1598 3571 etiam
1661 3524 1938 3586 pr0pterea

372 3605 570 3660 dixisse
595 3607 902 3676 Apostolum
930 3645 944 3670 ,
973 3605 1228 3659 Conclusit
1254 3607 1386 3658 enint
1407 3603 1546 3659 Deus
1580 3623 1750 3660 omnes
1775 3605 1828 3658 in
1859 3606 1942 3657 in-

376 3695 614 3765 ﬁdelitate
637 3738 650 3760 ,
683 3705 736 3749 ut
761 3697 984 3749 omnium
1031 3697 1322 3750 misereatur
1352 3695 1527 3766 (Rom.
1559 3711 1646 3762 ιιι,
1677 3695 1766 3766 '52)
1793 3738 1806 3758 ,
1838 3710 1943 3764 quo

371 3787 692 3858 significaret
715 3827 730 3853 ,
760 3787 901 3856 quod
939 3787 1007 3842 ab
1033 3787 1123 3841 illo
1151 3801 1307 3842 nemo
1335 3787 1690 3842 damnabitur.
1719 3785 1828 3840 Nec
1856 3787 1940 3840 isti

373 3888 547 3933 tamen
573 3879 658 3948 qui
689 3878 789 3931 hoc
811 3879 1068 3946 sentiunt,
1107 3879 1244 3934 hanc
1269 3879 1570 3948 opinionem
1593 3891 1742 3932 suam
1775 3893 1942 3947 usque

373 3967 438 4021 ad
492 3967 856 4022 liberationem
909 3969 992 4024 vel
1041 3969 1238 4024 nullam
1291 3969 1688 4024 damnationem
1746 3965 1944 4022 diaboli

371 4067 530 4125 atque
577 4059 884 4128 angelorum
927 4059 1042 4130 ejus
1089 4059 1402 4115 extendunt.
1465 4059 1706 4114 Humana
1747 4060 1944 4129 quippe

371 4149 512 4202 circa
540 4149 682 4203 solos
727 4151 970 4206 homines
1009 4159 1287 4206 moventur
1329 4151 1709 4218 misericordia,
1736 4159 1944 4206 etcau-

373 4253 484 4292 sam
537 4241 764 4296 maxime
812 4251 976 4312 agunt
1020 4257 1170 4298 suam
1193 4285 1208 4310 ,
1250 4259 1346 4314 per
1369 4245 1668 4315 generalem
1699 4245 1750 4299 in
1778 4259 1945 4315 genus

375 4330 663 4384 humanum
691 4333 838 4402 quasi
869 4332 958 4387 Dei
1005 4333 1398 4387 miserationem
1447 4335 1812 4403 impunitatem
1843 4333 1942 4388 fal-

373 4435 485 4475 sam
525 4423 636 4477 suis
684 4423 901 4492 perditis
951 4424 1188 4478 moribus
1235 4425 1680 4494 pollicentes:ac
1723 4439 1820 4494 per
1845 4425 1947 4482 hoc

373 4513 700 4580 superabunt
740 4529 834 4567 eos
877 4515 928 4566 in
957 4513 1288 4583 prmdicanda
1327 4515 1418 4568 Dei
1445 4514 1828 4582 misericordia,
1856 4517 1944 4585 qui

376 4600 514 4655 hanc
559 4603 922 4671 impunitatem
968 4604 1128 4658 etiam
1175 4603 1398 4674 principi
1423 4603 1722 4659 daemonum
1751 4613 1804 4659 et
1829 4605 1945 4674 ejus

378 4693 694 4748 satellitibus
723 4695 1060 4764 pollicentur.

376 4827 604 4902 CAPUT
632 4829 772 4883 XIX.
801 4858 872 4868 ——
899 4829 976 4882 De
1004 4830 1082 4884 his
1107 4829 1190 4900 qui
1211 4829 1560 4900 impunitatem
1580 4829 1804 4882 omnium
1825 4843 1944 4898 pec-

447 4931 672 4974 catorum
701 4921 996 4990 promittunt
1018 4921 1166 4974 etiam
1192 4917 1436 4974 han-elicis
1461 4959 1476 4985 ,
1503 4929 1708 4990 propter
1737 4918 1946 4990 partici-

446 5009 698 5081 pationem
726 5013 952 5083 corporis
971 5011 1175 5066 Christi.

447 5125 576 5200 item
607 5153 730 5200 sunt
755 5145 879 5210 alii,
919 5145 985 5198 ab
1029 5155 1228 5198 :cterno
1261 5143 1520 5214 supplicio
1549 5139 1941 5210 liberationem,

377 5252 475 5292 nec
519 5236 647 5306 ipsis
694 5237 880 5292 saltem
921 5236 1168 5290 omnibus
1207 5235 1510 5290 hominibus
1552 5233 1946 5304 promittentes,

375 5329 468 5384 sed
528 5327 892 5382 tantummodo
941 5327 1132 5382 Christi
1185 5328 1508 5400 Baptismate
1555 5327 1785 5393 ablutis,
1853 5325 1944 5396 qui

375 5421 660 5491 participes
685 5421 818 5474 liunt
841 5419 1080 5489 corporis
1109 5420 1244 5488 ejus,
1268 5419 1668 5489 quomodolibet
1694 5419 1942 5486 vixerint,

375 5513 428 5566 in
455 5529 788 5584 quacumque
828 5512 1014 5568 bmresi
1044 5513 1126 5566 vel
1157 5513 1426 5583 impietate
1453 5511 1684 5580 fuerint,
1727 5521 1944 5584 propter

377 5602 503 5657 illud
526 5603 663 5672 quod
687 5604 761 5658 ait
783 5603 938 5658 Jcsus
961 5619 974 5655 :
1011 5601 1108 5655 Hic
1129 5611 1198 5654 est
1227 5604 1372 5671 panis
1390 5601 1476 5671 qui
1503 5602 1566 5654 de
1586 5603 1708 5656 coelo
1734 5601 1942 5655 descen-

378 5693 468 5759 dit,
511 5703 566 5746 ut
605 5693 650 5746 si
687 5694 796 5763 quis
840 5709 902 5748 ea:
934 5694 1044 5762 ipso
1071 5693 1442 5746 manducet-erit
1466 5733 1480 5757 ,
1525 5709 1624 5746 non
1679 5691 1940 5746 moriatur.

381 5781 489 5852 Ego
528 5799 638 5836 sum
681 5783 826 5854 panis
861 5785 1029 5852 vivus,
1067 5783 1154 5853 qui
1179 5783 1240 5838 de
1270 5783 1392 5837 creto
1435 5781 1666 5836 descendi
1697 5797 1714 5834 :
1753 5783 1796 5834 si
1833 5783 1942 5852 quis

1517 389 1716 445 LIBER
1761 383 2118 442 VICESIMUS
2157 385 2423 447 Pilllilib‘.

3505 407 3605 464 734

2035 507 2408 566 ntandueuverit
2427 527 2489 566 ea:
2508 513 2598 566 hoc
2630 531 2760 586 parte
2781 555 2795 581 ,
2817 515 2950 569 uiuet
2979 517 3028 570 in
3053 525 3297 572 wternum
3321 519 3499 590 (Joan.
3528 537 3601 588 Vt,

2035 599 2246 670 50-52).
2297 603 2379 656 Ab
2418 613 2615 658 aeterna
2655 621 2780 676 ergo
2815 615 3022 672 morte,
3067 608 3346 678 inquiunt,
3381 626 3603 668 necesse

2035 699 2117 744 est
2153 692 2284 746 istos
2313 694 2457 760 erui,
2509 703 2562 750 ct
2585 695 2650 750 ad
2675 697 2834 751 vitam
2871 707 3124 752 aeternam
3155 699 3598 773 quandocumque

2039 781 2278 850 perduci.

2037 895 2258 951 CAPUT
2289 895 2406 951 XX.
2439 926 2513 936 —-
2549 896 2626 951 De
2651 899 2726 953 his
2746 900 2834 968 qui
2859 915 2958 953 non
2983 901 3213 954 omnibus
3233 941 3249 968 ,
3286 901 3374 954 sed
3399 901 3460 955 iis
3487 913 3604 954 tan-

2099 995 2202 1038 tum
2227 985 2312 1057 qui
2349 985 2488 1054 apud
2518 984 2800 1042 Catholicos
2823 999 2939 1043 sunt
2969 989 3130 1044 renati
3147 1031 3162 1055 ,
3203 991 3397 1044 etiamsi
3421 999 3595 1059 postea

2094 1075 2146 1128 in
2173 1075 2331 1129 multa
2351 1076 2562 1130 crimina
2579 1093 2864 1148 erroresque
2887 1081 3224 1150 proruperint,
3239 1079 3605 1148 indulgentiam

2105 1167 2420 1234 pollicentur.

2108 1281 2234 1336 Item
2261 1290 2385 1336 sunt
2415 1281 2503 1350 qui
2528 1281 2628 1336 hoc
2659 1296 2756 1336 nec
2779 1281 3026 1336 omnibus
3063 1281 3380 1336 habentibus
3427 1281 3606 1352 Bapti-

2037 1373 2224 1428 smatis
2261 1373 2459 1428 Christi
2495 1381 2550 1428 et
2595 1373 2712 1442 ejus
2753 1372 2994 1442 corporis
3037 1381 3464 1438 sacramentum,
3511 1373 3606 1428 sed

2035 1463 2163 1516 solis
2189 1462 2492 1528 Catholicis,
2511 1463 2750 1532 quamvis
2773 1462 2910 1516 male
2933 1462 3230 1516 viventibus
3257 1461 3606 1531 pollicentur;

2035 1553 2156 1622 quia
2185 1568 2290 1606 non
2331 1552 2449 1608 solo
2477 1561 2850 1618 sacramento,
2895 1553 2990 1608 sed
3029 1568 3087 1608 re
3117 1553 3227 1622 ipsa
3251 1553 3606 1608 manducavc-

2035 1653 2365 1712 runtcorpus
2405 1643 2636 1709 Christi,
2689 1644 2740 1698 in
2777 1644 2892 1713 ipso
2919 1643 3034 1712 ejus
3060 1658 3286 1712 corpore
3313 1642 3607 1708 constituti,

2035 1734 2102 1790 de
2127 1750 2232 1805 quo
2249 1735 2378 1790 dicit
2402 1735 2710 1804 Apostolus,
2732 1734 2874 1789 Unus
2899 1736 3066 1805 panis,
3084 1751 3239 1788 unum
3262 1750 3447 1804 corpus
3467 1733 3610 1786 multi

2035 1842 2208 1879 sumus
2234 1825 2276 1895 (Ι
2302 1823 2418 1880 Cor.
2453 1841 2485 1879 ιι
2511 1866 2527 1892 ,
2565 1825 2652 1894 l7)
2679 1843 2692 1878 :
2723 1833 2780 1880 ut
2813 1825 3018 1880 etiamsi
3065 1833 3246 1893 postea
3291 1824 3343 1878 in
3381 1823 3610 1892 aliquam

2039 1915 2281 1970 hmresim
2330 1915 2410 1970 vel
2453 1915 2610 1972 etiam
2655 1915 2707 1970 in
2755 1915 3034 1984 gentilium
3079 1913 3434 1974 idololatriam
3477 1912 3613 1982 lapsi

2037 2003 2270 2074 fuerint,
2318 2014 2518 2060 tantum
2549 2005 2672 2074 quia
2713 2006 2766 2058 in
2811 2019 3036 2074 corpore
3077 2003 3294 2069 Christi,
3335 2002 3388 2057 id
3429 2011 3514 2056 est
3555 2002 3610 2056 in

2039 2097 2277 2152 Ecclesia
2317 2096 2576 2152 catholica
2601 2138 2616 2164 ,
2657 2105 3000 2166 sumpserunt
3051 2095 3380 2164 Baptismum
3415 2092 3612 2148 Christi

2039 2199 2092 2246 ct
2120 2189 2571 2244 manducavcruut
2609 2203 2804 2258 corpus
2843 2186 3074 2254 Christi,
3103 2202 3210 2242 non
3235 2187 3530 2240 moriantur
3557 2184 3610 2238 in

2037 2287 2294 2334 aeternum
2314 2321 2330 2345 ,
2382 2279 2476 2334 sed
2509 2279 2668 2334 vitam
2693 2277 3008 2349 quandoque
3034 2285 3424 2347 consequantur
3448 2283 3614 2330 teter-

2039 2387 2191 2436 nam;
2234 2381 2392 2440 atque
2419 2371 2509 2426 illa
2541 2370 2713 2426 omnis
2753 2371 2997 2440 impietas
3025 2379 3218 2439 quanto
3241 2369 3408 2437 major
3431 2367 3609 2432 fuerit,

2041 2479 2146 2518 non
2175 2463 2254 2518 eis
2273 2463 2446 2516 valeat
2473 2462 2538 2516 ad
2559 2465 2908 2518 aeternitatem
2933 2504 2948 2530 ,
2993 2461 3086 2516 sed
3112 2461 3178 2515 ad
3205 2460 3605 2515 diuturnitatem

2043 2553 2566 2624 magnitudinemque
2591 2567 2887 2622 pmnarum.

2041 2665 2262 2724 CAPUT
2301 2665 2442 2722 XX].
2497 2695 2572 2708 --
2627 2665 2700 2718 De
2737 2665 2815 2718 his
2853 2665 2938 2734 qui
2983 2679 3068 2718 eos
3108 2662 3192 2732 qui
3230 2667 3518 2732 permanent
3559 2659 3614 2712 in

2112 2756 2364 2813 catholica
2391 2755 2492 2824 ﬁde
2511 2797 2526 2822 ,
2550 2755 2745 2809 etiamsi
2773 2754 2980 2824 pessime
2997 2751 3230 2814 vixerint,
3257 2759 3305 2804 et
3328 2750 3388 2802 ab
3413 2749 3506 2800 hoc
3535 2747 3615 2800 uri

2113 2851 2418 2916 meruerint,
2445 2859 2612 2902 tamen
2635 2858 2840 2918 propter
2859 2846 2979 2916 ﬁdei
3005 2843 3386 2916 fundamentum
3413 2841 3616 2896 salvan-

2115 2943 2206 2997 dos
2225 2957 2330 2996 esse
2358 2941 2624 3010 deﬁniunt.

2114 3057 2250 3114 Sunt
2277 3065 2452 3110 autem
2481 3053 2570 3125 qui
2597 3061 2811 3124 propter
2845 3051 2894 3106 id
2924 3050 3064 3122 quod
3083 3049 3339 3118 scriptum
3368 3053 3480 3110 est,
3515 3045 3620 3108 Qui

2045 3147 2422 3222 perseveraverit
2451 3161 2603 3214 usque
2639 3145 2692 3197 in
2735 3144 2918 3210 finem,
2962 3141 3042 3194 hic
3077 3139 3245 3193 salvus
3283 3139 3376 3191 erit
3406 3135 3616 3206 (Matth.

2046 3255 2191 3304 sxw,
2217 3238 2304 3309 15)
2338 3254 2350 3290 :
2383 3251 2485 3290 non
2514 3235 2614 3290 nisi
2644 3233 2696 3288 in
2723 3232 2960 3287 Ecclesia
2985 3229 3242 3285 catholica
3269 3241 3618 3298 perseveran-

2045 3333 2187 3386 tibus
2210 3374 2226 3398 ,
2275 3329 2518 3401 quamvis
2544 3328 2596 3382 in
2625 3343 2688 3382 ea
2717 3325 2858 3380 male
2887 3323 3186 3379 viventibus
3207 3362 3223 3389 ,
3265 3322 3367 3374 hoc
3397 3317 3620 3388 proruit-

2047 3433 2181 3490 tunt,
2213 3438 2306 3492 per
2327 3421 2498 3494 ignem
2519 3419 2762 3474 videlicet
2784 3415 3047 3472 salvandis
3064 3413 3250 3468 merito
3267 3408 3614 3472 fundamenti,

2046 3517 2114 3572 de
2138 3533 2244 3588 quo
2269 3515 2342 3570 ait
2378 3513 2661 3584 Apostolus
2685 3554 2699 3577 ,
2733 3509 3141 3566 Fundamentum
3167 3505 3298 3559 enim
3321 3503 3462 3557 aliud
3475 3517 3618 3554 nemo

2049 3617 2205 3678 potest
2235 3621 2419 3677 ponere
2444 3647 2459 3671 ,
2511 3613 2690 3674 pra’ter
2721 3601 2776 3655 id
2821 3599 2956 3672 quod
2998 3597 3210 3668 positum
3249 3603 3320 3650 est
3345 3635 3360 3660 ,
3387 3591 3524 3662 quod
3550 3599 3622 3644 est

2047 3697 2274 3752 Christus
2293 3695 2462 3750 Jesus.
2494 3693 2554 3748 Si
2573 3694 2682 3762 quis
2709 3701 2875 3744 autem
2904 3689 3120 3756 rediﬁcat
3145 3701 3294 3754 super
3312 3683 3618 3756 fundamen-

2049 3797 2154 3840 tum
2207 3787 2301 3839 hoc
2350 3801 2529 3838 aurmn
2553 3825 2566 3850 ,
2617 3793 2876 3853 argentum
2896 3821 2910 3845 ,
2943 3777 3136 3849 lapides
3167 3776 3427 3845 pretioaos,
3459 3775 3614 3844 ligna,

2046 3881 2216 3950 [cuum
2239 3920 2254 3944 ,
2292 3877 2566 3946 stipulam,
2609 3873 3002 3942 uniuscujusque
3039 3885 3162 3939 Opus
3198 3865 3621 3935 manifestabitur.

2049 3975 2168 4028 Dies
2200 3973 2331 4026 enim
2372 3969 2676 4034 declarabit;
2715 3967 2952 4038 quoniam
2981 3965 3034 4017 in
3059 3963 3174 4032 igne
3199 3959 3494 4016 revelabitur
3514 3999 3528 4024 ,
3574 3965 3623 4010 et

2047 4067 2438 4136 imiuscujusque
2462 4079 2588 4134 Opus
2619 4061 2765 4132 quale
2793 4061 2888 4124 sit,
2935 4057 3063 4127 ignis
3093 4052 3340 4126 probabit.
3391 4050 3452 4106 Si
3479 4049 3628 4119 cujus

2050 4175 2176 4230 Opus
2197 4156 2524 4228 permanserit
2549 4151 2684 4224 quod
2713 4147 3153 4221 superwdi/ieavit,
3181 4142 3458 4198 mercedem
3486 4141 3622 4194 acci-

2049 4253 2150 4321 piet
2180 4265 2198 4302 :
2225 4250 2268 4302 si
2296 4247 2438 4317 cujus
2477 4261 2602 4316 opus
2641 4253 2810 4296 autem
2839 4239 3020 4294 arserit
3039 4280 3054 4305 ,
3094 4237 3336 4290 damnum
3366 4233 3622 4304 patietur;

2047 4343 2156 4413 ipse
2178 4349 2344 4393 autem
2367 4335 2538 4392 salvus
2559 4337 2678 4399 erit,
2703 4333 2774 4388 sic
2795 4341 2958 4386 tamen
2981 4329 3124 4401 quasi
3144 4343 3232 4400 per
3253 4327 3420 4396 ignem
3443 4323 3486 4394 (Ι
3505 4321 3630 4376 Cor.

2049 4447 2125 4497 ιιι,
2155 4429 2365 4500 11-15).
2423 4427 2612 4483 Dicunt
2652 4439 2778 4494 ergo
2829 4421 3108 4493 cujuslibet
3145 4419 3266 4472 vita:
3305 4413 3622 4471 catholicum

2047 4521 2405 4578 Christianum
2430 4517 2698 4571 Christum
2749 4513 2942 4566 habere
2972 4511 3024 4564 in
3067 4507 3410 4563 fundamento
3433 4545 3446 4566 ,
3483 4500 3626 4571 quod

2049 4615 2448 4670 fundamentum
2501 4607 2642 4663 nulla
2689 4604 2905 4658 haeresis
2947 4601 3110 4656 habet
3149 4615 3178 4654 a
3225 4595 3464 4667 corporis
3503 4593 3628 4660 ejus

2049 4705 2252 4760 unitate
2295 4700 2530 4772 praecisa.
2581 4697 2650 4752 Et
2675 4695 2796 4751 ideo
2825 4703 3040 4766 propter
3069 4693 3170 4747 hoc
3197 4689 3622 4746 fundamentum,

2049 4797 2256 4853 etiamsi
2287 4795 2441 4849 mala:
2463 4793 2584 4846 vitze
2606 4789 2763 4846 fuerit
2782 4788 3075 4846 catholicus
3095 4784 3454 4846 Christianus,
3478 4779 3624 4832 velut

2049 4889 2135 4960 qui
2159 4883 2656 4957 supersedilicavcrit
2685 4881 2825 4954 ligna
2853 4925 2868 4950 ,
2898 4881 3074 4936 fenum
3095 4919 3108 4944 ,
3139 4877 3408 4945 stipulam,
3437 4879 3624 4942 putant

2050 4995 2170 5036 eum
2198 4979 2399 5032 salvum
2429 4975 2544 5032 fieri
2573 4991 2665 5045 per
2693 4976 2890 5044 ignem,
2917 4971 2966 5024 id
2991 4977 3092 5034 est,
3125 4975 3244 5036 post
3269 4978 3452 5034 poenas
3480 4961 3622 5032 ignis

2048 5072 2189 5126 illius
2216 5069 2465 5137 liberari,
2510 5081 2614 5138 quo
2653 5065 2773 5136 igne
2801 5065 2852 5118 in
2885 5059 3070 5116 ultimo
3105 5056 3304 5126 judicio
3333 5054 3624 5124 punientur

2050 5163 2173 5218 mali
2204 5161 2299 5234 (α).

2050 5295 2274 5353 CAPUT
2309 5291 2476 5348 XXII.
2507 5319 2581 5330 —-
2617 5287 2697 5344 De
2725 5288 2801 5341 his
2825 5284 2911 5356 qui
2937 5288 3114 5354 putant
3141 5297 3200 5335 ea
3227 5277 3438 5333 crimina
3459 5319 3474 5344 ,
3513 5289 3630 5347 qute

2121 5387 2249 5442 inter
2268 5385 2693 5451 eleemosynarum
2713 5393 2862 5448 opera
2888 5373 3282 5436 committuntur,
3306 5369 3374 5424 ad
3403 5369 3620 5422 damna-

2122 5477 2271 5531 tionis
2293 5473 2546 5546 judicium
2569 5487 2670 5524 non
2699 5469 2880 5524 vocari.

2119 5607 2364 5678 Comperi
2405 5604 2564 5661 etiam
2607 5601 2860 5676 quosdam
2899 5608 3084 5671 putare
3121 5611 3214 5654 cos
3262 5591 3625 5651 tantummodo

2112 5785 2184 5847 (α)
2215 5783 2344 5835 Conf.
2383 5781 2618 5833 Enchirid.
2643 5795 2690 5831 ιι.
2720 5778 2796 5842 l8,
2818 5778 2966 5830 initio.
