4078 6478
495 365 598 424 735

495 493 712 536 arsuros
751 477 892 534 illius
929 475 1221 532 :eternitate
1262 474 1542 545 supplicii,
1583 474 1671 543 qui
1702 489 1796 542 pro
1827 470 2055 541 peccatis

495 569 607 624 suis
631 569 804 624 facere
827 568 1012 636 dignas
1035 567 1397 636 eleemosynas
1426 565 1696 633 negligunt
1717 603 1731 628 ,
1757 564 1901 630 juxta
1932 560 2058 614 illud

496 659 723 728 apostoli
749 657 929 711 Jacobi
963 675 974 709 :
1001 657 1033 709 J
1041 657 1259 709 udicium
1283 663 1447 708 autent
1484 655 1590 707 sine
1615 652 1955 706 misericordia
1983 650 2058 702 illi

494 751 580 816 qui
629 765 726 802 non
758 749 875 818 fecit
925 747 1316 800 misericordiam
1343 744 1542 812 (Jacobi
1566 759 1640 806 ιι,
1667 742 1778 812 15).
1810 741 1909 808 Qui
1935 754 2059 810 ergo

500 838 701 902 fecerit,
742 838 1012 907 inquiunt,
1043 838 1279 906 quamvis
1307 851 1481 890 mores
1512 837 1564 889 in
1593 834 1780 889 melius
1808 847 1912 886 non
1940 848 2059 885 mu-

497 927 717 992 taverit,
769 927 862 981 sed
890 927 1027 982 inter
1067 927 1207 996 ipsas
1235 942 1356 981 suas
1379 913 1742 997 elecmdsynas
1767 924 1966 979 nefarie
1997 937 2060 977 ac

423 1037 428 1042 ε
492 1017 735 1086 nequiter
763 1017 945 1072 vixerit
973 1060 988 1083 ,
1033 1016 1286 1086 judicium
1324 1017 1397 1071 illi
1435 1032 1556 1071 cum
1581 1014 1936 1070 misericordia
1967 1013 2056 1066 fu-

492 1113 667 1160 turum
694 1113 807 1171 est,
851 1115 1020 1160 utaut
1056 1107 1196 1160 nulla
1246 1105 1584 1161 damnatione
1623 1105 1884 1174 plectatur
1909 1143 1921 1167 ,
1968 1108 2059 1155 aut

489 1205 610 1264 post
635 1196 842 1266 aliquod
875 1205 1082 1266 tempus
1111 1198 1222 1251 sive
1250 1211 1465 1265 parvum
1490 1237 1502 1259 ,
1531 1197 1642 1249 sive
1670 1193 1954 1262 prolixum,
1988 1190 2056 1245 ab

489 1285 578 1340 illa
615 1285 953 1341 damnatione
978 1288 1249 1341 liberetur.
1297 1285 1418 1340 Ideo
1441 1284 1674 1340 iudicem
1707 1285 1875 1352 ipsum
1901 1283 2050 1336 vivo-

487 1392 605 1430 rum
631 1385 786 1447 atque
815 1385 1141 1431 mortuorum
1166 1377 1398 1430 noluisse
1423 1375 1723 1430 existimant
1747 1373 1883 1427 aliud
1913 1388 2057 1427 com-

488 1481 786 1521 memorare
824 1482 882 1522 se
908 1482 1028 1522 esse
1054 1467 1312 1521 dicturum
1337 1507 1352 1532 ,
1389 1466 1501 1520 sive
1527 1465 1726 1520 dextris
1754 1464 1942 1533 quibus
1973 1471 2054 1516 est

490 1557 654 1609 vitam
695 1557 914 1611 daturus
957 1567 1244 1618 aeternam,
1293 1557 1404 1609 sive
1449 1555 1674 1608 sinistris
1701 1567 1832 1622 quos
1857 1560 2054 1606 :cterno

486 1647 748 1716 supplicio
788 1647 1131 1701 damnaturus
1185 1646 1403 1718 (Matth.
1447 1663 1590 1711 xxv,
1631 1647 1700 1700 55
1742 1643 1911 1716 sqq.),
1951 1644 2053 1697 nisi

487 1737 851 1808 eleemosynas
898 1738 1009 1792 sive
1056 1737 1256 1803 factas,
1307 1738 1417 1792 sive
1464 1753 1568 1790 non
1610 1738 1790 1791 factas.
1848 1736 1927 1790 Ad
1955 1735 2054 1790 hoc

486 1828 748 1895 pertinere
781 1828 926 1880 aiunt
957 1837 1011 1882 et
1038 1829 1089 1882 in
1129 1828 1366 1883 oratione
1397 1828 1667 1882 Dominica
1697 1826 2051 1896 quotidianam

487 1917 894 1984 postulationem
927 1935 937 1969 :
970 1917 1178 1970 Dimitte
1218 1919 1357 1971 nobis
1397 1919 1560 1971 debita
1601 1928 1804 1982 nostra,
1851 1919 1977 1969 sicut
2006 1925 2050 1970 et

486 2023 578 2060 nos
607 2008 900 2062 dimittimus
927 2008 1226 2062 debitoribus
1260 2011 1440 2062 nostris
1479 2007 1590 2078 (Id.
1621 2025 1666 2061 vl
1692 2050 1705 2073 ,
1737 2007 1846 2078 12).
1892 2008 2050 2074 Quis-

483 2097 600 2166 quis
625 2097 765 2151 enim
788 2099 860 2152 illi
887 2100 975 2168 qui
1003 2100 1054 2152 in
1079 2115 1197 2153 eum
1219 2101 1473 2168 peccavit,
1495 2099 1709 2153 dimittit
1731 2097 2050 2168 ignoscendo

486 2197 756 2256 peccatum
784 2230 799 2255 ,
849 2191 1031 2259 procul
1075 2190 1235 2244 dubio
1277 2192 1667 2262 eleemosynam
1707 2191 1848 2244 facit.
1881 2191 2048 2257 Quam

481 2293 595 2332 rem
629 2279 878 2333 Dominus
908 2281 984 2334 sic
1023 2281 1135 2349 ipse
1160 2280 1578 2346 commendavit,
1626 2288 1683 2334 ut
1721 2280 1919 2334 diceret
1949 2297 1962 2334 :
1991 2279 2050 2335 Si

480 2370 614 2422 enim
658 2371 944 2425 dimiseritis
985 2382 1187 2442 peccata
1225 2371 1541 2436 hominibus,
1587 2371 1798 2425 dimittet
1841 2370 1977 2425 vobis
2003 2379 2050 2423 et

481 2458 640 2513 Pater
679 2469 832 2514 vester
869 2472 1069 2532 peccata
1108 2473 1267 2516 vestra
1294 2479 1312 2516 :
1344 2464 1388 2516 si
1430 2472 1594 2516 autem
1633 2479 1734 2516 non
1761 2462 2047 2516 dimiseritis

485 2547 792 2614 hominibus,
829 2568 985 2620 neque
1010 2551 1166 2605 Pater
1191 2560 1349 2606 vester
1373 2553 1457 2622 qui
1478 2554 1530 2606 in
1552 2551 1688 2606 caelis
1715 2563 1806 2617 est,
1839 2552 2052 2605 dimittet

482 2637 620 2692 vobis
650 2637 834 2709 (Ibid.,
867 2641 952 2704 14,
987 2643 1098 2711 15).
1133 2642 1272 2711 Ergo
1309 2649 1364 2696 et
1394 2641 1458 2696 ad
1499 2641 1599 2697 hoc
1623 2656 1788 2712 genus
1815 2642 2049 2697 eleemo-

482 2740 733 2799 synarum
765 2732 993 2798 pertinet
1030 2732 1171 2802 quod
1207 2734 1281 2786 ait
1307 2734 1581 2802 apostolus
1615 2734 1878 2801 Jacobus,
1901 2734 2048 2804 judi-

482 2817 624 2872 cium
682 2819 910 2874 luturum
957 2823 1074 2876 sine
1123 2823 1482 2878 misericordia
1531 2824 1578 2878 ei
1625 2825 1716 2894 qui
1775 2841 1878 2881 non
1927 2825 2051 2880 fecit

480 2907 920 2964 mlsericordiam.
952 2912 1060 2966 Nec
1091 2912 1224 2967 dixit
1262 2915 1533 2981 Dominus,
1567 2915 1828 2986 inquiunt,
1859 2931 2046 2986 magna

479 2997 564 3054 vel
586 3012 780 3068 parva;
830 2999 922 3055 sed
946 3041 962 3067 ,
1005 3000 1232 3056 Dimittet
1273 3004 1408 3058 vobis
1444 3003 1598 3058 Pater
1645 3015 1802 3061 vester
1847 3015 2052 3076 peccata

479 3097 676 3156 vestra,
721 3089 766 3144 si
806 3100 852 3144 et
894 3108 978 3146 vos
1016 3093 1302 3148 dimiseritis
1349 3095 1648 3149 hominibus.
1699 3098 1776 3151 Ac
1816 3111 1911 3166 per
1947 3096 2050 3150 hoc

479 3189 665 3250 putant
691 3183 850 3237 etiam
875 3183 953 3238 eis
980 3186 1069 3254 qui
1092 3185 1296 3254 perdite
1325 3187 1570 3253 vixerint,
1599 3187 1771 3244 donec
1797 3188 2049 3244 claudant

479 3271 620 3327 diem
663 3273 785 3327 vita:
827 3272 982 3343 hujus
1029 3285 1322 3330 extremum
1348 3318 1363 3343 ,
1413 3292 1508 3347 per
1551 3277 1686 3332 hanc
1729 3279 2044 3346 orationem,

478 3355 883 3432 qualiacumque
901 3373 954 3418 et
969 3375 1391 3436 quantacumque
1415 3366 1640 3434 fuerint,
1671 3370 1844 3422 omnia
1872 3370 2047 3438 quoti-

480 3454 568 3510 die
593 3467 806 3526 peccata
831 3460 1023 3515 dimitti
1050 3503 1065 3527 ,
1107 3462 1244 3516 sicut
1273 3462 1384 3531 ipsa
1412 3462 1647 3533 quotidie
1687 3463 2048 3532 frequentatur

480 3546 682 3612 oratio,
716 3549 759 3601 si
787 3548 887 3604 hoc
915 3551 1278 3606 tantummodo
1302 3552 1568 3608 custodire
1594 3552 1963 3620 meminerint,
1991 3562 2049 3609 ut

479 3635 692 3704 quando
713 3637 779 3693 ab
803 3639 882 3694 eis
914 3641 1120 3695 veniam
1150 3651 1331 3711 petunt
1354 3684 1368 3709 ,
1396 3642 1482 3712 qui
1510 3658 1602 3698 eos
1629 3651 1847 3713 peccato
1874 3643 2045 3713 quali-

479 3739 704 3796 cumque
732 3727 1012 3797 lzeserunt,
1041 3747 1104 3786 ex
1133 3733 1292 3787 corde
1320 3731 1609 3787 dimittant.
1655 3733 1786 3788 Cum
1817 3735 1882 3787 ad
1925 3733 2040 3788 lucc

479 3818 678 3883 omnia,
706 3819 814 3874 Deo
837 3819 1086 3888 donante,
1119 3823 1461 3892 respondero,
1495 3823 1625 3878 liber
1655 3824 1752 3878 iste
1778 3823 2032 3878 clauden-

478 3905 578 3960 dus
603 3916 684 3961 est
705 3909 802 3979 (a).

479 3994 704 4053 CAPUT
754 3999 1238 4056 XXlll.—-Conlra
1291 4003 1574 4072 Opinionem
1627 4019 1796 4058 eorum
1837 4003 1919 4069 qui
1963 4003 2043 4055 di-

546 4098 700 4155 cunt,
732 4107 820 4143 nec
855 4092 1074 4160 diaboli,
1102 4110 1190 4146 nec
1230 4093 1484 4146 hominum
1527 4093 1769 4146 malorum
1811 4099 2047 4161 perpetua

545 4180 715 4248 futura
742 4181 1008 4250 supplicia.
1103 4182 1111 4196 ’

548 4292 626 4344 Ac
657 4291 880 4360 primum
909 4294 1070 4361 qureri
1099 4299 1307 4361 Oportet
1333 4302 1489 4362 atque
1514 4294 1782 4362 cognosci,
1814 4310 1909 4348 cur
1937 4295 2043 4349 Ec—

478 4380 639 4434 clesia
674 4379 812 4435 ferre
856 4383 1150 4451 nequiverit
1178 4383 1447 4437 hominum
1476 4384 1902 4454 disputationem,
1928 4386 2043 4439 dia-

473 4470 600 4524 bolo
641 4471 798 4525 etiam
844 4481 962 4542 post
986 4474 1240 4528 maximas
1281 4484 1333 4528 et
1373 4475 1798 4532 diuturnissimas
1824 4492 2040 4547 pmnas,

475 4562 838 4631 purgationem
901 4563 983 4617 vel
1035 4564 1405 4634 indulgentiam
1456 4567 1812 4635 pollicentem.
1863 4567 2044 4639 Neque

469 4656 612 4708 enim
657 4663 735 4708 tot
775 4657 940 4709 sancti
966 4665 1019 4711 et
1062 4661 1225 4713 sacris
1253 4659 1517 4714 veteribus
1553 4673 1616 4714 ac
1658 4660 1805 4714 novis
1835 4661 2044 4716 Litteris

469 4747 682 4814 eruditi,
711 4748 1104 4803 inundationem
1131 4757 1185 4804 et
1213 4751 1358 4821 regni
1385 4752 1639 4807 caelorum
1667 4752 2041 4809 beatitudinem

477 4847 598 4906 post
636 4839 1041 4909 qualiacumque
1071 4850 1124 4894 et
1151 4850 1575 4913 quantacumque
1602 4845 1884 4913 supplicia,
1913 4861 2041 4915 qua.

469 4928 834 5000 Iibuscumque
875 4941 928 4986 et
977 4933 1414 5002 quantiscumque
1460 4935 1660 5004 angelis
1704 4934 2038 4990 inviderunt:

467 5020 562 5075 scd
609 5022 783 5090 potius
827 5023 1070 5077 viderunt
1117 5023 1348 5078 divinam
1403 5027 1609 5079 vacuari
1654 5026 1736 5080 vel
1785 5018 2038 5080 infirmari

468 5125 572 5164 non
623 5125 778 5180 posse
820 5115 1132 5168 sententiam
1157 5155 1170 5179 ,
1216 5129 1374 5185 quam
1421 5129 1480 5170 se
1513 5115 1761 5170 Dominus
1799 5132 2042 5186 pramun-

469 5204 615 5258 Iiavit
641 5204 690 5257 in
716 5203 916 5274 judicio
942 5205 1262 5273 prolaturum
1293 5214 1450 5277 atque
1475 5207 1760 5274 dicturum,
1791 5195 2040 5263 Discedite

468 5312 499 5348 a
521 5312 616 5360 me,
649 5296 920 5362 maledicti,
942 5298 992 5349 in
1015 5298 1177 5368 ignem
1205 5309 1464 5364 internum,
1485 5301 1570 5370 qui
1601 5309 1803 5369 paratus
1830 5289 1900 5354 est
1923 5303 2038 5355 dia-

467 5386 580 5439 bolo
606 5395 652 5439 et
676 5387 865 5457 angelis
886 5391 993 5457 ejus
1011 5389 1219 5459 (Matth.
1249 5407 1370 5458 xxv,
1395 5391 1507 5463 41).
1535 5391 1622 5446 Sic
1641 5391 1833 5462 quippe
1856 5404 2037 5448 osten-

466 5476 542 5529 dit
567 5485 766 5530 teterno
801 5479 919 5547 igne
955 5478 1216 5534 diabolum
1242 5490 1295 5536 et
1318 5481 1532 5552 angelos
1569 5481 1684 5551 ejus
1712 5497 1943 5538 arsuros.
1975 5485 2038 5538 Et

464 5566 604 5636 quod
631 5568 884 5636 scriptum
926 5577 1008 5623 est
1037 5570 1085 5622 iu
1125 5571 1459 5644 Apocalypsi,
1485 5573 1730 5628 Diabolus
1769 5576 1850 5644 qui
1881 5576 2034 5630 sedu-

461 5659 598 5710 celmt
625 5671 727 5720 eos,
751 5657 930 5710 missus
951 5667 1021 5712 est
1046 5658 1096 5712 in
1135 5671 1363 5732 stagnum
1393 5663 1521 5732 ignis
1560 5675 1604 5718 et
1633 5665 1907 5735 sulphuris,
1936 5680 2033 5734 quo

524 5792 595 5853 (α)
629 5787 755 5839 (:0an
779 5790 1010 5840 uchirid.
1045 5805 1127 5843 nn.
1157 5794 1228 5855 19,
1256 5795 1330 5845 ΞΟ.

1540 360 1627 416 DE
1649 357 1966 414 CIVITATE
2007 357 2137 421 DEI,
2177 358 2214 414 S
2275 359 2630 416 AUGUSTI?"

3560 414 3568 420 .
3635 363 3744 422 736

2165 479 2210 524 et
2239 471 2390 525 bestia
2417 482 2462 526 et
2488 471 2940 543 pseudbpmpheta;
2967 479 3012 526 et
3034 474 3384 528 cruciabuntur
3411 476 3492 529 die
3513 492 3572 530 ac
3597 488 3744 532 nocte

2161 560 2215 614 in
2237 562 2422 615 simula
2440 567 2736 616 stecutorum
2759 562 2936 633 (Apoc.
2961 580 3046 628 xx,
3071 563 3124 630 9,
3149 563 3257 636 10).
3279 566 3428 633 Quod
3452 567 3522 621 ibi
3542 568 3740 624 dictum

2162 660 2242 706 est
2265 691 2280 716 ,
2310 660 2592 716 teter-num;
2619 652 2706 706 hic
2742 653 2938 707 dictum
2967 662 3051 708 est
3072 695 3086 716 ,
3113 656 3166 707 in
3192 655 3376 710 saecula
3405 658 3741 730 saeculorum:

2161 743 2354 812 quibus
2381 744 2556 799 verbis
2585 744 2712 798 nihil
2739 744 3008 812 Scriptura
3051 744 3226 798 divina
3271 746 3567 816 significare
3605 763 3740 803 conv

2161 836 2350 899 suevit,
2382 835 2483 889 nisi
2525 834 2665 904 quod
2708 834 2866 890 linem
2893 851 2997 889 non
3046 836 3204 890 habet
3245 839 3514 907 temporis.
3541 839 3733 905 Quam-

2161 926 2342 980 obrem
2369 939 2584 994 prorsus
2613 939 2712 979 nec
2739 925 2839 978 alia
2861 939 3036 991 causa,
3058 941 3156 980 nec
3169 926 3362 996 justior
3389 937 3544 998 atque
3565 931 3708 984 mani
3733 956 3744 968 -

2163 1015 2342 1071 festior
2369 1015 2591 1069 inveniri
2622 1024 2823 1083 potest,
2851 1030 2947 1070 cur
2975 1015 3249 1071 verissima
3281 1017 3474 1086 pietate
3498 1028 3742 1073 teneatur

2161 1103 2321 1159 fixum
2351 1113 2404 1159 et
2445 1104 2715 1159 immobile
2739 1146 2754 1171 ,
2799 1104 3001 1159 nullum
3043 1121 3342 1177 regressum
3372 1107 3438 1161 ad
3481 1109 3738 1174 justitiam

2158 1196 2424 1266 vitamque
2465 1205 2768 1252 sanctorum
2795 1196 3061 1252 diabolum
3091 1206 3146 1252 et
3183 1199 3402 1268 angelos
3431 1199 3545 1268 ejus
3587 1199 3743 1255 habi-

2159 1294 2326 1354 turos,
2348 1285 2444 1341 nisi
2467 1287 2588 1356 quia
2609 1287 2896 1357 Scriptura,
2919 1303 3036 1357 qua:
3056 1288 3320 1344 neminem
3341 1288 3495 1356 fallit,
3513 1289 3640 1344 dicit
3660 1293 3741 1344 eis

2157 1377 2321 1432 Deum
2350 1390 2454 1431 non
2502 1378 2804 1446 pepercisse
2849 1377 2929 1448 (ll
2959 1375 3100 1432 Petr.
3138 1394 3198 1446 ιι,
3228 1381 3262 1434 4
3282 1376 3321 1450 ),
3353 1387 3408 1434 et
3456 1380 3532 1433 sic
3557 1379 3624 1433 ab
3644 1380 3739 1434 illo

2156 1480 2276 1520 esse
2302 1465 2514 1520 interim
2538 1467 2947 1536 praadamnatos,
2970 1473 3028 1520 ut
3051 1467 3353 1522 carceribus
3377 1468 3619 1539 caliginis
3650 1469 3737 1523 in-

2156 1554 2252 1609 feri
2281 1557 2296 1586 ¹
2327 1556 2517 1610 retrusi
2565 1555 2899 1612 traderentur
2923 1556 3168 1612 servandi
3191 1598 3207 1624 ,
3234 1567 3392 1628 atque
3420 1559 3603 1614 ultimo
3644 1561 3732 1630 ju-

2155 1645 2294 1701 dicio
2313 1647 2583 1716 puniendi,
2611 1647 2822 1718 quando
2841 1663 2935 1703 eos
2954 1658 3186 1704 aeternus
3213 1650 3348 1720 ignis
3371 1653 3616 1722 accipiet,
3643 1653 3735 1708 ubi

2155 1739 2526 1794 cruciabuntur
2552 1739 2608 1794 in
2636 1741 2827 1796 smcula
2868 1741 3203 1797 smculorum.
3249 1742 3401 1809 Quod
3447 1743 3493 1799 si
3532 1744 3602 1798 ita
3631 1753 3733 1809 est,

2154 1829 2419 1899 quomodo
2441 1831 2510 1885 ab
2533 1829 2688 1899 hujus
2713 1830 3008 1886 aeternitate
3035 1846 3228 1901 ptume,
3257 1833 3341 1887 vel
3368 1833 3624 1900 universi,
3650 1835 3734 1890 vel

2153 1921 2362 1989 quidam
2392 1921 2634 1978 homines
2661 1931 2782 1992 post
2805 1923 3190 1992 quantumlibet
3220 1925 3472 1994 temporis
3507 1925 3729 1980 subtra-

2155 2010 2366 2076 hentur,
2389 2027 2450 2068 ac
2475 2029 2582 2068 non
2611 2014 2788 2068 statim
2813 2014 3152 2069 enervabitur
3179 2014 3330 2082 fides,
3365 2031 3466 2086 qua
3496 2016 3737 2072 creditur

2151 2104 2528 2173 sempiternum
2557 2105 2857 2162 daemonum
2886 2105 3119 2161 futurum
3149 2121 3268 2162 esse
3295 2107 3648 2177 supplicium?
3675 2108 3732 2163 Si

2151 2195 2289 2250 enim
2309 2196 2498 2265 quibus
2524 2197 2746 2265 dicetur,
2763 2197 3015 2252 Discedite
3035 2215 3068 2252 a
3089 2215 3186 2266 me,
3200 2199 3472 2266 maledicti,
3493 2200 3545 2252 in
3569 2200 3734 2269 ignem

2151 2296 2409 2351 wternum,
2437 2288 2521 2356 qui
2547 2296 2750 2358 paratus
2775 2297 2846 2343 est
2867 2289 3066 2344 diabolo
3091 2299 3136 2344 et
3164 2291 3352 2360 angelis
3380 2292 3490 2361 ejus
3516 2291 3734 2358 (Mattho

2151 2393 2280 2445 xxv,
2307 2379 2422 2448 41),
2468 2381 2549 2435 vel
2590 2381 2819 2437 universi
2845 2382 2928 2437 vel
2958 2383 3120 2452 aliqui
3153 2396 3337 2438 eorum
3370 2399 3474 2438 non
3505 2399 3717 2454 semper

2153 2469 2222 2523 ibi
2249 2478 2402 2524 erunt
2425 2487 2440 2536 ;
2471 2471 2596 2541 quid
2623 2486 2796 2527 causa:
2825 2480 2908 2528 est
2932 2487 3028 2527 cur
3051 2472 3297 2528 diabolus
3321 2483 3377 2529 et
3403 2476 3574 2544 angeli
3615 2476 3732 2545 ejus

2151 2575 2362 2631 semper
2388 2562 2458 2616 ibi
2489 2561 2647 2617 futuri
2692 2578 2810 2619 esse
2849 2564 3171 2619 credantur?
3197 2579 3264 2619 an
3295 2563 3434 2620 forte
3484 2566 3575 2619 Dei
3603 2582 3730 2621 sen-

2154 2652 2334 2714 tentia,
2358 2667 2475 2722 qua:
2501 2653 2551 2706 in
2574 2653 2742 2708 malos
2759 2662 2814 2708 et
2832 2654 3052 2724 angelos
3071 2664 3125 2709 et
3143 2654 3386 2708 homines
3407 2654 3728 2724 proferetur,

2152 2742 2204 2795 in
2232 2743 2450 2812 angelos
2489 2759 2614 2798 vera
2645 2744 2763 2810 erit,
2795 2744 2847 2798 in
2879 2744 3119 2799 homines
3147 2744 3318 2800 falsa?
3341 2744 3414 2799 lta
3446 2745 3598 2814 plane
3628 2745 3729 2800 hoc

2152 2831 2254 2886 erit
2278 2873 2293 2899 ,
2321 2833 2364 2886 si
2394 2847 2498 2886 non
2539 2833 2677 2902 quod
2719 2833 2856 2888 Deus
2897 2832 3049 2899 dixit,
3081 2831 3175 2888 sed
3214 2833 3353 2903 quod
3393 2835 3730 2904 suspicantur

2151 2920 2394 2977 homines
2421 2923 2538 2992 plus
2562 2923 2776 2978 valebit.
2800 2923 2950 2989 Quod
2979 2925 3093 2979 fieri
3123 2924 3244 2993 quia
3270 2939 3374 2978 non
3400 2933 3594 2994 potest,
3624 2941 3730 2979 non

2150 3014 2508 3083 argumentari
2541 3015 2794 3070 adversus
2823 3015 3011 3080 Deum,
3042 3015 3135 3070 sed
3161 3015 3340 3070 divino
3364 3018 3541 3088 potius
3559 3057 3574 3080 .
3601 3017 3729 3072 dum

2153 3115 2360 3176 tempus
2397 3115 2500 3174 est,
2527 3106 2723 3162 debent
2748 3123 2934 3176 parere
2962 3116 3248 3177 przecepto.
3277 3109 3366 3177 qui
3398 3110 3730 3178 sempiterno

2155 3197 2375 3266 cupiunt
2419 3213 2601 3254 carere
2644 3199 2922 3268 supplicio.
2957 3199 3158 3255 Deinde
3183 3201 3336 3270 quale
3364 3209 3446 3256 est
3470 3209 3728 3256 aeternum

2150 3288 2465 3358 supplicium
2506 3303 2603 3358 pro
2634 3289 2755 3359 igne
2799 3289 3031 3344 diuturni
3057 3292 3311 3360 temporis
3349 3292 3655 3347 existimare
3680 3294 3728 3359 ¹,

2151 3389 2205 3434 et
2252 3379 2414 3432 vitam
2459 3389 2710 3434 aeternam
2743 3380 2964 3437 credere
3000 3382 3115 3436 sine
3159 3381 3261 3436 line
3285 3423 3299 3447 ,
3329 3397 3449 3436 cum
3485 3383 3729 3437 Christus

2150 3467 2336 3523 eodem
2383 3468 2498 3538 ipso
2537 3469 2652 3524 loco
2673 3510 2686 3534 ,
2717 3470 2767 3524 in
2791 3485 2889 3524 una
2915 3455 3204 3540 eademque
3240 3473 3500 3526 sententia
3534 3472 3730 3526 dixerit

2151 3567 2432 3628 utrumque
2477 3559 2822 3628 complexus,
2875 3559 2963 3614 Sic
2990 3561 3128 3613 ibunt
3178 3561 3258 3614 isti
3303 3562 3354 3614 in
3403 3563 3711 3629 supplicium

2149 3661 2428 3718 wternum;
2460 3653 2590 3722 justi
2626 3662 2790 3706 autem
2811 3692 2828 3719 ,
2859 3653 2910 3706 in
2940 3654 3090 3706 vitam
3109 3663 3346 3708 teternam
3372 3653 3390 3723 (
3408 3653 3542 3707 Ibid.
3575 3654 3644 3710 46
3665 3655 3727 3725 )?

2149 3740 2204 3797 Si
2255 3751 2534 3811 utrumque
2572 3751 2849 3810 teternum,
2893 3741 3131 3814 profecto
3157 3752 3248 3798 aut
3284 3752 3565 3814 utrumque
3592 3758 3714 3798 cum

2151 3832 2254 3888 line
2295 3833 2599 3888 diuturnum
2624 3875 2640 3901 ,
2692 3843 2783 3889 aut
2824 3844 3104 3904 utrumque
3142 3834 3258 3889 sine
3314 3834 3415 3888 line
3462 3843 3717 3904 perpetu-

2150 3941 2236 3979 um
2255 3925 2411 3981 debet
2431 3925 2668 3997 intelligi.
2693 3925 2794 3980 Par
2811 3926 2919 3995 pari
2949 3926 3089 3981 enim
3109 3926 3271 3982 relata
3294 3935 3437 3992 sunt,
3460 3926 3584 3981 hinc
3604 3941 3728 3997 sup-

2150 4019 2359 4088 plicium
2389 4029 2666 4083 aeternum,
2698 4018 2825 4073 inde
2857 4018 2964 4073 vita
2994 4027 3212 4073 aeterna.
3243 4018 3428 4073 Dicere
3461 4028 3636 4073 autem
3671 4019 3724 4073 in

2151 4109 2250 4164 hoc
2276 4124 2382 4164 uno
2405 4111 2698 4180 eodemque
2729 4125 2887 4186 sensu
2912 4150 2927 4176 ,
2953 4110 3071 4164 Vita
3105 4117 3302 4164 reterna
3327 4111 3443 4165 sine
3469 4110 3571 4165 line
3597 4111 3718 4175 erit,

2149 4202 2465 4272 supplicium
2497 4210 2754 4257 azternum
2795 4202 2954 4256 linem
2998 4200 3246 4267 habebit,
3288 4201 3506 4261 multum
3537 4201 3724 4256 absur-

2149 4293 2274 4346 dum
2298 4301 2400 4348 est.
2428 4291 2604 4358 Unde,
2643 4292 2762 4362 quia
2784 4293 2889 4346 vita
2917 4301 3115 4347 :eterna
3145 4301 3447 4347 sanctorum
3479 4293 3594 4347 sine
3621 4293 3724 4346 line

2148 4383 2266 4448 erit,
2299 4383 2614 4451 supplicium
2641 4397 2852 4452 quoque
2878 4390 3134 4437 azternum
3163 4382 3356 4452 quibus
3381 4383 3485 4438 erit
3508 4423 3523 4447 ,
3553 4381 3715 4437 linem

2151 4472 2332 4541 procul
2367 4472 2529 4526 dubio
2555 4487 2660 4526 non
2692 4471 2924 4526 habebit.

2146 4583 2371 4640 CAPUT
2409 4580 2888 4638 XXIV.—Contra
2931 4597 3102 4636 eorum
3141 4597 3380 4649 sensum,
3416 4582 3502 4654 qui
3545 4583 3597 4638 in
3633 4584 3722 4654 ja-

2218 4675 2349 4729 dicio
2378 4673 2473 4727 Dei
2497 4675 2724 4728 omnibus
2771 4674 2868 4728 reis
2895 4682 3098 4746 propter
3121 4683 3407 4729 sanctorum
3436 4690 3605 4745 preces
3628 4691 3723 4746 pu-

2218 4777 2326 4822 tant
2353 4784 2458 4822 esse
2481 4766 2806 4838 parcendum.

2218 4881 2270 4936 1.
2311 4879 2423 4935 Hoc
2449 4889 2622 4934 autem
2646 4887 2698 4934 et
2717 4877 2971 4933 adversus
2995 4891 3088 4933 eos
3107 4877 3267 4942 valet,
3291 4877 3379 4947 qui
3405 4891 3530 4932 suas
3554 4892 3719 4948 agen-

2145 4980 2225 5027 tes
2253 4985 2441 5025 causas
2467 4978 2648 5024 contra
2673 4969 2765 5023 Dei
2786 4969 2968 5024 venire
2994 4969 3172 5036 verba,
3196 4968 3338 5023 velut
3362 4968 3720 5024 misericordia

2147 5064 2348 5135 majore
2376 5072 2672 5129 conantur;
2704 5071 2762 5117 ut
2787 5063 2906 5118 ideo
2925 5063 3170 5119 videlicet
3193 5078 3317 5118 vera
3350 5064 3477 5132 sint,
3507 5064 3626 5134 quia
3659 5078 3719 5118 ea

2146 5172 2261 5226 qua:
2286 5155 2417 5210 dixit
2442 5154 2683 5209 homines
2709 5168 2826 5209 esse
2851 5169 3120 5224 passuros,
3149 5155 3250 5224 pati
3273 5154 3415 5223 digni
3441 5163 3584 5220 sunt,
3617 5170 3718 5208 non

2146 5249 2268 5317 quia
2305 5247 2509 5318 passuri
2539 5255 2681 5301 sunt.
2713 5246 2936 5302 Donabit
2966 5247 3108 5302 enim
3138 5261 3232 5302 eos
3253 5288 3270 5312 ,
3302 5247 3574 5318 inquiunt,
3605 5263 3721 5318 prc-

2145 5340 2296 5395 cibus
2350 5346 2656 5394 sanctorum
2704 5353 2957 5405 suorum,
2996 5341 3154 5395 etiam
3198 5347 3325 5395 tunc
3364 5349 3513 5395 tanto
3555 5341 3718 5410 magis

2145 5431 2405 5485 orantium
2431 5443 2528 5498 pro
2552 5428 2779 5483 inimicis
2808 5429 2938 5491 suis,
2987 5439 3183 5499 quanto
3211 5438 3338 5485 sunt
3373 5430 3558 5499 utique
3601 5442 3718 5482 san-

2143 5523 2356 5588 ctiores,
2388 5536 2679 5592 eorumque
2695 5521 2962 5578 efﬁcacior
2980 5530 3061 5578 est
3086 5523 3276 5588 oratio,
3304 5531 3357 5577 et
3381 5523 3716 5577 exauditionc

2208 5676 2224 5708 ι
2251 5675 2324 5723 sic
2342 5681 2446 5723 Mss.
2473 5674 2586 5723 aliti
2607 5687 2739 5734 vero,
2761 5673 2954 5732 inferni.

2206 5739 2226 5767 '
2249 5740 2320 5783 Er.
2350 5743 2399 5784 ct
2434 5743 2562 5800 t_.ov.,
2595 5748 2686 5786 non
2709 5733 3000 5787 existimare.
3031 5737 3188 5800 Abest,
3215 5749 3328 5797 non,
3353 5735 3412 5785 ah
3442 5733 3585 5785 editis
3614 5733 3716 5787 aliis

2149 5805 2200 5848 et
2223 5798 2572 5859 manuscriptis.
