4078 6482
315 387 420 446 737

317 507 407 560 Dei
429 503 656 573 dignior,
681 503 788 573 jam
811 501 1012 558 nullum
1031 501 1335 558 habentium
1357 497 1570 554 omnino
1599 503 1886 565 peccatum.

313 596 420 652 Cur
449 611 578 666 ergo
605 595 787 650 eadem
819 595 1200 664 perfectissima
1247 593 1561 656 sanctitate,
1607 597 1660 642 et
1701 595 1890 642 cuncta

315 688 600 754 impetrare
655 687 955 742 valentibus
1005 685 1364 741 mundissimis
1407 691 1460 738 et
1507 678 1890 736 misericordis-

314 779 463 834 simis
493 779 758 848 precibus,
786 778 943 832 etiam
971 793 1066 846 pro
1091 775 1290 846 angelis
1311 789 1414 829 non
1437 773 1678 834 orabunt,
1701 769 1890 840 quibus

315 879 533 938 paratus
577 878 659 923 est
688 869 822 938 ignis
852 877 1102 933 internus,
1149 876 1206 920 ut
1235 867 1371 920 Deus
1396 863 1708 918 sententiam
1740 876 1888 914 suam

316 960 560 1028 mitiget,
615 967 669 1013 et
701 957 940 1014 reflectat
965 959 1016 1012 in
1061 958 1248 1012 melius
1281 999 1296 1024 ,
1329 969 1524 1024 eosque
1551 955 1616 1006 ab
1638 953 1728 1006 illo
1773 951 1890 1020 igne

317 1051 475 1105 faciat
503 1051 740 1104 alienos?
771 1051 851 1104 An
876 1051 976 1105 erit
1000 1049 1216 1104 forsitan
1257 1049 1552 1118 quisquam,
1584 1045 1670 1115 qui
1708 1053 1761 1098 et
1789 1043 1891 1098 hoc

314 1139 548 1194 futurum
571 1155 690 1195 esse
715 1149 998 1208 praesumat
1018 1182 1032 1204 ,
1063 1139 1332 1194 affirmans
1361 1139 1516 1191 etiam
1546 1146 1756 1190 sanctos
1781 1135 1889 1187 An-

312 1229 462 1300 gelos
491 1229 646 1283 simul
671 1245 792 1284 cum
823 1231 1020 1284 sanctis
1045 1228 1362 1292 hominibus,
1393 1227 1482 1296 qui
1511 1235 1632 1279 tunc
1660 1223 1890 1293 aequales

247 1359 250 1362 «
313 1330 470 1374 erunt
490 1319 706 1390 Angelis
730 1321 840 1384 Dei,
873 1334 969 1389 pro
1001 1317 1316 1373 damnandis
1344 1326 1395 1372 et
1417 1316 1613 1384 angelis
1636 1324 1690 1370 et
1719 1313 1891 1366 homi-

312 1415 472 1470 nibus
516 1423 780 1478 oraturos,
811 1423 868 1467 ut
895 1413 1256 1468 misericordia
1289 1427 1392 1465 non
1437 1409 1720 1478 patiantur,
1751 1405 1890 1475 quod

311 1505 540 1560 veritate
567 1513 838 1558 merentur
865 1503 1012 1574 pati?
1040 1502 1192 1569 Quod
1219 1517 1376 1556 nemo
1416 1516 1558 1554 sanae
1590 1499 1709 1553 ﬁdei
1736 1497 1888 1563 dixit,

311 1611 473 1650 nemo
503 1594 739 1648 dicturus
765 1602 864 1650 est.
895 1594 1102 1664 Alioqui
1132 1593 1271 1646 nulla
1317 1605 1474 1646 causa
1505 1597 1617 1656 est,
1658 1603 1754 1642 cur
1787 1602 1892 1641 non

311 1689 472 1743 etiam
499 1703 642 1741 nunc
671 1701 767 1756 pro
793 1685 1004 1742 diabolo
1034 1696 1086 1740 et
1113 1685 1316 1755 angelis
1343 1685 1458 1754 ejus
1485 1693 1600 1738 oret
1627 1681 1888 1746 Ecclesia,

319 1793 480 1846 quam
525 1777 771 1846 Magister
803 1777 940 1831 Deus
971 1791 1064 1846 pro
1109 1775 1334 1829 inimicis
1373 1775 1482 1828 suis
1521 1773 1676 1842 jussit
1717 1787 1888 1826 orare.

319 1867 448 1921 lltec
489 1867 650 1936 igitur
677 1881 856 1931 causa,
902 1881 1000 1936 qua
1033 1865 1090 1920 lit
1133 1875 1188 1918 ιιι
1219 1881 1358 1920 nunc
1387 1865 1622 1920 Ecclesia
1649 1879 1752 1918 non
1777 1871 1894 1918 oret

313 1971 413 2026 pro
433 1957 586 2012 malis
625 1957 844 2026 angelis,
877 1971 1010 2026 quos
1036 1971 1162 2010 suos
1183 1971 1302 2012 esse
1327 1957 1472 2015 novit
1514 1956 1773 2018 inimicos,
1805 1969 1894 2010 ea-

309 2049 434 2105 dem
465 2049 576 2117 ipsa
617 2063 774 2103 causa
820 2057 922 2112 est,
967 2063 1068 2118 qua
1099 2048 1190 2103 lict
1217 2057 1274 2102 ut
1323 2047 1378 2102 in
1405 2047 1496 2102 illo
1527 2058 1652 2102 tunc
1695 2047 1892 2118 judicio

310 2139 470 2194 etiam
497 2153 593 2208 pro
619 2137 918 2192 hominibus
937 2147 1138 2193 interno
1167 2138 1286 2208 igne
1311 2138 1627 2201 cruciandis,
1657 2137 1893 2207 quamvis

311 2230 543 2300 perlecta
563 2231 632 2286 sit
659 2230 956 2296 sanctitate,
977 2245 1082 2286 non
1117 2239 1254 2286 oret.
1285 2231 1433 2286 Nunc
1453 2232 1594 2286 enim
1615 2239 1892 2301 propterea

309 2335 412 2390 pro
439 2320 520 2376 eis
550 2329 686 2382 orat.
715 2315 858 2390 'quos
880 2319 930 2372 in
960 2335 1156 2390 genere
1185 2319 1416 2376 humano
1447 2321 1604 2376 habet
1629 2321 1890 2386 inimicos,

311 2411 432 2480 quia
482 2420 690 2480 tempus
732 2420 814 2465 est
863 2412 1190 2480 paenitentiae
1241 2412 1540 2468 fructuosae.
1592 2411 1724 2467 Nam
1767 2412 1890 2480 quid

319 2501 550 2556 maxime
578 2517 673 2572 pro
697 2501 775 2557 eis
801 2511 934 2564 orat,
966 2503 1068 2557 nisi
1093 2511 1148 2556 ut
1173 2503 1256 2557 det
1285 2503 1386 2558 illis
1413 2503 1570 2566 Deus,
1597 2503 1734 2556 sicut
1761 2501 1890 2556 dicit

309 2594 618 2662 Apostolus,
663 2595 998 2664 penitentiam
1021 2635 1035 2656 ,
1085 2604 1130 2648 et
1171 2597 1462 2664 resipiscant
1503 2596 1564 2649 de
1601 2595 1786 2648 diaboli
1813 2595 1892 2649 la-

311 2683 468 2752 queis,
498 2701 528 2736 a
551 2699 646 2753 quo
667 2684 848 2753 captivi
869 2693 1094 2738 tenentur
1117 2686 1390 2738 secundum
1412 2687 1571 2752 ipsius
1591 2686 1894 2740 voluntatem

313 2772 396 2842 (ll
417 2771 552 2829 Tim.
581 2789 636 2836 ιι,
677 2772 768 2838 25,
795 2773 862 2828 26
883 2774 941 2844 )‘l
967 2774 1198 2844 Denique
1219 2777 1262 2828 si
1284 2775 1352 2829 de
1371 2775 1631 2844 aliquibus
1655 2777 1724 2830 ita
1748 2783 1892 2830 certa

309 2871 488 2926 esset,
519 2871 576 2916 ut
617 2863 706 2932 qui
733 2864 838 2916 sint
867 2863 976 2928 illi,
1011 2865 1170 2918 etiam
1201 2873 1424 2929 nosset,
1457 2865 1540 2934 qui
1569 2866 1693 2920 licet
1721 2865 1894 2920 adhuc

315 2952 370 3006 in
415 2951 517 3006 hac
555 2951 658 3006 vita
681 2953 786 3006 sint
827 2953 1132 3020 constituti,
1166 2963 1340 3008 tamen
1371 2955 1728 3024 prtedestinati
1771 2965 1895 3010 sunt

317 3042 372 3098 in
411 3051 668 3097 aeternum
697 3044 868 3113 ignem
891 3045 969 3099 ire
992 3059 1111 3098 cum
1138 3045 1384 3110 diabolo;
1419 3055 1524 3099 tam
1556 3061 1650 3116 pro
1677 3045 1756 3101 eis
1785 3061 1890 3101 non

313 3142 534 3201 oraret,
577 3151 732 3202 quam
761 3149 859 3188 nec
899 3151 994 3204 pro
1025 3137 1158 3205 ipso.
1185 3135 1290 3192 Sed
1317 3137 1436 3206 quia
1461 3137 1528 3191 de
1569 3137 1712 3192 nullo
1749 3148 1891 3193 certa

312 3234 413 3292 est,
435 3234 550 3280 orat
575 3239 670 3295 pro
685 3226 928 3280 omnibus
943 3225 1194 3282 duntaxat
1215 3225 1514 3282 hominibus
1535 3228 1760 3282 inimicis
1784 3229 1896 3284 suis

313 3317 366 3372 in
395 3317 497 3371 hoc
531 3331 752 3386 corpore
791 3317 1088 3374 constitutis
1122 3335 1134 3370 :
1175 3331 1274 3372 nec
1299 3327 1472 3374 tamen
1503 3333 1601 3388 pro
1648 3320 1894 3374 omnibus

315 3407 614 3462 exauditur.
643 3407 749 3461 Pro
777 3407 858 3461 bis
879 3409 1018 3462 enim
1042 3409 1171 3462 solis
1197 3410 1510 3476 exauditur,
1539 3410 1648 3480 qui,
1676 3412 1776 3466 etsi
1800 3411 1891 3466 ad-

313 3506 591 3552 versantur
619 3498 886 3561 Ecclesiae,
930 3498 998 3551 ita
1042 3509 1164 3552 sunt
1193 3507 1368 3554 tamen
1393 3501 1750 3570 praedestinati
1772 3544 1787 3568 ,
1837 3509 1894 3556 ut

320 3601 418 3656 pro
447 3587 526 3642 eis
551 3588 862 3642 exaudiatur
892 3587 1151 3650 Ecclesia,
1182 3599 1234 3644 et
1263 3589 1352 3642 lilii
1381 3590 1680 3644 efﬁciantur
1702 3591 1890 3646 Eccle-

313 3679 428 3734 βίω.
459 3679 516 3733 Si
539 3679 626 3747 qui
656 3687 830 3732 autem
858 3693 1022 3748 usque
1049 3677 1114 3732 ad
1143 3689 1366 3734 mortem
1396 3679 1660 3735 habebunt
1686 3682 1890 3736 cerim-

314 3772 616 3842 poeniteus,
648 3786 746 3825 nec
791 3785 854 3824 ex
901 3771 1128 3826 inimicis
1174 3781 1550 3826 convertentur
1605 3773 1658 3826 in
1705 3761 1885 3838 filios,

316 3861 569 3932 numquid
592 3861 700 3931 jam
734 3875 828 3931 pro
855 3861 952 3922 eis.
985 3861 1035 3916 id
1066 3869 1166 3925 est,
1195 3877 1292 3932 pro
1315 3862 1495 3916 talium
1522 3863 1889 3918 defunctorum

315 3954 618 4024 spiritibus,
649 3962 768 4007 orat
796 3953 1071 4008 Ecclesia?
1112 3953 1248 4021 Quid
1289 3955 1388 4019 ita,
1418 3953 1516 4008 nisi
1543 3955 1662 4024 quia
1697 3954 1804 4024 jam
1837 3956 1888 4010 in

317 4055 467 4116 parte
495 4045 688 4100 diaboli
717 4053 1049 4114 computatur
1086 4045 1196 4116 qui,
1241 4045 1366 4100 dum
1385 4055 1524 4102 esset
1571 4046 1622 4100 in
1647 4059 1885 4116 corpore,

316 4153 424 4207 non
453 4147 536 4194 est
561 4139 848 4193 translatus
872 4139 922 4192 in
951 4137 1261 4192 Christum?
1537 4155 1540 4160 ι

387 4231 442 4284 2.
477 4229 672 4284 Eadem
717 4231 891 4300 itaque
935 4243 1092 4284 causa
1123 4237 1240 4294 est,
1273 4243 1368 4282 cur
1407 4244 1510 4283 non
1551 4240 1736 4284 oretur
1767 4239 1890 4287 tunc

319 4336 416 4390 pro
443 4321 742 4376 hominibus
761 4331 963 4376 aeterno
991 4321 1112 4391 igne
1141 4320 1438 4389 puniendis.
1461 4335 1577 4390 qua:
1603 4335 1760 4376 causa
1785 4331 1889 4390 est,

321 4421 378 4466 ut
405 4427 576 4481 neque
601 4427 759 4477 nunc,
793 4425 965 4481 neque
991 4421 1114 4465 tunc
1141 4420 1322 4464 oretur
1345 4425 1443 4478 pro
1469 4411 1669 4479 angelis
1703 4411 1888 4467 malis:

321 4521 440 4574 qua:
467 4505 646 4559 itidem
674 4520 830 4558 causa
860 4513 940 4559 est
962 4545 976 4564 .
1006 4512 1062 4557 ιιι
1100 4503 1338 4573 quamvis
1381 4517 1478 4571 pro
1525 4501 1824 4556 hominibus
1849 4505 1888 4568 ¹,

325 4605 498 4650 tamen
527 4599 632 4663 jam
662 4610 760 4649 nec
781 4611 920 4649 nunc
949 4603 1132 4648 oretur
1159 4609 1255 4662 pro
1279 4591 1579 4647 inﬁdelibus
1607 4593 1890 4662 impiisque

323 4689 584 4742 defunctis
603 4691 645 4740 ¹.
675 4687 804 4742 Nam
835 4701 930 4756 pro
951 4686 1212 4742 defunctis
1239 4685 1548 4755 quibusdam
1571 4724 1585 4746 ,
1619 4685 1698 4738 vel
1733 4685 1894 4764 ipsius

387 4821 402 4850 ¹
431 4820 548 4868 Fditi
584 4827 706 4880 post,
731 4833 836 4880 ,pro
879 4816 1158 4880 hominibus,
1199 4817 1393 4880 addunt,
1429 4827 1556 4880 nunc
1597 4812 1711 4880 viris
1733 4821 1893 4863 oretur

322 4881 462 4930 etiam
483 4877 622 4930 mulis
650 4893 666 4929 .'
691 4877 950 4942 glossema,
985 4879 1107 4942 quod
1132 4891 1158 4924 a
1181 4878 1432 4942 veteribus
1455 4877 1588 4926 libris
1611 4877 1765 4942 abest.

386 4945 405 4973 ³
441 4949 536 4990 ttoc
556 4943 660 4990 loco
685 4937 866 4990 inserta
890 4937 1072 4988 suntin
1097 4939 1269 4986 t-Zrasmi
1296 4939 1507 4986 L‘tilllttllt‘.
1526 4937 1758 4998 quautam,
1785 4949 1895 4998 quae

321 5003 520 5070 minime
543 5006 853 5064 reperiuntur
871 5003 938 5070 __in
963 4999 1068 5048 aliis
1089 5000 1223 5070 libris
1261 5013 1438 5070 neque
1461 4997 1567 5046 cum
1597 4997 1898 5070 antecedere

325 5065 452 5112 tibus
477 5072 531 5126 et
566 5058 978 5126 subsequentibus
1007 5063 1169 5126 verbis
1195 5058 1614 5126 _satis_‘coh_:crent
1655 5073 1666 5106 :
1710 5058 1897 5108 scilicet

323 5120 746 5186 post,_impiisque'
767 5123 1018 5186 defunctis.
1043 5125 1112 5186 sic
1133 5122 1278 5170 habet
1305 5120 1586 5186 illul-ditio:
1621 5138 1642 5164 ιι
1673 5128 1783 5167 Nam
1804 5135 1820 5186 ι
1841 5135 1894 5168 ro

322 5181 562 5248 defunctis
583 5181 882 5248 quibusdam,
914 5183 1017 5248 vel,
1037 5185 1185 5248 ipsius
1221 5182 1464 5248 Ecclesiae,
1484 5181 1564 5248 vel
1585 5181 1897 5248 quorumdam

327 5247 510 5306 piorum
528 5243 782 5296 exauditur
806 5247 956 5294 oratio
977 5243 1101 5307 ejus,
1125 5245 1236 5293 licet
1250 5245 1330 5305 qui
1355 5245 1402 5307 in
1421 5243 1612 5307 Christo
1626 5244 1780 5307 renati
1803 5257 1896 5307 non

324 5303 446 5356 adeo
467 5309 534 5358 ita
553 5310 676 5358 male
702 5309 910 5358 vixerint
934 5309 980 5354 in
1004 5303 1236 5367 corpore,
1261 5303 1313 5354 ut
1339 5303 1418 5353 tali
1455 5304 1778 5352 misericordia
1809 5303 1895 5367 ha-

325 5369 532 5418 beantur
567 5371 765 5431 indigni,
802 5381 894 5418 nec
931 5365 1179 5431 iivlemjsic
1219 5367 1365 5431 bene,
1391 5373 1446 5413 ιιι
1469 5367 1772 5431 inveniantur
1807 5365 1894 5431 _t_a!_i_

326 5431 653 5480 misericordia
668 5425 771 5480 non
809 5441 980 5488 egere.
1021 5428 1158 5476 't‘alcs
1181 5430 1322 5476 etiam
1361 5433 1544 5476 constat
1584 5434 1696 5474 ante
1736 5425 1897 5485 jndicii

325 5491 462 5541 diem
489 5507 577 5556 per
603 5507 614 5554 ι
633 5505 767 5556 muas
792 5487 1101 5556 temporales,
1118 5501 1236 5550 quas
1253 5501 1420 5556 eorum
1437 5487 1634 5556 spiritus
1654 5491 1896 5556 patiuntur

327 5549 554 5614 purgatos
583 5549 794 5614 receptis
815 5549 1113 5614 corporibus,
1137 5549 1339 5614 :teterni
1365 5549 1492 5608 ignis
1528 5549 1772 5614 suppliciis
1806 5561 1898 5614 non

327 5608 810 5684 tradendos._Quod_si
831 5608 1014 5684 ita'est,
1035 5611 1147 5684 quid
1171 5610 1530 5684 dicenduchst
1627 5609 1716 5684 his,
1743 5610 1837 5684 qui
1851 5611 1898 5684 in

327 5679 470 5730 simili
493 5681 588 5727 vita
613 5671 921 5726 inveniuntur
949 5675 996 5724 in
1019 5671 1101 5722 die
1118 5672 1300 5734 judicii,
1321 5671 1364 5719 id
1386 5676 1619 5734 est,quos_
1630 5671 1896 5730 bujusmodi

329 5740 437 5790 dies
481 5737 564 5787 ille
589 5739 810 5804 viventes
845 5737 1098 5790 invenerit,
1119 5731 1248 5804 ﬁcum
1287 5731 1490 5804 quodam
1513 5731 1653 5804 modo
1677 5743 1897 5804 unamq-

329 5808 496 5852 mcnt')
517 5801 779 5850 moriantur
817 5807 868 5851 et
887 5803 1160 5860 resurgant,
1182 5803 1232 5846 et
1267 5808 1360 5844 non
1383 5799 1444 5843 sit
1480 5799 1702 5855 spatium,
1741 5799 1896 5852 utpro

1481 381 1677 440 LIBER
1721 377 1826 434 VIG
1837 375 2081 432 ESIMUS
2109 375 2373 435 PRIMUS.

3455 381 3560 441 ’138

1999 489 2251 544 Ecclesiae
2269 532 2284 555 ,
2315 493 2399 548 vel
2443 493 2790 563 quorumdam
2819 493 3030 565 piorum
3053 494 3332 550 exauditur
3353 497 3556 554 oratio:

1995 579 2088 634 sed
2135 595 2234 650 pro
2277 582 2358 638 his
2385 599 2608 652 quorum
2638 585 2690 640 in
2733 585 2944 640 Christo
2984 595 3414 656 rcgeneratorum
3457 603 3558 644 nec

1997 687 2165 742 usque
2192 673 2324 730 adeo
2367 677 2469 730 vita
2501 678 2555 731 in
2599 693 2820 748 corpore
2865 679 3006 734 male
3049 689 3196 750 gesta
3225 691 3337 746 est,
3387 690 3446 736 ut
3469 681 3564 736 tali

1995 763 2350 819 misericordia
2367 765 2662 836 judiccntur
2681 770 2821 840 digni
2843 785 2945 826 non
2966 787 3104 839 esse,
3129 787 3224 827 nec
3247 787 3411 844 usque
3429 774 3563 830 adeo

1993 856 2150 924 bene,
2173 867 2230 912 ut
2251 859 2406 913 talem
2429 862 2839 917 misericordiam
2861 864 3193 933 reperiantur
3210 865 3561 920 necessariam

1995 961 2100 1000 non
2133 945 2346 1002 habere.
2379 947 2524 1004 Sicut
2553 951 2710 1004 etiam
2741 952 2871 1006 facta
2899 954 3282 1008 resurrectione
3323 965 3561 1010 mortuo-

1994 1053 2110 1090 rum
2143 1053 2244 1092 non
2276 1039 2498 1094 deerunt
2523 1041 2714 1110 quibus
2741 1053 2860 1112 post
2899 1061 3104 1114 pinnas,
3135 1061 3266 1116 quas
3295 1047 3562 1115 patiuntur

1995 1127 2210 1197 spiritus
2235 1139 2582 1197 mortuorum,
2631 1133 2959 1202 impertiatur
2977 1137 3342 1192 misericordia
3365 1181 3378 1203 ,
3407 1147 3466 1193 ut
3509 1139 3560 1192 in

1994 1217 2168 1286 ignem
2197 1236 2300 1274 non
2327 1223 2599 1278 mittantur
2644 1233 2920 1278 aeternum.
2951 1226 3130 1296 Neque
3169 1229 3308 1283 enim
3340 1207 3406 1284 de
3447 1231 3562 1299 qui-

1995 1308 2214 1364 busdam
2247 1315 2503 1366 veraciter
2529 1313 2819 1382 diceretur,
2845 1317 2984 1385 quod
3023 1333 3127 1371 non
3167 1319 3244 1373 eis
3263 1321 3564 1374 remittatur

1995 1415 2164 1470 neque
2201 1403 2251 1456 in
2300 1405 2398 1459 hoc
2437 1407 2652 1470 saeculo,
2693 1423 2863 1477 neque
2907 1409 2958 1462 in
3005 1408 3179 1464 futuro
3223 1409 3429 1482 (Matth.
3461 1429 3559 1476 xtl.

1995 1490 2084 1560 52)
2105 1533 2119 1554 ,
2148 1493 2244 1548 nisi
2284 1504 2461 1548 essent
2485 1496 2696 1564 quibus,
2723 1499 2821 1552 etsi
2857 1514 2961 1552 non
2995 1500 3046 1553 in
3082 1500 3182 1554 isto
3205 1542 3219 1566 ,
3275 1510 3448 1556 tamen
3478 1518 3566 1556 re-

1995 1581 2232 1636 mittetur
2275 1585 2325 1638 in
2376 1585 2570 1641 futuro.
2607 1587 2710 1642 Sed
2754 1603 2876 1644 cum
2917 1590 3114 1644 dictum
3143 1589 3298 1644 fuerit
3323 1605 3350 1644 a
3379 1591 3564 1646 Judice

1994 1671 2231 1726 vivorum
2263 1685 2418 1743 atque
2455 1687 2804 1743 mortuorum,
2847 1679 3055 1744 Venite,
3102 1681 3343 1734 benedicti
3391 1679 3564 1734 Patris

1995 1764 2110 1830 mei,
2153 1766 2397 1834 possidete
2441 1779 2672 1837 paratum
2716 1771 2850 1824 t'obis
2887 1787 3096 1840 regnum
3139 1787 3172 1824 a
3213 1771 3564 1826 constitutione

1995 1855 2171 1907 mundi
2197 1871 2216 1908 :
2239 1865 2292 1911 et
2319 1857 2437 1911 aliis
2457 1871 2486 1911 e
2513 1859 2802 1924 contrario,
2825 1858 3080 1914 Discedite
3103 1877 3134 1913 a
3158 1877 3256 1926 me,
3287 1861 3558 1926 maledicti,

1993 1943 2048 1998 in
2075 1946 2240 2016 ignem
2263 1958 2502 2003 aeternum
2521 1991 2535 2014 ,
2570 1952 2654 2020 qui
2680 1961 2888 2020 paratus
2911 1963 2981 2007 est
3006 1952 3206 2007 diabolo
3229 1995 3244 2018 ,
3285 1963 3332 2008 et
3373 1955 3565 2025 angelis

1995 2037 2140 2107 ejus;
2163 2045 2236 2103 et,
2267 2038 2419 2093 Ibunt
2449 2041 2530 2094 isti
2555 2043 2607 2095 in
2635 2043 2935 2112 supplicium
2963 2053 3221 2104 teter-num.
3244 2046 3373 2116 justi
3397 2055 3564 2100 autem

1995 2126 2047 2178 in
2085 2128 2236 2180 vitam
2277 2139 2515 2184 aeternam
2553 2131 2680 2198 (Id.
2729 2149 2870 2198 xxv,
2922 2135 3024 2200 54,
3070 2135 3158 2199 4|,
3189 2134 3336 2205 46):
3387 2136 3564 2191 nimia:

1995 2222 2422 2289 prtesumptiouis
2462 2231 2544 2277 est
2572 2223 2746 2279 dicere
2770 2266 2784 2286 ,
2811 2225 3056 2295 cuiquam
3086 2241 3268 2281 eorum
3307 2235 3562 2282 mternum

1995 2312 2306 2380 supplicium
2347 2329 2452 2373 non
2489 2313 2756 2380 futurum,
2807 2331 2940 2387 quos
2973 2317 3109 2373 Deus
3147 2319 3313 2372 ituros
3357 2320 3408 2372 in
3439 2333 3566 2387 sup-

1995 2401 2209 2469 plicium
2255 2403 2388 2458 dixit
2417 2415 2670 2461 aiternum
2689 2447 2704 2467 .
2747 2416 2804 2462 ut
2834 2423 2930 2476 per
2953 2407 3108 2477 hujus
3139 2409 3565 2479 praesumptionis

1997 2497 2388 2562 persuasionem
2421 2497 2612 2562 facere,
2641 2509 2698 2554 ut
2721 2501 2788 2555 de
2826 2501 2937 2570 ipsa
2968 2515 3175 2574 quoque
3213 2501 3318 2556 vita
3357 2501 3444 2557 vel
3471 2501 3566 2557 de-

1995 2597 2238 2655 speretur
2261 2591 2341 2644 vel
2367 2590 2634 2646 dubitetur
2659 2601 2876 2646 :rtcrna.

2067 2679 2119 2732 3.
2159 2677 2324 2734 Nemo
2351 2681 2526 2750 itaque
2567 2682 2644 2736 sic
2681 2683 2934 2752 intelligat
2959 2683 3224 2736 Psalmum
3263 2691 3562 2746 canentem,

1999 2768 2259 2840 Numquid
2293 2773 2604 2828 obliuiscetur
2642 2776 2866 2829 misereri
2895 2775 3028 2830 Deus
3051 2817 3066 2842 ,
3097 2785 3184 2828 aut
3213 2775 3477 2830 continebit
3511 2777 3566 2829 in

1995 2863 2073 2916 ira
2097 2880 2189 2916 sua
2229 2865 2570 2920 miserationes
2611 2884 2728 2921 suas
2764 2867 2945 2935 (Psal.
2979 2883 3158 2931 Lxxvt,
3189 2867 3332 2938 10)?
3371 2877 3428 2923 ut
3453 2869 3568 2940 opi-

1997 2962 2152 3008 netur
2188 2953 2254 3010 de
2287 2953 2584 3011 hominibus
2625 2958 2780 3012 bonis
2815 2975 2993 3013 veram
3015 3002 3029 3026 ,
3057 2960 3123 3012 de
3151 2961 3303 3014 malis
3346 2961 3528 3014 falsam
3549 3003 3564 3022 ,

1996 3053 2086 3096 aut
2114 3043 2180 3098 dc
2203 3045 2356 3100 bonis
2385 3047 2686 3102 hominibus
2716 3057 2768 3101 et
2811 3050 2965 3103 malis
3007 3050 3210 3118 angelis
3249 3065 3428 3104 veram
3449 3091 3464 3114 ,
3496 3050 3564 3106 de

1997 3135 2150 3189 malis
2192 3146 2366 3190 autem
2407 3138 2707 3193 hominibus
2751 3139 2932 3192 falsam
2964 3139 3053 3192 Dei
3083 3153 3200 3194 esse
3227 3139 3563 3193 sententiam.

1998 3225 2109 3280 Hoc
2139 3228 2280 3280 enim
2311 3227 2450 3296 quod
2479 3230 2552 3282 ait
2598 3229 2839 3284 Psalmus
2859 3273 2873 3291 .
2923 3231 2988 3284 ad
3019 3245 3140 3284 vasa
3187 3229 3568 3285 misericordia:

1997 3321 2242 3385 pertinet,
2267 3329 2322 3372 ct
2350 3319 2414 3374 ad
2449 3320 2580 3375 filios
2609 3321 2991 3390 promissionis,
3022 3337 3248 3391 quorum
3290 3332 3403 3375 erat
3429 3335 3567 3375 unus

1995 3410 2152 3480 etiam
2178 3411 2290 3480 ipse
2311 3411 2573 3480 Propheta
2597 3429 2610 3474 ;
2639 3413 2728 3482 qui
2753 3429 2871 3468 cum
2901 3413 3137 3477 dixisset,
3169 3413 3430 3482 Numquid
3451 3412 3568 3466 obli-

1995 3501 2208 3554 viscetur
2248 3501 2472 3555 misereri
2502 3501 2634 3554 Deus
2655 3544 2667 3565 ,
2701 3510 2788 3554 aut
2817 3503 3083 3556 continebit
3111 3503 3162 3556 in
3193 3503 3269 3555 ira
3297 3520 3388 3556 sua
3412 3503 3566 3556 mise-

1993 3593 2210 3646 rationes
2251 3593 2410 3647 suas?
2432 3595 2684 3648 continuo
2704 3593 2945 3662 subjecit,
2981 3593 3044 3648 Et
3073 3595 3197 3656 dixi,
3230 3593 3380 3647 Nunc
3408 3595 3564 3662 ccepi,

1995 3683 2102 3736 lucc
2127 3693 2198 3738 est
2217 3685 2495 3738 immutatio
2522 3685 2737 3738 dextera:
2751 3685 2954 3738 Επείεὶ
2984 3684 3139 3756 (Ibid.
3169 3687 3280 3752 ll).
3309 3685 3570 3753 Exposuit

1993 3775 2228 3844 profecto
2257 3775 2380 3844 quid
2425 3775 2647 3840 dixerit,
2683 3775 2946 3846 Numquid
2983 3777 3244 3830 continebit
3287 3779 3337 3829 in
3367 3778 3444 3830 ira
3472 3793 3565 3829 sua

1983 3863 2336 3919 miserationes
2371 3865 2525 3918 suas?
2572 3864 2650 3918 ira
2696 3865 2836 3924 enim
2863 3866 2954 3920 Dei
2985 3875 3066 3920 est
3113 3867 3272 3920 etiam
3321 3867 3417 3920 ista
3459 3867 3566 3922 vita

1999 3955 2260 4020 mortalis,
2293 3956 2380 4010 ubi
2413 3955 2570 4010 homo
2595 3957 2812 4010 vanitati
2837 3957 3025 4012 similis
3051 3957 3220 4012 factus
3245 3967 3344 4020 est,
3377 3968 3426 4013 et
3455 3957 3568 4012 dies

1994 4045 2109 4116 ejus
2135 4047 2276 4102 velut
2299 4047 2484 4102 umbra
2515 4055 2834 4115 praetereunt
2863 4047 3030 4120 (Psal.
3059 4065 3237 4116 chtu,
3266 4049 3343 4118 4).
3378 4049 3432 4103 ln
3459 4065 3564 4119 qua

1997 4147 2171 4194 tamen
2217 4139 2292 4192 ira
2335 4155 2438 4192 non
2479 4138 2810 4194 obliviscitur
2837 4140 3074 4194 misereri
3105 4139 3242 4194 Deus
3267 4181 3282 4207 ,
3331 4139 3570 4194 faciendo

1996 4229 2161 4284 solem
2197 4243 2349 4282 suum
2380 4229 2504 4283 oriri
2545 4243 2702 4298 super
2728 4230 2896 4284 bonos
2921 4239 2974 4285 et
3001 4229 3198 4292 malos,
3249 4241 3300 4284 et
3339 4229 3572 4302 pluendo

1997 4333 2156 4388 super
2195 4320 2366 4389 justos
2407 4329 2462 4376 et
2491 4320 2751 4390 injustos;
2783 4336 2844 4375 ac.
2884 4323 2960 4376 sic
3004 4337 3107 4375 non
3137 4322 3372 4375 continet
3413 4323 3463 4374 in
3493 4321 3570 4376 ira

1997 4425 2090 4464 sua
2121 4410 2488 4465 miserationes
2517 4427 2638 4464 suas
2667 4411 2877 4480 (Matth.
2924 4429 2977 4476 v,
3005 4412 3130 4478 45):
3162 4413 3492 4480 maximeque
3517 4411 3570 4464 in

1996 4515 2060 4554 eo
2088 4500 2224 4568 quod
2250 4501 2508 4568 expressit
2532 4501 2616 4554 hic
2641 4500 2881 4554 Psalmus
2902 4543 2916 4566 ,
2944 4501 3192 4566 dicendo,
3231 4501 3382 4554 Nunc
3409 4501 3534 4568 ccepi
3552 4542 3569 4566 ,

1999 4589 2104 4642 haec
2142 4598 2212 4641 est
2243 4589 2520 4640 immutatio
2566 4589 2784 4642 dextera:
2809 4589 3015 4643 Excelsi
3037 4609 3053 4650 ;
3100 4592 3348 4660 quoniam
3393 4590 3444 4642 in
3473 4589 3571 4644 hac

1999 4678 2108 4748 ipsa
2139 4677 2584 4730 mrumnosissima
2612 4678 2736 4742 vita,
2767 4695 2884 4750 quin
2911 4681 2986 4732 ira
3019 4680 3112 4734 Dei
3138 4689 3240 4742 est,
3269 4695 3390 4734 vasa
3415 4679 3572 4732 mise-
3647 4753 3654 4758 _

1911 4792 1915 4797 -
1997 4767 2240 4822 ricordize
2261 4777 2428 4822 mutat
2447 4769 2498 4821 in
2521 4769 2730 4832 melius.
2756 4771 2995 4840 quamvis
3016 4771 3186 4825 adhuc
3209 4773 3257 4824 in
3281 4771 3434 4838 hujus
3453 4783 3574 4822 cor-

1997 4859 2257 4928 ruptionis
2285 4859 2493 4914 miseria
2515 4871 2726 4915 maneat
2751 4862 2824 4915 ira
2854 4863 2986 4931 ejus,
3017 4863 3135 4931 quia
3157 4877 3256 4915 nec
3281 4861 3332 4914 in
3361 4861 3470 4929 ipsa
3495 4859 3573 4912 ira

1999 4965 2092 5004 sua
2121 4949 2353 5002 continet
2391 4950 2760 5006 miserationes
2783 4967 2924 5005 suas.
2959 4951 3090 5004 Cum
3119 4965 3247 5018 ergo
3279 4951 3380 5002 isto
3411 4949 3569 5003 modo

2000 5040 2327 5108 compleatur
2356 5040 2514 5095 divini
2549 5041 2690 5095 illius
2731 5043 2920 5096 cantici
2952 5041 3146 5094 veritas
3166 5079 3180 5104 ,
3215 5054 3318 5093 non
3347 5049 3424 5092 est
3453 5053 3570 5092 eam

2001 5145 2218 5184 necesse
2248 5130 2406 5184 etiam
2460 5131 2568 5184 illic
2614 5131 2849 5200 intelligi,
2879 5131 2966 5184 ubi
2995 5145 3099 5184 non
3140 5129 3460 5199 pertinentes
3506 5127 3572 5180 ad

2001 5221 2270 5276 civitatem
2315 5221 2407 5275 Dei
2453 5223 2778 5291 sempiterno
2823 5219 3080 5290 supplicio
3119 5219 3419 5290 punientur.
3467 5215 3573 5271 Sed

2003 5361 2076 5410 eis
2097 5361 2179 5407 aut
2215 5353 2368 5400 oratio
2396 5360 2666 5420 sanctorum
2701 5354 2848 5415 possit
2872 5353 3040 5420 audiri,
3065 5359 3336 5420 amcorum
3361 5354 3474 5420 ante
3493 5349 3572 5420 juf

2000 5409 2176 5472 (licium
2215 5413 2466 5472 temporali
2509 5427 2646 5475 pinna
2695 5409 2924 5476 purgari?
2962 5409 3189 5476 Numquid
3228 5409 3418 5459 dicendi
3455 5409 3577 5476 sunt

2003 5469 2186 5532 aeterno
2203 5477 2306 5543 igni
2321 5469 2328 5472 ’
2344 5469 2584 5543 nunquam
2606 5469 2883 5543 absolvendi
2907 5476 3033 5543 tradi
3054 5469 3194 5537 posse
3215 5469 3577 5543 temporejudi-

2001 5530 2090 5602 cii,
2119 5530 2294 5604 quibus
2311 5530 2472 5604 yitam‘
2483 5537 2629 5586 talem
2654 5539 2822 5604 egisse
2839 5530 3160 5604 concedimus,
3185 5541 3236 5583 ut
3255 5530 3432 5604 siante
3451 5530 3577 5604 judi-

2002 5597 2324 5655 ciuin'mortui
2365 5605 2549 5657 essent,
2573 5597 2824 5659 tetnj'orali
2856 5597 3452 5660 supplicioiac‘sanctornm
3475 5603 3578 5640 ora-

2003 5654 2211 5726 tionibus
2227 5654 2573 5726 mandarentur
2589 5661 2612 5708 γ
2635 5654 2786 5726 ιμἐιιιε
2807 5654 2986 5726 quippe
3009 5658 3227 5726 Ecclesiae
3243 5654 3578 5726 vacuorum:

2001 5713 2113 5776 dam
2137 5725 2320 5786 piorum
2337 5721 2590 5772 exauditur
2605 5713 2776 5782 oratio,
2803 5713 2994 5783 s'ed'pro
3011 5721 3086 5770 bis
3099 5730 3300 5783 quorum
3325 5713 3374 5766 in
3397 5713 3580 5762 Christo

2003 5792 2423 5850 regeneratorum,
2457 5799 2478 5829 ι
2510 5791 2604 5832 etc.
