4078 6486
487 369 590 428 739

483 482 677 555 quibus
693 480 868 552 placet
886 476 1040 535 istam
1057 477 1373 529 sententiam
1391 480 1559 537 usque
1575 463 1642 518 ad
1663 462 1750 517 illa
1773 459 2054 529 impiorum

484 582 749 633 tormenta
778 567 1116 642 protendere,
1143 563 1331 618 saltem
1359 559 1437 614 sic
1462 556 1793 625 intelligant,
1824 562 1880 605 ut
1906 590 1923 617 ,
1946 564 2061 604 ma-

485 677 647 726 nente
677 666 729 720 in
757 664 835 720 cis
875 662 951 716 ira
978 658 1108 721 Dei,
1136 669 1254 725 qua:
1291 652 1344 707 in
1394 660 1594 705 artemo
1616 656 1700 702 est
1729 641 2061 714 pronuntiata

484 758 774 830 supplicio,
817 768 927 810 non
949 750 1219 807 contineat
1244 746 1381 800 Deus
1407 742 1461 797 in
1491 741 1590 795 hac
1610 739 1688 793 ira
1717 751 1814 792 sua
1842 734 2062 790 misera-

488 825 660 908 tiones
686 862 810 901 suas
829 884 843 910 ,
876 852 931 900 et
959 841 1117 897 faciat
1141 852 1237 894 eos
1261 850 1367 890 non
1390 841 1529 889 tanta
1553 836 1749 900 quanta
1776 825 1921 896 digni
1942 829 2065 877 sunt

487 954 767 1015 poenarum
802 936 1079 992 atrocitate
1115 928 1376 993 cruciari;
1409 940 1511 979 non
1550 930 1608 978 ut
1650 934 1744 977 eas
1770 931 1954 990 poenas
1980 916 2067 970 vel

422 1095 431 1104 ,
489 1010 759 1103 nunquam
797 1019 1055 1093 subeant,
1095 1023 1182 1079 vel
1223 1016 1505 1089 aliquando
1532 1015 1737 1079 ﬁniant,
1765 1010 1938 1066 sedut
1975 1021 2068 1063 eas

486 1100 726 1183 mitiores
750 1136 910 1193 quam
938 1117 1127 1175 merita
1157 1122 1280 1170 sunt
1303 1123 1486 1168 eorum
1511 1106 1843 1173 levioresque
1864 1100 2066 1170 patian-

489 1227 594 1272 tur.
621 1214 710 1270 Sic
735 1189 876 1269 enim
898 1218 953 1267 et
974 1210 1052 1264 ira
1080 1207 1171 1262 Dei
1196 1201 1447 1262 manebit,
1472 1207 1525 1253 et
1546 1199 1597 1252 in
1621 1197 1734 1266 ipsa
1751 1195 1827 1249 ira
1848 1206 1942 1247 sua
1966 1189 2070 1245 mi-

482 1306 790 1362 serationes
811 1316 935 1358 suas
954 1314 1059 1355 non
1080 1286 1390 1353 continebit.
1412 1288 1561 1358 Quod
1587 1286 1801 1358 quidem
1823 1298 1929 1339 non
1951 1280 2073 1336 ideo

491 1397 772 1463 conﬁrmo,
800 1393 1051 1464 quoniam
1080 1404 1184 1445 non
1214 1386 1423 1442 resisto.

563 1489 618 1543 4.
657 1487 921 1543 Caeterum
952 1497 1046 1538 eos
1074 1479 1164 1548 qui
1191 1484 1379 1551 putant
1405 1470 1680 1528 minaciter
1704 1466 1881 1538 potius
1916 1478 2075 1535 quam

493 1577 755 1634 veraciter
780 1574 999 1637 dictum,
1032 1568 1279 1625 Discedite
1302 1583 1334 1619 a
1374 1580 1483 1629 me,
1516 1558 1790 1623 maledicti,
1828 1560 1882 1611 in
1911 1556 2074 1626 ignem

492 1678 762 1729 «ternum;
774 1661 1006 1728 et,lbunt
1016 1660 1097 1714 isti
1110 1659 1162 1712 in
1173 1654 1477 1725 supplicium
1487 1661 1725 1707 aeternum
1734 1646 1752 1720 (
1761 1645 1810 1700 Μ
1815 1645 2073 1707 αιιΙι.χχν,

495 1759 586 1824 41,
608 1756 678 1812 46
696 1756 748 1825 );
774 1762 829 1808 et
848 1794 862 1818 ,
889 1748 1257 1805 Cruciabuntur
1278 1745 1332 1799 in
1357 1738 1547 1798 stecula
1570 1739 1870 1794 saeculorum
1892 1733 2074 1808 (Apoc.

500 1864 599 1912 xx,
632 1846 701 1902 10
718 1845 761 1918 ),
789 1851 843 1899 et
861 1882 878 1909 ,
921 1840 1111 1895 Verulis
1130 1853 1302 1893 eorum
1326 1850 1429 1889 non
1464 1832 1721 1896 morietur,
1752 1837 1798 1882 et
1826 1827 1956 1899 ignis
1978 1841 2080 1880 non

497 1915 840 2007 exstinguetur
862 1929 1017 2001 (Isai.
1042 1943 1180 1993 LXVI,
1201 1925 1324 1995 2i),
1345 1935 1399 1980 et
1417 1930 1607 1977 caztera
1629 1915 1949 1988 hujusmodi,
1974 1929 2081 1971 non

502 2037 609 2082 tam
629 2038 751 2095 ego,
777 2037 938 2093 quam
965 2021 1077 2090 ipsa
1103 2017 1373 2086 Scriptura
1401 2012 1575 2067 divina
1598 2008 1901 2080 planissime
1925 2012 2083 2075 atque

500 2121 810 2194 plenissime
849 2112 1118 2184 redarguit
1160 2125 1223 2165 ac
1261 2107 1478 2165 refellit.
1525 2102 1786 2194 Ninivitre
1804 2094 2013 2194 quippe:
2028 2097 2081 2151 in

501 2187 604 2268 hac
638 2211 742 2265 vita
770 2212 994 2278 egerunt
1025 2199 1389 2273 pmnitcntiam
1436 2193 1622 2266 (Jona:
1648 2207 1727 2258 ιιι,
1755 2190 1855 2261 7);
1882 2196 1937 2245 et
1965 2187 2084 2242 ideo

500 2304 825 2360 fructuosam
850 2338 866 2365 ,
909 2296 1054 2352 velut
1094 2294 1147 2348 in
1177 2291 1280 2347 hoc
1324 2302 1453 2359 agro
1489 2284 1812 2342 seminantes
1833 2320 1849 2346 ,
1896 2279 1949 2333 in
1977 2291 2085 2348 quo

502 2397 644 2452 Deus
666 2393 833 2449 voluit
855 2404 976 2448 cum
1005 2383 1255 2457 lacrymis
1280 2377 1554 2441 seminari,
1583 2373 1724 2445 quod
1753 2379 1937 2442 postea
1964 2384 2084 2425 cum

500 2485 683 2540 laetitia
710 2490 999 2538 meteretur
1032 2474 1214 2547 (Psal.
1240 2485 1404 2536 (ιχχν,
1431 2466 1521 2541 6):
1550 2475 1603 2521 et
1630 2473 1805 2519 tamen
1831 2462 1950 2532 quis
1991 2474 2086 2516 ne—

500 2576 666 2647 gabit,
699 2572 840 2644 quod
870 2569 1126 2625 Dominus
1170 2560 1436 2635 prmdixit,
1469 2559 1520 2613 in
1548 2557 1627 2612 eis
1655 2555 1818 2610 fuisse
1846 2552 2086 2622 comple-

505 2676 641 2731 tum,
675 2665 775 2719 nisi
808 2675 993 2731 parum
1024 2656 1285 2717 advertat,
1307 2647 1756 2722 quemadmodum
1784 2653 2089 2715 peccatores

501 2759 645 2813 Deus
665 2772 768 2810 non
789 2752 959 2808 solum
980 2750 1164 2814 iratus,
1182 2758 1365 2801 verum
1386 2742 1543 2797 etiam
1564 2739 1844 2794 miseratus
1861 2733 2088 2791 evertat?

500 2849 823 2906 Evertuntur
846 2842 988 2900 enim
1016 2846 1320 2911 peccatores
1361 2832 1565 2889 duobus
1584 2829 1755 2885 modis
1775 2869 1791 2896 ,
1818 2836 1907 2883 aut
1949 2828 2089 2883 sicut

502 2938 814 3003 Sodomittn,
834 2946 890 2990 ut
908 2949 1005 3005 pro
1028 2933 1254 3003 peccatis
1279 2927 1389 2981 suis
1405 2924 1502 2995 ipsi
1524 2922 1764 2977 homines
1783 2920 2083 2991 puniantur,

506 3041 603 3087 aut
628 3029 762 3084 sicut
798 3024 1066 3088 Ninivitte,
1112 3027 1174 3075 ut
1214 3019 1327 3087 ipsa
1366 3012 1636 3069 hominum
1664 3019 1878 3081 peccata
1917 3008 2088 3079 paeni-

500 3120 661 3178 tendo
700 3118 1068 3174 destruantur.
1112 3109 1334 3165 Factum
1379 3113 1463 3160 est
1499 3117 1627 3174 ergo
1669 3099 1809 3172 quod
1842 3097 2088 3169 praedixit

506 3213 681 3268 Deus:
712 3222 898 3264 eversa
925 3213 1008 3260 est
1031 3201 1223 3258 Ninive
1248 3212 1369 3269 qum
1396 3195 1536 3250 mala
1563 3201 1698 3262 erat,
1721 3202 1774 3248 et
1798 3192 1933 3248 bona
1959 3189 2087 3245 redi-

499 3300 654 3357 ficata
679 3307 761 3354 est
789 3312 906 3367 qua:
935 3307 1042 3349 non
1070 3299 1206 3347 erat.
1234 3285 1506 3345 Stantibus
1525 3283 1667 3341 enim
1694 3280 1958 3338 mtenibus
2000 3287 2084 3333 at-

507 3406 615 3463 que
634 3388 901 3454 domibus,
923 3396 1107 3440 eversa
1127 3391 1209 3436 est
1228 3379 1415 3435 civitas
1435 3376 1485 3431 in
1503 3374 1718 3446 perditis
1734 3371 1969 3427 moribus
1984 3368 2081 3441 (a).

502 3461 583 3539 Ac
611 3482 689 3537 sic
712 3477 953 3550 quamvis
973 3473 1235 3543 Propheta
1262 3469 1422 3526 fuerit
1448 3465 1810 3530 contristatus,
1836 3461 1956 3532 quia
1978 3475 2083 3516 non

501 3582 590 3629 est
634 3572 833 3627 factum
880 3566 1022 3637 quod
1048 3565 1122 3619 illi
1148 3561 1394 3618 homines
1432 3559 1717 3613 timuerunt
1742 3554 1831 3610 illo
1856 3550 2085 3626 prophe-

502 3671 650 3720 tante
694 3670 981 3715 venturum
1016 3652 1301 3726 (lontelv,
1332 3648 1508 3720 L3):
1558 3647 1752 3702 factum
1796 3652 2080 3700 esttamen

503 3751 645 3823 quod
694 3751 865 3805 fuerat
912 3747 1022 3802 Deo
1072 3743 1388 3815 prtesciente
1435 3738 1779 3809 praedictum;
1832 3734 2082 3806 quoniam

505 3850 727 3898 noverat
755 3840 845 3911 qui
892 3836 1137 3908 praedixit
1158 3875 1174 3903 ,
1206 3831 1472 3905 quomodo
1502 3831 1553 3884 in
1597 3829 1789 3885 melius
1813 3836 1956 3885 esset
1979 3827 2082 3883 im—

508 3933 783 4006 piendum.

575 4027 630 4081 5.
674 4025 739 4080 Ut
766 4033 942 4079 autem
971 4018 1215 4075 noverint
1242 4015 1328 4070 isti
1353 4014 1404 4069 in
1431 4026 1739 4084 perversum
1787 4010 2086 4066 miscricor-

507 4117 606 4172 des
652 4130 759 4184 quo
797 4112 1060 4183 pertineat
1099 4107 1237 4177 quod
1274 4105 1525 4173 scriptum
1556 4112 1672 4168 cst,
1720 4102 1885 4168 Quam
1928 4101 2085 4155 multa

507 4202 777 4258 multitudo
826 4199 1102 4256 dulcedinis
1144 4206 1244 4250 tua:
1263 4236 1280 4262 ,
1311 4194 1529 4250 Domine
1550 4235 1566 4259 ,
1591 4208 1742 4263 quant
1783 4191 2085 4246 abscondisti

505 4291 791 4347 timentibus
834 4289 917 4344 te!
962 4290 1136 4358 legant
1164 4284 1302 4355 quod
1327 4284 1582 4353 sequitur,
1640 4282 1892 4352 perfecisti
1916 4292 2082 4335 autem

504 4383 821 4455 sperantibus
846 4382 899 4435 in
952 4388 1000 4434 te
1050 4376 1233 4448 (Psal.
1259 4390 1388 4439 xxx,
1416 4372 1552 4443 20).
1574 4371 1712 4441 Quid
1732 4381 1833 4439 est,
1863 4371 2086 4426 Abscon-

507 4476 628 4530 disti
668 4472 974 4537 timentibus,
1040 4467 1294 4540 perfecisti
1334 4465 1672 4536 sperantibus,
1716 4463 1817 4519 nisi
1838 4463 1956 4534 quia
1982 4462 2085 4517 illis

503 4568 599 4638 qui
648 4567 840 4620 timore
869 4576 1145 4635 prunarum
1190 4573 1341 4614 suam
1362 4558 1547 4612 volunt
1590 4555 1848 4625 justitiam
1891 4552 2086 4609 consti-

511 4668 661 4712 tuere
679 4670 801 4725 quae
825 4655 876 4708 in
902 4653 1016 4722 lege
1035 4658 1137 4718 cst,
1163 4665 1269 4705 non
1295 4657 1375 4703 est
1395 4647 1595 4718 justitia
1607 4645 1701 4701 Dei
1719 4644 1886 4701 dulcis
1910 4644 2082 4715 (Rom.

511 4766 569 4819 χ,
599 4747 678 4819 5),
703 4746 827 4817 quia
851 4744 1094 4800 nesciunt
1115 4741 1261 4797 eam?
1278 4739 1394 4795 Non
1418 4739 1557 4793 enim
1579 4744 1920 4807 gnstavcrunt
1944 4750 2082 4791 eam.

510 4839 568 4893 ln
590 4854 649 4894 se
678 4850 908 4905 namque
930 4842 1168 4903 Sperant,
1195 4831 1369 4885 nonin
1398 4832 1547 4900 ipso:
1574 4836 1628 4883 et
1653 4826 1772 4883 ideo
1786 4827 1865 4882 eis
1888 4827 2086 4882 abcon—

508 4932 651 4986 ditur
677 4926 963 4984 multitudo
991 4922 1288 4980 dulcedinis
1316 4920 1444 4985 Dei;
1471 4919 1720 4988 quoniam
1759 4919 1944 4973 timent
1970 4918 2086 4988 qui-

510 5020 633 5074 dem
674 5020 864 5085 Deum,
895 5016 989 5072 sed
1030 5015 1120 5069 illo
1163 5014 1352 5067 timore
1398 5008 1578 5062 servili
1597 5045 1621 5074 ,ι
1639 5008 1729 5078 qui
1772 5024 1876 5063 non
1925 5009 2082 5064 estin

509 5110 790 5175 charitate,
817 5107 937 5177 quia
964 5103 1194 5175 perfecta
1222 5100 1453 5156 charitas
1479 5100 1625 5153 foras
1654 5099 1812 5153 mittit
1840 5100 2082 5154 timorem

511 5201 558 5271 (ι
572 5199 729 5256 Joan.
759 5215 831 5264 tv,
857 5196 967 5267 18).
990 5195 1113 5251 ideo
1127 5192 1464 5265 sperantibus
1486 5191 1538 5245 in
1552 5204 1674 5246 eum
1694 5189 1898 5258 perlicit
1908 5189 2087 5245 dulce-

513 5290 690 5343 dinem
705 5302 876 5349 suam,
899 5284 1201 5356 inspirando
1217 5285 1296 5340 eis
1311 5282 1618 5338 charitatcm
1637 5293 1810 5344 suam,
1829 5289 1884 5333 ut
1898 5281 2085 5336 timore

513 5387 682 5444 casto,
710 5394 815 5433 non
840 5393 996 5448 quem
1018 5376 1250 5432 charitas
1270 5375 1410 5430 foras
1432 5372 1609 5435 mittit,
1631 5371 1722 5427 sed
1745 5382 2087 5440 permanente

514 5470 565 5522 in
621 5468 869 5521 sarculum
899 5469 1074 5523 sasculi
1100 5466 1269 5538 (Psal.
1294 5481 1440 5531 xvnt,
1467 5464 1576 5535 10),
1606 5477 1724 5517 cum
1774 5463 2081 5532 gloriantur,

515 5561 568 5615 in
601 5559 821 5613 Domino
846 5559 1371 5630 glorienturJustitia
1391 5557 1686 5631 quippcl)ci
1714 5555 1953 5613 Christus
1981 5564 2080 5623 est,

579 5759 653 5823 (a)
688 5757 816 5811 conf.
840 5764 999 5811 Enarr.
1019 5760 1140 5812 i‘sal.
1166 5779 1211 5824 L,
1235 5777 1283 5812 ιι.
1325 5764 1394 5812 Η.

1557 348 1647 406 DE
1681 344 2003 405 CIVITATE
2042 343 2173 413 DEI,
2214 342 2273 399 8.
2313 339 2674 399 AUGUSTINI

3628 336 3738 391 7st)

2168 458 2255 529 qui
2296 460 2459 529 {actus
2479 467 2551 512 est
2593 456 2756 523 nobis,
2779 455 2918 511 sicut
2940 454 3068 509 dicit
3087 454 3370 524 Apostolus
3386 492 3404 520 ,
3432 454 3681 521 sapientia
3707 469 3742 506 a

2166 546 2299 614 Dco,
2318 556 2365 601 et
2381 548 2583 619 justitia
2604 562 2624 613 ;
2649 559 2694 602 et
2715 547 3068 617 sanctiﬁcatio,
3084 554 3130 599 et
3142 545 3414 614 redemptio
3437 560 3456 599 :
3477 556 3531 599 ut
3562 561 3742 615 quem-

2168 638 2440 693 admodum
2482 637 2721 707 scriptum
2757 645 2828 690 est
2847 677 2863 701 ,
2894 634 2994 703 Qui
3016 635 3283 707 gloriatur,
3308 635 3361 689 in
3383 633 3602 689 Domino
3624 633 3747 705 glo-

2168 731 2325 785 rietur
2350 730 2391 802 (l
2407 729 2523 786 Cor.
2547 746 2585 797 ι,
2617 730 2686 785 50
2702 741 2746 784 et
2763 730 2822 785 5i
2837 729 2873 800 ).
2904 728 3050 784 llanc
3061 729 3153 784 Dei
3168 728 3448 798 justitiam,
3468 742 3625 799 quam
3647 726 3749 782 do-

2170 820 2440 892 natgratia
2457 820 2572 877 sine
2596 820 2819 888 meritis,
2842 820 3083 874 nesciunt
3108 818 3183 873 illi
3212 818 3301 889 qui
3320 833 3469 873 suam
3483 818 3746 888 justitiam

2175 912 2357 967 volunt
2376 912 2720 980 constituere,
2747 921 2801 967 ct
2826 912 2945 967 ideo
2962 908 3179 980 justitire
3197 910 3314 977 Dei,
3343 909 3481 980 quod
3500 909 3748 964 Christus

2172 1011 2274 1065 est,
2304 1018 2410 1057 non
2438 1012 2562 1059 sunt
2589 1003 2808 1072 subjecti
2831 1003 2850 1073 (
2870 1001 3021 1057 liam.
3048 1018 3102 1069 χ,
3128 1001 3208 1072 5).
3231 1000 3287 1055 In
3310 1015 3413 1071 qua
3432 999 3635 1070 justitia
3663 1007 3751 1054 est

2175 1093 2343 1149 multa
2372 1093 2651 1149 multitudo
2673 1092 2968 1149 dulcedinis
2986 1092 3109 1157 Dei,
3128 1099 3345 1161 propter
3369 1105 3526 1161 quam
3554 1089 3751 1145 dicitur

2177 1186 2229 1240 in
2254 1186 2482 1252 Psalmo,
2516 1186 2743 1250 Gustate,
2770 1194 2816 1239 et
2843 1184 3004 1239 videte
3029 1200 3179 1255 quam
3203 1183 3370 1237 dulcis
3398 1192 3470 1237 est
3496 1180 3752 1236 Dominus

2160 1278 2363 1350 .(Psal.
2395 1293 2579 1346 χχχιιι,
2606 1277 2700 1349 9).
2732 1278 2799 1332 Et
2828 1278 2962 1332 hanc
2994 1275 3209 1346 quidem
3253 1276 3306 1329 in
3362 1274 3461 1329 hac
3510 1272 3750 1344 peregri-

2177 1372 2391 1426 natione
2414 1381 2704 1442 gustantes,
2729 1386 2832 1426 non
2855 1371 2922 1426 ad
2946 1371 3242 1427 satietatem
3267 1377 3557 1435 sumentes,
3582 1366 3724 1423 esuri

2180 1476 2298 1516 mus
2326 1477 2442 1516 eam
2489 1462 2663 1530 potius
2689 1476 2753 1517 ac
2777 1461 2985 1518 sitimus
3003 1502 3017 1525 ,
3043 1473 3095 1516 ut
3123 1477 3185 1515 ea
3212 1469 3391 1530 postea
3415 1467 3747 1522 saturentur,

2180 1567 2303 1607 cum
2344 1552 2643 1606 videbimus
2689 1567 2807 1606 eum
2851 1552 3006 1608 sicuti
3032 1562 3113 1607 est
3142 1550 3373 1621 (lJoan.
3400 1565 3478 1616 ιιι,
3524 1548 3656 1618 2,),
3697 1558 3752 1603 et

2182 1643 2486 1713 implebitur
2512 1643 2651 1714 quod
2681 1643 2935 1713 scriptum
2971 1651 3086 1709 est,
3119 1642 3418 1708 Saturabor,
3446 1656 3562 1695 cum
3586 1639 3755 1693 mani-

2183 1734 2443 1805 festabitur
2491 1734 2658 1805 gloria
2703 1743 2791 1788 tua
2832 1732 3021 1806 (l‘sal.
3075 1748 3197 1796 χιιι,
3246 1733 3373 1803 15).
3429 1731 3502 1786 ita
3549 1730 3756 1800 perﬁcit

2183 1824 2427 1879 Christus
2466 1826 2686 1880 multam
2716 1824 3106 1880 multitudinem
3148 1824 3448 1881 dulcedinis
3474 1837 3585 1876 sure
3627 1836 3759 1892 spe-

2184 1916 2424 1971 rantibus
2447 1916 2502 1970 in
2520 1916 2840 1972 eum.Porro
2858 1924 3031 1972 autem
3052 1916 3096 1971 si
3115 1930 3256 1981 eam,
3277 1930 3436 1986 quam
3457 1915 3530 1970 illi
3552 1921 3758 1984 putant,

2184 2005 2515 2061 dulcedinem
2536 2022 2684 2061 suam
2703 2006 2843 2062 Deus
2860 2004 3132 2062 abscondit
3154 2006 3457 2061 timentibus
3469 2019 3591 2060 eum
3613 2019 3718 2074 qua
3734 2003 3758 2036 '

2187 2113 2295 2152 non
2321 2105 2403 2152 est
2424 2097 2612 2166 impios
2637 2096 2999 2162 damnaturus,
3028 2104 3085 2150 ut
3108 2095 3210 2150 hoc
3229 2095 3525 2150 nescientes
3544 2093 3759 2149 etdam-

2188 2188 2304 2243 nari
2346 2188 2592 2243 timentes
2636 2197 2781 2243 recte
2808 2187 3041 2251 vivanl,‘
3074 2200 3137 2241 ac
3158 2185 3236 2241 sic
3261 2185 3464 2254 possint
3509 2199 3629 2240 esse
3670 2184 3763 2253 qui

2187 2288 2344 2335 orent
2361 2295 2458 2349 pro
2482 2295 2589 2336 non
2610 2290 2758 2336 recte
2784 2279 3111 2343 viventibus;
3135 2276 3399 2347 quomodo
3416 2292 3533 2332 eam
3556 2275 3762 2347 perlicit

2166 2371 2527 2441 sperantibus
2555 2371 2610 2425 in
2638 2386 2758 2426 eum
2775 2412 2791 2438 ,
2818 2369 3239 2441 quandoquidem
3259 2408 3275 2435 ,
3299 2368 3437 2425 sicut
3459 2366 3761 2434 somniant,

2192 2478 2287 2532 per
2314 2462 2452 2519 hanc
2475 2462 2808 2520 dulcedinem
2849 2478 2953 2518 non
2984 2462 3327 2516 damnaturus
3372 2469 3455 2516 est
3496 2473 3628 2525 eos,
3672 2458 3763 2529 qui

2191 2573 2297 2614 non
2327 2567 2544 2628 sperant
2572 2558 2623 2612 in
2649 2557 2814 2613 eum?
2841 2556 2933 2610 llla
2970 2555 3126 2625 igitur
3153 2554 3269 2623 ejus
3304 2552 3531 2608 dulcedo
3549 2565 3765 2620 qumra-

2194 2660 2279 2707 tur
2301 2666 2460 2721 quam
2492 2649 2698 2719 perficit
2725 2647 3060 2719 sperantibus
3083 2647 3137 2701 in
3165 2662 3308 2713 eum,
3336 2662 3444 2701 non
3470 2660 3624 2715 quam
3651 2659 3767 2713 pcr-

2193 2744 2352 2799 ticerc
2405 2751 2621 2812 putatur
2677 2739 3141 2798 contemnentibus
3179 2747 3236 2795 et
3278 2735 3766 2806 blasphemantibus

2192 2850 2337 2891 cum.
2368 2834 2585 2889 Frustra
2622 2833 2799 2904 itaque
2822 2834 2981 2888 homo
3007 2841 3127 2900 post
3155 2830 3258 2885 hoc
3298 2844 3493 2898 corpus
3523 2827 3764 2898 inquirit,

2192 2924 2331 2995 quod
2362 2925 2414 2979 in
2451 2924 2555 2980 hoc
2579 2939 2803 2993 corpore
2826 2922 2928 2977 sibi
2949 2935 3259 2989 comparare
3284 2918 3580 2989 neglexit’.

2260 3018 2316 3074 6.
2356 3016 2487 3072 Illud
2526 3030 2739 3087 quoque
2764 3014 3134 3084 apostolicum,
3163 3011 3417 3067 Conclusit
3451 3010 3585 3065 enim
3623 3008 3768 3065 Deus

2190 3126 2362 3166 omnes
2392 3110 2446 3163 in
2491 3108 2806 3177 inﬁdelitate,
2843 3114 2898 3160 ut
2918 3106 3140 3160 omnium
3168 3104 3495 3161 misereatur:
3517 3114 3620 3155 non
3643 3100 3767 3155 ideo

2189 3198 2387 3257 dictum
2409 3207 2511 3265 est;
2540 3198 2679 3269 quod
2704 3196 2968 3253 neminem
2991 3195 3059 3251 sit
3082 3195 3455 3251 damnaturus:
3481 3191 3575 3248 sed
3602 3206 3766 3261 supe-

2190 3290 2301 3345 rius
2325 3298 2546 3360 apparet
2582 3288 2725 3344 unde
2768 3288 2839 3342 sit
2878 3287 3101 3342 dictum.
3128 3283 3261 3340 Nam
3298 3299 3419 3340 cum
3462 3282 3531 3339 de
3563 3281 3766 3338 Judau's

2188 3389 2372 3452 postea
2401 3379 2684 3436 crcdituris
2710 3378 2994 3447 Apostolus
3022 3375 3329 3444 loqueretur
3355 3372 3421 3429 ad
3449 3372 3667 3437 Gentes,
3695 3370 3765 3425 ad

2187 3488 2320 3543 quas
2366 3471 2549 3540 utique
2586 3470 2696 3541 jam
2747 3468 3024 3525 credentes
3061 3465 3431 3524 conscribebat
3474 3464 3763 3534 epistolas:

2187 3563 2332 3621 Sicut
2354 3565 2486 3618 enim
2520 3579 2606 3618 cos
2624 3604 2639 3628 ,
2673 3562 2857 3632 inquit,
2890 3560 3162 3631 aliquando
3185 3576 3285 3614 non
3310 3558 3592 3614 credidistis
3613 3556 3725 3612 Deo
3745 3599 3765 3625 ,

2185 3672 2320 3711 nunc
2344 3665 2510 3710 autem
2546 3654 2940 3709 misericordiam
2982 3651 3234 3708 consecuti
3260 3651 3375 3705 estis
3398 3649 3603 3704 illorum
3633 3649 3654 3681 ³
3680 3651 3766 3704 in-

2186 3740 2513 3806 credulitate;
2541 3741 2613 3793 sic
2635 3748 2681 3794 et
2709 3739 2763 3794 Iti
2787 3753 2921 3792 nunc
2949 3754 3048 3791 non
3070 3734 3388 3791 crediderunt
3413 3736 3466 3789 in
3485 3744 3646 3789 uestra
3672 3734 3768 3788 mi-

2185 3834 2480 3899 sericordia,
2502 3843 2558 3886 ut
2585 3841 2631 3886 et
2651 3831 2749 3900 ipsi
2773 3829 3164 3885 misericordiam
3189 3835 3558 3897 consequantur
3583 3824 3762 3895 (Rom.

2186 3943 2261 3993 χι,
2279 3925 2495 3999 31,52).
2521 3926 2717 3984 Deinde
2736 3924 2979 3996 subjecit,
2995 3922 3132 3978 unde
3152 3921 3236 3977 isti
3255 3921 3352 3976 sibi
3375 3920 3600 3975 errando
3618 3920 3765 3975 blan-

2187 4020 2422 4085 diuntur,
2470 4028 2628 4090 atque
2654 4020 2746 4083 ait,
2773 4016 3028 4072 Conclusit
3055 4015 3187 4069 enim
3218 4012 3267 4066 D
3299 4029 3361 4066 us
3397 4026 3572 4066 omnes
3601 4012 3653 4065 in
3682 4011 3765 4063 in-

2188 4114 2445 4184 ﬁdelitate,
2478 4122 2532 4166 ut
2556 4111 2777 4164 omnium
2805 4110 3115 4164 misereatur.
3144 4105 3291 4174 Quos
3318 4117 3538 4168 omnes,
3568 4102 3670 4157 nisi
3699 4101 3764 4155 de

2188 4206 2378 4275 quibus
2409 4203 2722 4272 loquebatur
2743 4243 2758 4265 ,
2791 4208 3038 4271 tanquam
3065 4197 3282 4261 dicens,
3314 4203 3369 4249 ct
3395 4208 3489 4249 vos
3525 4204 3579 4248 et
3610 4191 3764 4246 illos?

2193 4298 2330 4351 Deus
2356 4310 2483 4365 ergo
2522 4305 2573 4349 ct
2602 4293 2839 4350 Gentiles
2877 4301 2931 4347 et
2957 4290 3170 4347 Judmos
3192 4329 3207 4355 ,
3238 4303 3370 4357 quos
3415 4285 3681 4356 praess-ivit
3708 4294 3762 4338 et

2191 4387 2585 4457 prahdestinavit
2609 4387 2910 4442 conlormes
2937 4383 2960 4415 ‘
2987 4382 3227 4453 imaginis
3245 4380 3363 4436 Filii
3388 4379 3469 4434 sui
3496 4377 3620 4449 (Id.
3650 4393 3759 4442 vm,

2188 4477 2333 4552 29),
2374 4494 2561 4535 omnes
2601 4478 2651 4532 in
2709 4476 3018 4531 infidelitate
3053 4472 3350 4530 conclusit:
3381 4479 3442 4552 ut
3468 4469 3537 4525 de
3574 4468 3765 4522 amari-

2191 4544 2371 4630 tudine
2387 4572 2705 4629 infidelitatis
2724 4586 2831 4625 sua:
2854 4568 3156 4640 pmnitendo
3174 4544 3405 4630 confusi;
3428 4573 3486 4620 et
3502 4562 3569 4619 ad
3587 4563 3765 4618 dulce-

2189 4668 2366 4723 dinem
2387 4663 2763 4719 misericordia:
2789 4662 2876 4716 Dei
2897 4659 3163 4716 credendo
3187 4656 3451 4717 conversi,
3471 4654 3764 4711 clamarent

2189 4758 2320 4815 illud
2339 4758 2388 4812 in
2413 4756 2643 4821 Psalmo,
2677 4754 2840 4819 Quam
2873 4751 3031 4805 multa
3054 4744 3320 4803 multitudo
3347 4746 3625 4803 dulcedinis
3646 4755 3760 4797 tum.

2188 4850 2424 4915 Domine,
2445 4863 2595 4919 quam
2612 4843 2912 4900 abscondisti
2933 4840 3213 4895 timentibus
3239 4848 3302 4903 te,
3329 4836 3581 4908 perfeciin
3601 4844 3765 4888 autem

2189 4941 2522 5015 sperantibus,
2545 4944 2721 4995 nonin
2748 4953 2824 4999 se,
2842 4935 2934 4991 scd
2958 4936 3011 4989 in
3035 4934 3116 4991 te!
3139 4931 3383 4988 Omnium
3413 4930 3591 4999 itaque
3605 4927 3765 4981 mise-

2189 5046 2336 5092 retur
2363 5048 2610 5089 vasorum
2636 5028 3030 5086 misericordiae.
3070 5026 3207 5094 Quid
3236 5032 3318 5080 est
3342 5065 3356 5089 ,
3387 5019 3663 5077 omnium?
3705 5019 3766 5073 Et

2189 5142 2374 5185 eorum
2400 5124 2605 5178 scilicet
2630 5136 2762 5191 quos
2788 5135 2856 5175 ex
2883 5117 3138 5174 Gentibus
3158 5158 3172 5181 ,
3226 5124 3280 5170 et
3318 5129 3502 5169 eorum
3542 5126 3677 5182 quos
3700 5126 3762 5165 ex

2189 5220 2385 5278 Judazis
2402 5213 2809 5287 prcedestinavit,
2831 5208 3056 5274 vocavit,
3075 5206 3400 5277 justilicavit,
3417 5203 3760 5274 gloriﬁcavit;

2253 5387 2271 5418 ¹
2305 5382 2408 5433 Sola
2433 5381 2578 5431 editio
2597 5386 2727 5437 t.ov.,
2746 5376 2858 5441 quia
2884 5390 2900 5430 :
2923 5376 3082 5441 minus
3096 5375 3246 5441 bene.

2251 5448 2272 5478 ι
2298 5428 2412 5493 {ind
2440 5428 2571 5491 ita;
2598 5428 2650 5491 et
2673 5428 2771 5498 Er;
2788 5428 2986 5489 Frustra
3028 5438 3186 5500 itaque
3207 5435 3360 5500 [ramo
3388 5430 3576 5500 positus
3594 5432 3645 5481 in
3681 5428 3763 5478 hoc

2190 5505 2715 5576 corpore,_occultorum
2736 5495 3027 5562 iudiciorum
3062 5495 3149 5552 Diei
3174 5495 3267 5548 sibi
3302 5495 3517 5546 notitiam
3536 5501 3764 5556 arrogant

2224 5576 2453 5620 ι’ωδιιηιιι.

2189 5586 2235 5635 p’
2247 5586 2511 5687 (ξῗῖξίΐίη
2525 5625 2732 5677 illorum.
2757 5627 2917 5687 Abest,
2937 5623 3007 5682 in,
3024 5633 3053 5671 a
3073 5619 3425 5687 manmcriptis,

2250 5691 2273 5724 ⁸
2304 5672 3016 5750 iiié'édiii's'diiQuirinius2
3039 5684 3165 5747 quod
3193 5672 3393 5750 verbum
3417 5684 3466 5731 in
3487 5674 3690 5744 Epistula
3710 5672 3768 5725 ad

2196 5763 2439 5812 Romanos,
2457 5768 2518 5802 vn
2538 5786 2552 5811 ,
2577 5751 2653 5810 29,
2681 5746 2929 5813 praeterire
2948 5746 3073 5798 solet
3099 5747 3399 5809 augustioris.
