4078 6474
277 379 368 435 τιι

277 529 378 566 non
403 512 638 566 omnium
663 512 954 578 lnnninum,
987 511 1078 567 sed
1101 511 1320 568 istorum
1341 513 1574 572 omnium
1597 511 1858 566 neminem

277 605 644 658 damnaturus.

273 733 502 789 CAPUT
551 734 717 790 XXV.
743 764 811 774 —
853 735 930 790 An
965 735 1018 788 lii
1043 737 1127 804 qui
1171 739 1300 790 inter
1338 737 1595 790 Iucrcticos
1621 735 1859 804 baptizati

343 835 480 890 sunt,
511 836 558 880 et
583 827 850 882 deteriores
877 837 1048 896 postea
1077 828 1208 882 male
1239 829 1442 884 vivendo
1467 831 1590 900 facti
1618 837 1755 894 sunt,
1783 837 1859 889 vel

347 918 506 986 ltiqui
534 918 674 988 apud
721 917 1004 972 Catholicos
1031 921 1194 972 renati
1237 919 1306 972 ad
1353 921 1565 974 Ita’reses
1597 929 1682 972 aut
1727 919 1860 972 sciti-

343 1018 510 1061 smata
536 1009 840 1062 transierunt
864 1047 882 1076 ,
923 1009 1000 1062 uel
1023 1009 1078 1062 Ιιὶ
1101 1010 1182 1078 qui
1213 1025 1244 1062 a
1274 1009 1543 1064 Catltolicis
1564 1009 1703 1080 apud
1731 1025 1856 1078 quos

339 1100 503 1152 renati
531 1110 667 1164 sum,
699 1117 800 1154 non
824 1099 1121 1164 recedentes,
1149 1100 1414 1156 criminose
1435 1103 1598 1156 vivere
1627 1102 1853 1173 perstite-

337 1199 459 1242 runt
479 1229 495 1255 ,
526 1189 718 1258 possint
753 1190 1014 1260 privilegio
1041 1190 1488 1246 Sacramentorum
1518 1193 1854 1246 remissionem

339 1281 516 1334 (sterni
541 1297 748 1350 sperare
775 1281 1033 1352 supplicii.

340 1414 394 1467 l.
425 1411 530 1468 Sed
549 1413 658 1482 jam
681 1413 1095 1483 respondeamus
1119 1413 1276 1468 etiam
1301 1413 1426 1478 illis,
1449 1413 1536 1484 qui
1555 1429 1658 1468 non
1680 1413 1852 1468 solum

267 1503 483 1558 diabolo
526 1511 579 1558 et
603 1503 804 1573 angelis
841 1503 990 1573 ejus,
1029 1505 1164 1558 sicut
1195 1519 1294 1558 nec
1331 1504 1454 1569 isti,
1487 1503 1580 1558 sed
1613 1519 1680 1558 ne
1725 1503 1852 1572 ipsis

267 1593 484 1663 quidem
531 1593 780 1648 omnibus
825 1593 1126 1648 hominibus
1155 1595 1520 1649 liberationem
1559 1594 1626 1648 ab
1653 1604 1852 1648 mterno

267 1683 388 1751 igne
421 1684 764 1752 promittunt;
798 1699 982 1738 verum
1030 1685 1108 1738 cis
1137 1691 1339 1738 tantmn
1385 1683 1474 1752 qui
1513 1683 1708 1738 Christi
1751 1683 1852 1738 Ba-

267 1773 520 1842 ptismate
548 1773 776 1828 ablutiet
799 1773 1036 1844 corporis
1055 1773 1169 1842 ejus
1190 1781 1244 1828 et
1265 1773 1538 1842 sanguinis
1567 1773 1850 1842 participes

269 1863 400 1919 facti
427 1873 570 1931 sunt,
595 1866 992 1936 quomodolibet
1023 1867 1270 1933 vixerint,
1301 1867 1354 1920 in
1379 1883 1712 1938 quacumque
1737 1867 1848 1922 luc-

266 1959 372 2011 resi
418 1958 500 2012 vel
545 1958 813 2028 impietate
861 1959 1058 2014 fuerint
1105 1961 1206 2031 (a).
1258 1961 1363 2015 Sed
1407 1961 1720 2016 contradicit
1767 1961 1845 2015 eis

266 2049 576 2117 Apostolus,
607 2049 790 2106 dicens
815 2069 828 2104 :
851 2051 1124 2124 Manifesta
1151 2063 1316 2106 autem
1335 2059 1450 2104 sunt
1477 2069 1630 2122 opera
1659 2052 1845 2119 carnis,

265 2156 380 2209 quae
405 2149 520 2194 sunt
563 2144 832 2212 fornicatio
855 2184 870 2208 ,
917 2143 1238 2196 inmunditia
1261 2185 1278 2208 ,
1322 2144 1446 2197 luxu
1477 2145 1528 2198 ia
1550 2185 1566 2212 ,
1599 2145 1848 2198 idolorum

266 2232 510 2296 servitus,
532 2233 796 2300 veneﬁcia,
831 2235 1126 2300 inimicitiae,
1180 2235 1536 2298 contentiones,
1572 2235 1849 2289 (cumlatio-

265 2341 376 2390 nes,
406 2326 766 2394 animositates,
799 2327 1148 2390 dissensiones,
1178 2327 1408 2394 haereses,
1441 2327 1662 2394 invidiae,
1695 2328 1850 2382 ebrie-

265 2425 414 2478 tates,
447 2421 848 2484 comessationes,
882 2427 927 2472 et
951 2417 1030 2472 his
1052 2420 1240 2472 similia
1260 2435 1278 2471 :
1305 2435 1418 2489 qua:
1446 2421 1664 2488 praedico
1689 2421 1845 2484 vobis,

265 2507 390 2559 sicut
421 2509 636 2576 ιιι-ωιιὶχὲ
651 2551 666 2573 ,
700 2511 936 2578 quoniam
955 2511 1042 2580 qui
1059 2512 1180 2564 talia
1203 2520 1378 2582 agunt,
1403 2528 1608 2582 regnum
1637 2511 1734 2566 Dei
1749 2531 1848 2568 non

267 2597 592 2664 possidebant
617 2597 814 2670 (Galat.
847 2617 900 2668 ν,
929 2601 1116 2668 19,-21
1141 2603 1180 2672 ).
1215 2603 1338 2658 llaec
1367 2604 1604 2672 prolecm
1631 2613 1846 2673 aposto-

267 2688 362 2744 lica
393 2691 522 2744 falsa
550 2699 632 2746 est
659 2695 944 2758 sententia,
977 2696 1020 2748 si
1053 2695 1185 2749 tales
1215 2703 1334 2764 post
1363 2697 1689 2764 quantalibet
1719 2707 1848 2750 temo

267 2793 394 2847 pora
425 2779 630 2834 liberati
663 2797 884 2852 regnum
919 2783 1012 2838 Dei
1059 2785 1426 2854 possidebunt.
1457 2785 1560 2840 Sed
1599 2788 1846 2856 quoniam

265 2865 396 2921 falsa
429 2884 534 2922 non
563 2879 664 2934 est,
699 2872 938 2940 profecto
964 2887 1184 2942 regnum
1219 2875 1308 2928 Dei
1339 2890 1442 2927 non
1473 2875 1843 2943 possidebunt.

269 2958 336 3012 Et
361 2959 405 3014 si
431 2961 482 3014 in
507 2963 652 3031 regni
683 2964 770 3018 Dei
795 2965 1128 3034 possessione
1149 2981 1418 3035 nunquam
1442 2975 1618 3030 erunt,
1647 2977 1850 3023 :eterno

268 3053 528 3121 supplicio
557 3055 909 3108 tenebuntur:
943 3059 1190 3126 quoniam
1215 3073 1318 3110 non
1347 3067 1426 3112 est
1451 3058 1596 3114 locus
1621 3059 1845 3124 medius,

269 3143 355 3198 ubi
384 3160 490 3199 non
513 3146 582 3200 sit
603 3147 654 3200 in
684 3147 962 3216 supplicio,
987 3149 1078 3218 qui
1099 3148 1192 3202 illo
1215 3163 1318 3204 non
1347 3147 1504 3202 fuerit
1529 3149 1848 3224 constitutus

269 3235 320 3288 in
347 3251 538 3306 regno.

335 3325 388 3380 Ξ.
410 3326 764 3394 Quamobrem
785 3329 924 3399 quod
941 3329 1014 3385 ait
1039 3329 1292 3384 Dominus
1310 3330 1484 3395 Jcsus,
1503 3329 1602 3384 Hic
1615 3341 1685 3385 est
1701 3333 1848 3400 panis

267 3414 350 3484 qui
369 3415 434 3467 de
461 3415 584 3469 ratio
607 3417 876 3484 descendit,
904 3427 958 3472 ut
983 3418 1028 3471 si
1059 3419 1169 3488 quis
1205 3435 1266 3472 ex
1303 3419 1416 3488 ipso
1443 3419 1843 3488 manducauerit,

267 3521 366 3558 non
393 3506 656 3559 moriatur.
689 3506 795 3578 Ego
820 3525 932 3562 sum
957 3511 1104 3579 panis
1123 3510 1280 3576 rivus,
1311 3512 1396 3580 qui
1417 3511 1480 3564 de
1497 3511 1620 3566 cazlo
1639 3512 1846 3566 descen-

267 3595 356 3660 di;
377 3597 421 3650 si
437 3597 548 3664 quis
573 3599 942 3652 manducauerit
969 3615 1031 3653 ea:
1055 3600 1150 3654 hoc
1176 3617 1308 3670 pane
1325 3641 1342 3666 ,
1372 3602 1496 3656 vivet
1521 3603 1573 3654 in
1606 3613 1846 3656 cateruam

268 3685 448 3756 (Joan.
481 3703 553 3752 γι,
585 3689 796 3760 50-52),
835 3689 1102 3760 quomodo
1139 3692 1209 3746 sit
1237 3693 1634 3762 accipiendum,
1659 3695 1846 3750 merito

267 3779 542 3847 qumritur.
574 3779 640 3832 Et
671 3779 738 3834 ab
775 3779 888 3834 istis
922 3781 1132 3850 quidem
1171 3783 1360 3851 quibus
1386 3799 1524 3836 nunc
1551 3784 1844 3854 responde-

271 3882 424 3934 mus,
473 3868 614 3924 hunc
655 3871 982 3926 intellectum
1020 3871 1264 3928 auferunt
1309 3873 1384 3927 illi
1421 3874 1611 3944 quibus
1653 3874 1848 3930 deinde

269 3959 693 4028 respondendum
723 3969 803 4016 est
835 3979 848 4014 :
879 3961 930 4014 hi
959 3974 1082 4016 sunt
1101 3972 1274 4019 autem
1299 3963 1386 4033 qui
1408 3963 1544 4020 hanc
1571 3964 1844 4018 liberalio-

269 4063 412 4114 ncm,
473 4063 574 4104 nec
611 4051 854 4104 onmibns
893 4051 1206 4108 habentibus
1243 4064 1626 4109 sacramentum
1665 4054 1844 4124 Bapti-

268 4139 454 4194 smatis
487 4149 539 4193 ct
567 4141 805 4209 corporis
829 4139 1046 4206 Christi,
1069 4143 1162 4197 sed
1189 4143 1316 4198 solis
1333 4143 1639 4210 Catholicis,
1662 4160 1846 4214 quam-

268 4231 346 4284 vis
381 4231 520 4284 male
551 4232 877 4298 viventibus,
908 4235 1222 4303 pollicentur
1251 4252 1264 4288 :
1293 4237 1412 4304 quia
1455 4251 1558 4290 non
1593 4237 1737 4298 solo,
1767 4237 1846 4290 in-

265 4322 474 4390 quiunt,
497 4333 849 4389 sacramento,
872 4325 963 4378 sed
981 4341 1038 4380 re
1057 4326 1164 4394 ipsa
1183 4327 1632 4381 manducavcrunt
1653 4343 1846 4396 corpus

265 4411 494 4478 Christi,
525 4413 574 4465 in
619 4415 734 4480 ipso
776 4415 978 4468 scilicet
1022 4415 1136 4484 ejus
1169 4431 1394 4485 corpore
1431 4417 1698 4470 constituti
1735 4435 1748 4470 :
1780 4417 1846 4472 de

268 4516 376 4570 quo
403 4515 628 4570 corpore
659 4505 732 4556 ait
761 4503 1069 4573 Apostolus,
1105 4504 1248 4560 Unus
1283 4507 1449 4574 panis,
1485 4522 1640 4558 unum
1667 4523 1849 4575 corpus

265 4593 414 4644 multi
439 4609 612 4646 sumus
661 4593 704 4660 (Ι
727 4593 844 4648 Cor.
873 4610 932 4660 ιι,
963 4595 1074 4665 17).
1107 4595 1206 4662 Qui
1237 4609 1362 4664 ergo
1391 4603 1472 4648 est
1503 4595 1554 4648 in
1584 4595 1696 4664 ejus
1725 4610 1846 4648 cor-

267 4683 412 4750 poris
435 4683 654 4748 unitate,
679 4683 730 4736 id
757 4693 858 4748 est,
890 4685 942 4739 in
965 4684 1386 4740 Christianorum
1409 4701 1660 4755 compage
1682 4701 1848 4741 ment-

267 4773 510 4840 brorum,
541 4774 694 4844 cujus
715 4777 954 4846 corporis
984 4785 1374 4831 sacramentmn
1399 4775 1581 4830 ﬁdeles
1606 4791 1847 4832 commu-

267 4866 509 4918 nicantes
551 4865 620 4920 de
659 4867 814 4921 altari
850 4882 1062 4923 sumere
1101 4877 1523 4934 consueverunt,
1565 4867 1678 4938 ipse
1723 4884 1848 4924 vere

265 4955 528 5010 dicendus
571 4965 654 5011 est
693 4958 1013 5014 manducare
1054 4973 1246 5028 corpus
1298 4957 1528 5025 Christi,
1573 4968 1624 5012 et
1665 4958 1847 5014 bibere

265 5049 580 5116 sanguinem
628 5049 847 5105 Christi.
879 5051 957 5106 Ac
993 5067 1088 5122 per
1109 5052 1216 5108 hoc
1249 5051 1482 5107 lueretici
1510 5061 1562 5106 et
1587 5052 1846 5106 schisma-

267 5139 354 5192 tici
399 5139 468 5192 ab
507 5139 665 5210 hujus
707 5143 903 5197 unitate
925 5144 1166 5212 corporis
1190 5143 1420 5212 separati
1446 5151 1670 5213 possunt
1710 5143 1846 5196 idem

267 5230 548 5296 percipere
577 5242 998 5296 sacramentum,
1031 5233 1124 5287 sed
1149 5247 1253 5286 non
1285 5233 1384 5286 sibi
1411 5233 1556 5299 utile,
1591 5233 1696 5286 imo
1724 5248 1850 5286 vero

267 5319 430 5372 etiam
458 5323 698 5384 noxium.
727 5339 830 5392 quo
855 5325 1158 5394 judicentur
1185 5326 1416 5395 gravius,
1441 5341 1595 5395 quam
1626 5326 1710 5381 vel
1738 5333 1848 5378 tar-

269 5413 388 5468 dius
411 5414 720 5472 liherenlur.
751 5417 866 5472 Non
899 5425 1022 5472 sunt
1045 5419 1240 5487 quippe
1266 5417 1316 5471 in
1342 5433 1407 5472 eo
1437 5418 1645 5474 vinculi
1679 5417 1842 5490 pacis,

271 5505 410 5574 quod
443 5507 533 5561 illo
557 5510 873 5578 exprimitur
896 5519 1250 5565 sacramento.

342 5599 394 5652 5.
437 5599 540 5654 Sed
573 5617 756 5656 rursus
793 5601 952 5657 etiam
989 5601 1076 5656 isti
1105 5603 1192 5673 qui
1223 5611 1366 5658 recte
1395 5603 1708 5673 intelligunt,
1743 5619 1846 5656 non

333 5775 404 5836 (ιι)
445 5775 558 5825 \‘ide
583 5775 666 5826 lib.
692 5775 754 5826 de
771 5777 867 5826 Fid.
895 5783 1101 5839 etapcr.

1441 375 1636 432 LIBER
1683 366 2040 426 vicesuws
2079 367 2350 428 PRIMUS.

3430 385 3530 442 7&2

1967 487 2244 544 dicendum
2301 505 2420 546 esse
2473 508 2594 548 eum
2651 494 2968 552 manducare
2997 499 3012 530 ¹
3057 513 3248 569 corpus
3297 500 3532 571 Christi,

1963 579 2049 646 qui
2078 578 2129 631 in
2156 595 2378 648 corpore
2405 598 2506 636 non
2532 592 2613 638 est
2634 583 2863 654 Christi,
2893 602 2999 642 non
3041 599 3183 646 recte
3225 593 3536 660 promittunt

1965 669 2039 722 cis
2064 670 2148 738 qui
2179 671 2260 724 vel
2291 673 2342 726 in
2371 671 2634 742 haeresim,
2664 678 2748 732 vel
2773 679 2931 734 etiam
2967 681 3018 734 in
3044 683 3318 750 gentilium
3344 699 3532 756 super-

1962 759 2248 825 stitionem,
2286 777 2351 815 ex
2381 763 2516 818 illius
2542 769 2777 836 corporis
2808 771 3004 824 unitate
3033 771 3300 840 labuntur,
3335 774 3532 830 libera-

1963 851 2155 906 tionem
2185 853 2499 923 quandoque
2525 856 2594 911 δι)
2618 859 2798 913 tcterni
2842 859 2960 930 igne
2979 863 3240 932 snpplicii.
3273 864 3528 934 Primum,

1963 941 2084 1010 quia
2111 941 2309 1020 debent
2335 944 2630 1012 attendere,
2659 964 2812 1017 quam
2839 951 2910 1004 sit
2951 951 3280 1007 intolerabile
3310 962 3468 1024 atque
3498 971 3529 1008 a

1961 1047 2086 1086 sana
2112 1033 2346 1088 doctrina
2371 1037 2529 1092 nimis
2554 1037 2782 1104 devium,
2809 1051 2865 1096 ut
2889 1043 3036 1098 multi
3058 1059 3119 1099 ac
3148 1060 3283 1115 pene
3309 1062 3526 1114 omnes,

1959 1122 2044 1190 qui
2069 1121 2298 1180 haereses
2328 1125 2514 1195 impias
2541 1127 2890 1184 condiderunt
2915 1141 3168 1188 exeuntes
3193 1134 3258 1190 de
3273 1135 3528 1192 catholica

1959 1211 2216 1280 Ecclesia,
2247 1223 2300 1268 et
2329 1215 2447 1271 facti
2475 1227 2598 1272 sunt
2622 1217 3010 1289 hzercsiarchae,
3035 1225 3280 1280 meliores
3297 1227 3529 1284 habeant

1957 1317 2165 1370 causas,
2196 1320 2348 1374 quam
2381 1307 2432 1360 hi
2461 1310 2548 1378 qui
2573 1325 2838 1380 nunquam
2869 1311 3080 1368 fuerunt
3105 1316 3381 1384 catholici,
3405 1335 3525 1374 cum

1957 1393 2007 1446 in
2053 1409 2235 1450 eorum
2277 1397 2492 1466 laqueos
2529 1400 2868 1468 incidissent;
2901 1403 2944 1458 si
2987 1403 3104 1457 illos
3145 1403 3528 1466 lucresiarchas

1959 1484 2056 1540 hoc
2089 1485 2213 1542 facit
2238 1489 2447 1544 liberari
2473 1507 2502 1544 a
2535 1495 2789 1564 supplicio
2819 1497 3162 1565 sempiterno,
3191 1501 3328 1568 quod
3356 1502 3406 1556 in
3433 1518 3526 1557 ca-

1959 1579 2146 1634 tholica
2173 1581 2406 1636 Ecclesia
2430 1583 2676 1654 baptizati
2707 1597 2857 1654 sunt,
2885 1597 2940 1643 et
2982 1601 3368 1646 sacramentum
3407 1607 3528 1649 cor-

1955 1670 2100 1738 poris
2126 1670 2321 1724 Christi
2366 1673 2417 1726 in
2448 1689 2574 1730 vero
2599 1677 2793 1730 Christi
2823 1693 3048 1748 corpore
3095 1680 3338 1750 primitus
3377 1696 3532 1738 accc-

1955 1770 2148 1828 perunt
2177 1777 2190 1812 :
2230 1777 2348 1816 cum
2391 1765 2540 1832 pejor
2561 1767 2740 1836 utique
2769 1767 2838 1822 sit
2865 1767 3105 1824 desertor
3129 1769 3250 1826 fidei
3271 1781 3324 1826 et
3342 1788 3406 1827 ex
3436 1773 3532 1830 de-

1953 1861 2158 1904 scrtore
2197 1863 2526 1922 oppugnatur
2547 1854 2660 1924 ejus
2687 1855 2934 1921 effectus,
2959 1873 3114 1928 quam
3163 1859 3250 1916 ille
3288 1863 3376 1931 qui
3419 1877 3532 1918 non

1954 1941 2186 1996 deseruit
2207 1959 2360 2012 quam
2386 1960 2653 2014 nunquam
2679 1949 2860 2001 tenuit.
2889 1949 3086 2004 Deinde
3107 1952 3226 2020 quia
3254 1960 3307 2006 et
3332 1952 3417 2008 his
3443 1967 3526 2009 oc-

1953 2033 2118 2086 currit
2143 2035 2426 2102 Apostolus
2455 2035 2638 2090 eadem
2675 2037 2834 2090 verba
2875 2039 3144 2107 proferens
3164 2081 3178 2106 ,
3209 2049 3262 2094 et
3303 2057 3525 2098 enume-

1951 2123 2080 2175 ratis
2103 2122 2204 2176 illis
2225 2125 2398 2178 carnis
2422 2127 2670 2194 operibus
2711 2126 2895 2181 eadem
2931 2131 3154 2184 veritate
3196 2131 3520 2200 przedicens.

1955 2215 2204 2282 Quoniam
2240 2218 2325 2288 qui
2352 2219 2472 2272 talia
2497 2229 2684 2289 agunt,
2713 2237 2916 2290 regnum
2949 2221 3042 2275 Dei
3077 2239 3177 2277 non
3207 2223 3526 2294 possidebunt

1951 2303 2144 2376 (Galat.
2171 2323 2224 2372 v,
2253 2306 2368 2376 2|).

2021 2397 2075 2450 4.
2117 2395 2268 2452 Unde
2295 2413 2393 2452 nec
2430 2398 2504 2452 illi
2540 2399 2590 2452 in
2621 2399 2840 2470 perditis
2863 2409 2917 2456 et
2943 2400 3328 2460 damnabilibus
3357 2405 3524 2462 mori-

1951 2488 2050 2544 bus
2079 2489 2272 2544 debcnt
2297 2505 2416 2545 esse
2441 2491 2648 2558 securi,
2681 2493 2765 2562 qui
2814 2509 2978 2562 usque
3017 2495 3068 2547 in
3113 2495 3268 2550 linem
3307 2496 3521 2566 quidem

1954 2581 2094 2634 velut
2115 2581 2165 2634 in
2189 2581 2562 2636 communione
2591 2581 2844 2636 Ecclesia:
2865 2583 3139 2638 catholica:
3163 2598 3520 2654 perseverant,

1953 2669 2218 2725 intuentes
2241 2671 2384 2740 quod
2409 2672 2606 2726 dictum
2629 2681 2730 2739 est,
2759 2673 2859 2740 Qui
2893 2675 3268 2742 perseuerauerit
3295 2693 3448 2745 usque
3471 2678 3524 2731 in

1950 2761 2122 2828 ﬁnem,
2151 2761 2230 2814 hic
2252 2762 2421 2815 salt-us
2450 2763 2540 2815 erit
2563 2761 2772 2834 (Matth.
2803 2779 2855 2828 κ,
2884 2763 3010 2834 Ξὲὶ);
3041 2771 3094 2818 et
3125 2779 3219 2834 per
3257 2765 3378 2820 vita:
3423 2768 3524 2821 ini-

1951 2850 2229 2920 quitatem,
2265 2852 2432 2920 ipsam
2458 2852 2582 2905 vitac
2600 2853 2882 2922 justitiam,
2915 2853 3053 2922 quod
3073 2853 3151 2908 eis
3166 2855 3404 2910 Christus
3420 2865 3523 2926 est,

1951 2943 2217 3008 deserunt,
2249 2945 2360 2998 sive
2386 2943 2713 3010 fornicando,
2747 2945 2856 3000 sive
2885 2947 3016 3002 alias
3047 2947 3402 3004 immunditias
3427 2949 3523 3004 lla-

1948 3036 2215 3106 gitiorum,
2245 3051 2374 3106 quas
2397 3052 2494 3092 nec
2515 3037 2800 3106 Apostolus
2829 3039 3128 3108 exprimere
3152 3041 3336 3106 voluit,
3355 3042 3404 3094 in
3426 3057 3524 3098 suo

1950 3141 2174 3195 corpore
2207 3126 2585 3195 perpetrando,
2638 3127 2748 3182 sive
2785 3127 3112 3197 turpitudine
3155 3131 3378 3184 luxuria:
3423 3130 3524 3184 dii-

1951 3217 2182 3282 llucndo,
2209 3217 2322 3272 sive
2355 3217 2552 3288 aliquit!
2591 3217 2732 3272 aliud
2757 3233 2940 3272 eorum
2989 3217 3196 3287 agendo
3231 3217 3298 3274 de
3331 3219 3524 3290 quibus

1949 3311 2042 3376 ait,
2075 3309 2324 3376 Quoniam
2348 3313 2431 3380 qui
2458 3311 2580 3364 talia
2602 3319 2778 3382 agunt,
2811 3323 3023 3382 regnum
3055 3310 3144 3364 Dei
3171 3327 3272 3366 non
3310 3311 3524 3378 posside-

1949 3403 2090 3456 bunt.
2123 3403 2198 3456 Ac
2221 3419 2317 3473 per
2343 3401 2446 3456 hoc
2478 3403 2794 3472 quicumque
2820 3411 2982 3472 agunt
3007 3403 3148 3468 talia,
3176 3402 3275 3457 nisi
3307 3403 3358 3456 in
3380 3418 3525 3458 sem-

1949 3495 2158 3564 piterno
2185 3495 2441 3564 supplicio
2467 3509 2571 3548 non
2593 3502 2777 3560 erunt,
2805 3495 2924 3563 quia
2972 3495 3024 3548 in
3061 3493 3152 3548 Dei
3198 3509 3362 3564 regno
3399 3507 3521 3548 csse

1950 3603 2058 3642 non
2083 3593 2350 3656 poterunt.
2376 3585 2432 3640 ln
2463 3585 2544 3639 his
2565 3585 2705 3639 enim
2744 3583 3134 3654 perseverando
3155 3599 3320 3655 usque
3347 3585 3398 3639 in
3425 3583 3525 3638 hu-

1946 3683 2034 3750 jus
2057 3680 2178 3734 vittc
2207 3678 2363 3734 linem
2384 3719 2398 3743 ,
2431 3693 2538 3731 non
2572 3679 2754 3746 utique
2796 3675 3003 3730 dicendi
3049 3687 3172 3730 sunt
3215 3677 3267 3730 in
3311 3675 3523 3733 Christo

1949 3784 2325 3840 perseverasse
2353 3783 2516 3838 usque
2550 3768 2600 3822 in
2645 3768 2802 3821 linem
2827 3784 2841 3820 :
2874 3767 2995 3836 quia
3025 3767 3078 3820 in
3104 3765 3313 3821 Christo
3337 3783 3524 3838 perse-

1948 3873 2156 3928 verare,
2185 3870 2266 3916 est
2295 3861 2346 3915 in
2373 3861 2487 3928 ejus
2509 3859 2610 3914 lide
2640 3873 2999 3929 perseverare.
3017 3857 3143 3926 Qua:
3165 3858 3312 3927 ﬁdes,
3335 3869 3522 3914 nteant

1948 3953 2134 4012 delinit
2157 3953 2294 4008 idem
2315 3952 2604 4021 apostolus,
2627 3968 2716 4020 per
2727 3947 3048 4003 dilectionem
3075 3959 3311 4018 aperatur
3327 3947 3522 4018 (Galat.

1949 4066 2002 4116 ν,
2029 4048 2106 4114 6).
2137 4046 2574 4108 Dilectioautcm,
2601 4042 2736 4096 sicut
2760 4041 2871 4110 ipse
2900 4041 3022 4094 alibi
3047 4041 3192 4106 dicit,
3215 4041 3402 4092 malum
3423 4056 3524 4093 non

1949 4149 2188 4212 aperatur
2237 4139 2280 4212 (Ι
2310 4138 2426 4194 Cor.
2459 4153 2570 4200 xm,
2598 4137 2666 4202 ὥς
2701 4133 2849 4188 Rom.
2884 4149 3000 4198 xui,
3033 4133 3142 4202 10).
3169 4131 3279 4188 Nec
3295 4133 3378 4187 isti
3397 4147 3528 4202 ergo

1949 4235 2158 4292 dicendi
2185 4243 2308 4288 sunt
2329 4232 2646 4286 manducare
2678 4243 2870 4297 corpus
2895 4225 3094 4280 Christi
3117 4243 3132 4291 ;
3160 4224 3406 4296 quoniam
3429 4239 3528 4279 nec

1951 4329 2002 4383 in
2027 4327 2280 4382 membris
2301 4323 2636 4392 computandi
2660 4329 2783 4374 sunt
2808 4319 3024 4374 Christi.
3048 4317 3116 4373 Ut
3140 4317 3279 4372 enim
3317 4317 3414 4372 alia
3449 4325 3524 4370 ta-

1950 4435 2121 4484 ceam,
2153 4433 2258 4472 non
2291 4425 2510 4486 possunt
2545 4413 2698 4466 simul
2726 4425 2843 4464 cssc
2887 4418 2940 4464 et
2970 4409 3204 4463 membra
3227 4407 3443 4469 Christi,
3472 4417 3527 4460 ct

1951 4513 2186 4568 membra
2215 4509 2511 4564 meretricis
2561 4505 2602 4576 (l
2629 4503 2747 4560 Cor.
2777 4519 2848 4567 vr,
2876 4501 2985 4570 {5).
3021 4500 3257 4570 Denique
3295 4497 3406 4566 ipse
3439 4495 3528 4550 di-

1949 4622 2098 4672 cens,
2131 4605 2229 4671 Qui
2255 4603 2526 4656 manducat
2545 4613 2745 4652 carnem
2774 4611 2954 4655 meum,
2987 4603 3032 4646 ct
3073 4591 3190 4645 bibit
3233 4589 3526 4660 sanguinem

1951 4713 2134 4758 meum,
2167 4695 2218 4747 in
2243 4709 2320 4746 me
2347 4699 2532 4752 manet,
2557 4697 2601 4742 et
2631 4704 2720 4758 ego
2743 4686 2794 4738 in
2823 4701 2880 4738 eo
2912 4681 3088 4754 (Joan.
3114 4698 3187 4748 Vl,
3218 4681 3330 4751 57);
3353 4687 3526 4734 osten-

1951 4789 2026 4842 dit
2054 4785 2176 4856 quid
2205 4786 2272 4838 sit
2302 4798 2406 4836 non
2436 4786 2765 4834 sacramento
2789 4785 2960 4840 tenus,
2983 4772 3076 4828 scd
3103 4787 3162 4826 re
3191 4787 3310 4824 vera
3333 4783 3526 4836 corpus

1952 4879 2124 4934 Christ
2147 4873 2503 4936 itnanducare,
2525 4877 2578 4924 et
2602 4867 2714 4936 ejus
2736 4867 3045 4936 sanguinem
3069 4861 3248 4916 bibere
3277 4876 3291 4912 :
3321 4859 3420 4912 hoc
3444 4865 3527 4911 est

1953 4971 2092 5026 enim
2131 4970 2182 5022 in
2214 4965 2425 5022 Christo
2474 4977 2712 5026 manere,
2739 4967 2803 5012 ut
2840 4958 2890 5011 in
2923 4955 3016 5009 illo
3045 4959 3254 5007 maneat
3281 4957 3334 5004 et
3367 4947 3524 5002 Chri-

1953 5073 2088 5120 stus.
2113 5062 2202 5118 Sic
2229 5060 2370 5115 enim
2401 5058 2502 5110 hoc
2540 5053 2690 5114 dixit,
2731 5060 2980 5118 tanquam
3021 5043 3245 5108 diceret,
3281 5039 3379 5107 Qui
3419 5054 3524 5093 non

1953 5157 2006 5210 in
2033 5169 2117 5210 me
2141 5159 2338 5210 manet.
2371 5159 2424 5203 et
2449 5148 2502 5200 in
2531 5159 2634 5214 quo
2668 5157 2766 5211 ego
2793 5154 2898 5192 non
2936 5148 3143 5196 maneo,
3169 5147 3272 5185 non
3301 5146 3359 5184 se
3382 5129 3524 5183 dicat

1953 5257 2044 5302 aut
2080 5243 2346 5301 existimet
2397 5237 2718 5292 manducare
2768 5241 2961 5297 corpus
3001 5239 3198 5284 meum,
3226 5230 3319 5274 aut
3343 5219 3526 5274 bibere

1953 5337 2260 5408 sanguinem
2292 5345 2488 5386 meum.
2525 5326 2638 5380 Non
2673 5325 2848 5392 itaque
2874 5321 3089 5372 manent
3110 5314 3162 5367 in
3183 5309 3526 5408 Cll-rlSlOquii

1955 5399 2210 5484 nonvsunt
2233 5422 2466 5478 membra
2489 5420 2624 5488 ejus.
2645 5415 2760 5470 Non
2780 5417 2902 5466 sunt
2921 5415 3094 5462 autem
3113 5401 3352 5458 membra
3373 5399 3526 5454 Chri-

1953 5522 2038 5586 sti,
2071 5519 2158 5588 qui
2189 5532 2246 5570 se
2277 5514 2471 5567 faciunt
2499 5507 2732 5564 membra
2771 5497 3091 5562 meretricis,
3114 5493 3212 5548 nisi
3239 5491 3432 5546 malum
3465 5489 3528 5542 il-

2017 5651 2030 5680 ¹
2071 5645 2202 5694 vina.
2231 5651 2326 5691 Am.
2348 5647 2440 5698 ειη,
2467 5649 2562 5688 non
2578 5631 2836 5698 dicendum
2852 5640 2960 5679 eum
2980 5623 3314 5698 manducare;
3332 5616 3527 5698 Ἧξὲ

1953 5723 2068 5761 esse.
2083 5686 2202 5756 iis;
2231 5686 2390 5762 icio,"
2409 5686 2514 5750 non
2540 5695 2795 5748 dicendam
2839 5703 2940 5744 esse
2960 5686 3288 5744 manducare;
3332 5686 3508 5732 nmmo

1955 5783 2062 5822 cum
2069 5805 2078 5816 .
