  <div class='ocr_page' id='page_1' title='image "/cluster/home/n/w/nwhite01/storage/ocr_20150623/41/hvd.32044015706344/378.png"; bbox 0 0 4078 6510; ppageno 0'>
   <div class='ocr_carea' id='block_1_1' title="bbox 297 429 402 487">
    <p class='ocr_par' dir='ltr' id='par_1_1' title="bbox 297 429 402 487">
     <span class='ocr_line' id='line_1_1' title="bbox 297 429 402 487; baseline -0.01 0"><span class='ocrx_word' id='word_1_1' title='bbox 297 429 402 487; x_wconf 68' lang='grc' dir='ltr'><strong>Ὴδ</strong></span> 
     </span>
    </p>
   </div>
   <div class='ocr_carea' id='block_1_2' title="bbox 293 628 1876 702">
    <p class='ocr_par' dir='ltr' id='par_1_2' title="bbox 293 628 1876 702">
     <span class='ocr_line' id='line_1_2' title="bbox 293 628 1876 702; baseline -0.004 -13"><span class='ocrx_word' id='word_1_2' title='bbox 293 636 370 690; x_wconf 85' lang='lat' dir='ltr'><strong>sic</strong></span> <span class='ocrx_word' id='word_1_3' title='bbox 399 633 613 702; x_wconf 88' lang='lat' dir='ltr'><strong>probat,</strong></span> <span class='ocrx_word' id='word_1_4' title='bbox 645 640 705 687; x_wconf 89' lang='lat' dir='ltr'><strong>ut</strong></span> <span class='ocrx_word' id='word_1_5' title='bbox 738 631 1019 687; x_wconf 66' lang='lat' dir='ltr'><strong>mdificium</strong></span> <span class='ocrx_word' id='word_1_6' title='bbox 1069 631 1209 700; x_wconf 89' lang='lat' dir='ltr'><strong>quod</strong></span> <span class='ocrx_word' id='word_1_7' title='bbox 1259 645 1419 700; x_wconf 80' lang='lat' dir='ltr'><strong>super</strong></span> <span class='ocrx_word' id='word_1_8' title='bbox 1453 629 1721 684; x_wconf 90' lang='lat' dir='ltr'><strong>Christutn</strong></span> <span class='ocrx_word' id='word_1_9' title='bbox 1756 628 1876 683; x_wconf 91' lang='lat' dir='ltr'><strong>fun-</strong></span> 
     </span>
    </p>
   </div>
   <div class='ocr_carea' id='block_1_3' title="bbox 295 723 1872 785">
    <p class='ocr_par' dir='ltr' id='par_1_3' title="bbox 295 723 1872 785">
     <span class='ocr_line' id='line_1_3' title="bbox 295 723 1872 785; baseline -0.003 -6"><span class='ocrx_word' id='word_1_10' title='bbox 295 727 596 780; x_wconf 86' lang='lat' dir='ltr'><strong>damentum</strong></span> <span class='ocrx_word' id='word_1_11' title='bbox 636 725 706 779; x_wconf 90' lang='lat' dir='ltr'><strong>ab</strong></span> <span class='ocrx_word' id='word_1_12' title='bbox 733 724 812 779; x_wconf 87' lang='lat' dir='ltr'><strong>eis</strong></span> <span class='ocrx_word' id='word_1_13' title='bbox 855 723 1114 778; x_wconf 75' lang='lat' dir='ltr'><strong>invenerit</strong></span> <span class='ocrx_word' id='word_1_14' title='bbox 1161 737 1286 779; x_wconf 85' lang='lat' dir='ltr'><strong>esse</strong></span> <span class='ocrx_word' id='word_1_15' title='bbox 1308 732 1668 777; x_wconf 79' lang='lat' dir='ltr'><strong>constructum</strong></span> <span class='ocrx_word' id='word_1_16' title='bbox 1699 761 1714 785; x_wconf 94' lang='lat'><strong>,</strong></span> <span class='ocrx_word' id='word_1_17' title='bbox 1767 735 1872 775; x_wconf 86' lang='lat' dir='ltr'><strong>non</strong></span> 
     </span>
    </p>
   </div>
   <div class='ocr_carea' id='block_1_4' title="bbox 294 813 1876 888">
    <p class='ocr_par' dir='ltr' id='par_1_4' title="bbox 294 813 1876 888">
     <span class='ocr_line' id='line_1_4' title="bbox 294 813 1876 888; baseline -0.003 -16"><span class='ocrx_word' id='word_1_18' title='bbox 294 826 478 872; x_wconf 78' lang='lat' dir='ltr'><strong>exurat</strong></span> <span class='ocrx_word' id='word_1_19' title='bbox 515 826 672 888; x_wconf 88' lang='lat' dir='ltr'><strong>atque</strong></span> <span class='ocrx_word' id='word_1_20' title='bbox 695 824 972 872; x_wconf 76' lang='lat' dir='ltr'><strong>consumat</strong></span> <span class='ocrx_word' id='word_1_21' title='bbox 999 831 1015 869; x_wconf 90' lang='lat'><strong>:</strong></span> <span class='ocrx_word' id='word_1_22' title='bbox 1041 815 1175 870; x_wconf 86' lang='lat' dir='ltr'><strong>alios</strong></span> <span class='ocrx_word' id='word_1_23' title='bbox 1195 824 1372 872; x_wconf 87' lang='lat' dir='ltr'><strong>autem</strong></span> <span class='ocrx_word' id='word_1_24' title='bbox 1397 815 1570 880; x_wconf 78' lang='lat' dir='ltr'><strong>aliter,</strong></span> <span class='ocrx_word' id='word_1_25' title='bbox 1596 813 1647 869; x_wconf 90' lang='lat' dir='ltr'><strong>id</strong></span> <span class='ocrx_word' id='word_1_26' title='bbox 1674 822 1777 878; x_wconf 89' lang='lat' dir='ltr'><strong>est,</strong></span> <span class='ocrx_word' id='word_1_27' title='bbox 1819 820 1876 868; x_wconf 92' lang='lat' dir='ltr'><strong>ut</strong></span> 
     </span>
    </p>
   </div>
   <div class='ocr_carea' id='block_1_5' title="bbox 293 903 1876 980">
    <p class='ocr_par' dir='ltr' id='par_1_5' title="bbox 293 903 1876 980">
     <span class='ocr_line' id='line_1_5' title="bbox 293 903 1876 980; baseline -0.003 -18"><span class='ocrx_word' id='word_1_28' title='bbox 293 909 431 978; x_wconf 91' lang='lat' dir='ltr'><strong>quod</strong></span> <span class='ocrx_word' id='word_1_29' title='bbox 479 908 1056 980; x_wconf 64' lang='lat' dir='ltr'><strong>supermdilicaverunt,</strong></span> <span class='ocrx_word' id='word_1_30' title='bbox 1102 906 1320 972; x_wconf 85' lang='lat' dir='ltr'><strong>ardeat,</strong></span> <span class='ocrx_word' id='word_1_31' title='bbox 1362 905 1720 974; x_wconf 82' lang='lat' dir='ltr'><strong>damnumque</strong></span> <span class='ocrx_word' id='word_1_32' title='bbox 1753 903 1876 958; x_wconf 89' lang='lat' dir='ltr'><strong>inde</strong></span> 
     </span>
    </p>
   </div>
   <div class='ocr_carea' id='block_1_6' title="bbox 293 997 1876 1078">
    <p class='ocr_par' dir='ltr' id='par_1_6' title="bbox 293 997 1876 1078">
     <span class='ocr_line' id='line_1_6' title="bbox 293 997 1876 1078; baseline -0.003 -24"><span class='ocrx_word' id='word_1_33' title='bbox 293 1001 584 1078; x_wconf 80' lang='lat' dir='ltr'><strong>patiantur;</strong></span> <span class='ocrx_word' id='word_1_34' title='bbox 615 999 746 1054; x_wconf 81' lang='lat' dir='ltr'><strong>salvi</strong></span> <span class='ocrx_word' id='word_1_35' title='bbox 768 1000 895 1054; x_wconf 84' lang='lat' dir='ltr'><strong>iiant</strong></span> <span class='ocrx_word' id='word_1_36' title='bbox 917 999 1369 1069; x_wconf 86' lang='lat' dir='ltr'><strong>autem,quoniam</strong></span> <span class='ocrx_word' id='word_1_37' title='bbox 1395 998 1661 1054; x_wconf 84' lang='lat' dir='ltr'><strong>Christum</strong></span> <span class='ocrx_word' id='word_1_38' title='bbox 1691 998 1743 1053; x_wconf 91' lang='lat' dir='ltr'><strong>in</strong></span> <span class='ocrx_word' id='word_1_39' title='bbox 1767 997 1876 1052; x_wconf 82' lang='lat' dir='ltr'><strong>fun-</strong></span> 
     </span>
    </p>
   </div>
   <div class='ocr_carea' id='block_1_7' title="bbox 292 1091 1876 1161">
    <p class='ocr_par' dir='ltr' id='par_1_7' title="bbox 292 1091 1876 1161">
     <span class='ocr_line' id='line_1_7' title="bbox 292 1091 1876 1161; baseline -0.002 -15"><span class='ocrx_word' id='word_1_40' title='bbox 292 1093 542 1148; x_wconf 86' lang='lat' dir='ltr'><strong>damento</strong></span> <span class='ocrx_word' id='word_1_41' title='bbox 562 1093 821 1148; x_wconf 85' lang='lat' dir='ltr'><strong>stabiliter</strong></span> <span class='ocrx_word' id='word_1_42' title='bbox 839 1091 1063 1161; x_wconf 90' lang='lat' dir='ltr'><strong>positum</strong></span> <span class='ocrx_word' id='word_1_43' title='bbox 1083 1091 1400 1161; x_wconf 69' lang='lat' dir='ltr'><strong>prmeclleuti</strong></span> <span class='ocrx_word' id='word_1_44' title='bbox 1422 1091 1681 1146; x_wconf 85' lang='lat' dir='ltr'><strong>charitate</strong></span> <span class='ocrx_word' id='word_1_45' title='bbox 1697 1100 1876 1145; x_wconf 77' lang='lat' dir='ltr'><strong>tenue-</strong></span> 
     </span>
    </p>
   </div>
   <div class='ocr_carea' id='block_1_8' title="bbox 292 1181 1873 1258">
    <p class='ocr_par' dir='ltr' id='par_1_8' title="bbox 292 1181 1873 1258">
     <span class='ocr_line' id='line_1_8' title="bbox 292 1181 1873 1258; baseline -0.003 -18"><span class='ocrx_word' id='word_1_46' title='bbox 292 1194 436 1240; x_wconf 87' lang='lat' dir='ltr'><strong>runt.</strong></span> <span class='ocrx_word' id='word_1_47' title='bbox 479 1184 535 1240; x_wconf 90' lang='lat' dir='ltr'><strong>Si</strong></span> <span class='ocrx_word' id='word_1_48' title='bbox 587 1192 762 1239; x_wconf 85' lang='lat' dir='ltr'><strong>autem</strong></span> <span class='ocrx_word' id='word_1_49' title='bbox 795 1183 924 1238; x_wconf 82' lang='lat' dir='ltr'><strong>salvi</strong></span> <span class='ocrx_word' id='word_1_50' title='bbox 965 1183 1112 1250; x_wconf 87' lang='lat' dir='ltr'><strong>flent,</strong></span> <span class='ocrx_word' id='word_1_51' title='bbox 1142 1182 1382 1252; x_wconf 80' lang='lat' dir='ltr'><strong>profecto</strong></span> <span class='ocrx_word' id='word_1_52' title='bbox 1422 1191 1475 1238; x_wconf 91' lang='lat' dir='ltr'><strong>et</strong></span> <span class='ocrx_word' id='word_1_53' title='bbox 1498 1181 1566 1238; x_wconf 86' lang='lat' dir='ltr'><strong>ad</strong></span> <span class='ocrx_word' id='word_1_54' title='bbox 1601 1182 1873 1258; x_wconf 65' lang='lat' dir='ltr'><strong>dexteram</strong></span> 
     </span>
    </p>
   </div>
   <div class='ocr_carea' id='block_1_9' title="bbox 293 1273 1877 1341">
    <p class='ocr_par' dir='ltr' id='par_1_9' title="bbox 293 1273 1877 1341">
     <span class='ocr_line' id='line_1_9' title="bbox 293 1273 1877 1341; baseline -0.002 -11"><span class='ocrx_word' id='word_1_55' title='bbox 293 1280 530 1340; x_wconf 89' lang='lat' dir='ltr'><strong>stabunt,</strong></span> <span class='ocrx_word' id='word_1_56' title='bbox 558 1285 750 1332; x_wconf 86' lang='lat' dir='ltr'><strong>etcum</strong></span> <span class='ocrx_word' id='word_1_57' title='bbox 768 1275 978 1330; x_wconf 67' lang='lat' dir='ltr'><strong>caeteris</strong></span> <span class='ocrx_word' id='word_1_58' title='bbox 1003 1275 1240 1340; x_wconf 84' lang='lat' dir='ltr'><strong>audient.</strong></span> <span class='ocrx_word' id='word_1_59' title='bbox 1279 1273 1469 1338; x_wconf 76' lang='lat' dir='ltr'><strong>Vertite,</strong></span> <span class='ocrx_word' id='word_1_60' title='bbox 1494 1275 1738 1341; x_wconf 75' lang='lat' dir='ltr'><strong>benedicti</strong></span> <span class='ocrx_word' id='word_1_61' title='bbox 1767 1276 1877 1329; x_wconf 78' lang='lat' dir='ltr'><strong>Pa-</strong></span> 
     </span>
    </p>
   </div>
   <div class='ocr_carea' id='block_1_10' title="bbox 291 1363 1928 1438">
    <p class='ocr_par' dir='ltr' id='par_1_10' title="bbox 291 1363 1928 1438">
     <span class='ocr_line' id='line_1_10' title="bbox 291 1363 1928 1438; baseline -0.002 -18"><span class='ocrx_word' id='word_1_62' title='bbox 291 1369 382 1420; x_wconf 86' lang='lat' dir='ltr'><strong>tris</strong></span> <span class='ocrx_word' id='word_1_63' title='bbox 425 1366 542 1429; x_wconf 82' lang='lat' dir='ltr'><strong>mei,</strong></span> <span class='ocrx_word' id='word_1_64' title='bbox 577 1365 828 1436; x_wconf 75' lang='lat' dir='ltr'><strong>possidete</strong></span> <span class='ocrx_word' id='word_1_65' title='bbox 849 1375 1082 1438; x_wconf 81' lang='lat' dir='ltr'><strong>paratum</strong></span> <span class='ocrx_word' id='word_1_66' title='bbox 1109 1365 1247 1420; x_wconf 76' lang='lat' dir='ltr'><strong>vobis</strong></span> <span class='ocrx_word' id='word_1_67' title='bbox 1273 1381 1482 1436; x_wconf 80' lang='lat' dir='ltr'><strong>regnum</strong></span> <span class='ocrx_word' id='word_1_68' title='bbox 1509 1380 1529 1419; x_wconf 91' lang='lat'><strong><em>:</em></strong></span> <span class='ocrx_word' id='word_1_69' title='bbox 1554 1379 1660 1420; x_wconf 87' lang='lat' dir='ltr'><strong>non</strong></span> <span class='ocrx_word' id='word_1_70' title='bbox 1686 1364 1752 1419; x_wconf 80' lang='lat' dir='ltr'><strong>sd</strong></span> <span class='ocrx_word' id='word_1_71' title='bbox 1796 1363 1875 1418; x_wconf 82' lang='lat' dir='ltr'><strong>si-</strong></span> <span class='ocrx_word' id='word_1_72' title='bbox 1923 1401 1928 1404; x_wconf 87' lang='lat'><strong><em>-</em></strong></span> 
     </span>
    </p>
   </div>
   <div class='ocr_carea' id='block_1_11' title="bbox 293 1454 1877 1525">
    <p class='ocr_par' dir='ltr' id='par_1_11' title="bbox 293 1454 1877 1525">
     <span class='ocr_line' id='line_1_11' title="bbox 293 1454 1877 1525; baseline -0.003 -14"><span class='ocrx_word' id='word_1_73' title='bbox 293 1461 537 1523; x_wconf 90' lang='lat' dir='ltr'><strong>nistram,</strong></span> <span class='ocrx_word' id='word_1_74' title='bbox 570 1456 658 1511; x_wconf 85' lang='lat' dir='ltr'><strong>ubi</strong></span> <span class='ocrx_word' id='word_1_75' title='bbox 702 1456 780 1511; x_wconf 86' lang='lat' dir='ltr'><strong>illi</strong></span> <span class='ocrx_word' id='word_1_76' title='bbox 822 1465 998 1522; x_wconf 86' lang='lat' dir='ltr'><strong>erunt,</strong></span> <span class='ocrx_word' id='word_1_77' title='bbox 1041 1455 1132 1525; x_wconf 89' lang='lat' dir='ltr'><strong>qui</strong></span> <span class='ocrx_word' id='word_1_78' title='bbox 1166 1454 1299 1510; x_wconf 86' lang='lat' dir='ltr'><strong>salvi</strong></span> <span class='ocrx_word' id='word_1_79' title='bbox 1325 1471 1430 1510; x_wconf 91' lang='lat' dir='ltr'><strong>non</strong></span> <span class='ocrx_word' id='word_1_80' title='bbox 1454 1463 1634 1518; x_wconf 89' lang='lat' dir='ltr'><strong>erunt,</strong></span> <span class='ocrx_word' id='word_1_81' title='bbox 1675 1466 1729 1509; x_wconf 90' lang='lat' dir='ltr'><strong>et</strong></span> <span class='ocrx_word' id='word_1_82' title='bbox 1758 1455 1877 1508; x_wconf 88' lang='lat' dir='ltr'><strong>ideo</strong></span> 
     </span>
    </p>
   </div>
   <div class='ocr_carea' id='block_1_12' title="bbox 289 1547 1872 1617">
    <p class='ocr_par' dir='ltr' id='par_1_12' title="bbox 289 1547 1872 1617">
     <span class='ocr_line' id='line_1_12' title="bbox 289 1547 1872 1617; baseline -0.002 -17"><span class='ocrx_word' id='word_1_83' title='bbox 289 1550 528 1615; x_wconf 80' lang='lat' dir='ltr'><strong>audient,</strong></span> <span class='ocrx_word' id='word_1_84' title='bbox 557 1547 808 1602; x_wconf 74' lang='lat' dir='ltr'><strong>Discedite</strong></span> <span class='ocrx_word' id='word_1_85' title='bbox 833 1565 867 1601; x_wconf 77' lang='grc' dir='ltr'><em>α</em></span> <span class='ocrx_word' id='word_1_86' title='bbox 899 1563 998 1614; x_wconf 82' lang='lat' dir='ltr'><strong>me,</strong></span> <span class='ocrx_word' id='word_1_87' title='bbox 1027 1547 1298 1612; x_wconf 73' lang='lat' dir='ltr'><strong>maledicti,</strong></span> <span class='ocrx_word' id='word_1_88' title='bbox 1343 1547 1398 1601; x_wconf 73' lang='lat' dir='ltr'><strong>in</strong></span> <span class='ocrx_word' id='word_1_89' title='bbox 1426 1547 1589 1617; x_wconf 75' lang='lat' dir='ltr'><strong>ignem</strong></span> <span class='ocrx_word' id='word_1_90' title='bbox 1607 1556 1872 1600; x_wconf 66' lang='lat' dir='ltr'><strong>talentum.</strong></span> 
     </span>
    </p>
   </div>
   <div class='ocr_carea' id='block_1_13' title="bbox 291 1637 1877 1710">
    <p class='ocr_par' dir='ltr' id='par_1_13' title="bbox 291 1637 1877 1710">
     <span class='ocr_line' id='line_1_13' title="bbox 291 1637 1877 1710; baseline -0.001 -16"><span class='ocrx_word' id='word_1_91' title='bbox 291 1640 457 1695; x_wconf 85' lang='lat' dir='ltr'><strong>Nemo</strong></span> <span class='ocrx_word' id='word_1_92' title='bbox 482 1640 676 1710; x_wconf 85' lang='lat' dir='ltr'><strong>quippe</strong></span> <span class='ocrx_word' id='word_1_93' title='bbox 704 1638 721 1671; x_wconf 77' lang='grc'><strong>⁸</strong></span> <span class='ocrx_word' id='word_1_94' title='bbox 751 1638 820 1692; x_wconf 88' lang='lat' dir='ltr'><strong>ab</strong></span> <span class='ocrx_word' id='word_1_95' title='bbox 847 1638 936 1692; x_wconf 92' lang='lat' dir='ltr'><strong>illo</strong></span> <span class='ocrx_word' id='word_1_96' title='bbox 965 1639 1087 1708; x_wconf 79' lang='lat' dir='ltr'><strong>igne</strong></span> <span class='ocrx_word' id='word_1_97' title='bbox 1112 1637 1416 1703; x_wconf 83' lang='lat' dir='ltr'><strong>salvabitar,</strong></span> <span class='ocrx_word' id='word_1_98' title='bbox 1435 1639 1568 1708; x_wconf 82' lang='lat' dir='ltr'><strong>quia</strong></span> <span class='ocrx_word' id='word_1_99' title='bbox 1594 1639 1646 1692; x_wconf 90' lang='lat' dir='ltr'><strong>iu</strong></span> <span class='ocrx_word' id='word_1_100' title='bbox 1674 1637 1877 1707; x_wconf 81' lang='lat' dir='ltr'><strong>suppli-</strong></span> 
     </span>
    </p>
   </div>
   <div class='ocr_carea' id='block_1_14' title="bbox 292 1716 1875 1798">
    <p class='ocr_par' dir='ltr' id='par_1_14' title="bbox 292 1716 1875 1798">
     <span class='ocr_line' id='line_1_14' title="bbox 292 1716 1875 1798; baseline -0.001 -14"><span class='ocrx_word' id='word_1_101' title='bbox 292 1732 433 1784; x_wconf 92' lang='lat' dir='ltr'><strong>ciunt</strong></span> <span class='ocrx_word' id='word_1_102' title='bbox 475 1738 732 1783; x_wconf 74' lang='lat' dir='ltr'><strong>tuternum</strong></span> <span class='ocrx_word' id='word_1_103' title='bbox 763 1727 912 1783; x_wconf 90' lang='lat' dir='ltr'><strong>ibunt</strong></span> <span class='ocrx_word' id='word_1_104' title='bbox 938 1726 1012 1781; x_wconf 88' lang='lat' dir='ltr'><strong>illi</strong></span> <span class='ocrx_word' id='word_1_105' title='bbox 1033 1741 1220 1782; x_wconf 88' lang='lat' dir='ltr'><strong>omnes</strong></span> <span class='ocrx_word' id='word_1_106' title='bbox 1241 1716 1458 1798; x_wconf 66' lang='lat' dir='ltr'><strong>(Nouit.</strong></span> <span class='ocrx_word' id='word_1_107' title='bbox 1483 1742 1611 1792; x_wconf 66' lang='lat' dir='ltr'><strong>xxv,</strong></span> <span class='ocrx_word' id='word_1_108' title='bbox 1640 1725 1753 1798; x_wconf 74' lang='grc' dir='ltr'><strong>ιϐ),</strong></span> <span class='ocrx_word' id='word_1_109' title='bbox 1786 1727 1875 1782; x_wconf 88' lang='lat' dir='ltr'><strong>ubi</strong></span> 
     </span>
    </p>
   </div>
   <div class='ocr_carea' id='block_1_15' title="bbox 294 1819 1872 1894">
    <p class='ocr_par' dir='ltr' id='par_1_15' title="bbox 294 1819 1872 1894">
     <span class='ocr_line' id='line_1_15' title="bbox 294 1819 1872 1894; baseline 0.003 -25"><span class='ocrx_word' id='word_1_110' title='bbox 294 1819 488 1878; x_wconf 70' lang='lat' dir='ltr'><strong>vermis</strong></span> <span class='ocrx_word' id='word_1_111' title='bbox 536 1835 722 1874; x_wconf 88' lang='lat' dir='ltr'><strong>eorum</strong></span> <span class='ocrx_word' id='word_1_112' title='bbox 749 1833 856 1894; x_wconf 86' lang='lat' dir='ltr'><strong>non</strong></span> <span class='ocrx_word' id='word_1_113' title='bbox 883 1819 1162 1884; x_wconf 83' lang='lat' dir='ltr'><strong>morietur,</strong></span> <span class='ocrx_word' id='word_1_114' title='bbox 1185 1826 1242 1875; x_wconf 90' lang='lat' dir='ltr'><strong>et</strong></span> <span class='ocrx_word' id='word_1_115' title='bbox 1264 1819 1401 1890; x_wconf 70' lang='lat' dir='ltr'><strong>ignis</strong></span> <span class='ocrx_word' id='word_1_116' title='bbox 1428 1833 1532 1875; x_wconf 93' lang='lat' dir='ltr'><strong>non</strong></span> <span class='ocrx_word' id='word_1_117' title='bbox 1559 1819 1872 1890; x_wconf 74' lang='lat' dir='ltr'><strong>exstingue-</strong></span> 
     </span>
    </p>
   </div>
   <div class='ocr_carea' id='block_1_16' title="bbox 295 1913 1876 1986">
    <p class='ocr_par' dir='ltr' id='par_1_16' title="bbox 295 1913 1876 1986">
     <span class='ocr_line' id='line_1_16' title="bbox 295 1913 1876 1986; baseline 0.003 -21"><span class='ocrx_word' id='word_1_118' title='bbox 295 1923 381 1968; x_wconf 86' lang='lat' dir='ltr'><strong>tur</strong></span> <span class='ocrx_word' id='word_1_119' title='bbox 417 1913 568 1986; x_wconf 67' lang='lat' dir='ltr'><strong>(lani.</strong></span> <span class='ocrx_word' id='word_1_120' title='bbox 611 1930 752 1979; x_wconf 74' lang='lat' dir='ltr'><strong>uri,</strong></span> <span class='ocrx_word' id='word_1_121' title='bbox 780 1913 886 1984; x_wconf 64' lang='grc'><strong>26)</strong></span> <span class='ocrx_word' id='word_1_122' title='bbox 908 1955 926 1980; x_wconf 87' lang='grc'><em>,</em></span> <span class='ocrx_word' id='word_1_123' title='bbox 955 1928 1064 1985; x_wconf 91' lang='lat' dir='ltr'><strong>quo</strong></span> <span class='ocrx_word' id='word_1_124' title='bbox 1117 1913 1494 1968; x_wconf 80' lang='lat' dir='ltr'><strong>cruciabuntur</strong></span> <span class='ocrx_word' id='word_1_125' title='bbox 1519 1913 1609 1970; x_wconf 89' lang='lat' dir='ltr'><strong>die</strong></span> <span class='ocrx_word' id='word_1_126' title='bbox 1627 1928 1690 1970; x_wconf 88' lang='lat' dir='ltr'><strong>ac</strong></span> <span class='ocrx_word' id='word_1_127' title='bbox 1717 1921 1876 1969; x_wconf 87' lang='lat' dir='ltr'><strong>nocte</strong></span> 
     </span>
    </p>
   </div>
   <div class='ocr_carea' id='block_1_17' title="bbox 290 2003 1517 2078">
    <p class='ocr_par' dir='ltr' id='par_1_17' title="bbox 290 2003 1517 2078">
     <span class='ocr_line' id='line_1_17' title="bbox 290 2003 1517 2078; baseline -0.003 -17"><span class='ocrx_word' id='word_1_128' title='bbox 290 2006 343 2061; x_wconf 89' lang='lat' dir='ltr'><strong>in</strong></span> <span class='ocrx_word' id='word_1_129' title='bbox 397 2006 590 2062; x_wconf 70' lang='lat' dir='ltr'><strong>sternla</strong></span> <span class='ocrx_word' id='word_1_130' title='bbox 639 2007 955 2061; x_wconf 73' lang='lat' dir='ltr'><strong>stt-culorum</strong></span> <span class='ocrx_word' id='word_1_131' title='bbox 1006 2003 1204 2078; x_wconf 78' lang='lat' dir='ltr'><strong>(Apoc.</strong></span> <span class='ocrx_word' id='word_1_132' title='bbox 1263 2021 1354 2068; x_wconf 78' lang='lat' dir='ltr'><strong>xx,</strong></span> <span class='ocrx_word' id='word_1_133' title='bbox 1386 2003 1517 2076; x_wconf 80' lang='lat' dir='ltr'><strong>l0).</strong></span> 
     </span>
    </p>
   </div>
   <div class='ocr_carea' id='block_1_18' title="bbox 253 2095 1876 2175">
    <p class='ocr_par' dir='ltr' id='par_1_18' title="bbox 253 2095 1876 2175">
     <span class='ocr_line' id='line_1_18' title="bbox 253 2095 1876 2175; baseline -0.001 -21"><span class='ocrx_word' id='word_1_134' title='bbox 253 2169 260 2175; x_wconf 30' lang='grc' dir='ltr'><em>ι</em></span> <span class='ocrx_word' id='word_1_135' title='bbox 361 2099 415 2154; x_wconf 74' lang='grc'><strong>4.</strong></span> <span class='ocrx_word' id='word_1_136' title='bbox 443 2098 570 2153; x_wconf 83' lang='lat' dir='ltr'><strong>Post</strong></span> <span class='ocrx_word' id='word_1_137' title='bbox 599 2097 750 2154; x_wconf 86' lang='lat' dir='ltr'><strong>istius</strong></span> <span class='ocrx_word' id='word_1_138' title='bbox 774 2112 904 2152; x_wconf 88' lang='lat' dir='ltr'><strong>sane</strong></span> <span class='ocrx_word' id='word_1_139' title='bbox 930 2097 1169 2166; x_wconf 74' lang='lat' dir='ltr'><strong>corporis</strong></span> <span class='ocrx_word' id='word_1_140' title='bbox 1200 2105 1425 2152; x_wconf 86' lang='lat' dir='ltr'><strong>mortem</strong></span> <span class='ocrx_word' id='word_1_141' title='bbox 1449 2137 1466 2162; x_wconf 96' lang='lat'><strong>,</strong></span> <span class='ocrx_word' id='word_1_142' title='bbox 1495 2095 1673 2152; x_wconf 85' lang='lat' dir='ltr'><strong>donec</strong></span> <span class='ocrx_word' id='word_1_143' title='bbox 1713 2095 1780 2151; x_wconf 83' lang='lat' dir='ltr'><strong>ad</strong></span> <span class='ocrx_word' id='word_1_144' title='bbox 1799 2095 1876 2152; x_wconf 81' lang='lat' dir='ltr'><strong>.il-</strong></span> 
     </span>
    </p>
   </div>
   <div class='ocr_carea' id='block_1_19' title="bbox 291 2185 1875 2259">
    <p class='ocr_par' dir='ltr' id='par_1_19' title="bbox 291 2185 1875 2259">
     <span class='ocr_line' id='line_1_19' title="bbox 291 2185 1875 2259; baseline -0.002 -14"><span class='ocrx_word' id='word_1_145' title='bbox 291 2190 398 2246; x_wconf 82' lang='lat' dir='ltr'><strong>lunt</strong></span> <span class='ocrx_word' id='word_1_146' title='bbox 433 2189 698 2254; x_wconf 89' lang='lat' dir='ltr'><strong>veniatur,</strong></span> <span class='ocrx_word' id='word_1_147' title='bbox 726 2189 817 2259; x_wconf 91' lang='lat' dir='ltr'><strong>qui</strong></span> <span class='ocrx_word' id='word_1_148' title='bbox 860 2197 980 2258; x_wconf 89' lang='lat' dir='ltr'><strong>post</strong></span> <span class='ocrx_word' id='word_1_149' title='bbox 1006 2187 1457 2244; x_wconf 67' lang='lat' dir='ltr'><strong>resurrectionem</strong></span> <span class='ocrx_word' id='word_1_150' title='bbox 1483 2201 1767 2256; x_wconf 79' lang='lat' dir='ltr'><strong>corporum</strong></span> <span class='ocrx_word' id='word_1_151' title='bbox 1791 2185 1875 2242; x_wconf 86' lang='lat' dir='ltr'><strong>fu-</strong></span> 
     </span>
    </p>
   </div>
   <div class='ocr_carea' id='block_1_20' title="bbox 290 2277 1872 2345">
    <p class='ocr_par' dir='ltr' id='par_1_20' title="bbox 290 2277 1872 2345">
     <span class='ocr_line' id='line_1_20' title="bbox 290 2277 1872 2345; baseline -0.002 -10"><span class='ocrx_word' id='word_1_152' title='bbox 290 2293 440 2336; x_wconf 87' lang='lat' dir='ltr'><strong>turus</strong></span> <span class='ocrx_word' id='word_1_153' title='bbox 464 2290 548 2336; x_wconf 89' lang='lat' dir='ltr'><strong>est</strong></span> <span class='ocrx_word' id='word_1_154' title='bbox 563 2280 916 2334; x_wconf 73' lang='lat' dir='ltr'><strong>damnationis</strong></span> <span class='ocrx_word' id='word_1_155' title='bbox 933 2287 986 2334; x_wconf 89' lang='lat' dir='ltr'><strong>et</strong></span> <span class='ocrx_word' id='word_1_156' title='bbox 1009 2278 1456 2334; x_wconf 60' lang='lat' dir='ltr'><strong>remunerationis</strong></span> <span class='ocrx_word' id='word_1_157' title='bbox 1493 2279 1711 2333; x_wconf 90' lang='lat' dir='ltr'><strong>ultimus</strong></span> <span class='ocrx_word' id='word_1_158' title='bbox 1733 2277 1872 2345; x_wconf 87' lang='lat' dir='ltr'><strong>dies,</strong></span> 
     </span>
    </p>
   </div>
   <div class='ocr_carea' id='block_1_21' title="bbox 286 2369 1866 2442">
    <p class='ocr_par' dir='ltr' id='par_1_21' title="bbox 286 2369 1866 2442">
     <span class='ocr_line' id='line_1_21' title="bbox 286 2369 1866 2442; baseline -0.002 -15"><span class='ocrx_word' id='word_1_159' title='bbox 286 2374 333 2427; x_wconf 86' lang='lat' dir='ltr'><strong>si</strong></span> <span class='ocrx_word' id='word_1_160' title='bbox 361 2372 462 2428; x_wconf 87' lang='lat' dir='ltr'><strong>hoc</strong></span> <span class='ocrx_word' id='word_1_161' title='bbox 483 2372 740 2442; x_wconf 89' lang='lat' dir='ltr'><strong>temporis</strong></span> <span class='ocrx_word' id='word_1_162' title='bbox 767 2371 1048 2426; x_wconf 78' lang='lat' dir='ltr'><strong>intervallo</strong></span> <span class='ocrx_word' id='word_1_163' title='bbox 1072 2370 1292 2440; x_wconf 84' lang='lat' dir='ltr'><strong>spiritus</strong></span> <span class='ocrx_word' id='word_1_164' title='bbox 1313 2369 1685 2425; x_wconf 74' lang='lat' dir='ltr'><strong>defunctorum</strong></span> <span class='ocrx_word' id='word_1_165' title='bbox 1711 2369 1866 2439; x_wconf 82' lang='lat' dir='ltr'><strong>ejus-</strong></span> 
     </span>
    </p>
   </div>
   <div class='ocr_carea' id='block_1_22' title="bbox 288 2459 1872 2534">
    <p class='ocr_par' dir='ltr' id='par_1_22' title="bbox 288 2459 1872 2534">
     <span class='ocr_line' id='line_1_22' title="bbox 288 2459 1872 2534; baseline -0.001 -18"><span class='ocrx_word' id='word_1_166' title='bbox 288 2464 434 2519; x_wconf 85' lang='lat' dir='ltr'><strong>modi</strong></span> <span class='ocrx_word' id='word_1_167' title='bbox 457 2463 634 2534; x_wconf 77' lang='lat' dir='ltr'><strong>ignem</strong></span> <span class='ocrx_word' id='word_1_168' title='bbox 659 2462 908 2520; x_wconf 88' lang='lat' dir='ltr'><strong>dicuntur</strong></span> <span class='ocrx_word' id='word_1_169' title='bbox 928 2461 1159 2532; x_wconf 80' lang='lat' dir='ltr'><strong>perpeti,</strong></span> <span class='ocrx_word' id='word_1_170' title='bbox 1190 2476 1350 2531; x_wconf 81' lang='lat' dir='ltr'><strong>quem</strong></span> <span class='ocrx_word' id='word_1_171' title='bbox 1386 2477 1490 2515; x_wconf 88' lang='lat' dir='ltr'><strong>non</strong></span> <span class='ocrx_word' id='word_1_172' title='bbox 1521 2461 1754 2516; x_wconf 87' lang='lat' dir='ltr'><strong>sentiant</strong></span> <span class='ocrx_word' id='word_1_173' title='bbox 1794 2459 1872 2515; x_wconf 88' lang='lat' dir='ltr'><strong>illi</strong></span> 
     </span>
    </p>
   </div>
   <div class='ocr_carea' id='block_1_23' title="bbox 286 2550 1874 2624">
    <p class='ocr_par' dir='ltr' id='par_1_23' title="bbox 286 2550 1874 2624">
     <span class='ocr_line' id='line_1_23' title="bbox 286 2550 1874 2624; baseline -0.001 -16"><span class='ocrx_word' id='word_1_174' title='bbox 286 2555 378 2624; x_wconf 83' lang='lat' dir='ltr'><strong>qui</strong></span> <span class='ocrx_word' id='word_1_175' title='bbox 411 2571 518 2610; x_wconf 93' lang='lat' dir='ltr'><strong>non</strong></span> <span class='ocrx_word' id='word_1_176' title='bbox 572 2554 876 2609; x_wconf 88' lang='lat' dir='ltr'><strong>habuerunt</strong></span> <span class='ocrx_word' id='word_1_177' title='bbox 913 2553 1046 2608; x_wconf 84' lang='lat' dir='ltr'><strong>tales</strong></span> <span class='ocrx_word' id='word_1_178' title='bbox 1090 2566 1270 2607; x_wconf 88' lang='lat' dir='ltr'><strong>mores</strong></span> <span class='ocrx_word' id='word_1_179' title='bbox 1297 2559 1352 2606; x_wconf 89' lang='lat' dir='ltr'><strong>et</strong></span> <span class='ocrx_word' id='word_1_180' title='bbox 1376 2565 1587 2606; x_wconf 86' lang='lat' dir='ltr'><strong>amores</strong></span> <span class='ocrx_word' id='word_1_181' title='bbox 1635 2552 1688 2606; x_wconf 89' lang='lat' dir='ltr'><strong>in</strong></span> <span class='ocrx_word' id='word_1_182' title='bbox 1717 2550 1874 2620; x_wconf 85' lang='lat' dir='ltr'><strong>hujus</strong></span> 
     </span>
    </p>
   </div>
   <div class='ocr_carea' id='block_1_24' title="bbox 283 2640 1872 2716">
    <p class='ocr_par' dir='ltr' id='par_1_24' title="bbox 283 2640 1872 2716">
     <span class='ocr_line' id='line_1_24' title="bbox 283 2640 1872 2716; baseline -0.003 -16"><span class='ocrx_word' id='word_1_183' title='bbox 283 2646 529 2716; x_wconf 86' lang='lat' dir='ltr'><strong>corporis</strong></span> <span class='ocrx_word' id='word_1_184' title='bbox 554 2645 682 2710; x_wconf 89' lang='lat' dir='ltr'><strong>vita,</strong></span> <span class='ocrx_word' id='word_1_185' title='bbox 715 2653 772 2698; x_wconf 93' lang='lat' dir='ltr'><strong>ut</strong></span> <span class='ocrx_word' id='word_1_186' title='bbox 798 2658 982 2699; x_wconf 90' lang='lat' dir='ltr'><strong>eorum</strong></span> <span class='ocrx_word' id='word_1_187' title='bbox 1015 2643 1176 2712; x_wconf 79' lang='lat' dir='ltr'><strong>ligna,</strong></span> <span class='ocrx_word' id='word_1_188' title='bbox 1203 2640 1406 2707; x_wconf 91' lang='lat' dir='ltr'><strong>fenum,</strong></span> <span class='ocrx_word' id='word_1_189' title='bbox 1435 2643 1628 2713; x_wconf 83' lang='lat' dir='ltr'><strong>stipula</strong></span> <span class='ocrx_word' id='word_1_190' title='bbox 1675 2657 1872 2698; x_wconf 89' lang='lat' dir='ltr'><strong>constt-</strong></span> 
     </span>
    </p>
   </div>
   <div class='ocr_carea' id='block_1_25' title="bbox 290 2735 1875 2806">
    <p class='ocr_par' dir='ltr' id='par_1_25' title="bbox 290 2735 1875 2806">
     <span class='ocr_line' id='line_1_25' title="bbox 290 2735 1875 2806; baseline -0.002 -14"><span class='ocrx_word' id='word_1_191' title='bbox 290 2750 501 2802; x_wconf 85' lang='lat' dir='ltr'><strong>matur;</strong></span> <span class='ocrx_word' id='word_1_192' title='bbox 552 2738 642 2792; x_wconf 91' lang='lat' dir='ltr'><strong>alii</strong></span> <span class='ocrx_word' id='word_1_193' title='bbox 674 2752 803 2792; x_wconf 86' lang='lat' dir='ltr'><strong>vero</strong></span> <span class='ocrx_word' id='word_1_194' title='bbox 828 2735 1054 2791; x_wconf 85' lang='lat' dir='ltr'><strong>sentiant</strong></span> <span class='ocrx_word' id='word_1_195' title='bbox 1082 2735 1174 2806; x_wconf 90' lang='lat' dir='ltr'><strong>qui</strong></span> <span class='ocrx_word' id='word_1_196' title='bbox 1201 2735 1676 2804; x_wconf 78' lang='lat' dir='ltr'><strong>ejusmodi&#39;sccum</strong></span> <span class='ocrx_word' id='word_1_197' title='bbox 1704 2735 1875 2790; x_wconf 65' lang='lat' dir='ltr'><strong>acditi-</strong></span> 
     </span>
    </p>
   </div>
   <div class='ocr_carea' id='block_1_26' title="bbox 283 2825 1871 2900">
    <p class='ocr_par' dir='ltr' id='par_1_26' title="bbox 283 2825 1871 2900">
     <span class='ocr_line' id='line_1_26' title="bbox 283 2825 1871 2900; baseline -0.003 -16"><span class='ocrx_word' id='word_1_198' title='bbox 283 2831 370 2885; x_wconf 88' lang='lat' dir='ltr'><strong>cia</strong></span> <span class='ocrx_word' id='word_1_199' title='bbox 402 2837 778 2900; x_wconf 83' lang='lat' dir='ltr'><strong>portaverunt,</strong></span> <span class='ocrx_word' id='word_1_200' title='bbox 813 2828 926 2882; x_wconf 80' lang='lat' dir='ltr'><strong>sive</strong></span> <span class='ocrx_word' id='word_1_201' title='bbox 958 2827 1042 2896; x_wconf 75' lang='lat' dir='ltr'><strong>ibi</strong></span> <span class='ocrx_word' id='word_1_202' title='bbox 1075 2833 1301 2893; x_wconf 86' lang='lat' dir='ltr'><strong>tantum,</strong></span> <span class='ocrx_word' id='word_1_203' title='bbox 1333 2826 1445 2881; x_wconf 91' lang='lat' dir='ltr'><strong>sive</strong></span> <span class='ocrx_word' id='word_1_204' title='bbox 1485 2833 1542 2882; x_wconf 84' lang='lat' dir='ltr'><strong>et</strong></span> <span class='ocrx_word' id='word_1_205' title='bbox 1581 2825 1670 2882; x_wconf 87' lang='lat' dir='ltr'><strong>hic</strong></span> <span class='ocrx_word' id='word_1_206' title='bbox 1694 2835 1748 2882; x_wconf 89' lang='lat' dir='ltr'><strong>et</strong></span> <span class='ocrx_word' id='word_1_207' title='bbox 1774 2825 1871 2893; x_wconf 92' lang='lat' dir='ltr'><strong>ibi,</strong></span> 
     </span>
    </p>
   </div>
   <div class='ocr_carea' id='block_1_27' title="bbox 255 2917 1874 2988">
    <p class='ocr_par' dir='ltr' id='par_1_27' title="bbox 255 2917 1874 2988">
     <span class='ocr_line' id='line_1_27' title="bbox 255 2917 1874 2988; baseline -0.002 -12"><span class='ocrx_word' id='word_1_208' title='bbox 255 2978 262 2984; x_wconf 75' lang='grc'><strong><em>,</em></strong></span> <span class='ocrx_word' id='word_1_209' title='bbox 285 2924 400 2978; x_wconf 87' lang='lat' dir='ltr'><strong>sive</strong></span> <span class='ocrx_word' id='word_1_210' title='bbox 430 2922 550 2978; x_wconf 90' lang='lat' dir='ltr'><strong>ideo</strong></span> <span class='ocrx_word' id='word_1_211' title='bbox 579 2921 666 2976; x_wconf 89' lang='lat' dir='ltr'><strong>hic</strong></span> <span class='ocrx_word' id='word_1_212' title='bbox 690 2929 747 2975; x_wconf 88' lang='lat' dir='ltr'><strong>ut</strong></span> <span class='ocrx_word' id='word_1_213' title='bbox 772 2934 880 2975; x_wconf 83' lang='lat' dir='ltr'><strong>non</strong></span> <span class='ocrx_word' id='word_1_214' title='bbox 910 2919 1001 2983; x_wconf 91' lang='lat' dir='ltr'><strong>ibi,</strong></span> <span class='ocrx_word' id='word_1_215' title='bbox 1028 2918 1306 2974; x_wconf 71' lang='lat' dir='ltr'><strong>surcularia</strong></span> <span class='ocrx_word' id='word_1_216' title='bbox 1331 2920 1375 2983; x_wconf 79' lang='lat'><strong>’,</strong></span> <span class='ocrx_word' id='word_1_217' title='bbox 1403 2919 1648 2988; x_wconf 83' lang='lat' dir='ltr'><strong>quamvis</strong></span> <span class='ocrx_word' id='word_1_218' title='bbox 1667 2933 1698 2972; x_wconf 88' lang='lat' dir='ltr'><strong>a</strong></span> <span class='ocrx_word' id='word_1_219' title='bbox 1723 2917 1874 2973; x_wconf 88' lang='lat' dir='ltr'><strong>dam-</strong></span> 
     </span>
    </p>
   </div>
   <div class='ocr_carea' id='block_1_28' title="bbox 285 3011 1869 3083">
    <p class='ocr_par' dir='ltr' id='par_1_28' title="bbox 285 3011 1869 3083">
     <span class='ocr_line' id='line_1_28' title="bbox 285 3011 1869 3083; baseline -0.002 -13"><span class='ocrx_word' id='word_1_220' title='bbox 285 3016 502 3071; x_wconf 90' lang='lat' dir='ltr'><strong>natione</strong></span> <span class='ocrx_word' id='word_1_221' title='bbox 545 3015 772 3070; x_wconf 87' lang='lat' dir='ltr'><strong>venialia</strong></span> <span class='ocrx_word' id='word_1_222' title='bbox 834 3026 1264 3070; x_wconf 84' lang='lat' dir='ltr'><strong>concremament</strong></span> <span class='ocrx_word' id='word_1_223' title='bbox 1316 3012 1492 3083; x_wconf 77' lang='lat' dir='ltr'><strong>ignem</strong></span> <span class='ocrx_word' id='word_1_224' title='bbox 1548 3011 1869 3067; x_wconf 64' lang='lat' dir='ltr'><strong>transitoria:</strong></span> 
     </span>
    </p>
   </div>
   <div class='ocr_carea' id='block_1_29' title="bbox 285 3104 1870 3174">
    <p class='ocr_par' dir='ltr' id='par_1_29' title="bbox 285 3104 1870 3174">
     <span class='ocr_line' id='line_1_29' title="bbox 285 3104 1870 3174; baseline -0.001 -13"><span class='ocrx_word' id='word_1_225' title='bbox 285 3105 641 3162; x_wconf 84' lang='lat' dir='ltr'><strong>tribulationis</strong></span> <span class='ocrx_word' id='word_1_226' title='bbox 683 3105 973 3173; x_wconf 77' lang='lat' dir='ltr'><strong>inveniant,</strong></span> <span class='ocrx_word' id='word_1_227' title='bbox 1023 3122 1127 3160; x_wconf 88' lang='lat' dir='ltr'><strong>non</strong></span> <span class='ocrx_word' id='word_1_228' title='bbox 1172 3105 1468 3174; x_wconf 75' lang='lat' dir='ltr'><strong>redarguo,</strong></span> <span class='ocrx_word' id='word_1_229' title='bbox 1497 3104 1623 3174; x_wconf 88' lang='lat' dir='ltr'><strong>quia</strong></span> <span class='ocrx_word' id='word_1_230' title='bbox 1649 3105 1870 3160; x_wconf 77' lang='lat' dir='ltr'><strong>forsitan</strong></span> 
     </span>
    </p>
   </div>
   <div class='ocr_carea' id='block_1_30' title="bbox 285 3196 1869 3271">
    <p class='ocr_par' dir='ltr' id='par_1_30' title="bbox 285 3196 1869 3271">
     <span class='ocr_line' id='line_1_30' title="bbox 285 3196 1869 3271; baseline 0.001 -21"><span class='ocrx_word' id='word_1_231' title='bbox 285 3213 492 3271; x_wconf 81' lang='lat' dir='ltr'><strong>verum</strong></span> <span class='ocrx_word' id='word_1_232' title='bbox 523 3205 624 3253; x_wconf 89' lang='lat' dir='ltr'><strong>est.</strong></span> <span class='ocrx_word' id='word_1_233' title='bbox 678 3197 861 3270; x_wconf 85' lang='lat' dir='ltr'><strong>Potest</strong></span> <span class='ocrx_word' id='word_1_234' title='bbox 905 3197 1098 3267; x_wconf 88' lang='lat' dir='ltr'><strong>quippe</strong></span> <span class='ocrx_word' id='word_1_235' title='bbox 1148 3197 1213 3250; x_wconf 90' lang='lat' dir='ltr'><strong>ad</strong></span> <span class='ocrx_word' id='word_1_236' title='bbox 1263 3197 1420 3250; x_wconf 80' lang='lat' dir='ltr'><strong>istam</strong></span> <span class='ocrx_word' id='word_1_237' title='bbox 1477 3196 1869 3252; x_wconf 83' lang='lat' dir='ltr'><strong>tribulationem</strong></span> 
     </span>
    </p>
   </div>
   <div class='ocr_carea' id='block_1_31' title="bbox 283 3288 1870 3360">
    <p class='ocr_par' dir='ltr' id='par_1_31' title="bbox 283 3288 1870 3360">
     <span class='ocr_line' id='line_1_31' title="bbox 283 3288 1870 3360; baseline 0 -16"><span class='ocrx_word' id='word_1_238' title='bbox 283 3291 562 3360; x_wconf 86' lang='lat' dir='ltr'><strong>pertinere</strong></span> <span class='ocrx_word' id='word_1_239' title='bbox 612 3289 772 3344; x_wconf 87' lang='lat' dir='ltr'><strong>etiam</strong></span> <span class='ocrx_word' id='word_1_240' title='bbox 821 3288 933 3359; x_wconf 78' lang='lat' dir='ltr'><strong>ipsa</strong></span> <span class='ocrx_word' id='word_1_241' title='bbox 979 3303 1128 3344; x_wconf 88' lang='lat' dir='ltr'><strong>mors</strong></span> <span class='ocrx_word' id='word_1_242' title='bbox 1161 3289 1354 3353; x_wconf 84' lang='lat' dir='ltr'><strong>carnis,</strong></span> <span class='ocrx_word' id='word_1_243' title='bbox 1383 3303 1504 3358; x_wconf 73' lang='lat' dir='ltr'><strong>qua:</strong></span> <span class='ocrx_word' id='word_1_244' title='bbox 1548 3288 1616 3344; x_wconf 88' lang='lat' dir='ltr'><strong>de</strong></span> <span class='ocrx_word' id='word_1_245' title='bbox 1670 3291 1870 3359; x_wconf 88' lang='lat' dir='ltr'><strong>peccati</strong></span> 
     </span>
    </p>
   </div>
   <div class='ocr_carea' id='block_1_32' title="bbox 284 3380 1872 3460">
    <p class='ocr_par' dir='ltr' id='par_1_32' title="bbox 284 3380 1872 3460">
     <span class='ocr_line' id='line_1_32' title="bbox 284 3380 1872 3460; baseline 0.002 -26"><span class='ocrx_word' id='word_1_246' title='bbox 284 3381 446 3453; x_wconf 80' lang='lat' dir='ltr'><strong>primi</strong></span> <span class='ocrx_word' id='word_1_247' title='bbox 471 3381 866 3452; x_wconf 76' lang='lat' dir='ltr'><strong>Perpetratione</strong></span> <span class='ocrx_word' id='word_1_248' title='bbox 891 3390 1148 3450; x_wconf 87' lang='lat' dir='ltr'><strong>concepta</strong></span> <span class='ocrx_word' id='word_1_249' title='bbox 1169 3390 1271 3444; x_wconf 89' lang='lat' dir='ltr'><strong>est,</strong></span> <span class='ocrx_word' id='word_1_250' title='bbox 1303 3390 1361 3436; x_wconf 92' lang='lat' dir='ltr'><strong>nt</strong></span> <span class='ocrx_word' id='word_1_251' title='bbox 1384 3380 1674 3436; x_wconf 88' lang='lat' dir='ltr'><strong>secundum</strong></span> <span class='ocrx_word' id='word_1_252' title='bbox 1700 3383 1872 3460; x_wconf 60' lang='lat' dir='ltr'><strong>cujuso</strong></span> 
     </span>
    </p>
   </div>
   <div class='ocr_carea' id='block_1_33' title="bbox 282 3472 1867 3544">
    <p class='ocr_par' dir='ltr' id='par_1_33' title="bbox 282 3472 1867 3544">
     <span class='ocr_line' id='line_1_33' title="bbox 282 3472 1867 3544; baseline -0.001 -15"><span class='ocrx_word' id='word_1_253' title='bbox 282 3489 387 3544; x_wconf 80' lang='lat' dir='ltr'><strong>que</strong></span> <span class='ocrx_word' id='word_1_254' title='bbox 417 3473 698 3528; x_wconf 69' lang='lat' dir='ltr'><strong>aediﬁcium</strong></span> <span class='ocrx_word' id='word_1_255' title='bbox 727 3482 938 3541; x_wconf 86' lang='lat' dir='ltr'><strong>tempus</strong></span> <span class='ocrx_word' id='word_1_256' title='bbox 967 3473 1109 3541; x_wconf 88' lang='lat' dir='ltr'><strong>quod</strong></span> <span class='ocrx_word' id='word_1_257' title='bbox 1133 3487 1251 3526; x_wconf 89' lang='lat' dir='ltr'><strong>eam</strong></span> <span class='ocrx_word' id='word_1_258' title='bbox 1279 3473 1520 3541; x_wconf 82' lang='lat' dir='ltr'><strong>sequitur</strong></span> <span class='ocrx_word' id='word_1_259' title='bbox 1538 3472 1606 3530; x_wconf 88' lang='lat' dir='ltr'><strong>ab</strong></span> <span class='ocrx_word' id='word_1_260' title='bbox 1633 3489 1867 3543; x_wconf 83' lang='lat' dir='ltr'><strong>unoquo-</strong></span> 
     </span>
    </p>
   </div>
   <div class='ocr_carea' id='block_1_34' title="bbox 284 3565 1870 3638">
    <p class='ocr_par' dir='ltr' id='par_1_34' title="bbox 284 3565 1870 3638">
     <span class='ocr_line' id='line_1_34' title="bbox 284 3565 1870 3638; baseline -0.003 -15"><span class='ocrx_word' id='word_1_261' title='bbox 284 3583 390 3638; x_wconf 88' lang='lat' dir='ltr'><strong>que</strong></span> <span class='ocrx_word' id='word_1_262' title='bbox 415 3567 696 3623; x_wconf 87' lang='lat' dir='ltr'><strong>sentiatur.</strong></span> <span class='ocrx_word' id='word_1_263' title='bbox 741 3565 1148 3620; x_wconf 86' lang='lat' dir='ltr'><strong>Persecutiones</strong></span> <span class='ocrx_word' id='word_1_264' title='bbox 1193 3579 1407 3634; x_wconf 89' lang='lat' dir='ltr'><strong>quoque</strong></span> <span class='ocrx_word' id='word_1_265' title='bbox 1443 3565 1636 3634; x_wconf 86' lang='lat' dir='ltr'><strong>quibus</strong></span> <span class='ocrx_word' id='word_1_266' title='bbox 1667 3577 1870 3638; x_wconf 85' lang='lat' dir='ltr'><strong>marty-</strong></span> 
     </span>
    </p>
   </div>
   <div class='ocr_carea' id='block_1_35' title="bbox 285 3655 1872 3727">
    <p class='ocr_par' dir='ltr' id='par_1_35' title="bbox 285 3655 1872 3727">
     <span class='ocr_line' id='line_1_35' title="bbox 285 3655 1872 3727; baseline -0.001 -13"><span class='ocrx_word' id='word_1_267' title='bbox 285 3674 374 3714; x_wconf 87' lang='lat' dir='ltr'><strong>res</strong></span> <span class='ocrx_word' id='word_1_268' title='bbox 405 3659 427 3691; x_wconf 85' lang='grc'><strong><em>³</em></strong></span> <span class='ocrx_word' id='word_1_269' title='bbox 453 3657 696 3714; x_wconf 86' lang='lat' dir='ltr'><strong>coronati</strong></span> <span class='ocrx_word' id='word_1_270' title='bbox 737 3667 894 3722; x_wconf 89' lang='lat' dir='ltr'><strong>sunt,</strong></span> <span class='ocrx_word' id='word_1_271' title='bbox 948 3664 1005 3712; x_wconf 92' lang='lat' dir='ltr'><strong>et</strong></span> <span class='ocrx_word' id='word_1_272' title='bbox 1048 3671 1182 3725; x_wconf 83' lang='lat' dir='ltr'><strong>quas</strong></span> <span class='ocrx_word' id='word_1_273' title='bbox 1231 3655 1506 3726; x_wconf 87' lang='lat' dir='ltr'><strong>patiuntur</strong></span> <span class='ocrx_word' id='word_1_274' title='bbox 1552 3657 1872 3727; x_wconf 85' lang='lat' dir='ltr'><strong>quicumque</strong></span> 
     </span>
    </p>
   </div>
   <div class='ocr_carea' id='block_1_36' title="bbox 283 3747 1872 3820">
    <p class='ocr_par' dir='ltr' id='par_1_36' title="bbox 283 3747 1872 3820">
     <span class='ocr_line' id='line_1_36' title="bbox 283 3747 1872 3820; baseline -0.002 -13"><span class='ocrx_word' id='word_1_275' title='bbox 283 3751 574 3807; x_wconf 86' lang='lat' dir='ltr'><strong>Christiani</strong></span> <span class='ocrx_word' id='word_1_276' title='bbox 599 3791 616 3817; x_wconf 93' lang='lat'><strong>,</strong></span> <span class='ocrx_word' id='word_1_277' title='bbox 655 3748 882 3820; x_wconf 87' lang='lat' dir='ltr'><strong>probant</strong></span> <span class='ocrx_word' id='word_1_278' title='bbox 925 3757 1148 3818; x_wconf 89' lang='lat' dir='ltr'><strong>utraque</strong></span> <span class='ocrx_word' id='word_1_279' title='bbox 1173 3747 1401 3802; x_wconf 67' lang='lat' dir='ltr'><strong>aediﬁcia</strong></span> <span class='ocrx_word' id='word_1_280' title='bbox 1452 3747 1596 3802; x_wconf 88' lang='lat' dir='ltr'><strong>velut</strong></span> <span class='ocrx_word' id='word_1_281' title='bbox 1634 3748 1789 3819; x_wconf 79' lang='lat' dir='ltr'><strong>ignis,</strong></span> <span class='ocrx_word' id='word_1_282' title='bbox 1816 3757 1872 3804; x_wconf 88' lang='lat' dir='ltr'><strong>et</strong></span> 
     </span>
    </p>
   </div>
   <div class='ocr_carea' id='block_1_37' title="bbox 282 3841 1867 3912">
    <p class='ocr_par' dir='ltr' id='par_1_37' title="bbox 282 3841 1867 3912">
     <span class='ocr_line' id='line_1_37' title="bbox 282 3841 1867 3912; baseline -0.002 -12"><span class='ocrx_word' id='word_1_283' title='bbox 282 3846 388 3900; x_wconf 81' lang='lat' dir='ltr'><strong>alia</strong></span> <span class='ocrx_word' id='word_1_284' title='bbox 415 3852 740 3900; x_wconf 85' lang='lat' dir='ltr'><strong>consumunt</strong></span> <span class='ocrx_word' id='word_1_285' title='bbox 758 3858 879 3897; x_wconf 89' lang='lat' dir='ltr'><strong>cum</strong></span> <span class='ocrx_word' id='word_1_286' title='bbox 910 3842 1038 3912; x_wconf 82' lang='lat' dir='ltr'><strong>ipsis</strong></span> <span class='ocrx_word' id='word_1_287' title='bbox 1065 3841 1506 3904; x_wconf 73' lang='lat' dir='ltr'><strong>todillcatoribns,</strong></span> <span class='ocrx_word' id='word_1_288' title='bbox 1528 3845 1572 3896; x_wconf 87' lang='lat' dir='ltr'><strong>si</strong></span> <span class='ocrx_word' id='word_1_289' title='bbox 1599 3841 1867 3898; x_wconf 87' lang='lat' dir='ltr'><strong>Christum</strong></span> 
     </span>
    </p>
   </div>
   <div class='ocr_carea' id='block_1_38' title="bbox 283 3931 1866 4004">
    <p class='ocr_par' dir='ltr' id='par_1_38' title="bbox 283 3931 1866 4004">
     <span class='ocr_line' id='line_1_38' title="bbox 283 3931 1866 4004; baseline -0.001 -13"><span class='ocrx_word' id='word_1_290' title='bbox 283 3937 338 3992; x_wconf 90' lang='lat' dir='ltr'><strong>in</strong></span> <span class='ocrx_word' id='word_1_291' title='bbox 369 3936 450 3991; x_wconf 89' lang='lat' dir='ltr'><strong>eis</strong></span> <span class='ocrx_word' id='word_1_292' title='bbox 479 3951 583 3989; x_wconf 94' lang='lat' dir='ltr'><strong>non</strong></span> <span class='ocrx_word' id='word_1_293' title='bbox 615 3933 888 3990; x_wconf 89' lang='lat' dir='ltr'><strong>inveniunt</strong></span> <span class='ocrx_word' id='word_1_294' title='bbox 938 3932 1371 3998; x_wconf 81' lang='lat' dir='ltr'><strong>fundamentum;</strong></span> <span class='ocrx_word' id='word_1_295' title='bbox 1411 3931 1512 3986; x_wconf 88' lang='lat' dir='ltr'><strong>alia</strong></span> <span class='ocrx_word' id='word_1_296' title='bbox 1557 3933 1672 3988; x_wconf 88' lang='lat' dir='ltr'><strong>sine</strong></span> <span class='ocrx_word' id='word_1_297' title='bbox 1716 3934 1866 4004; x_wconf 81' lang='lat' dir='ltr'><strong>ipsis,</strong></span> 
     </span>
    </p>
   </div>
   <div class='ocr_carea' id='block_1_39' title="bbox 279 4021 1874 4094">
    <p class='ocr_par' dir='ltr' id='par_1_39' title="bbox 279 4021 1874 4094">
     <span class='ocr_line' id='line_1_39' title="bbox 279 4021 1874 4094; baseline -0.002 -12"><span class='ocrx_word' id='word_1_298' title='bbox 279 4027 328 4082; x_wconf 94' lang='lat' dir='ltr'><strong>si</strong></span> <span class='ocrx_word' id='word_1_299' title='bbox 353 4025 650 4092; x_wconf 86' lang='lat' dir='ltr'><strong>inveniunt,</strong></span> <span class='ocrx_word' id='word_1_300' title='bbox 673 4023 815 4094; x_wconf 84' lang='lat' dir='ltr'><strong>quia,</strong></span> <span class='ocrx_word' id='word_1_301' title='bbox 859 4022 982 4078; x_wconf 88' lang='lat' dir='ltr'><strong>licet</strong></span> <span class='ocrx_word' id='word_1_302' title='bbox 1002 4037 1122 4079; x_wconf 84' lang='lat' dir='ltr'><strong>cum</strong></span> <span class='ocrx_word' id='word_1_303' title='bbox 1146 4021 1362 4089; x_wconf 86' lang='lat' dir='ltr'><strong>damno,</strong></span> <span class='ocrx_word' id='word_1_304' title='bbox 1390 4023 1520 4078; x_wconf 82' lang='lat' dir='ltr'><strong>salvi</strong></span> <span class='ocrx_word' id='word_1_305' title='bbox 1551 4033 1708 4078; x_wconf 87' lang='lat' dir='ltr'><strong>erunt</strong></span> <span class='ocrx_word' id='word_1_306' title='bbox 1731 4023 1828 4094; x_wconf 88' lang='lat' dir='ltr'><strong>ipsi</strong></span> <span class='ocrx_word' id='word_1_307' title='bbox 1852 4041 1874 4085; x_wconf 8' lang='lat' dir='ltr'><strong>:t</strong></span> 
     </span>
    </p>
   </div>
   <div class='ocr_carea' id='block_1_40' title="bbox 279 4116 1869 4187">
    <p class='ocr_par' dir='ltr' id='par_1_40' title="bbox 279 4116 1869 4187">
     <span class='ocr_line' id='line_1_40' title="bbox 279 4116 1869 4187; baseline -0.002 -13"><span class='ocrx_word' id='word_1_308' title='bbox 279 4123 387 4176; x_wconf 89' lang='lat' dir='ltr'><strong>alia</strong></span> <span class='ocrx_word' id='word_1_309' title='bbox 433 4135 560 4176; x_wconf 84' lang='lat' dir='ltr'><strong>vero</strong></span> <span class='ocrx_word' id='word_1_310' title='bbox 602 4136 705 4173; x_wconf 87' lang='lat' dir='ltr'><strong>non</strong></span> <span class='ocrx_word' id='word_1_311' title='bbox 748 4125 1087 4182; x_wconf 89' lang='lat' dir='ltr'><strong>consumunt,</strong></span> <span class='ocrx_word' id='word_1_312' title='bbox 1129 4116 1251 4186; x_wconf 90' lang='lat' dir='ltr'><strong>quia</strong></span> <span class='ocrx_word' id='word_1_313' title='bbox 1289 4117 1413 4172; x_wconf 86' lang='lat' dir='ltr'><strong>talia</strong></span> <span class='ocrx_word' id='word_1_314' title='bbox 1439 4117 1712 4186; x_wconf 87' lang='lat' dir='ltr'><strong>reperiunt</strong></span> <span class='ocrx_word' id='word_1_315' title='bbox 1750 4133 1869 4187; x_wconf 75' lang='lat' dir='ltr'><strong>qua:</strong></span> 
     </span>
    </p>
   </div>
   <div class='ocr_carea' id='block_1_41' title="bbox 282 4197 1871 4266">
    <p class='ocr_par' dir='ltr' id='par_1_41' title="bbox 282 4197 1871 4266">
     <span class='ocr_line' id='line_1_41' title="bbox 282 4197 1871 4266; baseline -0.003 0"><span class='ocrx_word' id='word_1_316' title='bbox 282 4217 540 4266; x_wconf 73' lang='lat' dir='ltr'><strong>maneant</strong></span> <span class='ocrx_word' id='word_1_317' title='bbox 568 4211 618 4265; x_wconf 94' lang='lat' dir='ltr'><strong>in</strong></span> <span class='ocrx_word' id='word_1_318' title='bbox 661 4197 986 4264; x_wconf 60' lang='lat' dir='ltr'><strong>atternnnt‘.</strong></span> <span class='ocrx_word' id='word_1_319' title='bbox 1020 4207 1133 4262; x_wconf 85' lang='lat' dir='ltr'><strong>Etit</strong></span> <span class='ocrx_word' id='word_1_320' title='bbox 1159 4208 1318 4262; x_wconf 83' lang='lat' dir='ltr'><strong>etiam</strong></span> <span class='ocrx_word' id='word_1_321' title='bbox 1349 4209 1400 4262; x_wconf 93' lang='lat' dir='ltr'><strong>in</strong></span> <span class='ocrx_word' id='word_1_322' title='bbox 1431 4209 1535 4263; x_wconf 87' lang='lat' dir='ltr'><strong>line</strong></span> <span class='ocrx_word' id='word_1_323' title='bbox 1571 4207 1750 4263; x_wconf 75' lang='lat' dir='ltr'><strong>smculi</strong></span> <span class='ocrx_word' id='word_1_324' title='bbox 1777 4208 1871 4262; x_wconf 88' lang='lat' dir='ltr'><strong>tri-</strong></span> 
     </span>
    </p>
   </div>
   <div class='ocr_carea' id='block_1_42' title="bbox 282 4297 1868 4370">
    <p class='ocr_par' dir='ltr' id='par_1_42' title="bbox 282 4297 1868 4370">
     <span class='ocr_line' id='line_1_42' title="bbox 282 4297 1868 4370; baseline -0.003 -12"><span class='ocrx_word' id='word_1_325' title='bbox 282 4303 489 4358; x_wconf 84' lang='lat' dir='ltr'><strong>bulatio</strong></span> <span class='ocrx_word' id='word_1_326' title='bbox 541 4310 778 4370; x_wconf 89' lang='lat' dir='ltr'><strong>tempore</strong></span> <span class='ocrx_word' id='word_1_327' title='bbox 821 4297 1157 4364; x_wconf 82' lang='lat' dir='ltr'><strong>Antichristi,</strong></span> <span class='ocrx_word' id='word_1_328' title='bbox 1202 4299 1373 4367; x_wconf 84' lang='lat' dir='ltr'><strong>qualis</strong></span> <span class='ocrx_word' id='word_1_329' title='bbox 1417 4314 1683 4368; x_wconf 80' lang='lat' dir='ltr'><strong>nunquam</strong></span> <span class='ocrx_word' id='word_1_330' title='bbox 1713 4309 1868 4355; x_wconf 84' lang='lat' dir='ltr'><strong>antea</strong></span> 
     </span>
    </p>
   </div>
   <div class='ocr_carea' id='block_1_43' title="bbox 273 4391 1871 4468">
    <p class='ocr_par' dir='ltr' id='par_1_43' title="bbox 273 4391 1871 4468">
     <span class='ocr_line' id='line_1_43' title="bbox 273 4391 1871 4468; baseline -0.002 -18"><span class='ocrx_word' id='word_1_331' title='bbox 273 4396 405 4468; x_wconf 90' lang='lat' dir='ltr'><strong>fuit.</strong></span> <span class='ocrx_word' id='word_1_332' title='bbox 435 4396 604 4464; x_wconf 87' lang='lat' dir='ltr'><strong>Quam</strong></span> <span class='ocrx_word' id='word_1_333' title='bbox 633 4393 795 4448; x_wconf 88' lang='lat' dir='ltr'><strong>multa</strong></span> <span class='ocrx_word' id='word_1_334' title='bbox 822 4398 980 4448; x_wconf 87' lang='lat' dir='ltr'><strong>erunt</strong></span> <span class='ocrx_word' id='word_1_335' title='bbox 1010 4400 1135 4446; x_wconf 88' lang='lat' dir='ltr'><strong>tunc</strong></span> <span class='ocrx_word' id='word_1_336' title='bbox 1157 4391 1400 4456; x_wconf 62' lang='lat' dir='ltr'><strong>aediﬁcia,</strong></span> <span class='ocrx_word' id='word_1_337' title='bbox 1424 4391 1534 4445; x_wconf 84' lang='lat' dir='ltr'><strong>sive</strong></span> <span class='ocrx_word' id='word_1_338' title='bbox 1553 4406 1734 4454; x_wconf 86' lang='lat' dir='ltr'><strong>aurea,</strong></span> <span class='ocrx_word' id='word_1_339' title='bbox 1757 4392 1871 4447; x_wconf 84' lang='lat' dir='ltr'><strong>sive</strong></span> 
     </span>
    </p>
   </div>
   <div class='ocr_carea' id='block_1_44' title="bbox 281 4481 1870 4554">
    <p class='ocr_par' dir='ltr' id='par_1_44' title="bbox 281 4481 1870 4554">
     <span class='ocr_line' id='line_1_44' title="bbox 281 4481 1870 4554; baseline -0.003 -13"><span class='ocrx_word' id='word_1_340' title='bbox 281 4489 442 4544; x_wconf 83' lang='lat' dir='ltr'><strong>fenea</strong></span> <span class='ocrx_word' id='word_1_341' title='bbox 471 4501 630 4554; x_wconf 89' lang='lat' dir='ltr'><strong>super</strong></span> <span class='ocrx_word' id='word_1_342' title='bbox 671 4484 927 4552; x_wconf 83' lang='lat' dir='ltr'><strong>Optimum</strong></span> <span class='ocrx_word' id='word_1_343' title='bbox 977 4481 1396 4544; x_wconf 87' lang='lat' dir='ltr'><strong>fundamentum,</strong></span> <span class='ocrx_word' id='word_1_344' title='bbox 1421 4483 1559 4552; x_wconf 89' lang='lat' dir='ltr'><strong>quod</strong></span> <span class='ocrx_word' id='word_1_345' title='bbox 1599 4490 1682 4536; x_wconf 88' lang='lat' dir='ltr'><strong>est</strong></span> <span class='ocrx_word' id='word_1_346' title='bbox 1717 4482 1870 4538; x_wconf 88' lang='lat' dir='ltr'><strong>Chri-</strong></span> 
     </span>
    </p>
   </div>
   <div class='ocr_carea' id='block_1_45' title="bbox 280 4572 1870 4643">
    <p class='ocr_par' dir='ltr' id='par_1_45' title="bbox 280 4572 1870 4643">
     <span class='ocr_line' id='line_1_45' title="bbox 280 4572 1870 4643; baseline -0.001 -11"><span class='ocrx_word' id='word_1_347' title='bbox 280 4587 400 4632; x_wconf 85' lang='lat' dir='ltr'><strong>stus</strong></span> <span class='ocrx_word' id='word_1_348' title='bbox 429 4576 606 4638; x_wconf 84' lang='lat' dir='ltr'><strong>Jesus,</strong></span> <span class='ocrx_word' id='word_1_349' title='bbox 653 4584 714 4630; x_wconf 91' lang='lat' dir='ltr'><strong>ut</strong></span> <span class='ocrx_word' id='word_1_350' title='bbox 755 4573 890 4643; x_wconf 74' lang='lat' dir='ltr'><strong>ignis</strong></span> <span class='ocrx_word' id='word_1_351' title='bbox 932 4573 1019 4628; x_wconf 91' lang='lat' dir='ltr'><strong>ille</strong></span> <span class='ocrx_word' id='word_1_352' title='bbox 1056 4572 1246 4642; x_wconf 87' lang='lat' dir='ltr'><strong>probet</strong></span> <span class='ocrx_word' id='word_1_353' title='bbox 1291 4580 1534 4642; x_wconf 86' lang='lat' dir='ltr'><strong>utraque,</strong></span> <span class='ocrx_word' id='word_1_354' title='bbox 1582 4572 1727 4627; x_wconf 89' lang='lat' dir='ltr'><strong>etde</strong></span> <span class='ocrx_word' id='word_1_355' title='bbox 1751 4572 1870 4630; x_wconf 82' lang='lat' dir='ltr'><strong>aliis</strong></span> 
     </span>
    </p>
   </div>
   <div class='ocr_carea' id='block_1_46' title="bbox 276 4662 1866 4738">
    <p class='ocr_par' dir='ltr' id='par_1_46' title="bbox 276 4662 1866 4738">
     <span class='ocr_line' id='line_1_46' title="bbox 276 4662 1866 4738; baseline -0.003 -16"><span class='ocrx_word' id='word_1_356' title='bbox 276 4668 564 4738; x_wconf 74' lang='lat' dir='ltr'><strong>gaudium,</strong></span> <span class='ocrx_word' id='word_1_357' title='bbox 605 4663 674 4720; x_wconf 90' lang='lat' dir='ltr'><strong>de</strong></span> <span class='ocrx_word' id='word_1_358' title='bbox 719 4664 839 4718; x_wconf 87' lang='lat' dir='ltr'><strong>aliis</strong></span> <span class='ocrx_word' id='word_1_359' title='bbox 888 4662 1380 4727; x_wconf 86' lang='lat' dir='ltr'><strong>inferatdamnum;</strong></span> <span class='ocrx_word' id='word_1_360' title='bbox 1428 4671 1644 4717; x_wconf 88' lang='lat' dir='ltr'><strong>neutros</strong></span> <span class='ocrx_word' id='word_1_361' title='bbox 1691 4673 1866 4718; x_wconf 88' lang='lat' dir='ltr'><strong>tamen</strong></span> 
     </span>
    </p>
   </div>
   <div class='ocr_carea' id='block_1_47' title="bbox 279 4752 1872 4830">
    <p class='ocr_par' dir='ltr' id='par_1_47' title="bbox 279 4752 1872 4830">
     <span class='ocr_line' id='line_1_47' title="bbox 279 4752 1872 4830; baseline -0.004 -16"><span class='ocrx_word' id='word_1_362' title='bbox 279 4759 478 4830; x_wconf 81' lang='lat' dir='ltr'><strong>perdat</strong></span> <span class='ocrx_word' id='word_1_363' title='bbox 505 4757 557 4810; x_wconf 94' lang='lat' dir='ltr'><strong>in</strong></span> <span class='ocrx_word' id='word_1_364' title='bbox 588 4755 781 4824; x_wconf 88' lang='lat' dir='ltr'><strong>quibus</strong></span> <span class='ocrx_word' id='word_1_365' title='bbox 804 4753 918 4809; x_wconf 75' lang='lat' dir='ltr'><strong>haec</strong></span> <span class='ocrx_word' id='word_1_366' title='bbox 941 4753 1200 4818; x_wconf 88' lang='lat' dir='ltr'><strong>inveniet,</strong></span> <span class='ocrx_word' id='word_1_367' title='bbox 1224 4762 1442 4824; x_wconf 88' lang='lat' dir='ltr'><strong>propter</strong></span> <span class='ocrx_word' id='word_1_368' title='bbox 1469 4752 1660 4809; x_wconf 86' lang='lat' dir='ltr'><strong>stabile</strong></span> <span class='ocrx_word' id='word_1_369' title='bbox 1683 4752 1872 4808; x_wconf 81' lang='lat' dir='ltr'><strong>funda-</strong></span> 
     </span>
    </p>
   </div>
   <div class='ocr_carea' id='block_1_48' title="bbox 272 4843 1870 4915">
    <p class='ocr_par' dir='ltr' id='par_1_48' title="bbox 272 4843 1870 4915">
     <span class='ocr_line' id='line_1_48' title="bbox 272 4843 1870 4915; baseline -0.006 -9"><span class='ocrx_word' id='word_1_370' title='bbox 272 4858 549 4915; x_wconf 74' lang='lat' dir='ltr'><strong>mentum.</strong></span> <span class='ocrx_word' id='word_1_371' title='bbox 581 4846 1132 4915; x_wconf 83' lang='lat' dir='ltr'><strong>Quicumqueautem,</strong></span> <span class='ocrx_word' id='word_1_372' title='bbox 1163 4859 1270 4900; x_wconf 91' lang='lat' dir='ltr'><strong>non</strong></span> <span class='ocrx_word' id='word_1_373' title='bbox 1293 4843 1415 4899; x_wconf 90' lang='lat' dir='ltr'><strong>dico</strong></span> <span class='ocrx_word' id='word_1_374' title='bbox 1433 4859 1678 4909; x_wconf 80' lang='lat' dir='ltr'><strong>uxorem,</strong></span> <span class='ocrx_word' id='word_1_375' title='bbox 1717 4844 1870 4912; x_wconf 89' lang='lat' dir='ltr'><strong>cujus</strong></span> 
     </span>
    </p>
   </div>
   <div class='ocr_carea' id='block_1_49' title="bbox 275 4933 1873 4998">
    <p class='ocr_par' dir='ltr' id='par_1_49' title="bbox 275 4933 1873 4998">
     <span class='ocr_line' id='line_1_49' title="bbox 275 4933 1873 4998; baseline -0.004 -1"><span class='ocrx_word' id='word_1_376' title='bbox 275 4943 449 4998; x_wconf 86' lang='lat' dir='ltr'><strong>etiam</strong></span> <span class='ocrx_word' id='word_1_377' title='bbox 497 4937 879 4992; x_wconf 77' lang='lat' dir='ltr'><strong>commixtione</strong></span> <span class='ocrx_word' id='word_1_378' title='bbox 921 4936 1097 4990; x_wconf 86' lang='lat' dir='ltr'><strong>carnis</strong></span> <span class='ocrx_word' id='word_1_379' title='bbox 1138 4933 1204 4988; x_wconf 87' lang='lat' dir='ltr'><strong>ad</strong></span> <span class='ocrx_word' id='word_1_380' title='bbox 1232 4935 1501 4989; x_wconf 87' lang='lat' dir='ltr'><strong>carnalem</strong></span> <span class='ocrx_word' id='word_1_381' title='bbox 1528 4934 1696 4988; x_wconf 91' lang='lat' dir='ltr'><strong>utitur</strong></span> <span class='ocrx_word' id='word_1_382' title='bbox 1721 4935 1873 4990; x_wconf 89' lang='lat' dir='ltr'><strong>volu-</strong></span> 
     </span>
    </p>
   </div>
   <div class='ocr_carea' id='block_1_50' title="bbox 277 5025 1870 5101">
    <p class='ocr_par' dir='ltr' id='par_1_50' title="bbox 277 5025 1870 5101">
     <span class='ocr_line' id='line_1_50' title="bbox 277 5025 1870 5101; baseline -0.001 -17"><span class='ocrx_word' id='word_1_383' title='bbox 277 5043 488 5101; x_wconf 88' lang='lat' dir='ltr'><strong>ptatem</strong></span> <span class='ocrx_word' id='word_1_384' title='bbox 516 5070 532 5096; x_wconf 92' lang='lat'><strong>,</strong></span> <span class='ocrx_word' id='word_1_385' title='bbox 561 5028 653 5083; x_wconf 91' lang='lat' dir='ltr'><strong>sed</strong></span> <span class='ocrx_word' id='word_1_386' title='bbox 683 5029 795 5096; x_wconf 90' lang='lat' dir='ltr'><strong>ipsa</strong></span> <span class='ocrx_word' id='word_1_387' title='bbox 832 5042 950 5096; x_wconf 75' lang='lat' dir='ltr'><strong>quat</strong></span> <span class='ocrx_word' id='word_1_388' title='bbox 973 5025 1042 5080; x_wconf 88' lang='lat' dir='ltr'><strong>ab</strong></span> <span class='ocrx_word' id='word_1_389' title='bbox 1089 5025 1388 5093; x_wconf 88' lang='lat' dir='ltr'><strong>hujnsmodi</strong></span> <span class='ocrx_word' id='word_1_390' title='bbox 1431 5025 1870 5082; x_wconf 87' lang='lat' dir='ltr'><strong>delectationibus</strong></span> 
     </span>
    </p>
   </div>
   <div class='ocr_carea' id='block_1_51' title="bbox 277 5115 1871 5186">
    <p class='ocr_par' dir='ltr' id='par_1_51' title="bbox 277 5115 1871 5186">
     <span class='ocr_line' id='line_1_51' title="bbox 277 5115 1871 5186; baseline -0.003 -10"><span class='ocrx_word' id='word_1_391' title='bbox 277 5124 460 5177; x_wconf 78' lang='lat' dir='ltr'><strong>aliena</strong></span> <span class='ocrx_word' id='word_1_392' title='bbox 493 5129 617 5175; x_wconf 87' lang='lat' dir='ltr'><strong>sunt</strong></span> <span class='ocrx_word' id='word_1_393' title='bbox 643 5118 854 5172; x_wconf 88' lang='lat' dir='ltr'><strong>nomina</strong></span> <span class='ocrx_word' id='word_1_394' title='bbox 898 5117 1129 5186; x_wconf 89' lang='lat' dir='ltr'><strong>pietatis,</strong></span> <span class='ocrx_word' id='word_1_395' title='bbox 1159 5115 1390 5171; x_wconf 83' lang='lat' dir='ltr'><strong>humano</strong></span> <span class='ocrx_word' id='word_1_396' title='bbox 1413 5131 1564 5171; x_wconf 85' lang='lat' dir='ltr'><strong>more</strong></span> <span class='ocrx_word' id='word_1_397' title='bbox 1589 5116 1871 5172; x_wconf 86' lang='lat' dir='ltr'><strong>carnaliter</strong></span> 
     </span>
    </p>
   </div>
   <div class='ocr_carea' id='block_1_52' title="bbox 277 5206 1868 5282">
    <p class='ocr_par' dir='ltr' id='par_1_52' title="bbox 277 5206 1868 5282">
     <span class='ocr_line' id='line_1_52' title="bbox 277 5206 1868 5282; baseline -0.003 -16"><span class='ocrx_word' id='word_1_398' title='bbox 277 5209 560 5282; x_wconf 70' lang='lat' dir='ltr'><strong>diligendo</strong></span> <span class='ocrx_word' id='word_1_399' title='bbox 587 5209 801 5262; x_wconf 85' lang='lat' dir='ltr'><strong>Christo</strong></span> <span class='ocrx_word' id='word_1_400' title='bbox 825 5207 1120 5276; x_wconf 87' lang='lat' dir='ltr'><strong>anteponit,</strong></span> <span class='ocrx_word' id='word_1_401' title='bbox 1143 5221 1248 5262; x_wconf 88' lang='lat' dir='ltr'><strong>non</strong></span> <span class='ocrx_word' id='word_1_402' title='bbox 1272 5222 1396 5262; x_wconf 90' lang='lat' dir='ltr'><strong>eum</strong></span> <span class='ocrx_word' id='word_1_403' title='bbox 1419 5206 1578 5263; x_wconf 88' lang='lat' dir='ltr'><strong>habet</strong></span> <span class='ocrx_word' id='word_1_404' title='bbox 1597 5206 1652 5262; x_wconf 89' lang='lat' dir='ltr'><strong>in</strong></span> <span class='ocrx_word' id='word_1_405' title='bbox 1680 5206 1868 5262; x_wconf 83' lang='lat' dir='ltr'><strong>funda-</strong></span> 
     </span>
    </p>
   </div>
   <div class='ocr_carea' id='block_1_53' title="bbox 350 5337 1872 5427">
    <p class='ocr_par' dir='ltr' id='par_1_53' title="bbox 350 5337 1872 5427">
     <span class='ocr_line' id='line_1_53' title="bbox 350 5337 1872 5427; baseline 0.001 -14"><span class='ocrx_word' id='word_1_406' title='bbox 350 5368 369 5399; x_wconf 81' lang='grc'>¹</span> <span class='ocrx_word' id='word_1_407' title='bbox 405 5349 536 5424; x_wconf 59' lang='lat' dir='ltr'><strong>tom,</strong></span> <span class='ocrx_word' id='word_1_408' title='bbox 563 5373 707 5414; x_wconf 79' lang='lat' dir='ltr'><strong>Nemo</strong></span> <span class='ocrx_word' id='word_1_409' title='bbox 725 5362 898 5427; x_wconf 78' lang='lat' dir='ltr'><strong>quippe</strong></span> <span class='ocrx_word' id='word_1_410' title='bbox 919 5375 1100 5413; x_wconf 86' lang='lat' dir='ltr'><strong>eorum.</strong></span> <span class='ocrx_word' id='word_1_411' title='bbox 1127 5337 1290 5423; x_wconf 82' lang='lat' dir='ltr'><strong>Abest,</strong></span> <span class='ocrx_word' id='word_1_412' title='bbox 1311 5375 1494 5424; x_wconf 83' lang='lat' dir='ltr'><strong>eorum,</strong></span> <span class='ocrx_word' id='word_1_413' title='bbox 1518 5363 1580 5412; x_wconf 87' lang='lat' dir='ltr'><strong>ah</strong></span> <span class='ocrx_word' id='word_1_414' title='bbox 1603 5362 1746 5414; x_wconf 85' lang='lat' dir='ltr'><strong>editis</strong></span> <span class='ocrx_word' id='word_1_415' title='bbox 1765 5361 1872 5414; x_wconf 87' lang='lat' dir='ltr'><strong>aliis</strong></span> 
     </span>
    </p>
   </div>
   <div class='ocr_carea' id='block_1_54' title="bbox 280 5427 1413 5488">
    <p class='ocr_par' dir='ltr' id='par_1_54' title="bbox 280 5427 1413 5488">
     <span class='ocr_line' id='line_1_54' title="bbox 280 5427 1413 5488; baseline -0.014 -11"><span class='ocrx_word' id='word_1_416' title='bbox 280 5436 340 5477; x_wconf 89' lang='lat' dir='ltr'><strong>et</strong></span> <span class='ocrx_word' id='word_1_417' title='bbox 361 5427 714 5488; x_wconf 79' lang='lat' dir='ltr'><strong>manuscriptis.</strong></span> <span class='ocrx_word' id='word_1_418' title='bbox 912 5485 939 5488; x_wconf 92' lang='lat'>__</span> <span class='ocrx_word' id='word_1_419' title='bbox 1193 5445 1220 5488; x_wconf 82' lang='lat'><strong>_~</strong></span> <span class='ocrx_word' id='word_1_420' title='bbox 1386 5484 1395 5488; x_wconf 76' lang='lat'><em>_</em></span> <span class='ocrx_word' id='word_1_421' title='bbox 1411 5458 1413 5461; x_wconf 84' lang='lat'><strong>.</strong></span> 
     </span>
    </p>
   </div>
   <div class='ocr_carea' id='block_1_55' title="bbox 351 5484 1851 5544">
    <p class='ocr_par' dir='ltr' id='par_1_55' title="bbox 351 5484 1851 5544">
     <span class='ocr_line' id='line_1_55' title="bbox 351 5484 1851 5544; baseline -0.005 -7"><span class='ocrx_word' id='word_1_422' title='bbox 351 5491 370 5520; x_wconf 81' lang='grc'>¹</span> <span class='ocrx_word' id='word_1_423' title='bbox 407 5484 636 5537; x_wconf 79' lang='lat' dir='ltr'><strong>Beraldus</strong></span> <span class='ocrx_word' id='word_1_424' title='bbox 655 5488 704 5536; x_wconf 90' lang='lat' dir='ltr'><strong>in</strong></span> <span class='ocrx_word' id='word_1_425' title='bbox 728 5498 818 5535; x_wconf 88' lang='lat' dir='ltr'><strong>suo</strong></span> <span class='ocrx_word' id='word_1_426' title='bbox 837 5485 1004 5534; x_wconf 89' lang='lat' dir='ltr'><strong>codice</strong></span> <span class='ocrx_word' id='word_1_427' title='bbox 1029 5485 1276 5544; x_wconf 87' lang='lat' dir='ltr'><strong>emendat,</strong></span> <span class='ocrx_word' id='word_1_428' title='bbox 1297 5484 1501 5536; x_wconf 79' lang='lat' dir='ltr'><strong>seclusa.</strong></span> <span class='ocrx_word' id='word_1_429' title='bbox 1843 5515 1851 5529; x_wconf 77' lang='lat'><strong>..</strong></span> 
     </span>
    </p>
   </div>
   <div class='ocr_carea' id='block_1_56' title="bbox 354 5545 1979 5610">
    <p class='ocr_par' dir='ltr' id='par_1_56' title="bbox 354 5545 1979 5610">
     <span class='ocr_line' id='line_1_56' title="bbox 354 5545 1979 5610; baseline -0.003 -13"><span class='ocrx_word' id='word_1_430' title='bbox 354 5551 374 5581; x_wconf 84' lang='grc'>³</span> <span class='ocrx_word' id='word_1_431' title='bbox 407 5551 479 5599; x_wconf 62' lang='lat' dir='ltr'><strong>sic</strong></span> <span class='ocrx_word' id='word_1_432' title='bbox 503 5555 701 5597; x_wconf 77' lang='lat' dir='ltr'><strong>veteres</strong></span> <span class='ocrx_word' id='word_1_433' title='bbox 734 5546 861 5597; x_wconf 88' lang='lat' dir='ltr'><strong>libri.</strong></span> <span class='ocrx_word' id='word_1_434' title='bbox 888 5553 942 5597; x_wconf 63' lang='lat' dir='ltr'><strong>at</strong></span> <span class='ocrx_word' id='word_1_435' title='bbox 965 5546 1101 5606; x_wconf 88' lang='lat' dir='ltr'><strong>editi,</strong></span> <span class='ocrx_word' id='word_1_436' title='bbox 1131 5557 1175 5596; x_wconf 88' lang='lat' dir='ltr'><strong>et</strong></span> <span class='ocrx_word' id='word_1_437' title='bbox 1207 5548 1468 5596; x_wconf 83' lang='lat' dir='ltr'><strong>secundum</strong></span> <span class='ocrx_word' id='word_1_438' title='bbox 1497 5546 1724 5610; x_wconf 79' lang='lat' dir='ltr'><strong>cuiusque</strong></span> <span class='ocrx_word' id='word_1_439' title='bbox 1745 5545 1870 5597; x_wconf 67' lang='lat' dir='ltr'><strong>ardi-</strong></span> <span class='ocrx_word' id='word_1_440' title='bbox 1972 5559 1979 5592; x_wconf 82' lang='grc' dir='ltr'><strong>τ</strong></span> 
     </span>
    </p>
   </div>
   <div class='ocr_carea' id='block_1_57' title="bbox 281 5608 1870 5673">
    <p class='ocr_par' dir='ltr' id='par_1_57' title="bbox 281 5608 1870 5673">
     <span class='ocr_line' id='line_1_57' title="bbox 281 5608 1870 5673; baseline -0.003 -13"><span class='ocrx_word' id='word_1_441' title='bbox 281 5608 456 5673; x_wconf 77' lang='lat' dir='ltr'><strong>ﬁcium</strong></span> <span class='ocrx_word' id='word_1_442' title='bbox 476 5618 686 5673; x_wconf 75' lang='lat' dir='ltr'><strong>tempore</strong></span> <span class='ocrx_word' id='word_1_443' title='bbox 722 5622 808 5673; x_wconf 77' lang='lat' dir='ltr'><strong>suo</strong></span> <span class='ocrx_word' id='word_1_444' title='bbox 830 5609 892 5657; x_wconf 89' lang='lat' dir='ltr'><strong>ab</strong></span> <span class='ocrx_word' id='word_1_445' title='bbox 911 5619 1188 5673; x_wconf 71' lang='lat' dir='ltr'><strong>unoquoque</strong></span> <span class='ocrx_word' id='word_1_446' title='bbox 1209 5617 1442 5671; x_wconf 83' lang='lat' dir='ltr'><strong>suscepta.</strong></span> <span class='ocrx_word' id='word_1_447' title='bbox 1468 5608 1668 5657; x_wconf 78' lang='lat' dir='ltr'><strong>Possunt</strong></span> <span class='ocrx_word' id='word_1_448' title='bbox 1689 5613 1734 5657; x_wconf 88' lang='lat' dir='ltr'><strong>et</strong></span> <span class='ocrx_word' id='word_1_449' title='bbox 1757 5621 1870 5671; x_wconf 82' lang='lat' dir='ltr'><strong>per-</strong></span> 
     </span>
    </p>
   </div>
   <div class='ocr_carea' id='block_1_58' title="bbox 281 5669 1286 5732">
    <p class='ocr_par' dir='ltr' id='par_1_58' title="bbox 281 5669 1286 5732">
     <span class='ocr_line' id='line_1_58' title="bbox 281 5669 1286 5732; baseline -0.001 -11"><span class='ocrx_word' id='word_1_450' title='bbox 281 5669 554 5721; x_wconf 79' lang='lat' dir='ltr'><strong>secutiones</strong></span> <span class='ocrx_word' id='word_1_451' title='bbox 572 5669 816 5729; x_wconf 63' lang='lat' dir='ltr'><strong>Ecclesia&#39;,</strong></span> <span class='ocrx_word' id='word_1_452' title='bbox 840 5669 1286 5732; x_wconf 41' lang='lat' dir='ltr'><strong>quibusjma&#39;rtyres.</strong></span> 
     </span>
    </p>
   </div>
   <div class='ocr_carea' id='block_1_59' title="bbox 353 5728 1872 5794">
    <p class='ocr_par' dir='ltr' id='par_1_59' title="bbox 353 5728 1872 5794">
     <span class='ocr_line' id='line_1_59' title="bbox 353 5728 1872 5794; baseline 0.001 -15"><span class='ocrx_word' id='word_1_453' title='bbox 353 5734 374 5764; x_wconf 70' lang='grc' dir='ltr'>δ</span> <span class='ocrx_word' id='word_1_454' title='bbox 396 5741 415 5778; x_wconf 84' lang='lat'><strong><em>\</em></strong></span> <span class='ocrx_word' id='word_1_455' title='bbox 429 5733 526 5780; x_wconf 84' lang='lat' dir='ltr'><strong>iud.</strong></span> <span class='ocrx_word' id='word_1_456' title='bbox 550 5743 648 5781; x_wconf 73' lang='lat' dir='ltr'><strong>Am.</strong></span> <span class='ocrx_word' id='word_1_457' title='bbox 667 5740 720 5782; x_wconf 85' lang='lat' dir='ltr'><strong>et</strong></span> <span class='ocrx_word' id='word_1_458' title='bbox 741 5728 833 5792; x_wconf 73' lang='lat' dir='ltr'><strong>t-zr.,</strong></span> <span class='ocrx_word' id='word_1_459' title='bbox 853 5728 967 5794; x_wconf 79' lang='lat' dir='ltr'><strong>quia</strong></span> <span class='ocrx_word' id='word_1_460' title='bbox 987 5728 1235 5794; x_wconf 7' lang='lat' dir='ltr'><strong>licetctimp</strong></span> <span class='ocrx_word' id='word_1_461' title='bbox 1248 5731 1422 5794; x_wconf 71' lang='lat' dir='ltr'><strong>deuoto</strong></span> <span class='ocrx_word' id='word_1_462' title='bbox 1437 5728 1559 5794; x_wconf 72' lang='lat' dir='ltr'><strong>solui</strong></span> <span class='ocrx_word' id='word_1_463' title='bbox 1574 5735 1712 5794; x_wconf 78' lang='lat' dir='ltr'><strong>erunt</strong></span> <span class='ocrx_word' id='word_1_464' title='bbox 1735 5742 1752 5779; x_wconf 91' lang='lat'><strong><em>:</em></strong></span> <span class='ocrx_word' id='word_1_465' title='bbox 1774 5728 1872 5794; x_wconf 78' lang='lat' dir='ltr'><strong>ipsi</strong></span> 
     </span>
    </p>
   </div>
   <div class='ocr_carea' id='block_1_60' title="bbox 284 5791 1869 5856">
    <p class='ocr_par' dir='ltr' id='par_1_60' title="bbox 284 5791 1869 5856">
     <span class='ocr_line' id='line_1_60' title="bbox 284 5791 1869 5856; baseline -0.001 -15"><span class='ocrx_word' id='word_1_466' title='bbox 284 5805 384 5843; x_wconf 83' lang='lat' dir='ltr'><strong>non</strong></span> <span class='ocrx_word' id='word_1_467' title='bbox 407 5801 757 5851; x_wconf 75' lang='lat' dir='ltr'><strong>consumantur,</strong></span> <span class='ocrx_word' id='word_1_468' title='bbox 781 5791 977 5856; x_wconf 76' lang='lat' dir='ltr'><strong>propter</strong></span> <span class='ocrx_word' id='word_1_469' title='bbox 997 5793 1175 5856; x_wconf 79' lang='lat' dir='ltr'><strong>Christi</strong></span> <span class='ocrx_word' id='word_1_470' title='bbox 1192 5792 1405 5843; x_wconf 77' lang='lat' dir='ltr'><strong>ridcliret</strong></span> <span class='ocrx_word' id='word_1_471' title='bbox 1428 5793 1648 5843; x_wconf 80' lang='lat' dir='ltr'><strong>meritmu</strong></span> <span class='ocrx_word' id='word_1_472' title='bbox 1687 5791 1738 5842; x_wconf 86' lang='lat' dir='ltr'><strong>iu</strong></span> <span class='ocrx_word' id='word_1_473' title='bbox 1757 5792 1869 5854; x_wconf 79' lang='lat' dir='ltr'><strong>[un-</strong></span> 
     </span>
    </p>
   </div>
   <div class='ocr_carea' id='block_1_61' title="bbox 285 5855 1579 5917">
    <p class='ocr_par' dir='ltr' id='par_1_61' title="bbox 285 5855 1579 5917">
     <span class='ocr_line' id='line_1_61' title="bbox 285 5855 1579 5917; baseline -0.001 -12"><span class='ocrx_word' id='word_1_474' title='bbox 285 5857 568 5905; x_wconf 71' lang='lat' dir='ltr'><strong>dumentum</strong></span> <span class='ocrx_word' id='word_1_475' title='bbox 593 5855 789 5917; x_wconf 81' lang='lat' dir='ltr'><strong>reperti,</strong></span> <span class='ocrx_word' id='word_1_476' title='bbox 812 5855 894 5917; x_wconf 82' lang='lat' dir='ltr'><strong>qui</strong></span> <span class='ocrx_word' id='word_1_477' title='bbox 915 5861 1072 5905; x_wconf 79' lang='lat' dir='ltr'><strong>manct</strong></span> <span class='ocrx_word' id='word_1_478' title='bbox 1094 5855 1145 5905; x_wconf 88' lang='lat' dir='ltr'><strong>in</strong></span> <span class='ocrx_word' id='word_1_479' title='bbox 1177 5863 1424 5904; x_wconf 71' lang='lat' dir='ltr'><strong>utentum.</strong></span> <span class='ocrx_word' id='word_1_480' title='bbox 1577 5859 1579 5863; x_wconf 85' lang='grc'><strong>’</strong></span> 
     </span>
    </p>
   </div>
   <div class='ocr_carea' id='block_1_62' title="bbox 617 5940 1345 6000">
    <p class='ocr_par' dir='ltr' id='par_1_62' title="bbox 617 5940 1345 6000">
     <span class='ocr_line' id='line_1_62' title="bbox 617 5940 1345 6000; baseline 0 0"><span class='ocrx_word' id='word_1_481' title='bbox 617 5943 840 6000; x_wconf 69' lang='lat' dir='ltr'><strong>Saucr.</strong></span> <span class='ocrx_word' id='word_1_482' title='bbox 886 5942 1161 6000; x_wconf 78' lang='lat' dir='ltr'><strong>Aususr.</strong></span> <span class='ocrx_word' id='word_1_483' title='bbox 1210 5940 1345 6000; x_wconf 74' lang='lat' dir='ltr'><strong>Vll.</strong></span> 
     </span>
    </p>
   </div>
   <div class='ocr_carea' id='block_1_63' title="bbox 1467 419 2378 484">
    <p class='ocr_par' dir='ltr' id='par_1_63' title="bbox 1467 419 2378 484">
     <span class='ocr_line' id='line_1_63' title="bbox 1467 419 2378 484; baseline 0.003 -5"><span class='ocrx_word' id='word_1_484' title='bbox 1467 422 1666 480; x_wconf 75' lang='lat' dir='ltr'><strong>LIBER</strong></span> <span class='ocrx_word' id='word_1_485' title='bbox 1702 419 2068 479; x_wconf 75' lang='lat' dir='ltr'><strong>VlGESiitlUS</strong></span> <span class='ocrx_word' id='word_1_486' title='bbox 2105 421 2378 484; x_wconf 72' lang='lat' dir='ltr'><strong>PRlIlIUS.</strong></span> 
     </span>
    </p>
   </div>
   <div class='ocr_carea' id='block_1_64' title="bbox 298 538 1924 610">
    <p class='ocr_par' dir='ltr' id='par_1_64' title="bbox 298 538 1924 610">
     <span class='ocr_line' id='line_1_64' title="bbox 298 538 1924 610; baseline -0.006 -10"><span class='ocrx_word' id='word_1_487' title='bbox 298 546 589 608; x_wconf 82' lang='lat' dir='ltr'><strong>mittentur,</strong></span> <span class='ocrx_word' id='word_1_488' title='bbox 612 541 713 600; x_wconf 87' lang='lat' dir='ltr'><strong>iste</strong></span> <span class='ocrx_word' id='word_1_489' title='bbox 738 549 913 598; x_wconf 80' lang='lat' dir='ltr'><strong>autem</strong></span> <span class='ocrx_word' id='word_1_490' title='bbox 933 539 1156 598; x_wconf 75' lang='lat' dir='ltr'><strong>dextros</strong></span> <span class='ocrx_word' id='word_1_491' title='bbox 1177 539 1383 610; x_wconf 87' lang='lat' dir='ltr'><strong>probat.</strong></span> <span class='ocrx_word' id='word_1_492' title='bbox 1404 538 1514 594; x_wconf 84' lang='lat' dir='ltr'><strong>Sed</strong></span> <span class='ocrx_word' id='word_1_493' title='bbox 1535 539 1665 594; x_wconf 80' lang='lat' dir='ltr'><strong>alios</strong></span> <span class='ocrx_word' id='word_1_494' title='bbox 1686 553 1870 592; x_wconf 82' lang='lat' dir='ltr'><strong>eorum</strong></span> <span class='ocrx_word' id='word_1_495' title='bbox 1920 566 1924 570; x_wconf 93' lang='lat'><strong>-</strong></span> 
     </span>
    </p>
   </div>
   <div class='ocr_carea' id='block_1_65' title="bbox 3447 439 3551 498">
    <p class='ocr_par' dir='ltr' id='par_1_65' title="bbox 3447 439 3551 498">
     <span class='ocr_line' id='line_1_65' title="bbox 3447 439 3551 498; baseline -0.038 1"><span class='ocrx_word' id='word_1_496' title='bbox 3447 439 3551 498; x_wconf 68' lang='lat'><strong>746</strong></span> 
     </span>
    </p>
   </div>
   <div class='ocr_carea' id='block_1_66' title="bbox 1982 551 3554 629">
    <p class='ocr_par' dir='ltr' id='par_1_66' title="bbox 1982 551 3554 629">
     <span class='ocr_line' id='line_1_66' title="bbox 1982 551 3554 629; baseline 0.017 -31"><span class='ocrx_word' id='word_1_497' title='bbox 1982 557 2183 612; x_wconf 86' lang='lat' dir='ltr'><strong>mento,</strong></span> <span class='ocrx_word' id='word_1_498' title='bbox 2215 558 2269 603; x_wconf 75' lang='lat' dir='ltr'><strong>ct</strong></span> <span class='ocrx_word' id='word_1_499' title='bbox 2293 551 2414 606; x_wconf 79' lang='lat' dir='ltr'><strong>idco</strong></span> <span class='ocrx_word' id='word_1_500' title='bbox 2440 568 2544 608; x_wconf 93' lang='lat' dir='ltr'><strong>non</strong></span> <span class='ocrx_word' id='word_1_501' title='bbox 2586 570 2678 625; x_wconf 82' lang='lat' dir='ltr'><strong>per</strong></span> <span class='ocrx_word' id='word_1_502' title='bbox 2703 557 2873 628; x_wconf 77' lang='lat' dir='ltr'><strong>ignem</strong></span> <span class='ocrx_word' id='word_1_503' title='bbox 2900 559 3076 617; x_wconf 88' lang='lat' dir='ltr'><strong>salvus</strong></span> <span class='ocrx_word' id='word_1_504' title='bbox 3101 562 3218 629; x_wconf 91' lang='lat' dir='ltr'><strong>erit,</strong></span> <span class='ocrx_word' id='word_1_505' title='bbox 3245 565 3336 620; x_wconf 87' lang='lat' dir='ltr'><strong>sed</strong></span> <span class='ocrx_word' id='word_1_506' title='bbox 3375 568 3554 624; x_wconf 75' lang='lat' dir='ltr'><strong>salvus</strong></span> 
     </span>
    </p>
   </div>
   <div class='ocr_carea' id='block_1_67' title="bbox 1983 640 3553 728">
    <p class='ocr_par' dir='ltr' id='par_1_67' title="bbox 1983 640 3553 728">
     <span class='ocr_line' id='line_1_67' title="bbox 1983 640 3553 728; baseline 0.017 -39"><span class='ocrx_word' id='word_1_507' title='bbox 1983 652 2087 691; x_wconf 92' lang='lat' dir='ltr'><strong>non</strong></span> <span class='ocrx_word' id='word_1_508' title='bbox 2115 640 2233 704; x_wconf 88' lang='lat' dir='ltr'><strong>erit,</strong></span> <span class='ocrx_word' id='word_1_509' title='bbox 2269 643 2389 709; x_wconf 87' lang='lat' dir='ltr'><strong>quia</strong></span> <span class='ocrx_word' id='word_1_510' title='bbox 2412 659 2531 699; x_wconf 85' lang='lat' dir='ltr'><strong>esse</strong></span> <span class='ocrx_word' id='word_1_511' title='bbox 2557 662 2675 700; x_wconf 91' lang='lat' dir='ltr'><strong>cum</strong></span> <span class='ocrx_word' id='word_1_512' title='bbox 2702 648 2976 706; x_wconf 86' lang='lat' dir='ltr'><strong>Salvatore</strong></span> <span class='ocrx_word' id='word_1_513' title='bbox 3001 668 3104 707; x_wconf 89' lang='lat' dir='ltr'><strong>non</strong></span> <span class='ocrx_word' id='word_1_514' title='bbox 3129 657 3341 723; x_wconf 84' lang='lat' dir='ltr'><strong>poterit.</strong></span> <span class='ocrx_word' id='word_1_515' title='bbox 3366 660 3454 728; x_wconf 88' lang='lat' dir='ltr'><strong>qui</strong></span> <span class='ocrx_word' id='word_1_516' title='bbox 3485 661 3553 716; x_wconf 88' lang='lat' dir='ltr'><strong>de</strong></span> 
     </span>
    </p>
   </div>
   <div class='ocr_carea' id='block_1_68' title="bbox 1981 729 3554 825">
    <p class='ocr_par' dir='ltr' id='par_1_68' title="bbox 1981 729 3554 825">
     <span class='ocr_line' id='line_1_68' title="bbox 1981 729 3554 825; baseline 0.017 -41"><span class='ocrx_word' id='word_1_517' title='bbox 1981 729 2081 786; x_wconf 80' lang='lat' dir='ltr'><strong>hac</strong></span> <span class='ocrx_word' id='word_1_518' title='bbox 2103 748 2164 789; x_wconf 86' lang='lat' dir='ltr'><strong>re</strong></span> <span class='ocrx_word' id='word_1_519' title='bbox 2187 737 2520 804; x_wconf 86' lang='lat' dir='ltr'><strong>apertissime</strong></span> <span class='ocrx_word' id='word_1_520' title='bbox 2549 741 2771 813; x_wconf 88' lang='lat' dir='ltr'><strong>loquens</strong></span> <span class='ocrx_word' id='word_1_521' title='bbox 2805 747 2899 810; x_wconf 86' lang='lat' dir='ltr'><strong>ait,</strong></span> <span class='ocrx_word' id='word_1_522' title='bbox 2948 747 3049 813; x_wconf 78' lang='lat' dir='ltr'><strong>Qui</strong></span> <span class='ocrx_word' id='word_1_523' title='bbox 3081 759 3221 807; x_wconf 82' lang='lat' dir='ltr'><strong>autat</strong></span> <span class='ocrx_word' id='word_1_524' title='bbox 3245 762 3441 825; x_wconf 81' lang='lat' dir='ltr'><strong>patrem</strong></span> <span class='ocrx_word' id='word_1_525' title='bbox 3463 765 3554 810; x_wconf 87' lang='lat' dir='ltr'><strong>aut</strong></span> 
     </span>
    </p>
   </div>
   <div class='ocr_carea' id='block_1_69' title="bbox 1979 827 3556 916">
    <p class='ocr_par' dir='ltr' id='par_1_69' title="bbox 1979 827 3556 916">
     <span class='ocr_line' id='line_1_69' title="bbox 1979 827 3556 916; baseline 0.018 -43"><span class='ocrx_word' id='word_1_526' title='bbox 1979 831 2190 916; x_wconf 77' lang='lat' dir='ltr'><strong>matrem</strong></span> <span class='ocrx_word' id='word_1_527' title='bbox 2219 827 2333 894; x_wconf 76' lang='lat' dir='ltr'><strong>plus</strong></span> <span class='ocrx_word' id='word_1_528' title='bbox 2357 844 2626 899; x_wconf 72' lang='lat' dir='ltr'><strong>quemme,</strong></span> <span class='ocrx_word' id='word_1_529' title='bbox 2667 851 2766 890; x_wconf 84' lang='lat' dir='ltr'><strong>non</strong></span> <span class='ocrx_word' id='word_1_530' title='bbox 2787 848 2858 892; x_wconf 87' lang='lat' dir='ltr'><strong>est</strong></span> <span class='ocrx_word' id='word_1_531' title='bbox 2886 856 2964 894; x_wconf 85' lang='lat' dir='ltr'><strong>me</strong></span> <span class='ocrx_word' id='word_1_532' title='bbox 2982 842 3165 913; x_wconf 84' lang='lat' dir='ltr'><strong>dignus</strong></span> <span class='ocrx_word' id='word_1_533' title='bbox 3184 860 3204 900; x_wconf 89' lang='lat'><strong><em>:</em></strong></span> <span class='ocrx_word' id='word_1_534' title='bbox 3225 856 3271 898; x_wconf 86' lang='lat' dir='ltr'><strong>et</strong></span> <span class='ocrx_word' id='word_1_535' title='bbox 3304 848 3391 916; x_wconf 87' lang='lat' dir='ltr'><strong>qui</strong></span> <span class='ocrx_word' id='word_1_536' title='bbox 3415 831 3556 903; x_wconf 78' lang='lat' dir='ltr'><strong>amnt</strong></span> 
     </span>
    </p>
   </div>
   <div class='ocr_carea' id='block_1_70' title="bbox 1981 914 3550 1008">
    <p class='ocr_par' dir='ltr' id='par_1_70' title="bbox 1981 914 3550 1008">
     <span class='ocr_line' id='line_1_70' title="bbox 1981 914 3550 1008; baseline 0.018 -41"><span class='ocrx_word' id='word_1_537' title='bbox 1981 914 2165 1008; x_wconf 75' lang='lat' dir='ltr'><strong>ﬁlium</strong></span> <span class='ocrx_word' id='word_1_538' title='bbox 2189 927 2277 972; x_wconf 84' lang='lat' dir='ltr'><strong>aut</strong></span> <span class='ocrx_word' id='word_1_539' title='bbox 2301 920 2461 990; x_wconf 76' lang='lat' dir='ltr'><strong>ﬁliam</strong></span> <span class='ocrx_word' id='word_1_540' title='bbox 2491 939 2642 993; x_wconf 83' lang='lat' dir='ltr'><strong>super</strong></span> <span class='ocrx_word' id='word_1_541' title='bbox 2666 945 2760 995; x_wconf 81' lang='lat' dir='ltr'><strong>me,</strong></span> <span class='ocrx_word' id='word_1_542' title='bbox 2789 947 2888 985; x_wconf 88' lang='lat' dir='ltr'><strong>non</strong></span> <span class='ocrx_word' id='word_1_543' title='bbox 2915 943 2989 986; x_wconf 83' lang='lat' dir='ltr'><strong>est</strong></span> <span class='ocrx_word' id='word_1_544' title='bbox 3018 951 3097 989; x_wconf 87' lang='lat' dir='ltr'><strong>me</strong></span> <span class='ocrx_word' id='word_1_545' title='bbox 3119 914 3347 1008; x_wconf 56' lang='lat' dir='ltr'><strong>diguusi</strong></span> <span class='ocrx_word' id='word_1_546' title='bbox 3362 938 3550 995; x_wconf 75' lang='lat' dir='ltr'><strong>Matth.</strong></span> 
     </span>
    </p>
   </div>
   <div class='ocr_carea' id='block_1_71' title="bbox 1979 1006 3556 1087">
    <p class='ocr_par' dir='ltr' id='par_1_71' title="bbox 1979 1006 3556 1087">
     <span class='ocr_line' id='line_1_71' title="bbox 1979 1006 3556 1087; baseline 0.018 -29"><span class='ocrx_word' id='word_1_547' title='bbox 1979 1019 2036 1072; x_wconf 72' lang='grc' dir='ltr'><strong>ι,</strong></span> <span class='ocrx_word' id='word_1_548' title='bbox 2061 1006 2130 1061; x_wconf 78' lang='lat'><strong>37</strong></span> <span class='ocrx_word' id='word_1_549' title='bbox 2157 1007 2198 1077; x_wconf 94' lang='lat'><strong>).</strong></span> <span class='ocrx_word' id='word_1_550' title='bbox 2235 1008 2427 1066; x_wconf 87' lang='lat' dir='ltr'><strong>Verum</strong></span> <span class='ocrx_word' id='word_1_551' title='bbox 2466 1015 2554 1083; x_wconf 88' lang='lat' dir='ltr'><strong>qui</strong></span> <span class='ocrx_word' id='word_1_552' title='bbox 2589 1015 2681 1069; x_wconf 82' lang='lat' dir='ltr'><strong>has</strong></span> <span class='ocrx_word' id='word_1_553' title='bbox 2708 1022 3122 1082; x_wconf 76' lang='lat' dir='ltr'><strong>necessitudines</strong></span> <span class='ocrx_word' id='word_1_554' title='bbox 3148 1029 3226 1083; x_wconf 90' lang='lat' dir='ltr'><strong>sic</strong></span> <span class='ocrx_word' id='word_1_555' title='bbox 3252 1006 3395 1086; x_wconf 84' lang='lat' dir='ltr'><strong>amat</strong></span> <span class='ocrx_word' id='word_1_556' title='bbox 3436 1047 3556 1087; x_wconf 86' lang='lat' dir='ltr'><strong>car-</strong></span> 
     </span>
    </p>
   </div>
   <div class='ocr_carea' id='block_1_72' title="bbox 1980 1097 3552 1194">
    <p class='ocr_par' dir='ltr' id='par_1_72' title="bbox 1980 1097 3552 1194">
     <span class='ocr_line' id='line_1_72' title="bbox 1980 1097 3552 1194; baseline 0.02 -44"><span class='ocrx_word' id='word_1_557' title='bbox 1980 1097 2190 1194; x_wconf 80' lang='lat' dir='ltr'><strong>naliter,</strong></span> <span class='ocrx_word' id='word_1_558' title='bbox 2226 1112 2281 1156; x_wconf 91' lang='lat' dir='ltr'><strong>ut</strong></span> <span class='ocrx_word' id='word_1_559' title='bbox 2313 1112 2486 1161; x_wconf 89' lang='lat' dir='ltr'><strong>tamen</strong></span> <span class='ocrx_word' id='word_1_560' title='bbox 2515 1124 2606 1163; x_wconf 86' lang='lat' dir='ltr'><strong>eas</strong></span> <span class='ocrx_word' id='word_1_561' title='bbox 2633 1109 2845 1168; x_wconf 81' lang='lat' dir='ltr'><strong>Christo</strong></span> <span class='ocrx_word' id='word_1_562' title='bbox 2875 1117 3099 1174; x_wconf 86' lang='lat' dir='ltr'><strong>Domino</strong></span> <span class='ocrx_word' id='word_1_563' title='bbox 3122 1137 3227 1176; x_wconf 88' lang='lat' dir='ltr'><strong>non</strong></span> <span class='ocrx_word' id='word_1_564' title='bbox 3255 1137 3552 1194; x_wconf 76' lang='lat' dir='ltr'><strong>praeponat,</strong></span> 
     </span>
    </p>
   </div>
   <div class='ocr_carea' id='block_1_73' title="bbox 1980 1190 3554 1276">
    <p class='ocr_par' dir='ltr' id='par_1_73' title="bbox 1980 1190 3554 1276">
     <span class='ocr_line' id='line_1_73' title="bbox 1980 1190 3554 1276; baseline 0.021 -34"><span class='ocrx_word' id='word_1_565' title='bbox 1980 1190 2231 1262; x_wconf 86' lang='lat' dir='ltr'><strong>malitque</strong></span> <span class='ocrx_word' id='word_1_566' title='bbox 2261 1193 2389 1264; x_wconf 90' lang='lat' dir='ltr'><strong>ipsis</strong></span> <span class='ocrx_word' id='word_1_567' title='bbox 2415 1213 2600 1255; x_wconf 73' lang='lat' dir='ltr'><strong>carere</strong></span> <span class='ocrx_word' id='word_1_568' title='bbox 2618 1217 2773 1272; x_wconf 89' lang='lat' dir='ltr'><strong>quam</strong></span> <span class='ocrx_word' id='word_1_569' title='bbox 2795 1204 3028 1270; x_wconf 84' lang='lat' dir='ltr'><strong>Christo,</strong></span> <span class='ocrx_word' id='word_1_570' title='bbox 3055 1212 3099 1265; x_wconf 88' lang='lat' dir='ltr'><strong>si</strong></span> <span class='ocrx_word' id='word_1_571' title='bbox 3127 1213 3191 1268; x_wconf 90' lang='lat' dir='ltr'><strong>ad</strong></span> <span class='ocrx_word' id='word_1_572' title='bbox 3226 1190 3554 1276; x_wconf 41' lang='lat' dir='ltr'><strong>hunc-fuerit</strong></span> 
     </span>
    </p>
   </div>
   <div class='ocr_carea' id='block_1_74' title="bbox 1980 1282 3556 1374">
    <p class='ocr_par' dir='ltr' id='par_1_74' title="bbox 1980 1282 3556 1374">
     <span class='ocr_line' id='line_1_74' title="bbox 1980 1282 3556 1374; baseline 0.02 -40"><span class='ocrx_word' id='word_1_573' title='bbox 1980 1282 2260 1374; x_wconf 81' lang='lat' dir='ltr'><strong>articulum</strong></span> <span class='ocrx_word' id='word_1_574' title='bbox 2309 1289 2613 1346; x_wconf 80' lang='lat' dir='ltr'><strong>tentationis</strong></span> <span class='ocrx_word' id='word_1_575' title='bbox 2665 1294 2965 1366; x_wconf 89' lang='lat' dir='ltr'><strong>adductus,</strong></span> <span class='ocrx_word' id='word_1_576' title='bbox 3019 1315 3116 1369; x_wconf 88' lang='lat' dir='ltr'><strong>per</strong></span> <span class='ocrx_word' id='word_1_577' title='bbox 3166 1305 3340 1374; x_wconf 83' lang='lat' dir='ltr'><strong>ignem</strong></span> <span class='ocrx_word' id='word_1_578' title='bbox 3378 1310 3556 1366; x_wconf 86' lang='lat' dir='ltr'><strong>salvus</strong></span> 
     </span>
    </p>
   </div>
   <div class='ocr_carea' id='block_1_75' title="bbox 1978 1373 3558 1457">
    <p class='ocr_par' dir='ltr' id='par_1_75' title="bbox 1978 1373 3558 1457">
     <span class='ocr_line' id='line_1_75' title="bbox 1978 1373 3558 1457; baseline 0.019 -30"><span class='ocrx_word' id='word_1_579' title='bbox 1978 1373 2082 1429; x_wconf 90' lang='lat' dir='ltr'><strong>erit</strong></span> <span class='ocrx_word' id='word_1_580' title='bbox 2114 1390 2129 1430; x_wconf 87' lang='lat'><strong>:</strong></span> <span class='ocrx_word' id='word_1_581' title='bbox 2165 1378 2290 1447; x_wconf 82' lang='lat' dir='ltr'><strong>quia</strong></span> <span class='ocrx_word' id='word_1_582' title='bbox 2332 1395 2397 1434; x_wconf 77' lang='lat' dir='ltr'><strong>ex</strong></span> <span class='ocrx_word' id='word_1_583' title='bbox 2425 1395 2610 1437; x_wconf 88' lang='lat' dir='ltr'><strong>earum</strong></span> <span class='ocrx_word' id='word_1_584' title='bbox 2650 1385 2938 1444; x_wconf 86' lang='lat' dir='ltr'><strong>amissione</strong></span> <span class='ocrx_word' id='word_1_585' title='bbox 2982 1373 3201 1448; x_wconf 83' lang='lat' dir='ltr'><strong>tantum</strong></span> <span class='ocrx_word' id='word_1_586' title='bbox 3223 1411 3443 1455; x_wconf 73' lang='lat' dir='ltr'><strong>necesse</strong></span> <span class='ocrx_word' id='word_1_587' title='bbox 3471 1383 3558 1457; x_wconf 85' lang='lat' dir='ltr'><strong>est</strong></span> 
     </span>
    </p>
   </div>
   <div class='ocr_carea' id='block_1_76' title="bbox 1979 1468 3557 1559">
    <p class='ocr_par' dir='ltr' id='par_1_76' title="bbox 1979 1468 3557 1559">
     <span class='ocr_line' id='line_1_76' title="bbox 1979 1468 3557 1559; baseline 0.02 -42"><span class='ocrx_word' id='word_1_588' title='bbox 1979 1477 2098 1521; x_wconf 89' lang='lat' dir='ltr'><strong>urat</strong></span> <span class='ocrx_word' id='word_1_589' title='bbox 2123 1468 2295 1531; x_wconf 82' lang='lat' dir='ltr'><strong>dolor,</strong></span> <span class='ocrx_word' id='word_1_590' title='bbox 2326 1484 2578 1540; x_wconf 88' lang='lat' dir='ltr'><strong>quantum</strong></span> <span class='ocrx_word' id='word_1_591' title='bbox 2605 1475 3015 1536; x_wconf 74' lang='lat' dir='ltr'><strong>lnosoratamor.</strong></span> <span class='ocrx_word' id='word_1_592' title='bbox 3039 1483 3206 1540; x_wconf 86' lang='lat' dir='ltr'><strong>Porro</strong></span> <span class='ocrx_word' id='word_1_593' title='bbox 3220 1490 3308 1557; x_wconf 90' lang='lat' dir='ltr'><strong>qui</strong></span> <span class='ocrx_word' id='word_1_594' title='bbox 3328 1501 3557 1559; x_wconf 88' lang='lat' dir='ltr'><strong>patrem,</strong></span> 
     </span>
    </p>
   </div>
   <div class='ocr_carea' id='block_1_77' title="bbox 1981 1560 3562 1647">
    <p class='ocr_par' dir='ltr' id='par_1_77' title="bbox 1981 1560 3562 1647">
     <span class='ocr_line' id='line_1_77' title="bbox 1981 1560 3562 1647; baseline 0.019 -38"><span class='ocrx_word' id='word_1_595' title='bbox 1981 1568 2227 1622; x_wconf 86' lang='lat' dir='ltr'><strong>matrem.</strong></span> <span class='ocrx_word' id='word_1_596' title='bbox 2261 1560 2416 1624; x_wconf 81' lang='lat' dir='ltr'><strong>ﬁlios.</strong></span> <span class='ocrx_word' id='word_1_597' title='bbox 2447 1564 2582 1620; x_wconf 78' lang='lat' dir='ltr'><strong>tilias</strong></span> <span class='ocrx_word' id='word_1_598' title='bbox 2608 1571 2896 1625; x_wconf 88' lang='lat' dir='ltr'><strong>secundum</strong></span> <span class='ocrx_word' id='word_1_599' title='bbox 2924 1572 3192 1630; x_wconf 76' lang='lat' dir='ltr'><strong>Christum</strong></span> <span class='ocrx_word' id='word_1_600' title='bbox 3213 1577 3476 1647; x_wconf 77' lang='lat' dir='ltr'><strong>dilexerit,</strong></span> <span class='ocrx_word' id='word_1_601' title='bbox 3500 1593 3562 1639; x_wconf 89' lang='lat' dir='ltr'><strong>ut</strong></span> 
     </span>
    </p>
   </div>
   <div class='ocr_carea' id='block_1_78' title="bbox 1979 1647 3562 1734">
    <p class='ocr_par' dir='ltr' id='par_1_78' title="bbox 1979 1647 3562 1734">
     <span class='ocr_line' id='line_1_78' title="bbox 1979 1647 3562 1734; baseline 0.018 -34"><span class='ocrx_word' id='word_1_602' title='bbox 1979 1647 2045 1701; x_wconf 84' lang='lat' dir='ltr'><strong>ad</strong></span> <span class='ocrx_word' id='word_1_603' title='bbox 2074 1649 2190 1718; x_wconf 82' lang='lat' dir='ltr'><strong>ejus</strong></span> <span class='ocrx_word' id='word_1_604' title='bbox 2217 1668 2434 1721; x_wconf 75' lang='lat' dir='ltr'><strong>regnum</strong></span> <span class='ocrx_word' id='word_1_605' title='bbox 2467 1657 2810 1714; x_wconf 79' lang='lat' dir='ltr'><strong>obtinentium</strong></span> <span class='ocrx_word' id='word_1_606' title='bbox 2838 1665 2991 1734; x_wconf 85' lang='lat' dir='ltr'><strong>ciquc</strong></span> <span class='ocrx_word' id='word_1_607' title='bbox 3036 1666 3410 1726; x_wconf 74' lang='lat' dir='ltr'><strong>cohmrendnm</strong></span> <span class='ocrx_word' id='word_1_608' title='bbox 3457 1673 3562 1730; x_wconf 76' lang='lat' dir='ltr'><strong>illis</strong></span> 
     </span>
    </p>
   </div>
   <div class='ocr_carea' id='block_1_79' title="bbox 1979 1741 3564 1826">
    <p class='ocr_par' dir='ltr' id='par_1_79' title="bbox 1979 1741 3564 1826">
     <span class='ocr_line' id='line_1_79' title="bbox 1979 1741 3564 1826; baseline 0.019 -34"><span class='ocrx_word' id='word_1_609' title='bbox 1979 1741 2243 1804; x_wconf 85' lang='lat' dir='ltr'><strong>consulat,</strong></span> <span class='ocrx_word' id='word_1_610' title='bbox 2277 1744 2358 1797; x_wconf 83' lang='lat' dir='ltr'><strong>vel</strong></span> <span class='ocrx_word' id='word_1_611' title='bbox 2397 1745 2496 1800; x_wconf 90' lang='lat' dir='ltr'><strong>hoc</strong></span> <span class='ocrx_word' id='word_1_612' title='bbox 2527 1749 2577 1801; x_wconf 88' lang='lat' dir='ltr'><strong>itt</strong></span> <span class='ocrx_word' id='word_1_613' title='bbox 2606 1752 2686 1805; x_wconf 89' lang='lat' dir='ltr'><strong>eis</strong></span> <span class='ocrx_word' id='word_1_614' title='bbox 2727 1753 2929 1824; x_wconf 78' lang='lat' dir='ltr'><strong>diligat,</strong></span> <span class='ocrx_word' id='word_1_615' title='bbox 2969 1757 3110 1826; x_wconf 91' lang='lat' dir='ltr'><strong>quod</strong></span> <span class='ocrx_word' id='word_1_616' title='bbox 3159 1762 3397 1817; x_wconf 87' lang='lat' dir='ltr'><strong>membra</strong></span> <span class='ocrx_word' id='word_1_617' title='bbox 3436 1774 3564 1824; x_wconf 86' lang='lat' dir='ltr'><strong>sunt</strong></span> 
     </span>
    </p>
   </div>
   <div class='ocr_carea' id='block_1_80' title="bbox 1977 1829 3551 1924">
    <p class='ocr_par' dir='ltr' id='par_1_80' title="bbox 1977 1829 3551 1924">
     <span class='ocr_line' id='line_1_80' title="bbox 1977 1829 3551 1924; baseline 0.021 -42"><span class='ocrx_word' id='word_1_618' title='bbox 1977 1829 2202 1896; x_wconf 86' lang='lat' dir='ltr'><strong>Christi,</strong></span> <span class='ocrx_word' id='word_1_619' title='bbox 2225 1833 2365 1889; x_wconf 85' lang='lat' dir='ltr'><strong>absit</strong></span> <span class='ocrx_word' id='word_1_620' title='bbox 2385 1845 2442 1890; x_wconf 90' lang='lat' dir='ltr'><strong>ut</strong></span> <span class='ocrx_word' id='word_1_621' title='bbox 2469 1839 2566 1892; x_wconf 84' lang='lat' dir='ltr'><strong>ista</strong></span> <span class='ocrx_word' id='word_1_622' title='bbox 2591 1840 2806 1896; x_wconf 86' lang='lat' dir='ltr'><strong>dilectio</strong></span> <span class='ocrx_word' id='word_1_623' title='bbox 2832 1848 3126 1917; x_wconf 88' lang='lat' dir='ltr'><strong>reperiatur</strong></span> <span class='ocrx_word' id='word_1_624' title='bbox 3146 1850 3197 1905; x_wconf 93' lang='lat' dir='ltr'><strong>in</strong></span> <span class='ocrx_word' id='word_1_625' title='bbox 3227 1851 3402 1924; x_wconf 77' lang='lat' dir='ltr'><strong>lignis,</strong></span> <span class='ocrx_word' id='word_1_626' title='bbox 3426 1855 3551 1914; x_wconf 89' lang='lat' dir='ltr'><strong>feno</strong></span> 
     </span>
    </p>
   </div>
   <div class='ocr_carea' id='block_1_81' title="bbox 1979 1925 3559 2018">
    <p class='ocr_par' dir='ltr' id='par_1_81' title="bbox 1979 1925 3559 2018">
     <span class='ocr_line' id='line_1_81' title="bbox 1979 1925 3559 2018; baseline 0.021 -43"><span class='ocrx_word' id='word_1_627' title='bbox 1979 1931 2034 1976; x_wconf 90' lang='lat' dir='ltr'><strong>et</strong></span> <span class='ocrx_word' id='word_1_628' title='bbox 2063 1925 2251 1992; x_wconf 83' lang='lat' dir='ltr'><strong>stipula</strong></span> <span class='ocrx_word' id='word_1_629' title='bbox 2285 1933 2666 1998; x_wconf 81' lang='lat' dir='ltr'><strong>consumenda,</strong></span> <span class='ocrx_word' id='word_1_630' title='bbox 2720 1936 2813 1990; x_wconf 86' lang='lat' dir='ltr'><strong>sed</strong></span> <span class='ocrx_word' id='word_1_631' title='bbox 2857 1954 3073 2006; x_wconf 90' lang='lat' dir='ltr'><strong>prorsus</strong></span> <span class='ocrx_word' id='word_1_632' title='bbox 3102 1943 3330 2003; x_wconf 71' lang='lat' dir='ltr'><strong>aedilicio</strong></span> <span class='ocrx_word' id='word_1_633' title='bbox 3353 1963 3518 2007; x_wconf 90' lang='lat' dir='ltr'><strong>aureo</strong></span> <span class='ocrx_word' id='word_1_634' title='bbox 3541 1992 3559 2018; x_wconf 95' lang='lat'><strong>,</strong></span> 
     </span>
    </p>
   </div>
   <div class='ocr_carea' id='block_1_82' title="bbox 1977 2024 3562 2114">
    <p class='ocr_par' dir='ltr' id='par_1_82' title="bbox 1977 2024 3562 2114">
     <span class='ocr_line' id='line_1_82' title="bbox 1977 2024 3562 2114; baseline 0.022 -48"><span class='ocrx_word' id='word_1_635' title='bbox 1977 2025 2250 2114; x_wconf 75' lang='lat' dir='ltr'><strong>argenteo,</strong></span> <span class='ocrx_word' id='word_1_636' title='bbox 2281 2033 2526 2114; x_wconf 56' lang='lat' dir='ltr'><strong>gemmeo</strong></span> <span class='ocrx_word' id='word_1_637' title='bbox 2553 2024 2907 2092; x_wconf 73' lang='lat' dir='ltr'><strong>deputabitur.</strong></span> <span class='ocrx_word' id='word_1_638' title='bbox 2939 2031 3217 2102; x_wconf 88' lang='lat' dir='ltr'><strong>Quomodo</strong></span> <span class='ocrx_word' id='word_1_639' title='bbox 3252 2048 3432 2098; x_wconf 87' lang='lat' dir='ltr'><strong>autem</strong></span> <span class='ocrx_word' id='word_1_640' title='bbox 3461 2058 3562 2114; x_wconf 84' lang='lat' dir='ltr'><strong>po-</strong></span> 
     </span>
    </p>
   </div>
   <div class='ocr_carea' id='block_1_83' title="bbox 1977 2109 3561 2198">
    <p class='ocr_par' dir='ltr' id='par_1_83' title="bbox 1977 2109 3561 2198">
     <span class='ocr_line' id='line_1_83' title="bbox 1977 2109 3561 2198; baseline 0.02 -39"><span class='ocrx_word' id='word_1_641' title='bbox 1977 2113 2086 2160; x_wconf 87' lang='lat' dir='ltr'><strong>test</strong></span> <span class='ocrx_word' id='word_1_642' title='bbox 2130 2121 2223 2160; x_wconf 86' lang='lat' dir='ltr'><strong>ens</strong></span> <span class='ocrx_word' id='word_1_643' title='bbox 2254 2109 2368 2176; x_wconf 75' lang='lat' dir='ltr'><strong>[illis</strong></span> <span class='ocrx_word' id='word_1_644' title='bbox 2405 2126 2588 2169; x_wconf 89' lang='lat' dir='ltr'><strong>amare</strong></span> <span class='ocrx_word' id='word_1_645' title='bbox 2626 2131 2782 2187; x_wconf 85' lang='lat' dir='ltr'><strong>quam</strong></span> <span class='ocrx_word' id='word_1_646' title='bbox 2831 2119 3099 2180; x_wconf 91' lang='lat' dir='ltr'><strong>Christum</strong></span> <span class='ocrx_word' id='word_1_647' title='bbox 3127 2142 3262 2198; x_wconf 90' lang='lat' dir='ltr'><strong>quos</strong></span> <span class='ocrx_word' id='word_1_648' title='bbox 3282 2142 3425 2189; x_wconf 86' lang='lat' dir='ltr'><strong>amat</strong></span> <span class='ocrx_word' id='word_1_649' title='bbox 3452 2109 3561 2190; x_wconf 79' lang='lat' dir='ltr'><strong>uti-</strong></span> 
     </span>
    </p>
   </div>
   <div class='ocr_carea' id='block_1_84' title="bbox 1973 2198 2742 2280">
    <p class='ocr_par' dir='ltr' id='par_1_84' title="bbox 1973 2198 2742 2280">
     <span class='ocr_line' id='line_1_84' title="bbox 1973 2198 2742 2280; baseline 0.017 -31"><span class='ocrx_word' id='word_1_650' title='bbox 1973 2209 2083 2265; x_wconf 86' lang='lat' dir='ltr'><strong>que</strong></span> <span class='ocrx_word' id='word_1_651' title='bbox 2123 2198 2621 2268; x_wconf 84' lang='lat' dir='ltr'><strong>preptchhristutn</strong></span> <span class='ocrx_word' id='word_1_652' title='bbox 2648 2208 2742 2280; x_wconf 79' lang='lat' dir='ltr'><strong>(rt).</strong></span> 
     </span>
    </p>
   </div>
   <div class='ocr_carea' id='block_1_85' title="bbox 1975 2307 3561 2414">
    <p class='ocr_par' dir='ltr' id='par_1_85' title="bbox 1975 2307 3561 2414">
     <span class='ocr_line' id='line_1_85' title="bbox 1975 2307 3561 2414; baseline 0.021 -52"><span class='ocrx_word' id='word_1_653' title='bbox 1975 2307 2447 2414; x_wconf 38' lang='lat' dir='ltr'><strong>CAPUTXiK-i’ll.</strong></span> <span class='ocrx_word' id='word_1_654' title='bbox 2476 2348 2550 2360; x_wconf 88' lang='lat'><em>—</em></span> <span class='ocrx_word' id='word_1_655' title='bbox 2602 2321 2788 2414; x_wconf 62' lang='lat' dir='ltr'><strong>Contra</strong></span> <span class='ocrx_word' id='word_1_656' title='bbox 2833 2343 3004 2384; x_wconf 73' lang='lat' dir='ltr'><strong>eorum</strong></span> <span class='ocrx_word' id='word_1_657' title='bbox 3053 2335 3428 2403; x_wconf 74' lang='lat' dir='ltr'><strong>persuasionem</strong></span> <span class='ocrx_word' id='word_1_658' title='bbox 3469 2342 3561 2414; x_wconf 82' lang='lat' dir='ltr'><strong>qui</strong></span> 
     </span>
    </p>
   </div>
   <div class='ocr_carea' id='block_1_86' title="bbox 2049 2405 3562 2500">
    <p class='ocr_par' dir='ltr' id='par_1_86' title="bbox 2049 2405 3562 2500">
     <span class='ocr_line' id='line_1_86' title="bbox 2049 2405 3562 2500; baseline 0.024 -48"><span class='ocrx_word' id='word_1_659' title='bbox 2049 2413 2227 2500; x_wconf 71' lang='lat' dir='ltr'><strong>putant</strong></span> <span class='ocrx_word' id='word_1_660' title='bbox 2271 2405 2365 2459; x_wconf 84' lang='lat' dir='ltr'><strong>sibi</strong></span> <span class='ocrx_word' id='word_1_661' title='bbox 2407 2425 2508 2464; x_wconf 85' lang='lat' dir='ltr'><strong>non</strong></span> <span class='ocrx_word' id='word_1_662' title='bbox 2561 2411 2801 2500; x_wconf 52' lang='lat' dir='ltr'><strong>obfutura</strong></span> <span class='ocrx_word' id='word_1_663' title='bbox 2843 2426 3069 2488; x_wconf 73' lang='lat' dir='ltr'><strong>peccata,</strong></span> <span class='ocrx_word' id='word_1_664' title='bbox 3103 2423 3157 2478; x_wconf 82' lang='lat' dir='ltr'><strong>in</strong></span> <span class='ocrx_word' id='word_1_665' title='bbox 3197 2427 3398 2497; x_wconf 78' lang='lat' dir='ltr'><strong>quibus,</strong></span> <span class='ocrx_word' id='word_1_666' title='bbox 3441 2405 3562 2488; x_wconf 72' lang='lat' dir='ltr'><strong>cum</strong></span> 
     </span>
    </p>
   </div>
   <div class='ocr_carea' id='block_1_87' title="bbox 2049 2494 3022 2576">
    <p class='ocr_par' dir='ltr' id='par_1_87' title="bbox 2049 2494 3022 2576">
     <span class='ocr_line' id='line_1_87' title="bbox 2049 2494 3022 2576; baseline 0.02 -29"><span class='ocrx_word' id='word_1_667' title='bbox 2049 2494 2388 2568; x_wconf 81' lang='lat' dir='ltr'><strong>eleemosyuas</strong></span> <span class='ocrx_word' id='word_1_668' title='bbox 2411 2494 2648 2571; x_wconf 77' lang='lat' dir='ltr'><strong>facerent,</strong></span> <span class='ocrx_word' id='word_1_669' title='bbox 2681 2509 3022 2576; x_wconf 81' lang='lat' dir='ltr'><strong>perstiterunt.</strong></span> 
     </span>
    </p>
   </div>
   <div class='ocr_carea' id='block_1_88' title="bbox 2050 2607 3561 2704">
    <p class='ocr_par' dir='ltr' id='par_1_88' title="bbox 2050 2607 3561 2704">
     <span class='ocr_line' id='line_1_88' title="bbox 2050 2607 3561 2704; baseline 0.019 -44"><span class='ocrx_word' id='word_1_670' title='bbox 2050 2608 2102 2661; x_wconf 81' lang='grc'><strong>1.</strong></span> <span class='ocrx_word' id='word_1_671' title='bbox 2143 2607 2818 2704; x_wconf 12' lang='grc' dir='ltr'><strong>Βρειθιρίθ-ᾃτεδρωιάρτθ,</strong></span> <span class='ocrx_word' id='word_1_672' title='bbox 2859 2623 2948 2691; x_wconf 90' lang='lat' dir='ltr'><strong>qui</strong></span> <span class='ocrx_word' id='word_1_673' title='bbox 2989 2623 3174 2680; x_wconf 88' lang='lat' dir='ltr'><strong>dicunt</strong></span> <span class='ocrx_word' id='word_1_674' title='bbox 3212 2637 3414 2686; x_wconf 58' lang='lat' dir='ltr'><strong>aeterno</strong></span> <span class='ocrx_word' id='word_1_675' title='bbox 3440 2633 3561 2704; x_wconf 77' lang='lat' dir='ltr'><strong>igne</strong></span> 
     </span>
    </p>
   </div>
   <div class='ocr_carea' id='block_1_89' title="bbox 1976 2697 3562 2784">
    <p class='ocr_par' dir='ltr' id='par_1_89' title="bbox 1976 2697 3562 2784">
     <span class='ocr_line' id='line_1_89' title="bbox 1976 2697 3562 2784; baseline 0.017 -32"><span class='ocrx_word' id='word_1_676' title='bbox 1976 2697 2097 2754; x_wconf 89' lang='lat' dir='ltr'><strong>illos</strong></span> <span class='ocrx_word' id='word_1_677' title='bbox 2140 2702 2506 2756; x_wconf 80' lang='lat' dir='ltr'><strong>tantummodo</strong></span> <span class='ocrx_word' id='word_1_678' title='bbox 2549 2721 2788 2775; x_wconf 83' lang='lat' dir='ltr'><strong>arsnms,</strong></span> <span class='ocrx_word' id='word_1_679' title='bbox 2820 2713 2908 2781; x_wconf 87' lang='lat' dir='ltr'><strong>qni</strong></span> <span class='ocrx_word' id='word_1_680' title='bbox 2959 2729 3056 2784; x_wconf 90' lang='lat' dir='ltr'><strong>pro</strong></span> <span class='ocrx_word' id='word_1_681' title='bbox 3077 2720 3313 2784; x_wconf 85' lang='lat' dir='ltr'><strong>peccatis</strong></span> <span class='ocrx_word' id='word_1_682' title='bbox 3336 2697 3562 2778; x_wconf 45' lang='lat' dir='ltr'><strong>suis&#39;fao</strong></span> 
     </span>
    </p>
   </div>
   <div class='ocr_carea' id='block_1_90' title="bbox 1975 2791 3560 2882">
    <p class='ocr_par' dir='ltr' id='par_1_90' title="bbox 1975 2791 3560 2882">
     <span class='ocr_line' id='line_1_90' title="bbox 1975 2791 3560 2882; baseline 0.018 -38"><span class='ocrx_word' id='word_1_683' title='bbox 1975 2804 2100 2846; x_wconf 88' lang='lat' dir='ltr'><strong>cere</strong></span> <span class='ocrx_word' id='word_1_684' title='bbox 2145 2791 2332 2864; x_wconf 77' lang='lat' dir='ltr'><strong>dignas</strong></span> <span class='ocrx_word' id='word_1_685' title='bbox 2377 2797 2748 2871; x_wconf 82' lang='lat' dir='ltr'><strong>eleemosynas</strong></span> <span class='ocrx_word' id='word_1_686' title='bbox 2805 2805 3078 2875; x_wconf 72' lang='lat' dir='ltr'><strong>neglignnt</strong></span> <span class='ocrx_word' id='word_1_687' title='bbox 3100 2850 3117 2877; x_wconf 91' lang='lat'><strong>,</strong></span> <span class='ocrx_word' id='word_1_688' title='bbox 3168 2821 3391 2882; x_wconf 89' lang='lat' dir='ltr'><strong>propter</strong></span> <span class='ocrx_word' id='word_1_689' title='bbox 3431 2815 3560 2872; x_wconf 90' lang='lat' dir='ltr'><strong>illud</strong></span> 
     </span>
    </p>
   </div>
   <div class='ocr_carea' id='block_1_91' title="bbox 1976 2884 3561 2962">
    <p class='ocr_par' dir='ltr' id='par_1_91' title="bbox 1976 2884 3561 2962">
     <span class='ocr_line' id='line_1_91' title="bbox 1976 2884 3561 2962; baseline 0.016 -25"><span class='ocrx_word' id='word_1_690' title='bbox 1976 2884 2118 2954; x_wconf 91' lang='lat' dir='ltr'><strong>quod</strong></span> <span class='ocrx_word' id='word_1_691' title='bbox 2156 2887 2231 2940; x_wconf 89' lang='lat' dir='ltr'><strong>ait</strong></span> <span class='ocrx_word' id='word_1_692' title='bbox 2248 2891 2522 2957; x_wconf 85' lang='lat' dir='ltr'><strong>apostolus</strong></span> <span class='ocrx_word' id='word_1_693' title='bbox 2539 2891 2770 2948; x_wconf 80' lang='lat' dir='ltr'><strong>Jacobus</strong></span> <span class='ocrx_word' id='word_1_694' title='bbox 2795 2911 2810 2948; x_wconf 92' lang='lat'><strong>:</strong></span> <span class='ocrx_word' id='word_1_695' title='bbox 2836 2896 2868 2948; x_wconf 84' lang='lat' dir='ltr'><strong><em>J</em></strong></span> <span class='ocrx_word' id='word_1_696' title='bbox 2876 2899 3098 2952; x_wconf 82' lang='lat' dir='ltr'><strong>udicium</strong></span> <span class='ocrx_word' id='word_1_697' title='bbox 3137 2913 3308 2958; x_wconf 82' lang='lat' dir='ltr'><strong>autem</strong></span> <span class='ocrx_word' id='word_1_698' title='bbox 3331 2906 3441 2960; x_wconf 84' lang='lat' dir='ltr'><strong>sine</strong></span> <span class='ocrx_word' id='word_1_699' title='bbox 3465 2909 3561 2962; x_wconf 85' lang='lat' dir='ltr'><strong>mi-</strong></span> 
     </span>
    </p>
   </div>
   <div class='ocr_carea' id='block_1_92' title="bbox 1974 2979 3555 3064">
    <p class='ocr_par' dir='ltr' id='par_1_92' title="bbox 1974 2979 3555 3064">
     <span class='ocr_line' id='line_1_92' title="bbox 1974 2979 3555 3064; baseline 0.015 -35"><span class='ocrx_word' id='word_1_700' title='bbox 1974 2979 2248 3032; x_wconf 81' lang='lat' dir='ltr'><strong>sericordia</strong></span> <span class='ocrx_word' id='word_1_701' title='bbox 2293 2980 2372 3034; x_wconf 83' lang='lat' dir='ltr'><strong>illi</strong></span> <span class='ocrx_word' id='word_1_702' title='bbox 2411 2983 2498 3054; x_wconf 80' lang='lat' dir='ltr'><strong>qui</strong></span> <span class='ocrx_word' id='word_1_703' title='bbox 2529 2999 2632 3038; x_wconf 81' lang='lat' dir='ltr'><strong>non</strong></span> <span class='ocrx_word' id='word_1_704' title='bbox 2654 2987 2770 3056; x_wconf 77' lang='lat' dir='ltr'><strong>fecit</strong></span> <span class='ocrx_word' id='word_1_705' title='bbox 2815 2989 3216 3045; x_wconf 81' lang='lat' dir='ltr'><strong>misericordiam</strong></span> <span class='ocrx_word' id='word_1_706' title='bbox 3250 2992 3474 3064; x_wconf 81' lang='lat' dir='ltr'><strong>(Jacobi</strong></span> <span class='ocrx_word' id='word_1_707' title='bbox 3495 3014 3555 3062; x_wconf 86' lang='lat' dir='ltr'><strong>tt,</strong></span> 
     </span>
    </p>
   </div>
   <div class='ocr_carea' id='block_1_93' title="bbox 1976 3067 3583 3148">
    <p class='ocr_par' dir='ltr' id='par_1_93' title="bbox 1976 3067 3583 3148">
     <span class='ocr_line' id='line_1_93' title="bbox 1976 3067 3583 3148; baseline 0.012 -22"><span class='ocrx_word' id='word_1_708' title='bbox 1976 3067 2103 3144; x_wconf 72' lang='grc'><strong>15).</strong></span> <span class='ocrx_word' id='word_1_709' title='bbox 2129 3070 2228 3139; x_wconf 82' lang='lat' dir='ltr'><strong>Qui</strong></span> <span class='ocrx_word' id='word_1_710' title='bbox 2249 3086 2379 3142; x_wconf 75' lang='lat' dir='ltr'><strong>ergo</strong></span> <span class='ocrx_word' id='word_1_711' title='bbox 2405 3072 2549 3141; x_wconf 87' lang='lat' dir='ltr'><strong>fecit,</strong></span> <span class='ocrx_word' id='word_1_712' title='bbox 2582 3075 2840 3146; x_wconf 87' lang='lat' dir='ltr'><strong>inquiunt,</strong></span> <span class='ocrx_word' id='word_1_713' title='bbox 2869 3082 3112 3148; x_wconf 87' lang='lat' dir='ltr'><strong>quamvis</strong></span> <span class='ocrx_word' id='word_1_714' title='bbox 3152 3099 3259 3140; x_wconf 90' lang='lat' dir='ltr'><strong>non</strong></span> <span class='ocrx_word' id='word_1_715' title='bbox 3309 3100 3583 3144; x_wconf 71' lang='lat' dir='ltr'><strong>conexo--</strong></span> 
     </span>
    </p>
   </div>
   <div class='ocr_carea' id='block_1_94' title="bbox 1973 3161 3556 3249">
    <p class='ocr_par' dir='ltr' id='par_1_94' title="bbox 1973 3161 3556 3249">
     <span class='ocr_line' id='line_1_94' title="bbox 1973 3161 3556 3249; baseline 0.011 -31"><span class='ocrx_word' id='word_1_716' title='bbox 1973 3163 2045 3218; x_wconf 90' lang='lat' dir='ltr'><strong>rit</strong></span> <span class='ocrx_word' id='word_1_717' title='bbox 2069 3161 2304 3233; x_wconf 83' lang='lat' dir='ltr'><strong>perditos</strong></span> <span class='ocrx_word' id='word_1_718' title='bbox 2326 3179 2524 3228; x_wconf 87' lang='lat' dir='ltr'><strong>mores.</strong></span> <span class='ocrx_word' id='word_1_719' title='bbox 2548 3167 2644 3222; x_wconf 89' lang='lat' dir='ltr'><strong>sed</strong></span> <span class='ocrx_word' id='word_1_720' title='bbox 2675 3167 2874 3224; x_wconf 86' lang='lat' dir='ltr'><strong>nefarie</strong></span> <span class='ocrx_word' id='word_1_721' title='bbox 2893 3185 2956 3225; x_wconf 89' lang='lat' dir='ltr'><strong>ac</strong></span> <span class='ocrx_word' id='word_1_722' title='bbox 2981 3173 3227 3241; x_wconf 89' lang='lat' dir='ltr'><strong>nequiter</strong></span> <span class='ocrx_word' id='word_1_723' title='bbox 3249 3175 3385 3232; x_wconf 89' lang='lat' dir='ltr'><strong>inter</strong></span> <span class='ocrx_word' id='word_1_724' title='bbox 3411 3179 3556 3249; x_wconf 86' lang='lat' dir='ltr'><strong>ipsas</strong></span> 
     </span>
    </p>
   </div>
   <div class='ocr_carea' id='block_1_95' title="bbox 1972 3257 3560 3330">
    <p class='ocr_par' dir='ltr' id='par_1_95' title="bbox 1972 3257 3560 3330">
     <span class='ocr_line' id='line_1_95' title="bbox 1972 3257 3560 3330; baseline 0.011 -18"><span class='ocrx_word' id='word_1_725' title='bbox 1972 3270 2098 3312; x_wconf 83' lang='lat' dir='ltr'><strong>suas</strong></span> <span class='ocrx_word' id='word_1_726' title='bbox 2119 3257 2488 3330; x_wconf 82' lang='lat' dir='ltr'><strong>eleemosynas</strong></span> <span class='ocrx_word' id='word_1_727' title='bbox 2513 3259 2723 3327; x_wconf 81' lang='lat' dir='ltr'><strong>vixerit,</strong></span> <span class='ocrx_word' id='word_1_728' title='bbox 2749 3276 2871 3318; x_wconf 91' lang='lat' dir='ltr'><strong>cum</strong></span> <span class='ocrx_word' id='word_1_729' title='bbox 2914 3265 3276 3323; x_wconf 83' lang='lat' dir='ltr'><strong>misericordia</strong></span> <span class='ocrx_word' id='word_1_730' title='bbox 3308 3270 3382 3326; x_wconf 91' lang='lat' dir='ltr'><strong>illi</strong></span> <span class='ocrx_word' id='word_1_731' title='bbox 3413 3271 3560 3330; x_wconf 77' lang='lat' dir='ltr'><strong>futu-</strong></span> 
     </span>
    </p>
   </div>
   <div class='ocr_carea' id='block_1_96' title="bbox 1972 3351 3555 3430">
    <p class='ocr_par' dir='ltr' id='par_1_96' title="bbox 1972 3351 3555 3430">
     <span class='ocr_line' id='line_1_96' title="bbox 1972 3351 3555 3430; baseline 0.013 -25"><span class='ocrx_word' id='word_1_732' title='bbox 1972 3366 2088 3406; x_wconf 91' lang='lat' dir='ltr'><strong>rum</strong></span> <span class='ocrx_word' id='word_1_733' title='bbox 2118 3360 2202 3406; x_wconf 86' lang='lat' dir='ltr'><strong>est</strong></span> <span class='ocrx_word' id='word_1_734' title='bbox 2230 3351 2510 3420; x_wconf 88' lang='lat' dir='ltr'><strong>judicium,</strong></span> <span class='ocrx_word' id='word_1_735' title='bbox 2533 3361 2707 3408; x_wconf 78' lang='lat' dir='ltr'><strong>utaut</strong></span> <span class='ocrx_word' id='word_1_736' title='bbox 2745 3370 2849 3410; x_wconf 90' lang='lat' dir='ltr'><strong>non</strong></span> <span class='ocrx_word' id='word_1_737' title='bbox 2889 3356 3172 3416; x_wconf 86' lang='lat' dir='ltr'><strong>damnetur</strong></span> <span class='ocrx_word' id='word_1_738' title='bbox 3193 3363 3555 3430; x_wconf 78' lang='lat' dir='ltr'><strong>omnino,‘aut</strong></span> 
     </span>
    </p>
   </div>
   <div class='ocr_carea' id='block_1_97' title="bbox 1973 3443 3552 3518">
    <p class='ocr_par' dir='ltr' id='par_1_97' title="bbox 1973 3443 3552 3518">
     <span class='ocr_line' id='line_1_97' title="bbox 1973 3443 3552 3518; baseline 0.015 -25"><span class='ocrx_word' id='word_1_739' title='bbox 1973 3449 2136 3518; x_wconf 62' lang='lat' dir='ltr'><strong>post.</strong></span> <span class='ocrx_word' id='word_1_740' title='bbox 2153 3443 2364 3513; x_wconf 81' lang='lat' dir='ltr'><strong>aliquod</strong></span> <span class='ocrx_word' id='word_1_741' title='bbox 2427 3453 2636 3515; x_wconf 81' lang='lat' dir='ltr'><strong>tempus</strong></span> <span class='ocrx_word' id='word_1_742' title='bbox 2674 3459 2704 3500; x_wconf 84' lang='lat' dir='ltr'><strong>a</strong></span> <span class='ocrx_word' id='word_1_743' title='bbox 2748 3447 3089 3507; x_wconf 84' lang='lat' dir='ltr'><strong>damnatione</strong></span> <span class='ocrx_word' id='word_1_744' title='bbox 3147 3452 3449 3513; x_wconf 82' lang='lat' dir='ltr'><strong>novissima</strong></span> <span class='ocrx_word' id='word_1_745' title='bbox 3491 3459 3552 3516; x_wconf 68' lang='lat' dir='ltr'><strong>liv</strong></span> 
     </span>
    </p>
   </div>
   <div class='ocr_carea' id='block_1_98' title="bbox 1971 3530 3577 3606">
    <p class='ocr_par' dir='ltr' id='par_1_98' title="bbox 1971 3530 3577 3606">
     <span class='ocr_line' id='line_1_98' title="bbox 1971 3530 3577 3606; baseline 0.01 -18"><span class='ocrx_word' id='word_1_746' title='bbox 1971 3530 2208 3588; x_wconf 85' lang='lat' dir='ltr'><strong>beretur.</strong></span> <span class='ocrx_word' id='word_1_747' title='bbox 2250 3533 2360 3590; x_wconf 86' lang='lat' dir='ltr'><strong>Nec</strong></span> <span class='ocrx_word' id='word_1_748' title='bbox 2400 3534 2472 3590; x_wconf 90' lang='lat' dir='ltr'><strong>ob</strong></span> <span class='ocrx_word' id='word_1_749' title='bbox 2511 3536 2655 3592; x_wconf 77' lang='lat' dir='ltr'><strong>aliud</strong></span> <span class='ocrx_word' id='word_1_750' title='bbox 2683 3539 2990 3596; x_wconf 79' lang='lat' dir='ltr'><strong>existimant</strong></span> <span class='ocrx_word' id='word_1_751' title='bbox 3016 3542 3283 3600; x_wconf 84' lang='lat' dir='ltr'><strong>Christum</strong></span> <span class='ocrx_word' id='word_1_752' title='bbox 3325 3547 3394 3602; x_wconf 90' lang='lat' dir='ltr'><strong>de</strong></span> <span class='ocrx_word' id='word_1_753' title='bbox 3438 3550 3577 3606; x_wconf 39' lang='lat' dir='ltr'><strong>solo&#39;</strong></span> 
     </span>
    </p>
   </div>
   <div class='ocr_carea' id='block_1_99' title="bbox 1970 3625 3552 3706">
    <p class='ocr_par' dir='ltr' id='par_1_99' title="bbox 1970 3625 3552 3706">
     <span class='ocr_line' id='line_1_99' title="bbox 1970 3625 3552 3706; baseline 0.011 -26"><span class='ocrx_word' id='word_1_754' title='bbox 1970 3625 2168 3682; x_wconf 89' lang='lat' dir='ltr'><strong>dilectu</strong></span> <span class='ocrx_word' id='word_1_755' title='bbox 2201 3637 2360 3697; x_wconf 86' lang='lat' dir='ltr'><strong>atque</strong></span> <span class='ocrx_word' id='word_1_756' title='bbox 2389 3629 2631 3698; x_wconf 72' lang='lat' dir='ltr'><strong>neglectu</strong></span> <span class='ocrx_word' id='word_1_757' title='bbox 2658 3631 3121 3706; x_wconf 86' lang='lat' dir='ltr'><strong>eleemosynarum</strong></span> <span class='ocrx_word' id='word_1_758' title='bbox 3169 3637 3552 3698; x_wconf 83' lang='lat' dir='ltr'><strong>discretionem</strong></span> 
     </span>
    </p>
   </div>
   <div class='ocr_carea' id='block_1_100' title="bbox 1972 3717 3556 3804">
    <p class='ocr_par' dir='ltr' id='par_1_100' title="bbox 1972 3717 3556 3804">
     <span class='ocr_line' id='line_1_100' title="bbox 1972 3717 3556 3804; baseline 0.012 -32"><span class='ocrx_word' id='word_1_759' title='bbox 1972 3717 2111 3773; x_wconf 86' lang='lat' dir='ltr'><strong>inter</strong></span> <span class='ocrx_word' id='word_1_760' title='bbox 2159 3718 2418 3775; x_wconf 81' lang='lat' dir='ltr'><strong>dexteros</strong></span> <span class='ocrx_word' id='word_1_761' title='bbox 2459 3730 2514 3776; x_wconf 88' lang='lat' dir='ltr'><strong>et</strong></span> <span class='ocrx_word' id='word_1_762' title='bbox 2543 3722 2791 3778; x_wconf 85' lang='lat' dir='ltr'><strong>sinistros</strong></span> <span class='ocrx_word' id='word_1_763' title='bbox 2811 3741 2932 3781; x_wconf 87' lang='lat' dir='ltr'><strong>esse</strong></span> <span class='ocrx_word' id='word_1_764' title='bbox 2983 3727 3247 3784; x_wconf 89' lang='lat' dir='ltr'><strong>facturum</strong></span> <span class='ocrx_word' id='word_1_765' title='bbox 3274 3774 3289 3798; x_wconf 93' lang='lat'><strong>,</strong></span> <span class='ocrx_word' id='word_1_766' title='bbox 3322 3747 3556 3804; x_wconf 89' lang='lat' dir='ltr'><strong>quorum</strong></span> 
     </span>
    </p>
   </div>
   <div class='ocr_carea' id='block_1_101' title="bbox 1969 3811 3549 3887">
    <p class='ocr_par' dir='ltr' id='par_1_101' title="bbox 1969 3811 3549 3887">
     <span class='ocr_line' id='line_1_101' title="bbox 1969 3811 3549 3887; baseline 0.01 -23"><span class='ocrx_word' id='word_1_767' title='bbox 1969 3811 2106 3866; x_wconf 84' lang='lat' dir='ltr'><strong>alios</strong></span> <span class='ocrx_word' id='word_1_768' title='bbox 2132 3811 2184 3865; x_wconf 89' lang='lat' dir='ltr'><strong>itt</strong></span> <span class='ocrx_word' id='word_1_769' title='bbox 2207 3826 2446 3882; x_wconf 75' lang='lat' dir='ltr'><strong>regnum,</strong></span> <span class='ocrx_word' id='word_1_770' title='bbox 2471 3813 2606 3868; x_wconf 89' lang='lat' dir='ltr'><strong>alios</strong></span> <span class='ocrx_word' id='word_1_771' title='bbox 2633 3815 2684 3870; x_wconf 91' lang='lat' dir='ltr'><strong>in</strong></span> <span class='ocrx_word' id='word_1_772' title='bbox 2726 3817 3040 3887; x_wconf 88' lang='lat' dir='ltr'><strong>supplicium</strong></span> <span class='ocrx_word' id='word_1_773' title='bbox 3068 3821 3242 3876; x_wconf 89' lang='lat' dir='ltr'><strong>mittat</strong></span> <span class='ocrx_word' id='word_1_774' title='bbox 3269 3833 3549 3880; x_wconf 66' lang='lat' dir='ltr'><strong>arternum.</strong></span> 
     </span>
    </p>
   </div>
   <div class='ocr_carea' id='block_1_102' title="bbox 1975 3901 3550 3983">
    <p class='ocr_par' dir='ltr' id='par_1_102' title="bbox 1975 3901 3550 3983">
     <span class='ocr_line' id='line_1_102' title="bbox 1975 3901 3550 3983; baseline 0.009 -25"><span class='ocrx_word' id='word_1_775' title='bbox 1975 3901 2043 3958; x_wconf 86' lang='lat' dir='ltr'><strong>Ut</strong></span> <span class='ocrx_word' id='word_1_776' title='bbox 2063 3911 2242 3958; x_wconf 88' lang='lat' dir='ltr'><strong>autem</strong></span> <span class='ocrx_word' id='word_1_777' title='bbox 2267 3905 2574 3974; x_wconf 89' lang='lat' dir='ltr'><strong>quotidiana</strong></span> <span class='ocrx_word' id='word_1_778' title='bbox 2601 3906 2700 3961; x_wconf 88' lang='lat' dir='ltr'><strong>sibi</strong></span> <span class='ocrx_word' id='word_1_779' title='bbox 2727 3909 3033 3976; x_wconf 86' lang='lat' dir='ltr'><strong>opinentur,</strong></span> <span class='ocrx_word' id='word_1_780' title='bbox 3065 3927 3194 3983; x_wconf 36' lang='lat' dir='ltr'><strong>quae.</strong></span> <span class='ocrx_word' id='word_1_781' title='bbox 3217 3911 3402 3970; x_wconf 76' lang='lat' dir='ltr'><strong>facere</strong></span> <span class='ocrx_word' id='word_1_782' title='bbox 3429 3931 3550 3972; x_wconf 71' lang='lat' dir='ltr'><strong>om~</strong></span> 
     </span>
    </p>
   </div>
   <div class='ocr_carea' id='block_1_103' title="bbox 1970 3995 3552 4075">
    <p class='ocr_par' dir='ltr' id='par_1_103' title="bbox 1970 3995 3552 4075">
     <span class='ocr_line' id='line_1_103' title="bbox 1970 3995 3552 4075; baseline 0.009 -26"><span class='ocrx_word' id='word_1_783' title='bbox 1970 3995 2100 4049; x_wconf 87' lang='lat' dir='ltr'><strong>uino</strong></span> <span class='ocrx_word' id='word_1_784' title='bbox 2149 4009 2254 4049; x_wconf 89' lang='lat' dir='ltr'><strong>non</strong></span> <span class='ocrx_word' id='word_1_785' title='bbox 2299 4005 2540 4060; x_wconf 86' lang='lat' dir='ltr'><strong>cessant,</strong></span> <span class='ocrx_word' id='word_1_786' title='bbox 2581 3999 2984 4070; x_wconf 77' lang='lat' dir='ltr'><strong>qualiacumque</strong></span> <span class='ocrx_word' id='word_1_787' title='bbox 3027 4010 3080 4057; x_wconf 92' lang='lat' dir='ltr'><strong>et</strong></span> <span class='ocrx_word' id='word_1_788' title='bbox 3129 4012 3552 4075; x_wconf 88' lang='lat' dir='ltr'><strong>quantacumque</strong></span> 
     </span>
    </p>
   </div>
   <div class='ocr_carea' id='block_1_104' title="bbox 1969 4088 3551 4168">
    <p class='ocr_par' dir='ltr' id='par_1_104' title="bbox 1969 4088 3551 4168">
     <span class='ocr_line' id='line_1_104' title="bbox 1969 4088 3551 4168; baseline 0.01 -25"><span class='ocrx_word' id='word_1_789' title='bbox 1969 4088 2098 4154; x_wconf 84' lang='lat' dir='ltr'><strong>sint,</strong></span> <span class='ocrx_word' id='word_1_790' title='bbox 2140 4104 2237 4158; x_wconf 86' lang='lat' dir='ltr'><strong>per</strong></span> <span class='ocrx_word' id='word_1_791' title='bbox 2261 4090 2632 4163; x_wconf 86' lang='lat' dir='ltr'><strong>eleemosynas</strong></span> <span class='ocrx_word' id='word_1_792' title='bbox 2657 4092 2849 4149; x_wconf 85' lang='lat' dir='ltr'><strong>dimitti</strong></span> <span class='ocrx_word' id='word_1_793' title='bbox 2880 4111 3034 4164; x_wconf 89' lang='lat' dir='ltr'><strong>posse</strong></span> <span class='ocrx_word' id='word_1_794' title='bbox 3063 4111 3298 4168; x_wconf 87' lang='lat' dir='ltr'><strong>peccata,</strong></span> <span class='ocrx_word' id='word_1_795' title='bbox 3348 4105 3551 4160; x_wconf 87' lang='lat' dir='ltr'><strong>oratio-</strong></span> 
     </span>
    </p>
   </div>
   <div class='ocr_carea' id='block_1_105' title="bbox 1971 4183 3548 4264">
    <p class='ocr_par' dir='ltr' id='par_1_105' title="bbox 1971 4183 3548 4264">
     <span class='ocr_line' id='line_1_105' title="bbox 1971 4183 3548 4264; baseline 0.01 -27"><span class='ocrx_word' id='word_1_796' title='bbox 1971 4196 2092 4237; x_wconf 82' lang='lat' dir='ltr'><strong>nem</strong></span> <span class='ocrx_word' id='word_1_797' title='bbox 2135 4197 2293 4250; x_wconf 90' lang='lat' dir='ltr'><strong>quam</strong></span> <span class='ocrx_word' id='word_1_798' title='bbox 2329 4183 2511 4239; x_wconf 88' lang='lat' dir='ltr'><strong>docuit</strong></span> <span class='ocrx_word' id='word_1_799' title='bbox 2558 4186 2671 4256; x_wconf 89' lang='lat' dir='ltr'><strong>ipse</strong></span> <span class='ocrx_word' id='word_1_800' title='bbox 2701 4187 2973 4256; x_wconf 88' lang='lat' dir='ltr'><strong>Dominus,</strong></span> <span class='ocrx_word' id='word_1_801' title='bbox 3024 4200 3078 4244; x_wconf 93' lang='lat' dir='ltr'><strong>ct</strong></span> <span class='ocrx_word' id='word_1_802' title='bbox 3129 4192 3548 4264; x_wconf 78' lang='lat' dir='ltr'><strong>suifragatricem</strong></span> 
     </span>
    </p>
   </div>
   <div class='ocr_carea' id='block_1_106' title="bbox 1971 4275 3551 4345">
    <p class='ocr_par' dir='ltr' id='par_1_106' title="bbox 1971 4275 3551 4345">
     <span class='ocr_line' id='line_1_106' title="bbox 1971 4275 3551 4345; baseline 0.008 -16"><span class='ocrx_word' id='word_1_803' title='bbox 1971 4275 2071 4330; x_wconf 88' lang='lat' dir='ltr'><strong>sibi</strong></span> <span class='ocrx_word' id='word_1_804' title='bbox 2097 4275 2351 4332; x_wconf 84' lang='lat' dir='ltr'><strong>adhibere</strong></span> <span class='ocrx_word' id='word_1_805' title='bbox 2380 4289 2662 4345; x_wconf 91' lang='lat' dir='ltr'><strong>conantur,</strong></span> <span class='ocrx_word' id='word_1_806' title='bbox 2695 4289 2748 4334; x_wconf 92' lang='lat' dir='ltr'><strong>et</strong></span> <span class='ocrx_word' id='word_1_807' title='bbox 2770 4290 2978 4337; x_wconf 86' lang='lat' dir='ltr'><strong>testem.</strong></span> <span class='ocrx_word' id='word_1_808' title='bbox 3012 4281 3158 4337; x_wconf 84' lang='lat' dir='ltr'><strong>Sicut</strong></span> <span class='ocrx_word' id='word_1_809' title='bbox 3181 4285 3321 4339; x_wconf 82' lang='lat' dir='ltr'><strong>enini</strong></span> <span class='ocrx_word' id='word_1_810' title='bbox 3373 4289 3551 4345; x_wconf 87' lang='lat' dir='ltr'><strong>nullus</strong></span> 
     </span>
    </p>
   </div>
   <div class='ocr_carea' id='block_1_107' title="bbox 1969 4369 3548 4442">
    <p class='ocr_par' dir='ltr' id='par_1_107' title="bbox 1969 4369 3548 4442">
     <span class='ocr_line' id='line_1_107' title="bbox 1969 4369 3548 4442; baseline 0.009 -20"><span class='ocrx_word' id='word_1_811' title='bbox 1969 4375 2071 4430; x_wconf 89' lang='lat' dir='ltr'><strong>est,</strong></span> <span class='ocrx_word' id='word_1_812' title='bbox 2105 4369 2364 4439; x_wconf 88' lang='lat' dir='ltr'><strong>inquiunt,</strong></span> <span class='ocrx_word' id='word_1_813' title='bbox 2392 4369 2530 4437; x_wconf 86' lang='lat' dir='ltr'><strong>dies,</strong></span> <span class='ocrx_word' id='word_1_814' title='bbox 2555 4387 2659 4442; x_wconf 91' lang='lat' dir='ltr'><strong>quo</strong></span> <span class='ocrx_word' id='word_1_815' title='bbox 2679 4388 2706 4425; x_wconf 89' lang='lat' dir='ltr'><strong>a</strong></span> <span class='ocrx_word' id='word_1_816' title='bbox 2752 4373 3065 4430; x_wconf 87' lang='lat' dir='ltr'><strong>Christianis</strong></span> <span class='ocrx_word' id='word_1_817' title='bbox 3097 4376 3209 4432; x_wconf 78' lang='lat' dir='ltr'><strong>lucc</strong></span> <span class='ocrx_word' id='word_1_818' title='bbox 3247 4381 3548 4436; x_wconf 89' lang='lat' dir='ltr'><strong>oratio&#39;non</strong></span> 
     </span>
    </p>
   </div>
   <div class='ocr_carea' id='block_1_108' title="bbox 1971 4457 3547 4540">
    <p class='ocr_par' dir='ltr' id='par_1_108' title="bbox 1971 4457 3547 4540">
     <span class='ocr_line' id='line_1_108' title="bbox 1971 4457 3547 4540; baseline 0.008 -26"><span class='ocrx_word' id='word_1_819' title='bbox 1971 4457 2176 4514; x_wconf 87' lang='lat' dir='ltr'><strong>dicatur</strong></span> <span class='ocrx_word' id='word_1_820' title='bbox 2224 4477 2238 4514; x_wconf 91' lang='lat'><strong>:</strong></span> <span class='ocrx_word' id='word_1_821' title='bbox 2281 4461 2351 4516; x_wconf 90' lang='lat' dir='ltr'><strong>ita</strong></span> <span class='ocrx_word' id='word_1_822' title='bbox 2393 4462 2596 4516; x_wconf 91' lang='lat' dir='ltr'><strong>nullum</strong></span> <span class='ocrx_word' id='word_1_823' title='bbox 2637 4472 2720 4517; x_wconf 90' lang='lat' dir='ltr'><strong>est</strong></span> <span class='ocrx_word' id='word_1_824' title='bbox 2754 4466 3114 4534; x_wconf 90' lang='lat' dir='ltr'><strong>quotidianum</strong></span> <span class='ocrx_word' id='word_1_825' title='bbox 3160 4468 3547 4540; x_wconf 88' lang='lat' dir='ltr'><strong>qualecumque</strong></span> 
     </span>
    </p>
   </div>
   <div class='ocr_carea' id='block_1_109' title="bbox 1969 4552 3531 4622">
    <p class='ocr_par' dir='ltr' id='par_1_109' title="bbox 1969 4552 3531 4622">
     <span class='ocr_line' id='line_1_109' title="bbox 1969 4552 3531 4622; baseline 0.007 -17"><span class='ocrx_word' id='word_1_826' title='bbox 1969 4560 2266 4620; x_wconf 89' lang='lat' dir='ltr'><strong>peccatum,</strong></span> <span class='ocrx_word' id='word_1_827' title='bbox 2295 4552 2433 4621; x_wconf 88' lang='lat' dir='ltr'><strong>quod</strong></span> <span class='ocrx_word' id='word_1_828' title='bbox 2459 4567 2556 4622; x_wconf 87' lang='lat' dir='ltr'><strong>per</strong></span> <span class='ocrx_word' id='word_1_829' title='bbox 2605 4553 2745 4606; x_wconf 89' lang='lat' dir='ltr'><strong>illam</strong></span> <span class='ocrx_word' id='word_1_830' title='bbox 2776 4570 2878 4608; x_wconf 92' lang='lat' dir='ltr'><strong>non</strong></span> <span class='ocrx_word' id='word_1_831' title='bbox 2909 4555 3222 4622; x_wconf 88' lang='lat' dir='ltr'><strong>dimittatur,</strong></span> <span class='ocrx_word' id='word_1_832' title='bbox 3254 4576 3377 4615; x_wconf 89' lang='lat' dir='ltr'><strong>cum</strong></span> <span class='ocrx_word' id='word_1_833' title='bbox 3417 4561 3531 4617; x_wconf 84' lang='lat' dir='ltr'><strong>dici-</strong></span> 
     </span>
    </p>
   </div>
   <div class='ocr_carea' id='block_1_110' title="bbox 1970 4641 3546 4723">
    <p class='ocr_par' dir='ltr' id='par_1_110' title="bbox 1970 4641 3546 4723">
     <span class='ocr_line' id='line_1_110' title="bbox 1970 4641 3546 4723; baseline 0.008 -28"><span class='ocrx_word' id='word_1_834' title='bbox 1970 4656 2111 4707; x_wconf 87' lang='lat' dir='ltr'><strong>mus,</strong></span> <span class='ocrx_word' id='word_1_835' title='bbox 2159 4641 2366 4695; x_wconf 83' lang='lat' dir='ltr'><strong>Dimitte</strong></span> <span class='ocrx_word' id='word_1_836' title='bbox 2401 4643 2543 4696; x_wconf 86' lang='lat' dir='ltr'><strong>uobis</strong></span> <span class='ocrx_word' id='word_1_837' title='bbox 2585 4643 2750 4696; x_wconf 82' lang='lat' dir='ltr'><strong>debita</strong></span> <span class='ocrx_word' id='word_1_838' title='bbox 2804 4654 3013 4708; x_wconf 84' lang='lat' dir='ltr'><strong>nostra;</strong></span> <span class='ocrx_word' id='word_1_839' title='bbox 3053 4647 3095 4701; x_wconf 89' lang='lat' dir='ltr'><strong>si</strong></span> <span class='ocrx_word' id='word_1_840' title='bbox 3127 4649 3266 4720; x_wconf 92' lang='lat' dir='ltr'><strong>quod</strong></span> <span class='ocrx_word' id='word_1_841' title='bbox 3310 4652 3546 4723; x_wconf 90' lang='lat' dir='ltr'><strong>sequitur</strong></span> 
     </span>
    </p>
   </div>
   <div class='ocr_carea' id='block_1_111' title="bbox 1971 4733 3540 4799">
    <p class='ocr_par' dir='ltr' id='par_1_111' title="bbox 1971 4733 3540 4799">
     <span class='ocr_line' id='line_1_111' title="bbox 1971 4733 3540 4799; baseline 0.006 -11"><span class='ocrx_word' id='word_1_842' title='bbox 1971 4733 2146 4789; x_wconf 87' lang='lat' dir='ltr'><strong>facere</strong></span> <span class='ocrx_word' id='word_1_843' title='bbox 2185 4748 2454 4799; x_wconf 90' lang='lat' dir='ltr'><strong>curemus,</strong></span> <span class='ocrx_word' id='word_1_844' title='bbox 2501 4735 2632 4787; x_wconf 83' lang='lat' dir='ltr'><strong>sicut</strong></span> <span class='ocrx_word' id='word_1_845' title='bbox 2678 4743 2728 4788; x_wconf 85' lang='lat' dir='ltr'><strong>et</strong></span> <span class='ocrx_word' id='word_1_846' title='bbox 2759 4751 2850 4789; x_wconf 90' lang='lat' dir='ltr'><strong>uos</strong></span> <span class='ocrx_word' id='word_1_847' title='bbox 2889 4736 3187 4794; x_wconf 85' lang='lat' dir='ltr'><strong>dimittimus</strong></span> <span class='ocrx_word' id='word_1_848' title='bbox 3235 4742 3540 4799; x_wconf 85' lang='lat' dir='ltr'><strong>debitoribus</strong></span> 
     </span>
    </p>
   </div>
   <div class='ocr_carea' id='block_1_112' title="bbox 1971 4811 3548 4899">
    <p class='ocr_par' dir='ltr' id='par_1_112' title="bbox 1971 4811 3548 4899">
     <span class='ocr_line' id='line_1_112' title="bbox 1971 4811 3548 4899; baseline 0.006 -19"><span class='ocrx_word' id='word_1_849' title='bbox 1971 4826 2156 4880; x_wconf 82' lang='lat' dir='ltr'><strong>nostris</strong></span> <span class='ocrx_word' id='word_1_850' title='bbox 2193 4825 2212 4898; x_wconf 94' lang='lat'>(</span> <span class='ocrx_word' id='word_1_851' title='bbox 2239 4824 2426 4880; x_wconf 75' lang='lat' dir='ltr'><strong>Matth.</strong></span> <span class='ocrx_word' id='word_1_852' title='bbox 2453 4839 2526 4890; x_wconf 74' lang='lat' dir='ltr'><strong>vr,</strong></span> <span class='ocrx_word' id='word_1_853' title='bbox 2559 4825 2689 4896; x_wconf 72' lang='grc'><strong>12).</strong></span> <span class='ocrx_word' id='word_1_854' title='bbox 2715 4825 2830 4882; x_wconf 84' lang='grc' dir='ltr'><strong>Νοη</strong></span> <span class='ocrx_word' id='word_1_855' title='bbox 2876 4829 3015 4883; x_wconf 90' lang='lat' dir='ltr'><strong>enim</strong></span> <span class='ocrx_word' id='word_1_856' title='bbox 3057 4831 3133 4885; x_wconf 87' lang='lat' dir='ltr'><strong>ait</strong></span> <span class='ocrx_word' id='word_1_857' title='bbox 3159 4811 3548 4899; x_wconf 22' lang='lat' dir='ltr'><strong>Dominum-in-</strong></span> 
     </span>
    </p>
   </div>
   <div class='ocr_carea' id='block_1_113' title="bbox 1967 4917 3548 4989">
    <p class='ocr_par' dir='ltr' id='par_1_113' title="bbox 1967 4917 3548 4989">
     <span class='ocr_line' id='line_1_113' title="bbox 1967 4917 3548 4989; baseline 0.005 -17"><span class='ocrx_word' id='word_1_858' title='bbox 1967 4918 2176 4989; x_wconf 90' lang='lat' dir='ltr'><strong>quiunt,</strong></span> <span class='ocrx_word' id='word_1_859' title='bbox 2233 4917 2290 4972; x_wconf 89' lang='lat' dir='ltr'><strong>Si</strong></span> <span class='ocrx_word' id='word_1_860' title='bbox 2341 4917 2646 4972; x_wconf 86' lang='lat' dir='ltr'><strong>dimiseritis</strong></span> <span class='ocrx_word' id='word_1_861' title='bbox 2682 4928 2896 4988; x_wconf 88' lang='lat' dir='ltr'><strong>peccata</strong></span> <span class='ocrx_word' id='word_1_862' title='bbox 2948 4919 3269 4988; x_wconf 87' lang='lat' dir='ltr'><strong>hominibus,</strong></span> <span class='ocrx_word' id='word_1_863' title='bbox 3318 4923 3548 4981; x_wconf 89' lang='lat' dir='ltr'><strong>dimittet</strong></span> 
     </span>
    </p>
   </div>
   <div class='ocr_carea' id='block_1_114' title="bbox 1969 5007 3543 5083">
    <p class='ocr_par' dir='ltr' id='par_1_114' title="bbox 1969 5007 3543 5083">
     <span class='ocr_line' id='line_1_114' title="bbox 1969 5007 3543 5083; baseline 0.001 -19"><span class='ocrx_word' id='word_1_864' title='bbox 1969 5009 2120 5064; x_wconf 91' lang='lat' dir='ltr'><strong>vobis</strong></span> <span class='ocrx_word' id='word_1_865' title='bbox 2149 5007 2307 5063; x_wconf 87' lang='lat' dir='ltr'><strong>Pater</strong></span> <span class='ocrx_word' id='word_1_866' title='bbox 2328 5018 2504 5063; x_wconf 87' lang='lat' dir='ltr'><strong>vester</strong></span> <span class='ocrx_word' id='word_1_867' title='bbox 2530 5009 2836 5079; x_wconf 88' lang='lat' dir='ltr'><strong>quotidiana</strong></span> <span class='ocrx_word' id='word_1_868' title='bbox 2867 5025 3023 5080; x_wconf 87' lang='lat' dir='ltr'><strong>parva</strong></span> <span class='ocrx_word' id='word_1_869' title='bbox 3048 5019 3262 5080; x_wconf 87' lang='lat' dir='ltr'><strong>peccata</strong></span> <span class='ocrx_word' id='word_1_870' title='bbox 3290 5024 3462 5068; x_wconf 88' lang='lat' dir='ltr'><strong>vestra</strong></span> <span class='ocrx_word' id='word_1_871' title='bbox 3489 5017 3543 5083; x_wconf 87' lang='grc'><strong>¹;</strong></span> 
     </span>
    </p>
   </div>
   <div class='ocr_carea' id='block_1_115' title="bbox 1970 5094 3547 5179">
    <p class='ocr_par' dir='ltr' id='par_1_115' title="bbox 1970 5094 3547 5179">
     <span class='ocr_line' id='line_1_115' title="bbox 1970 5094 3547 5179; baseline 0.006 -23"><span class='ocrx_word' id='word_1_872' title='bbox 1970 5099 2086 5167; x_wconf 82' lang='lat' dir='ltr'><strong>sed,</strong></span> <span class='ocrx_word' id='word_1_873' title='bbox 2114 5101 2328 5156; x_wconf 82' lang='lat' dir='ltr'><strong>dimittet</strong></span> <span class='ocrx_word' id='word_1_874' title='bbox 2366 5103 2524 5168; x_wconf 82' lang='lat' dir='ltr'><strong>vobis,</strong></span> <span class='ocrx_word' id='word_1_875' title='bbox 2556 5103 2743 5172; x_wconf 90' lang='lat' dir='ltr'><strong>inquit,</strong></span> <span class='ocrx_word' id='word_1_876' title='bbox 2767 5115 2971 5174; x_wconf 87' lang='lat' dir='ltr'><strong>peccata</strong></span> <span class='ocrx_word' id='word_1_877' title='bbox 2999 5114 3160 5158; x_wconf 83' lang='lat' dir='ltr'><strong>vestra</strong></span> <span class='ocrx_word' id='word_1_878' title='bbox 3185 5104 3384 5177; x_wconf 83' lang='lat' dir='ltr'><strong>(Ibid.,</strong></span> <span class='ocrx_word' id='word_1_879' title='bbox 3416 5094 3547 5179; x_wconf 59' lang='lat' dir='ltr'><strong>ibi.</strong></span> 
     </span>
    </p>
   </div>
   <div class='ocr_carea' id='block_1_116' title="bbox 1970 5187 3544 5266">
    <p class='ocr_par' dir='ltr' id='par_1_116' title="bbox 1970 5187 3544 5266">
     <span class='ocr_line' id='line_1_116' title="bbox 1970 5187 3544 5266; baseline 0.004 -18"><span class='ocrx_word' id='word_1_880' title='bbox 1970 5193 2384 5265; x_wconf 80' lang='lat' dir='ltr'><strong>Qualiacumque</strong></span> <span class='ocrx_word' id='word_1_881' title='bbox 2409 5209 2537 5266; x_wconf 79' lang='lat' dir='ltr'><strong>ergo</strong></span> <span class='ocrx_word' id='word_1_882' title='bbox 2580 5195 2662 5250; x_wconf 87' lang='lat' dir='ltr'><strong>vel</strong></span> <span class='ocrx_word' id='word_1_883' title='bbox 2697 5203 3119 5266; x_wconf 88' lang='lat' dir='ltr'><strong>quantacumque</strong></span> <span class='ocrx_word' id='word_1_884' title='bbox 3159 5197 3289 5265; x_wconf 90' lang='lat' dir='ltr'><strong>sint,</strong></span> <span class='ocrx_word' id='word_1_885' title='bbox 3333 5187 3544 5256; x_wconf 87' lang='lat' dir='ltr'><strong>etiamsi</strong></span> 
     </span>
    </p>
   </div>
   <div class='ocr_carea' id='block_1_117' title="bbox 1971 5286 3542 5358">
    <p class='ocr_par' dir='ltr' id='par_1_117' title="bbox 1971 5286 3542 5358">
     <span class='ocr_line' id='line_1_117' title="bbox 1971 5286 3542 5358; baseline 0.006 -19"><span class='ocrx_word' id='word_1_886' title='bbox 1971 5286 2206 5356; x_wconf 89' lang='lat' dir='ltr'><strong>quotidie</strong></span> <span class='ocrx_word' id='word_1_887' title='bbox 2233 5294 2642 5358; x_wconf 75' lang='lat' dir='ltr'><strong>perpetrantur,&quot;</strong></span> <span class='ocrx_word' id='word_1_888' title='bbox 2663 5296 2763 5343; x_wconf 81' lang='lat' dir='ltr'><strong>nec</strong></span> <span class='ocrx_word' id='word_1_889' title='bbox 2796 5286 2865 5341; x_wconf 88' lang='lat' dir='ltr'><strong>ab</strong></span> <span class='ocrx_word' id='word_1_890' title='bbox 2893 5288 2970 5343; x_wconf 92' lang='lat' dir='ltr'><strong>eis</strong></span> <span class='ocrx_word' id='word_1_891' title='bbox 2996 5290 3099 5344; x_wconf 87' lang='lat' dir='ltr'><strong>vita</strong></span> <span class='ocrx_word' id='word_1_892' title='bbox 3141 5289 3419 5346; x_wconf 89' lang='lat' dir='ltr'><strong>discedant</strong></span> <span class='ocrx_word' id='word_1_893' title='bbox 3443 5294 3461 5325; x_wconf 85' lang='grc'>²</span> <span class='ocrx_word' id='word_1_894' title='bbox 3493 5295 3542 5348; x_wconf 93' lang='lat' dir='ltr'><strong>in</strong></span> 
     </span>
    </p>
   </div>
   <div class='ocr_carea' id='block_1_118' title="bbox 1969 5379 3541 5453">
    <p class='ocr_par' dir='ltr' id='par_1_118' title="bbox 1969 5379 3541 5453">
     <span class='ocr_line' id='line_1_118' title="bbox 1969 5379 3541 5453; baseline 0.006 -19"><span class='ocrx_word' id='word_1_895' title='bbox 1969 5379 2161 5435; x_wconf 89' lang='lat' dir='ltr'><strong>melius</strong></span> <span class='ocrx_word' id='word_1_896' title='bbox 2181 5390 2523 5445; x_wconf 84' lang='lat' dir='ltr'><strong>commutata,</strong></span> <span class='ocrx_word' id='word_1_897' title='bbox 2556 5393 2651 5448; x_wconf 89' lang='lat' dir='ltr'><strong>per</strong></span> <span class='ocrx_word' id='word_1_898' title='bbox 2677 5379 3066 5453; x_wconf 86' lang='lat' dir='ltr'><strong>elecmosynam</strong></span> <span class='ocrx_word' id='word_1_899' title='bbox 3096 5383 3265 5438; x_wconf 71' lang='lat' dir='ltr'><strong>venia:</strong></span> <span class='ocrx_word' id='word_1_900' title='bbox 3310 5401 3416 5440; x_wconf 93' lang='lat' dir='ltr'><strong>non</strong></span> <span class='ocrx_word' id='word_1_901' title='bbox 3445 5404 3541 5444; x_wconf 86' lang='lat' dir='ltr'><strong>ne-</strong></span> 
     </span>
    </p>
   </div>
   <div class='ocr_carea' id='block_1_119' title="bbox 1969 5465 3164 5541">
    <p class='ocr_par' dir='ltr' id='par_1_119' title="bbox 1969 5465 3164 5541">
     <span class='ocr_line' id='line_1_119' title="bbox 1969 5465 3164 5541; baseline 0.001 -17"><span class='ocrx_word' id='word_1_902' title='bbox 1969 5478 2106 5541; x_wconf 75' lang='lat' dir='ltr'><strong>gata:</strong></span> <span class='ocrx_word' id='word_1_903' title='bbox 2133 5469 2356 5524; x_wconf 89' lang='lat' dir='ltr'><strong>remittit</strong></span> <span class='ocrx_word' id='word_1_904' title='bbox 2384 5469 2483 5524; x_wconf 91' lang='lat' dir='ltr'><strong>sibi</strong></span> <span class='ocrx_word' id='word_1_905' title='bbox 2512 5483 2671 5538; x_wconf 88' lang='lat' dir='ltr'><strong>posse</strong></span> <span class='ocrx_word' id='word_1_906' title='bbox 2701 5479 3048 5539; x_wconf 59' lang='lat' dir='ltr'><strong>praesumunt.</strong></span> <span class='ocrx_word' id='word_1_907' title='bbox 3161 5465 3164 5468; x_wconf 71' lang='grc'><strong>’</strong></span> 
     </span>
    </p>
   </div>
   <div class='ocr_carea' id='block_1_120' title="bbox 2037 5579 3145 5664">
    <p class='ocr_par' dir='ltr' id='par_1_120' title="bbox 2037 5579 3145 5664">
     <span class='ocr_line' id='line_1_120' title="bbox 2037 5579 3145 5664; baseline 0.001 -12"><span class='ocrx_word' id='word_1_908' title='bbox 2037 5599 2055 5636; x_wconf 72' lang='grc'><strong><em>⁸</em></strong></span> <span class='ocrx_word' id='word_1_909' title='bbox 2090 5605 2251 5664; x_wconf 82' lang='lat' dir='ltr'><strong>Abest,</strong></span> <span class='ocrx_word' id='word_1_910' title='bbox 2267 5579 2445 5664; x_wconf 65' lang='lat' dir='ltr'><strong>uestra,</strong></span> <span class='ocrx_word' id='word_1_911' title='bbox 2468 5602 2518 5650; x_wconf 91' lang='lat' dir='ltr'><strong>in</strong></span> <span class='ocrx_word' id='word_1_912' title='bbox 2540 5601 2781 5651; x_wconf 87' lang='lat' dir='ltr'><strong>codicibus</strong></span> <span class='ocrx_word' id='word_1_913' title='bbox 2800 5603 2991 5652; x_wconf 88' lang='lat' dir='ltr'><strong>nostris.</strong></span> <span class='ocrx_word' id='word_1_914' title='bbox 3090 5609 3145 5654; x_wconf 76' lang='grc' dir='ltr'><strong>Μ.</strong></span> 
     </span>
    </p>
   </div>
   <div class='ocr_carea' id='block_1_121' title="bbox 2037 5663 3546 5733">
    <p class='ocr_par' dir='ltr' id='par_1_121' title="bbox 2037 5663 3546 5733">
     <span class='ocr_line' id='line_1_121' title="bbox 2037 5663 3546 5733; baseline 0.005 -20"><span class='ocrx_word' id='word_1_915' title='bbox 2037 5668 2058 5698; x_wconf 61' lang='grc' dir='ltr'>θ</span> <span class='ocrx_word' id='word_1_916' title='bbox 2089 5668 2164 5714; x_wconf 86' lang='lat' dir='ltr'><strong>Sic</strong></span> <span class='ocrx_word' id='word_1_917' title='bbox 2185 5663 2401 5714; x_wconf 88' lang='lat' dir='ltr'><strong>melioris</strong></span> <span class='ocrx_word' id='word_1_918' title='bbox 2420 5669 2545 5733; x_wconf 71' lang='lat' dir='ltr'><strong>nota:</strong></span> <span class='ocrx_word' id='word_1_919' title='bbox 2567 5671 2674 5712; x_wconf 79' lang='lat' dir='ltr'><strong>Mss.</strong></span> <span class='ocrx_word' id='word_1_920' title='bbox 2703 5669 2756 5733; x_wconf 70' lang='lat' dir='ltr'><strong>at</strong></span> <span class='ocrx_word' id='word_1_921' title='bbox 2773 5664 2908 5733; x_wconf 81' lang='lat' dir='ltr'><strong>editi,</strong></span> <span class='ocrx_word' id='word_1_922' title='bbox 2933 5665 3148 5717; x_wconf 71' lang='lat' dir='ltr'><strong>discedat</strong></span> <span class='ocrx_word' id='word_1_923' title='bbox 3173 5678 3192 5717; x_wconf 89' lang='lat'><strong><em>:</em></strong></span> <span class='ocrx_word' id='word_1_924' title='bbox 3216 5673 3270 5718; x_wconf 90' lang='lat' dir='ltr'><strong>et</strong></span> <span class='ocrx_word' id='word_1_925' title='bbox 3290 5667 3430 5729; x_wconf 85' lang='lat' dir='ltr'><strong>infra,</strong></span> <span class='ocrx_word' id='word_1_926' title='bbox 3457 5683 3546 5733; x_wconf 87' lang='lat' dir='ltr'><strong>per</strong></span> 
     </span>
    </p>
   </div>
   <div class='ocr_carea' id='block_1_122' title="bbox 1969 5729 2913 5790">
    <p class='ocr_par' dir='ltr' id='par_1_122' title="bbox 1969 5729 2913 5790">
     <span class='ocr_line' id='line_1_122' title="bbox 1969 5729 2913 5790; baseline -0.005 -11"><span class='ocrx_word' id='word_1_927' title='bbox 1969 5729 2316 5790; x_wconf 70' lang='lat' dir='ltr'><strong>eleemosynum</strong></span> <span class='ocrx_word' id='word_1_928' title='bbox 2335 5729 2472 5775; x_wconf 85' lang='lat' dir='ltr'><strong>venia</strong></span> <span class='ocrx_word' id='word_1_929' title='bbox 2491 5737 2584 5776; x_wconf 86' lang='lat' dir='ltr'><strong>non</strong></span> <span class='ocrx_word' id='word_1_930' title='bbox 2605 5730 2794 5790; x_wconf 82' lang='lat' dir='ltr'><strong>negata,</strong></span> <span class='ocrx_word' id='word_1_931' title='bbox 2817 5731 2913 5775; x_wconf 89' lang='lat' dir='ltr'><strong>etc.</strong></span> 
     </span>
    </p>
   </div>
   <div class='ocr_carea' id='block_1_123' title="bbox 2037 5787 3545 5851">
    <p class='ocr_par' dir='ltr' id='par_1_123' title="bbox 2037 5787 3545 5851">
     <span class='ocr_line' id='line_1_123' title="bbox 2037 5787 3545 5851; baseline 0.003 -13"><span class='ocrx_word' id='word_1_932' title='bbox 2037 5792 2108 5851; x_wconf 78' lang='lat' dir='ltr'><strong>(tt)</strong></span> <span class='ocrx_word' id='word_1_933' title='bbox 2143 5787 2271 5851; x_wconf 64' lang='lat' dir='ltr'><strong>conf.</strong></span> <span class='ocrx_word' id='word_1_934' title='bbox 2299 5787 2469 5851; x_wconf 76' lang='lat' dir='ltr'><strong>hb._de</strong></span> <span class='ocrx_word' id='word_1_935' title='bbox 2493 5795 2606 5836; x_wconf 77' lang='lat' dir='ltr'><strong>Mor.</strong></span> <span class='ocrx_word' id='word_1_936' title='bbox 2837 5788 3038 5849; x_wconf 77' lang='lat' dir='ltr'><strong>(:atltol.,</strong></span> <span class='ocrx_word' id='word_1_937' title='bbox 3083 5803 3134 5839; x_wconf 72' lang='grc' dir='ltr'><strong>ιι.</strong></span> <span class='ocrx_word' id='word_1_938' title='bbox 3159 5789 3222 5839; x_wconf 78' lang='grc'><strong>63</strong></span> <span class='ocrx_word' id='word_1_939' title='bbox 3243 5825 3259 5850; x_wconf 94' lang='lat'><strong>,</strong></span> <span class='ocrx_word' id='word_1_940' title='bbox 3296 5799 3348 5842; x_wconf 88' lang='lat' dir='ltr'><strong>et</strong></span> <span class='ocrx_word' id='word_1_941' title='bbox 3369 5789 3454 5841; x_wconf 83' lang='lat' dir='ltr'><strong>lib.</strong></span> <span class='ocrx_word' id='word_1_942' title='bbox 3478 5791 3545 5842; x_wconf 84' lang='lat' dir='ltr'><strong>do</strong></span> 
     </span>
    </p>
   </div>
   <div class='ocr_carea' id='block_1_124' title="bbox 1979 5848 2670 5911">
    <p class='ocr_par' dir='ltr' id='par_1_124' title="bbox 1979 5848 2670 5911">
     <span class='ocr_line' id='line_1_124' title="bbox 1979 5848 2670 5911; baseline -0.006 -11"><span class='ocrx_word' id='word_1_943' title='bbox 1979 5848 2098 5900; x_wconf 65' lang='lat' dir='ltr'><strong>Ver.</strong></span> <span class='ocrx_word' id='word_1_944' title='bbox 2116 5850 2287 5911; x_wconf 78' lang='lat' dir='ltr'><strong>ltelig.,</strong></span> <span class='ocrx_word' id='word_1_945' title='bbox 2313 5864 2362 5898; x_wconf 64' lang='grc' dir='ltr'><strong>ιγ,</strong></span> <span class='ocrx_word' id='word_1_946' title='bbox 2381 5848 2444 5897; x_wconf 84' lang='grc'><strong>86</strong></span> <span class='ocrx_word' id='word_1_947' title='bbox 2467 5856 2513 5897; x_wconf 82' lang='lat' dir='ltr'><strong>ct</strong></span> <span class='ocrx_word' id='word_1_948' title='bbox 2531 5862 2670 5911; x_wconf 71' lang='lat' dir='ltr'><strong>soqq.</strong></span> 
     </span>
    </p>
   </div>
   <div class='ocr_carea' id='block_1_125' title="bbox 2787 5933 3344 6015">
    <p class='ocr_par' dir='ltr' id='par_1_125' title="bbox 2787 5933 3344 6015">
     <span class='ocr_line' id='line_1_125' title="bbox 2787 5933 3344 6015; baseline -0.005 -18"><span class='ocrx_word' id='word_1_949' title='bbox 2787 5933 3344 6015; x_wconf 54' lang='grc' dir='ltr'><strong>(νέηαι-ρεισκε.)</strong></span> 
     </span>
    </p>
   </div>
  </div>
