4078 6482
425 455 439 465 ί
552 364 654 450 747

622 513 678 570 8.
709 510 819 569 Sed
863 507 1019 574 bene,
1048 503 1190 582 quod
1231 503 1319 562 isti
1366 504 1552 574 dignas
1593 517 1692 572 pro
1725 498 1956 571 peccatis
1978 511 2130 554 como

557 615 775 662 monent
791 603 1160 671 eleetnosynas
1187 611 1311 655 esse
1351 594 1622 655 faciendas
1653 611 1666 647 :
1691 592 1944 663 quoniam
1977 589 2024 645 si
2047 589 2132 646 di-

556 704 740 757 cerent
793 690 1206 762 qualescumque
1237 691 1606 756 cleenmsynas
1669 697 1766 752 pro
1806 678 2038 751 peccatis
2081 684 2138 733 et

556 782 874 857 quotidianis
912 789 967 835 et
1024 779 1231 851 tnagnis
1296 786 1352 833 et
1401 782 1822 846 quantacumque
1872 768 2136 826 scelerum

557 873 938 933 t-misnetuiline
955 871 1373 928 misericordiam
1402 881 1558 938 posse
1578 866 1863 936 impetrare
1882 861 2135 925 divinam,

505 971 509 974 ’
559 981 615 1023 nt
634 985 694 1024 ea
723 965 1026 1038 quotidiana
1047 963 1288 1020 remissio
1314 967 1640 1030 sequeretur,
1668 955 1909 1011 viderent
1935 968 2049 1010 rem
2073 967 2136 1008 se

557 1060 736 1115 dicere
761 1056 1042 1112 absurdam
1071 1063 1227 1126 atque
1265 1052 1562 1108 ridiculam.
1598 1049 1686 1105 Sic
1718 1047 1860 1104 enim
1885 1059 2140 1116 cogeren-

505 1163 508 1166 '
561 1160 644 1204 tnr
683 1147 833 1204 fateri
868 1147 1173 1216 fieriposse.
1201 1153 1261 1200 ut
1301 1141 1734 1214 epulentissimus
1761 1139 1921 1193 homo
1949 1137 2140 1192 decem

563 1239 852 1294 tittmmulis
907 1237 1111 1291 diurnis
1169 1235 1221 1292 in
1266 1229 1928 1312 elvemosynasimpcnsis.
1966 1226 2142 1282 homi-

564 1331 723 1394 cidia,
745 1340 800 1385 et
826 1327 1104 1390 adulteria,
1127 1333 1182 1382 et
1201 1325 1398 1381 nefaria
1415 1339 1636 1393 qumque
1665 1322 1798 1392 facta
1830 1319 2139 1382 redimeret.

563 1423 718 1492 Quod
762 1421 808 1477 si
849 1419 1286 1475 absurdissimum
1314 1427 1363 1472 et
1397 1414 1792 1470 insanissimum
1819 1421 1902 1467 est
1926 1411 2141 1466 dicere:

566 1515 806 1585 profecto
834 1513 877 1567 si
920 1519 1348 1584 quaeratur,qu:e
1385 1509 1558 1572 digna:
1599 1506 1703 1560 sint
1753 1519 1848 1574 pro
1902 1503 2137 1574 peccatis

565 1608 952 1678 elcemosynte,
975 1601 1044 1659 de
1071 1601 1261 1672 quibus
1310 1600 1468 1654 etiam
1495 1597 1684 1653 Christi
1733 1610 2028 1666 prmcursor
2057 1595 2146 1650 ille

566 1695 795 1761 dicebat,
826 1691 999 1748 Facite
1024 1708 1140 1763 ergo
1164 1696 1360 1764 [ructus
1381 1691 1557 1760 dignos
1586 1688 1884 1758 paenitentia:
1926 1685 2143 1756 (Matth.

567 1802 645 1854 nt,
668 1787 739 1858 8)
763 1803 778 1849 ;
806 1784 989 1856 procul
1021 1782 1183 1839 dubio
1206 1799 1312 1838 non
1345 1781 1683 1836 invenientur
1703 1795 1792 1834 cas
1813 1779 2008 1847 facere,
2056 1780 2144 1850 qui

567 1877 729 1930 vitam
754 1890 902 1931 suam
951 1888 1119 1942 usque
1160 1870 1226 1926 ad
1253 1879 1476 1926 mortem
1501 1869 1924 1940 quotidianorum
1969 1869 2148 1926 crimi-

511 1984 518 1992 ’
569 1981 694 2021 num
721 1964 1116 2036 perpetratione
1142 1961 1451 2017 confodiunt
1466 1961 1560 2033 (α).
1577 1960 2148 2030 Primnm,qniaiuau-

503 2060 524 2070 ’³
574 2056 810 2114 ferendis
837 2055 996 2110 rebus
1041 2054 1231 2110 alienis
1273 2052 1431 2124 longe
1453 2053 1604 2124 plura
1633 2052 1908 2122 diripiunt,
1937 2068 2003 2107 ex
2027 2051 2147 2122 qui-

566 2146 670 2200 bus
695 2146 977 2217 perexigua
1010 2143 1330 2217 pauperibus
1355 2142 1659 2213 largiendo,
1685 2142 1950 2197 Christum
1984 2153 2045 2196 se
2079 2139 2148 2196 ad

569 2237 670 2292 hoc
695 2252 911 2306 pascere
931 2235 1262 2299 existimant,
1283 2242 1341 2288 ut
1361 2233 1644 2288 licentiam
1665 2231 2060 2288 malefactorem
2080 2231 2150 2286 ab

571 2329 666 2385 illo
705 2341 768 2384 se
791 2328 1010 2393 emis»,
1042 2325 1126 2381 vel
1149 2323 1385 2396 quotidie
1432 2322 1606 2394 potius
1633 2337 1812 2378 emere
1847 2321 2147 2390 credentes,

521 2461 523 2469 ί
569 2419 743 2474 securi
783 2417 1098 2474 damnabilia
1139 2425 1284 2472 tanta
1323 2413 1678 2470 committant.
1699 2411 1802 2482 Qui
1827 2413 1872 2468 si
1921 2428 2016 2483 pro
2044 2427 2150 2468 uno

570 2509 776 2564 scelere
816 2507 995 2561 omnia
1034 2519 1128 2560 sua
1175 2504 1554 2560 distribuerent
1597 2500 1958 2571 indigentibus
1983 2516 2152 2556 mem-

519 2645 525 2650 .
570 2600 683 2656 bris
703 2597 929 2661 Christi,
957 2598 1058 2652 nisi
1080 2597 1399 2653 desisterent
1421 2611 1455 2652 a
1499 2594 1688 2650 talibus
1707 2593 1878 2659 factis,
1906 2593 2151 2650 habendo

562 2692 904 2753 citaritatem.
935 2705 1056 2761 qua:
1083 2705 1191 2744 non
1232 2696 1341 2759 agtt
1358 2701 1641 2760 perperam
1667 2687 1726 2758 (l
1749 2684 1872 2744 Cor.
1899 2703 2018 2752 χιιι.
2049 2686 2148 2760 ι).

573 2781 772 2851 aliquid
799 2782 880 2836 eis
923 2780 1183 2850 prodesse
1209 2793 1314 2834 non
1337 2787 1538 2849 posset.
1563 2777 1663 2845 Qui
1687 2793 1818 2848 ergo
1841 2777 2028 2848 dignas
2055 2791 2151 2846 pro

572 2871 686 2926 suis
707 2871 936 2940 peccatis
961 2869 1325 2941 cleemosynas
1342 2867 1485 2931 facit,
1515 2869 1663 2938 prius
1685 2882 1779 2924 eas
1811 2867 1987 2924 facere
2015 2868 2150 2924 inci-

574 2964 720 3034 piat‘
751 2978 781 3017 a
811 2978 874 3017 se
900 2962 1034 3032 ipso.
1078 2959 1352 3032 Indignum
1375 2969 1460 3017 est
1495 2961 1659 3028 enim,
1687 2960 1819 3016 utin
1846 2975 1905 3016 se
1934 2975 2037 3016 non
2067 2959 2149 3016 fa-

533 3111 538 3114 _
575 3054 680 3122 eiat
707 3053 797 3123 qui
826 3050 951 3117 facit
975 3051 1032 3107 in
1062 3051 1380 3121 proximum,
1400 3065 1520 3106 cum
1543 3048 1722 3106 audiat
1745 3051 2010 3107 dicentem
2039 3051 2146 3106 Do-

572 3149 776 3200 minuto
801 3185 818 3210 ,
867 3141 1063 3214 Diliges
1111 3141 1396 3210 proximam
1432 3150 1572 3196 tuum
1618 3151 1856 3212 tauquam
1893 3151 1942 3196 te
1985 3141 2152 3213 ipsum

576 3235 804 3310 (Matth.
854 3251 984 3300 ssu,
1035 3233 1164 3305 59).
1208 3233 1445 3304 Itemque
1479 3231 1696 3298 audiat,
1755 3231 1996 3288 maerere
2051 3242 2153 3288 tua

579 3330 764 3384 enim
785 3329 988 3398 placens
1012 3326 1120 3384 Dea
1147 3327 1166 3385 f
1176 3325 1339 3381 Ereti.
1361 3341 1489 3392 nx,
1513 3325 1585 3380 ει
1604 3322 1647 3396 ).
1673 3325 1822 3382 lianc
1845 3327 2149 3400 eleemosy-

581 3434 730 3488 nam,
761 3417 811 3474 id
840 3427 943 3480 est.
977 3425 1036 3473 ut
1059 3417 1170 3473 Deo
1198 3417 1422 3487 placeat,
1449 3431 1554 3472 non
1583 3415 1780 3472 faciens
1800 3417 1994 3485 anima
2015 3430 2146 3485 sure,

538 3571 542 3576 ,
574 3509 845 3578 quomoda
861 3508 1047 3580 dignas
1072 3522 1171 3580 pro
1199 3507 1429 3578 peccatis
1448 3508 1560 3563 suis
1576 3507 1945 3581 eleemosynas
1969 3509 2149 3568 facere

573 3599 834 3658 dicendus
868 3601 999 3655 est?
1036 3598 1118 3655 Ad
1160 3598 1263 3654 hoc
1299 3598 1442 3654 enim
1482 3607 1540 3654 ct
1566 3596 1692 3654 illud
1718 3599 1972 3670 scriptum
2023 3609 2105 3656 est
2133 3618 2149 3656 :

577 3691 677 3758 Qui
705 3691 800 3747 sibi
837 3691 1086 3762 malignus
1118 3699 1210 3754 est,
1257 3689 1342 3744 cui
1389 3687 1547 3744 bona
1581 3688 1676 3744 erit
1723 3686 1849 3759 (Id.
1891 3705 2001 3756 xiv,
2047 3691 2152 3762 δν

573 3781 855 3836 Orationes
905 3779 1102 3850 quippe
1145 3778 1398 3849 adjuvant
1438 3776 1815 3850 eleemosynat.
1856 3777 1926 3834 Et
1970 3778 2152 3849 utique

576 3870 884 3928 intuendum
908 3881 991 3926 est
1027 3868 1166 3940 quod
1196 3868 1423 3939 legimus
1449 3884 1462 3921 :
1497 3865 1625 3934 Fili,
1653 3869 1888 3939 peccasti,
1928 3885 1992 3923 ae
2017 3869 2152 3940 adii.

575 3963 680 4016 cius
710 3963 910 4026 iterant,
934 3969 985 4016 et
1018 3959 1081 4016 de
1106 3959 1373 4032 prieteritis
1390 3958 1678 4027 deprecare,
1703 3969 1758 4013 ut
1783 3960 1871 4014 tibi
1893 3959 2153 4014 dimittan-

579 4066 659 4108 tnr
701 4053 828 4124 (Id.
868 4069 978 4118 ut,
1018 4052 1046 4108 ι
1069 4049 1112 4122 ).
1157 4051 1379 4122 Propter
1422 4048 1524 4105 hoc
1545 4065 1674 4120 ergo
1699 4049 2149 4120 eleemosynzeia-

551 4129 780 4210 ciente
821 4153 964 4210 sum,
985 4151 1042 4198 ut
1064 4158 1186 4198 cum
1227 4142 1296 4198 de
1321 4141 1605 4212 prmteritis
1632 4141 1864 4210 peccatis
1891 4141 2152 4212 depreca-

580 4246 722 4301 mur,
748 4233 1112 4296 esaudiamur.
1138 4247 1242 4286 non
1269 4241 1326 4286 ut
1359 4231 1412 4286 in
1433 4229 1512 4284 eis
1536 4238 1962 4299 perseverantes,
1981 4230 2152 4287 licen-

578 4325 706 4380 tiam
748 4321 1112 4380 malefaciendi
1150 4335 1248 4377 nos
1287 4337 1383 4394 per
1437 4322 1804 4392 eleemosynas
1843 4335 2155 4392 comparare

562 4413 878 4470 credamus.
1357 4451 1359 4454 ‹

651 4505 704 4558 5.
741 4503 863 4558 Ideo
886 4507 1062 4558 autem
1094 4499 1348 4554 Dominus
1371 4509 1428 4554 et
1451 4497 1662 4554 dextris
1685 4499 2059 4573 eleemosynas
2084 4501 2154 4560 ab

567 4599 660 4668 eis
683 4598 864 4660 factas,
892 4604 948 4651 et
973 4595 1206 4650 sinistris
1232 4609 1337 4650 non
1363 4595 1531 4650 factas
1551 4609 1609 4649 se
1639 4595 2154 4665 impntaturumesse

571 4687 844 4760 praedixit,
872 4695 928 4741 ut
948 4685 1071 4741 hinc
1089 4685 1398 4741 ostenderet
1417 4700 1676 4755 quantum
1698 4686 1908 4743 valeant
1925 4687 2152 4744 elocuto-

581 4793 727 4851 syria!
753 4777 819 4832 ad
870 4777 1044 4848 priora
1090 4774 1312 4831 delenda
1336 4815 1354 4840 ,
1383 4791 1488 4829 non
1526 4770 1594 4830 ad
1641 4784 1899 4845 perpetua
1931 4775 2154 4846 impune

579 4867 960 4924 committenda
989 4874 1224 4936 peccata.
1256 4863 1416 4921 Tales
1436 4873 1614 4921 autem
1647 4865 2020 4938 eleemosynas
2045 4883 2153 4922 non

583 4959 794 5015 dicendi
821 4969 945 5013 sunt
969 4956 1146 5012 facere
1169 4955 1258 5025 qni
1284 4955 1442 5008 vitam
1472 4954 1658 5009 uolunt
1699 4969 1732 5009 a
1769 4955 2154 5012 consuetudine

583 5049 927 5106 scelernmin
954 5047 1147 5102 melius
1174 5055 1526 5100 commutare.
1565 5043 1698 5109 Quia
1726 5044 1856 5100 etin
1882 5043 1986 5100 hoc
2009 5046 2152 5118 quod

582 5144 679 5205 ait,
707 5139 924 5208 Qmmdo
951 5138 1040 5209 nni
1083 5154 1147 5200 ea:
1194 5137 1413 5192 minimis
1461 5135 1589 5191 sucis
1631 5150 1730 5190 non
1772 5129 1958 5204 fecistis
1985 5177 2002 5203 ,
2031 5136 2156 5192 nubi

588 5251 686 5286 non
730 5233 917 5304 fecistis
976 5227 1205 5296 (Matth.
1234 5242 1337 5282 xxv
1363 5265 1381 5293 ,
1424 5225 1496 5282 45
1527 5224 1546 5296 )
1585 5243 1600 5288 ς
1644 5226 1880 5282 ostendit
1909 5241 2005 5284 eos
2047 5243 2154 5284 non

587 5327 762 5381 facere
807 5325 966 5378 etiam
1020 5321 1233 5392 quando
1261 5334 1327 5382 se
1353 5317 1526 5376 facere
1567 5317 1894 5373 existimant.
1919 5317 1975 5374 Si
2009 5319 2152 5376 enim

584 5415 894 5470 Christiano
947 5411 1202 5469 esurienti
1264 5425 1456 5481 panem
1505 5419 1755 5478 tanquam
1799 5408 2152 5466 Christiano!

588 5510 776 5563 darent
804 5548 820 5573 ,
857 5504 1092 5577 profecta
1141 5503 1240 5560 sibi
1292 5517 1489 5574 panem
1541 5500 1802 5571 justitite,
1851 5501 1994 5573 quod
2040 5502 2154 5576 ipse

647 5667 662 5696 θ
699 5661 865 5710 Plures
885 5669 1011 5718 ιρις..
1030 5659 1218 5720 incipit.

646 5727 666 5757 '
698 5726 770 5779 sic
794 5737 964 5772 (mutes
982 5717 1083 5772 Μαι.
1111 5717 1382 5778 liti'tt’i'voro,
1407 5724 1636 5778 tanquam
1670 5717 1874 5770 (brato.

492 5796 498 5807 '
589 5805 592 5808 ~
643 5787 716 5843 (ivi
749 5786 880 5835 t‘smf.
912 5784 995 5833 lib.
1021 5784 1212 5834 23mm
1247 5788 1386 5834 Fallat
1429 5779 1646 5845 ttauiﬂn,
1677 5793 1782 5844 cap.
1806 5781 1885 5830 Ξ).

1597 383 1684 440 οε
1719 378 2054 439 ΒΙΥΥΙἊΤΒ
2090 377 2231 446 om,
2267 379 2328 434 8.
2367 379 2731 440 AUGUSTINI

2235 495 2484 555 Christus
2521 510 2606 557 est
2631 542 2648 570 ,
2699 516 2808 559 non
2841 488 3105 575 negarent
3143 521 3159 560 :
3200 487 3462 586 quoniam
3507 497 3671 579 Deus,
3695 502 3808 568 ea

2235 591 2323 647 eui
2349 591 2538 660 detur,
2579 593 2678 649 sed
2706 609 2815 666 quo
2839 598 3026 652 animo
3048 597 3206 654 detur
3232 639 3250 666 ,
3281 602 3529 659 attendit.
3548 603 3652 674 Qui
3677 619 3810 678 ergo

2236 681 2509 738 Christum
2534 683 2708 754 diligit
2732 686 2786 740 in
2813 684 3122 744 Christiano
3143 728 3160 753 ,
3191 691 3294 747 hoc
3312 693 3562 750 animeei
3584 695 3812 769 porrigit

2239 774 2633 850 eieemusynam
2653 795 2764 851 quo
2784 781 2989 838 accedit
3013 781 3081 839 ad
3103 783 3376 841 Christum
3397 827 3414 854 ,
3442 802 3546 858 non
3567 803 3676 861 quo
3695 793 3814 849 vult

2241 866 2496 925 recedere
2536 870 2831 940 impunitus
2879 885 2912 928 a
2954 869 3187 929 Christo.
3229 874 3405 932 Tanto
3447 877 3592 934 enim
3639 883 3815 954 magis

2241 959 2466 1030 quisque
2491 960 2693 1016 deserit
2714 961 2989 1019 Christum
3011 1003 3027 1031 ,
3053 974 3254 1035 quanto
3279 967 3447 1039 magis
3470 967 3641 1040 diligit
3668 972 3809 1042 quod

2244 1049 2510 1120 improbat
2527 1051 2794 1108 Christus.
2823 1052 2955 1108 Nam
2985 1054 3112 1126 quid
3130 1056 3380 1130 cuiquam
3404 1059 3643 1129 prodest,
3665 1063 3812 1133 quod

2243 1138 2557 1211 baptizatur,
2580 1142 2627 1197 si
2654 1157 2760 1198 non
2783 1141 3136 1213 justilicatur?
3158 1146 3345 1205 Nonne
3367 1149 3458 1220 qui
3481 1150 3655 1217 dixit,
3696 1151 3818 1208 Nisi

2243 1231 2356 1300 quis
2395 1242 2598 1289 renatas
2631 1233 2786 1304 fuerit
2821 1251 2892 1290 ea:
2926 1251 3060 1308 aqua
3099 1246 3149 1291 et
3193 1237 3394 1310 Spiritu
3448 1241 3676 1309 Sancto,
3713 1259 3802 1297 nos

2245 1322 2451 1376 intrabit
2469 1324 2522 1377 in
2548 1339 2760 1395 regnum
2782 1324 2882 1382 Dei
2897 1326 3074 1397 (Joan.
3097 1343 3178 1397 Ill,
3206 1329 3305 1403 5);
3335 1331 3451 1402 ipse
3467 1327 3638 1389 etiam
3659 1333 3819 1402 dixit,

2249 1412 2371 1469 Nisi
2407 1415 2735 1471 abundaverit
2772 1419 2982 1491 justitia
3023 1434 3190 1477 uestra
3231 1440 3382 1496 super
3423 1423 3719 1482 Scribarum
3771 1437 3822 1482 et

2249 1503 2653 1575 Pharisaei-utut,
2671 1524 2774 1563 non
2787 1509 3037 1565 intrabitis
3055 1512 3111 1566 in
3129 1528 3338 1584 regnum
3349 1516 3588 1571 celerum
3603 1516 3820 1590 (Matth.

2247 1612 2282 1652 ν
2300 1635 2316 1663 ,
2341 1596 2416 1652 90
2439 1597 2458 1668 )
2482 1598 2506 1653 τ
2531 1595 2640 1654 Cur
2662 1598 2792 1654 illud
2820 1598 3057 1657 timendo
3085 1601 3237 1658 multi
3255 1615 3484 1660 currunt
3513 1605 3773 1678 baptizari
3797 1651 3818 1675 ,

2248 1699 2304 1745 et
2327 1688 2430 1745 hoc
2444 1705 2548 1747 non
2571 1691 2809 1748 timendo
2827 1707 2933 1748 non
2949 1695 3100 1751 multi
3115 1705 3308 1752 curant
3317 1697 3600 1766 justitlcari
3617 1700 3642 1754 τ
3666 1700 3826 1758 Sicut

2249 1795 2380 1852 ergo
2405 1795 2510 1836 non
2535 1781 2669 1836 dicit
2692 1782 2841 1838 fratri
2865 1797 2966 1840 suo
2987 1821 3005 1850 ,
3037 1783 3204 1841 Fatue
3225 1823 3245 1853 ,
3268 1788 3358 1857 qui
3383 1803 3504 1843 cum
3530 1789 3632 1846 hoc
3665 1790 3822 1856 dicit,

2251 1889 2357 1929 non
2396 1874 2501 1946 ipsi
2535 1874 2892 1942 fraternitati,
2922 1875 3016 1932 sed
3043 1887 3266 1947 peccato
3289 1879 3405 1949 ejus
3429 1880 3668 1939 infensus
3689 1891 3774 1939 est
3801 1900 3823 1950 ;

2249 1966 2483 2037 alioquin
2495 1980 2624 2021 reus
2637 1965 2740 2022 erit
2753 1967 3013 2037 gehennte
3032 1968 3169 2040 ignis
3188 1968 3372 2042 (lbid.,
3388 1970 3482 2044 22)
3504 1990 3520 2027 :
3546 1973 3618 2030 ita
3637 1990 3671 2031 e
3687 1975 3827 2032 con-

2252 2057 2438 2125 trario,
2459 2058 2550 2130 qui
2563 2058 2783 2131 porrigit
2799 2059 3192 2133 eleemosynam
3209 2062 3531 2134 Christiano,
3548 2081 3653 2122 non
3669 2065 3827 2124 Chri-

2252 2149 2428 2204 stiano
2449 2151 2693 2222 porrigit,
2731 2152 2820 2224 qui
2839 2167 2946 2208 non
2967 2153 3020 2208 in
3037 2169 3104 2210 eo
3118 2154 3288 2226 diligit
3301 2155 3594 2225 Christum;
3609 2175 3715 2216 non
3734 2177 3827 2217 τηι-

2203 2285 2208 2294 .
2252 2249 2364 2297 tem
2390 2241 2562 2315 diligit
2573 2241 2869 2311 Christum,
2891 2245 2978 2316 qui
2991 2244 3269 2316 iustiﬁcari
3284 2259 3497 2305 recusat
3518 2250 3569 2306 in
3583 2250 3824 2311 Christo.

2256 2333 2321 2388 Et
2339 2332 2788 2403 quemadmodum
2803 2333 2850 2390 si
2875 2335 2996 2406 quis
3015 2347 3414 2408 praeoccupatus
3431 2339 3588 2396 fuerit
3604 2341 3703 2398 hoc
3728 2337 3828 2400 de-

2253 2423 2402 2490 licto,
2429 2433 2486 2479 ut
2509 2423 2660 2480 fratri
2686 2439 2785 2480 suo
2803 2426 2967 2493 dicat,
2995 2427 3181 2495 Fatue,
3212 2429 3268 2485 id
3292 2439 3394 2498 est,
3417 2446 3525 2487 non
3555 2432 3676 2504 ejus
3698 2450 3829 2504 pec-

2247 2524 2428 2573 catum
2454 2516 2640 2574 volens
2669 2517 2882 2574 auferre
2902 2520 3229 2577 eonvicietur
3259 2521 3486 2594 injuste;
3527 2540 3714 2596 parum
3737 2537 3830 2584 ess

2253 2607 2331 2663 illi
2367 2608 2436 2663 ad
2481 2606 2582 2664 hoc
2624 2609 2995 2666 redimendum
3038 2611 3412 2686 eleemosynas
3455 2613 3632 2673 facere
3662 2659 3678 2683 ,
3710 2619 3820 2675 nisi

2251 2699 2414 2756 etiam
2466 2700 2608 2771 quod
2659 2700 2733 2757 ibi
2776 2702 3019 2774 sequitur
3052 2705 3345 2761 remedium
3373 2709 3827 2766 reconciliationis

2253 2789 2525 2862 adjungat.
2549 2787 2629 2846 ibi
2657 2792 2798 2847 enim
2837 2792 3078 2864 sequitur
3107 2811 3124 2849 :
3176 2794 3241 2850 Si
3264 2812 3382 2868 ergo
3421 2796 3573 2866 olera
3597 2800 3615 2832 ⁸
3640 2803 3828 2855 me;

2253 2893 2394 2936 tuum
2417 2882 2487 2936 ad
2511 2882 2675 2938 altare
2695 2923 2712 2950 ,
2767 2893 2818 2940 et
2851 2885 2922 2940 ibi
2961 2887 3252 2942 recordatus
3275 2888 3432 2959 [aeris
3458 2931 3476 2958 ,
3515 2891 3636 2961 quia
3665 2894 3827 2963 frater

2253 2975 2526 3031 Μυήσιοι
2544 2976 2738 3048 aliquid
2759 2978 3024 3033 adversum
3042 2988 3110 3047 te,
3137 2981 3450 3054 relinqueibi
3475 3000 3659 3039 manus
3678 2996 3827 3039 tuast

2253 3066 2324 3120 ad
2340 3067 2524 3133 altera,
2540 3075 2588 3121 et
2611 3066 2756 3134 vade,
2786 3069 2930 3140 prius
2949 3070 3276 3126 reconciliare
3299 3073 3453 3145 fratri
3475 3083 3560 3128 tuo
3576 3115 3593 3140 ,
3625 3085 3674 3129 et
3703 3085 3827 3131 tuac

2253 3156 2454 3212 vestiens
2479 3156 2660 3225 olores
2681 3175 2862 3214 manus
2889 3168 3028 3214 tuum
3051 3159 3235 3234 (Ποία.⁹
3261 3163 3353 3229 23,
3373 3163 3490 3232 ει).
3522 3163 3598 3219 Ita
3633 3179 3825 3236 parum

2254 3256 2339 3304 est
2363 3248 2734 3322 eieemosynas
2769 3251 3126 3321 quantaslibet
3162 3252 3338 3310 facere
3361 3267 3459 3325 pro
3486 3268 3827 3328 quocumque

2251 3341 2484 3409 scelere,
2511 3351 2569 3397 et
2596 3342 2651 3398 in
2675 3343 3062 3401 consuetudine
3086 3346 3352 3401 scelerum
3379 3362 3717 3417 permanere.

2323 3432 2383 3487 4.
2407 3431 2592 3488 Oratio
2613 3447 2742 3488 vero
2760 3435 3084 3505 quotidiana,
3112 3449 3271 3508 quam
3292 3436 3475 3492 docuit
3499 3436 3615 3508 ipse
3638 3437 3827 3497 Denti-

2228 3539 2358 3580 nus
2382 3526 2428 3590 ⁸,
2451 3524 2594 3582 unde
2632 3534 2690 3582 et
2736 3525 3009 3582 Dominica
3055 3528 3396 3596 nominatur,
3435 3528 3579 3585 delet
3609 3522 3829 3601 quidem

2258 3613 2562 3686 quotidiana
2607 3625 2823 3687 peccata
2851 3657 2870 3685 ,
2900 3631 3024 3673 cum
3076 3617 3316 3688 quotidie
3360 3619 3588 3687 dicitur,
3613 3619 3830 3694 Dimitte

2255 3704 2400 3760 nobis
2421 3706 2586 3762 debita
2609 3717 2783 3763 nostra
2802 3723 2820 3774 ;
2841 3716 3000 3780 atque
3012 3709 3063 3764 id
3089 3709 3230 3781 quod
3255 3709 3494 3782 sequitur
3515 3727 3622 3768 non
3649 3713 3828 3770 solum

2229 3769 2454 3854 “dicitur
2477 3839 2495 3866 ,
2524 3798 2619 3854 sed
2643 3769 2816 3855 etiam
2832 3769 2934 3867 ﬁt
2965 3800 3094 3855 sicut
3105 3769 3167 3856 et
3191 3817 3285 3856 nos
3311 3769 3611 3858 dimittimus
3633 3769 3828 3860 debito;

2255 3890 2393 3945 ribus
2411 3891 2593 3946 nostris
2612 3889 2727 3962 (id.
2755 3906 2832 3956 vr,
2863 3890 2990 3962 £2):
3021 3891 3116 3946 sed
3143 3891 3264 3962 quia
3289 3891 3420 3947 fiunt
3439 3903 3678 3963 peccata,
3705 3894 3829 3951 ideo

2255 3981 2482 4050 dicitur;
2512 3998 2618 4038 non
2649 3991 2706 4037 ut
2733 3983 2855 4038 ideo
2877 3983 3008 4038 ﬂant
3024 4024 3040 4052 ,
3062 3983 3185 4056 quia
3210 3983 3406 4041 dicitur
3433 3983 3531 4060 (ιι).
3557 3985 3664 4044 Per
3689 3986 3828 4046 hanc

2256 4073 2400 4130 enim
2431 4073 2585 4130 nobis
2623 4074 2788 4130 voluit
2809 4074 3054 4131 Salvator
3089 4076 3375 4134 ostendere
3393 4118 3410 4144 ,
3439 4079 3830 4149 quantumlibet

2252 4164 2396 4236 juste
2426 4165 2480 4220 in
2509 4164 2666 4236 hujus
2697 4165 2820 4221 vitae
2863 4165 3090 4237 caligine
3126 4177 3288 4238 atque
3331 4167 3644 4225 infirmitate
3673 4171 3824 4226 viva-

2255 4270 2392 4322 mus,
2413 4269 2518 4311 non
2539 4255 2691 4312 nobis
2709 4255 2898 4313 deesse
2924 4266 3137 4327 peccata
3161 4272 3260 4329 pro
3277 4259 3470 4328 quibus
3492 4259 3829 4317 dimittendis

2254 4345 2548 4402 debeamus
2585 4361 2745 4403 orare
2774 4387 2792 4414 ,
2835 4356 2890 4404 et
2922 4348 3006 4404 eis
3043 4347 3135 4419 qui
3175 4349 3227 4404 in
3255 4363 3356 4405 nos
3399 4359 3652 4422 peccant,
3680 4360 3743 4408 ut
3773 4360 3832 4408 et

2257 4437 2413 4494 nobis
2437 4437 2786 4509 ignoscatur,
2815 4438 3113 4510 ignoscere.
3157 4439 3274 4497 Non
3319 4441 3499 4513 itaque
3540 4453 3828 4515 propterea

2257 4527 2515 4584 Dominus
2532 4526 2628 4594 ait,
2656 4527 2720 4584 Si
2741 4529 3032 4585 dimiseritis
3055 4541 3261 4600 peccata
3285 4530 3588 4599 bentittibats,
3613 4533 3832 4589 dimittet
3854 4563 3860 4568 -

2256 4620 2458 4676 oobiset
2477 4619 2634 4674 Pater
2654 4629 2814 4675 uester
2841 4629 3045 4690 peccata
3089 4632 3253 4678 ucstra
3290 4621 3479 4693 (ιδιά,
3515 4623 3608 4696 id)
3627 4666 3645 4693 ,
3676 4635 3737 4680 ut
3763 4625 3832 4683 de

2257 4711 2360 4766 hac
2383 4709 2624 4766 oratione
2649 4710 2836 4766 conﬁsi
2862 4750 2880 4778 ,
2907 4715 3082 4768 securi
3109 4711 3418 4783 quotidiana
3445 4714 3649 4770 scelera
3685 4717 3832 4772 taee-

2255 4819 2458 4871 remus,
2475 4804 2560 4861 vel
2589 4805 2821 4876 potentia
2845 4819 2952 4876 qua
2978 4820 3084 4861 non
3114 4806 3425 4864 timeremus
3450 4808 3728 4864 hominum
3753 4808 3835 4865 ib

2239 4909 2370 4965 ges,
2399 4895 2484 4951 vel
2510 4894 2820 4966 astutiaqna
2843 4895 2989 4966 ipsos
3013 4895 3256 4953 homines
3279 4897 3616 4954 talleremus:
3649 4898 3747 4955 sed
3775 4908 3834 4954 ut

2251 5001 2356 5056 per
2385 4985 2532 5042 illam
2557 4986 2910 5055 disceremus,
2942 5001 3048 5043 non
3077 4995 3264 5058 putare
3291 5003 3392 5045 nos
3414 5003 3536 5046 esse
3557 4990 3677 5047 sine
3705 5005 3837 5063 pec-

2245 5078 2394 5133 catis
2413 5115 2430 5142 ,
2459 5077 2672 5134 etiamsi
2695 5092 2726 5131 a
2745 5077 3062 5134 criminibus
3085 5092 3328 5135 essemus
3352 5079 3618 5137 immunes
3647 5097 3662 5136 :
3695 5079 3837 5136 sicut

2255 5170 2417 5226 etiam
2437 5169 2592 5240 Legis
2615 5168 2810 5224 veteris
2832 5167 3138 5225 sacerdotes
3155 5168 3258 5226 hoc
3285 5169 3456 5242 ipsum
3482 5169 3626 5227 Deus
3651 5169 3722 5226 de
3747 5185 3838 5226 sa-

2256 5259 2473 5315 criﬁciis
2498 5245 2811 5327 admonuit,
2846 5275 2966 5332 qute
2983 5259 3145 5331 jussit
3167 5275 3263 5318 eos
3287 5261 3515 5332 primum
3541 5277 3643 5334 pro
3672 5263 3784 5318 suis
3813 5303 3836 5330 ,

2251 5347 2450 5404 deinde
2488 5363 2586 5420 pro
2623 5349 2805 5420 populi
2854 5349 3049 5406 offerre
3098 5351 3330 5420 peccatis
3366 5349 3569 5424 (Leuit.
3597 5368 3687 5407 ιη
3715 5391 3734 5418 ,
3761 5351 3834 5417 6;

2260 5437 2418 5493 Hebr.
2445 5453 2518 5494 vn
2550 5479 2568 5506 ,
2608 5437 2678 5494 97
2704 5439 2747 5510 ).
2778 5437 2909 5494 Na
2945 5448 3000 5495 et
3023 5439 3136 5510 ipsa
3166 5440 3326 5495 verba
3357 5441 3489 5496 tanti
3516 5441 3751 5512 Magistri
3775 5451 3837 5498 et

2254 5531 2467 5598 Domini
2489 5532 2659 5589 nostri
2679 5531 2958 5604 vigilanter
2984 5530 3237 5588 intuenda
3257 5542 3398 5588 sunt.
3419 5532 3538 5589 Non
3559 5533 3706 5590 enim
3730 5533 3830 5601 ait,

2325 5655 2341 5695 ι
2377 5649 2599 5714 Plerique
2623 5657 2748 5707 Mss.,
2772 5642 2976 5710 mres.

2321 5713 2342 5744 ²
2375 5713 2552 5762 (minus
2575 5718 2702 5768 Mss,
2723 5718 2880 5759 πωπω.

2319 5775 2391 5838 (α)
2421 5773 2554 5825 conf.
2578 5764 2810 5823 wind.
2836 5782 2921 5820 nn.
2951 5765 3028 5830 ιο,
3054 5764 3134 5817 ω.
