4078 6482
248 488 308 549 Si
332 487 651 547 dimiseritis
680 496 895 560 peccatu
920 478 1245 549 horninibus,
1283 494 1335 540 et
1363 483 1522 539 Pater
1548 492 1725 540 vester
1748 482 1829 538 di—

248 585 432 639 mittet
451 581 606 636 vobis
625 579 1033 651 qualiacumque
1057 584 1313 649 peccata:
1341 574 1435 630 sed
1462 576 1537 629 ait
1568 614 1588 640 ,
1624 584 1831 645 peccata

246 684 434 727 uestra.
456 672 832 738 Quotidianam
846 670 1043 740 quippe
1062 669 1356 723 oralionem
1385 666 1609 723 docebat
1623 707 1641 733 ,
1674 675 1729 721 et
1746 667 1835 734 ju-

246 762 491 819 stiticatis
520 762 699 832 utique
720 760 997 832 discipulis
1025 761 1363 830 loquebatur.
1399 759 1535 827 Quid
1572 767 1655 813 est
1679 773 1829 827 ergo,

247 864 457 922 peccata
482 862 665 916 uestra.
687 853 789 907 nisi
809 860 1024 923 peccata
1047 852 1164 907 sine
1189 850 1380 921 quibus
1405 865 1507 906 nec
1532 864 1626 904 vos
1653 848 1827 913 eritis,

243 944 335 1015 qui
358 944 636 1013 iustiﬁcati
663 952 718 998 et
751 941 1062 997 sanctiﬁcati
1087 940 1264 995 estis?
1286 939 1386 996 Ubi
1411 953 1541 1011 ergo
1571 939 1644 995 illi
1674 979 1691 1003 ,
1739 935 1831 1008 qui

244 1050 343 1105 per
403 1035 541 1089 lianc
605 1033 903 1089 orationem
954 1030 1290 1086 occasionem
1356 1027 1831 1099 perpetrandnrum

243 1125 491 1196 quotidie
511 1126 770 1181 scelerum
797 1132 1081 1195 qumrunt,
1107 1123 1291 1177 dicunt
1317 1121 1600 1177 Dominum
1629 1118 1834 1190 signifi-

239 1230 402 1275 casse
425 1217 591 1271 etiam
622 1229 813 1286 magna
838 1222 1057 1285 peccata
1078 1254 1095 1281 ,
1124 1214 1377 1283 quoniam
1402 1226 1506 1266 non
1531 1210 1668 1267 dixit
1692 1250 1709 1275 ,
1737 1210 1832 1265 Di-

241 1307 424 1362 mittet
449 1306 598 1362 vobis
627 1320 806 1377 parva,
836 1304 933 1361 scd
959 1314 1165 1375 peccata
1188 1314 1354 1359 vestra
1376 1318 1395 1357 :
1424 1302 1496 1358 ibi
1521 1317 1620 1358 nos
1644 1301 1829 1358 consi-

174 1390 181 1397 ’
241 1396 501 1452 derantes
531 1396 778 1466 qualibus
804 1395 1123 1467 loquebatur
1150 1434 1168 1461 ,
1214 1403 1269 1450 et
1287 1394 1566 1455 audientes
1591 1392 1790 1448 dictum
1810 1433 1828 1459 ,

242 1496 453 1561 ggcgtg
476 1496 639 1557 pgtra
661 1527 677 1552 ,
722 1486 855 1553 nihil
888 1486 1032 1549 aliud
1059 1486 1315 1547 debemus
1337 1485 1643 1547 existimare
1669 1500 1829 1555 quam

248 1593 435 1647 parva,
462 1577 713 1646 quoniam
757 1576 939 1653 talium
983 1576 1095 1649 iam
1138 1592 1246 1637 non
1290 1586 1445 1637 erant
1483 1592 1697 1657 magna.
1726 1575 1833 1633 Ve-

242 1679 545 1724 rumtamen
577 1683 681 1726 nec
706 1668 819 1738 ipsa
848 1684 1060 1739 magna,
1089 1683 1122 1723 a
1149 1667 1341 1743 quibus
1366 1669 1584 1723 omnino
1612 1668 1859 1725 mutatis’

241 1759 299 1813 in
328 1760 519 1814 melius
549 1759 784 1815 moribus
812 1758 1167 1815 recedendum
1189 1766 1293 1824 est,
1316 1757 1654 1813 dimittuntur
1672 1773 1833 1813 oran-

243 1844 414 1921 tibus,
444 1850 544 1905 nisi
566 1847 662 1927 ﬁat
685 1848 828 1920 quod
850 1848 922 1905 ibi
942 1848 1159 1913 dicitur,
1188 1850 1317 1904 sicut
1343 1859 1391 1904 et
1411 1865 1502 1904 nos
1530 1848 1829 1905 dimittimus

190 1980 193 1985 ς
239 1942 552 1995 debitoribus
575 1942 780 1997 nostris.
809 1940 864 1998 Si
886 1941 1028 1996 enim
1051 1940 1271 1996 minima
1296 1949 1535 2010 peccata,
1556 1940 1673 1996 sine
1706 1938 1830 2010 qui-

196 2016 199 2023 ’
244 2033 352 2088 bus
378 2050 484 2095 non
512 2042 595 2088 est
618 2033 782 2089 etiam
811 2033 915 2087 vita
940 2032 1227 2102 iustorum,
1250 2031 1404 2087 aliter
1428 2047 1532 2086 non
1552 2031 1831 2085 remittuno

247 2133 372 2178 tur:
397 2134 598 2199 quanto
618 2123 789 2194 magis
816 2123 1000 2179 multis
1022 2132 1077 2179 et
1102 2122 1307 2192 magnis
1331 2123 1644 2179 criminibus
1676 2123 1829 2178 invo-

240 2202 341 2270 luti
369 2256 387 2277 .
434 2214 644 2291 etiamsi
688 2229 752 2269 ea
786 2224 1099 2287 perpetrare
1140 2214 1250 2289 jam
1299 2212 1584 2279 desinant,
1631 2214 1827 2270 nullam

241 2305 632 2377 hdulgentiam
663 2315 1064 2377 consequuntur
1086 2346 1102 2370 ,
1142 2306 1186 2360 si
1212 2304 1279 2360 ad
1307 2303 1685 2361 remittendum
1710 2306 1831 2361 aliis

241 2398 387 2468 quod
416 2399 469 2452 in
497 2412 592 2453 eos
617 2397 842 2471 quisque
869 2395 1197 2473 peccaverit,
1224 2395 1580 2452 inexorabiles
1609 2395 1827 2464 fuerint,

244 2507 371 2546 cum
395 2491 539 2555 dicat
556 2474 812 2546 Dominus
832 2530 848 2554 ,
884 2488 948 2567 (Si
990 2497 1155 2543 autem
1183 2505 1283 2543 non
1304 2487 1592 2542 dimiseritis
1618 2487 1836 2541 homini-

240 2583 395 2649 κει,
420 2600 579 2653 neque
605 2581 764 2637 Pater
790 2591 948 2641 vester
977 2581 1190 2635 dimittet
1214 2581 1351 2635 vobis
1384 2579 1593 2652 (Matth.
1615 2595 1689 2649 τι,
1717 2574 1833 2649 15ὶῖ

242 2672 328 2729 Ad
354 2673 460 2730 hoc
490 2673 633 2729 enim
665 2672 808 2735 valet
830 2672 976 2749 quod
997 2660 1158 2730 etiam
1188 2669 1418 2726 Jacobus
1440 2669 1713 2742 apostolus
1734 2670 1829 2736 ait,

242 2766 506 2837 indicium
533 2765 767 2821 futurum
796 2756 913 2822 sine
942 2764 1305 2821 misericordia
1336 2763 1410 2820 illi
1440 2763 1530 2835 qui
1570 2778 1674 2817 non
1709 2762 1835 2818 fecit

244 2857 676 2931 misericordiam
715 2854 940 2931 (Jacobi
967 2873 1027 2923 ιι,
1056 2857 1125 2912 15
1146 2853 1191 2932 ).
1234 2855 1430 2911 Venire
1454 2855 1651 2926 quippe
1673 2854 1834 2913 debet

242 2949 297 3004 iu
331 2956 571 3003 mentem
610 2948 772 3003 etiam
809 2962 999 3003 servus
1027 2947 1118 3002 ille
1146 2986 1165 3014 ,
1205 2945 1291 3003 cui
1320 2945 1545 3002 debitori
1580 2944 1832 3002 dominus

243 3042 395 3110 cjus'
420 3039 680 3101 relaxavit
704 3038 889 3095 decem
918 3038 1079 3093 millia
1103 3038 1461 3104 talentorum;
1503 3052 1623 3108 quae
1649 3046 1833 3108 postea

244 3131 405 3200 jussit
434 3138 495 3185 ut
531 3129 782 3185 redderet
804 3171 820 3196 ,
871 3129 995 3201 quia
1041 3128 1154 3200 ipse
1183 3144 1290 3182 non
1313 3127 1563 3183 misertus
1588 3136 1671 3183 est
1699 3141 1833 3182 con-

246 3223 391 3279 servi
419 3221 540 3289 sui,
564 3220 652 3294 qui
683 3222 733 3277 ei
759 3219 990 3277 debebat
1036 3229 1249 3277 centum
1298 3217 1549 3275 denarios
1597 3218 1831 3293 (Matth.

246 3328 395 3378 “tu.
427 3311 501 3367 23
526 3311 683 3385 sqq).
714 3312 770 3366 ln
800 3311 882 3368 his
905 3327 1037 3382 ergo
1064 3310 1152 3383 qui
1186 3311 1280 3366 ﬁlii
1308 3320 1432 3366 sunt
1463 3311 1834 3383 promissionis

247 3414 301 3460 et
326 3419 454 3458 vasa
478 3401 885 3470 misericordia},
916 3402 1059 3458 valet
1082 3404 1224 3475 quod
1251 3403 1327 3457 ait
1360 3404 1501 3459 idem
1533 3404 1830 3475 apostolus,

248 3498 646 3566 consequenter
667 3493 993 3565 adiungens,
1028 3493 1415 3564 Supereatsultat
1441 3506 1606 3571 autem
1635 3497 1833 3571 miseri-

252 3584 432 3639 cordia
464 3583 668 3655 judicio
692 3583 718 3615 ι
754 3581 975 3655 (Jacobi
992 3598 1051 3649 ιι,
1085 3584 1153 3639 ιδ
1177 3584 1219 3655 ).
1237 3568 1497 3652 Quoniam
1525 3596 1578 3641 et
1608 3585 1681 3640 illi
1702 3568 1833 3656 justi

245 3678 337 3749 qui
364 3687 512 3733 tanta
551 3676 835 3733 sanctitate
877 3676 1162 3745 vixerunt,
1208 3686 1267 3730 ut
1292 3677 1426 3732 alios
1450 3692 1661 3748 quoque
1691 3680 1832 3733 reci-

248 3772 399 3842 piant
427 3769 479 3825 in
501 3767 839 3825 tabernacula
860 3775 1058 3823 aeterna
1078 3808 1096 3836 ,
1142 3769 1333 3839 quibus
1374 3768 1529 3824 amici
1555 3768 1678 3824 facti
1704 3776 1849 3825 suo.

248 3859 319 3916 de
343 3874 651 3916 mammona
676 3857 967 3931 iniquitatis
984 3856 1136 3929 (Luc.
1166 3874 1278 3922 xvi.
1294 3858 1375 3930 9),
1398 3868 1453 3913 ut
1479 3859 1615 3914 tales
1627 3869 1829 3927 essent,

647 3950 859 4007 liberati
873 3958 1003 4007 sunt
1022 3951 1094 4007 ab
1120 3965 1186 4006 eo
1210 3950 1300 4021 qui
1319 3949 1572 4022 jttstiiicat
1588 3951 1830 4023 impium,

249 4040 523 4112 imputaus
549 4040 853 4097 mercedem
883 4040 1179 4097 secundum
1206 4042 1434 4112 gratiam
1458 4081 1474 4104 ,
1503 4058 1608 4107 non
1638 4056 1831 4096 secun-

248 4133 379 4189 dum
400 4132 661 4189 debitum.
680 4130 736 4187 In
760 4147 945 4188 eorum
961 4131 1391 4203 quippeuumero
1417 4140 1502 4187 est
1525 4132 1833 4202 Apostolus,

249 4228 340 4298 qui
370 4226 533 4281 dicit:
586 4226 992 4281 Misericordiant
1034 4234 1332 4278 consecutus
1377 4240 1488 4278 sunt
1512 4264 1528 4289 ,
1580 4232 1636 4277 ut
1668 4224 1835 4294 ﬁdelis

250 4334 409 4372 essent
432 4316 475 4388 (l
501 4316 620 4371 Cor.
652 4332 747 4382 vn,
774 4315 893 4387 25).

321 4409 379 4464 5.
427 4408 507 4465 liii
540 4418 717 4463 autem
741 4408 832 4478 qui
868 4405 1197 4477 recipiuntur
1223 4420 1253 4459 a
1281 4403 1474 4459 talibus
1499 4404 1550 4459 in
1583 4402 1832 4459 taberna-

249 4502 370 4557 cuia
400 4512 622 4563 aeterna,
654 4499 925 4555 fatendum
953 4507 1036 4554 est
1063 4495 1203 4567 quod
1226 4512 1331 4551 nou
1354 4496 1459 4549 sint
1490 4496 1572 4550 liis
1596 4495 1833 4549 moribus

251 4592 500 4665 przediti.
541 4590 615 4645 ut
645 4592 724 4647 eis
752 4588 1042 4645 liberandis
1081 4588 1198 4642 sine
1236 4584 1490 4656 suii'ragio
1527 4596 1831 4641 sanctorum

251 4699 348 4739 sua
380 4682 553 4754 possit
584 4683 692 4736 vita
726 4681 969 4735 sufﬁcere
998 4721 1015 4745 ,
1051 4694 1117 4734 ac
1144 4692 1239 4747 per
1276 4678 1378 4732 hoc
1413 4675 1581 4730 multo
1606 4675 1834 4745 amplius

252 4777 305 4831 in
335 4775 418 4830 eis
446 4773 838 4843 superessultat
873 4771 1239 4826 misericordia
1261 4768 1483 4839 judicio.
1513 4766 1623 4823 Nec
1654 4777 1832 4823 tamen

252 4864 380 4920 ideo
417 4862 683 4934 putandus
718 4860 799 4917 est
838 4861 1118 4932 quisquam
1151 4857 1593 4913 sceleratissimus
1631 4871 1834 4925 nequa-

248 4971 414 5027 quam
444 4955 553 5009 vita
577 4955 660 5008 vel
685 4953 824 5009 bona
869 4951 952 5011 vel
974 4950 1337 5008 tolerabiliore
1366 4957 1597 5002 mutatus
1616 4989 1633 5015 ,
1666 4945 1833 5018 recipi

252 5050 306 5105 in
338 5046 685 5103 tabernacula
714 5055 946 5111 aeterna,
978 5044 1231 5113 quoniam
1275 5040 1562 5096 obsecutus
1587 5048 1669 5094 est
1703 5054 1833 5093 san-

249 5142 353 5196 etis
383 5139 452 5194 de
466 5151 770 5193 mammona
794 5135 1109 5207 iniquitatis,
1137 5134 1189 5189 id
1213 5143 1296 5188 est
1314 5175 1329 5197 .
1357 5132 1427 5187 de
1456 5130 1677 5202 pecunia
1699 5171 1716 5196 ,
1747 5128 1832 5185 vel

250 5230 453 5285 divitiis
478 5270 493 5295 ,
535 5244 656 5299 quae
696 5227 835 5282 male
876 5226 1087 5281 fuerant
1127 5224 1437 5294 acquisita;
1485 5230 1578 5277 aut
1617 5219 1831 5276 etiamsi

252 5320 413 5386 bene,
442 5334 551 5381 non
581 5328 761 5379 tamen
779 5317 951 5384 veris,
975 5314 1071 5372 sed
1094 5330 1228 5386 quas
1253 5314 1503 5385 iniquitas
1537 5320 1686 5384 putat
1711 5325 1833 5368 esse

313 5519 342 5589 ﬁ
369 5518 451 5590 ttic
474 5517 524 5567 in
555 5516 701 5567 editis
732 5513 949 5574 additur,
994 5518 1223 5575 peccata;
1256 5510 1386 5575 quod
1423 5511 1565 5561 abest
1605 5521 1635 5560 a
1668 5521 1835 5561 manu-

249 5585 574 5711 Ὕὲἶίμεε·
601 5644 654 5687 ⁸⁸
672 5636 814 5711 edi“;
1304 5691 1395 5711 ,ω

314 5701 335 5732 ³
370 5701 506 5758 editi,
531 5692 864 5761 super-equitat
1229 5692 1492 5758 judicium.
1514 5699 1675 5744 Altera
1695 5700 1833 5742 vete-

248 5757 957 5824 ruuiquorumtiamjibrorum
998 5757 1146 5824 lectio
1166 5757 1492 5809 consentanea
1527 5762 1606 5806 est
1648 5766 1831 5818 graec,

251 5820 330 5871 Καὶ
352 5819 720 5873 ΙιάιίιΙιαιιτΙιάιαὶ
734 5821 859 5873 dicos
881 5819 1079 5872 krt'scés.
1379 5829 1385 5835 '

1334 368 1341 375 ’
1415 367 1612 426 LIBER
1653 366 2018 439 ιιαιςειιιυε
2052 366 2326 426 PRIMUS.

3401 367 3508 429 150

1938 480 2173 546 divitias,
2190 480 2443 551 quoniam
2461 479 2760 551 nescitqum
2779 478 2889 539 sint
2907 492 3050 537 vera:
3074 478 3296 553 divitiae,
3319 481 3512 555 quibus

1940 571 2019 628 illi
2044 571 2318 626 abundant
2338 611 2356 637 ,
2384 571 2477 641 qui
2502 580 2557 627 et
2573 571 2709 626 alios
2732 570 3000 643 recipiunt
3023 570 3077 625 in
3103 579 3301 626 "eterna
3326 568 3507 629 taber-

1938 662 2148 717 nacula.
2177 660 2276 717 Est
2302 661 2478 732 itaque
2492 662 2704 733 quidam
2721 662 2844 717 vitae
2864 661 3077 727 modus,
3092 677 3192 717 nec
3213 672 3318 719 tam
3336 663 3512 729 maiae,

1940 762 1999 808 ut
2024 752 2108 807 his
2127 751 2219 824 qui
2244 766 2362 805 eam
2388 752 2569 806 vivunt
2602 752 2645 820 ⁸,
2686 751 2815 807 nihil
2846 752 3013 823 prosit
3036 751 3103 808 ad
3123 752 3511 822 capessendum

1939 858 2164 917 regnum
2213 844 2479 907 cmlorum
2517 842 2734 914 largitas
2770 844 3235 915 eieemosyuarum
3259 886 3278 912 ,
3324 846 3521 916 quibus

1937 936 2100 992 etiam
2121 935 2389 1007 justorum
2416 942 2745 991 sustentatur
2766 936 2943 1006 inopia
2961 976 2979 1002 ,
2999 945 3056 991 et
3080 938 3213 993 fiunt
3237 936 3396 994 amici
3424 937 3517 1008 qui

1939 1026 1994 1082 iu
2022 1025 2360 1082 tabernacula
2384 1033 2583 1080 aeterna
2614 1026 2943 1095 suscipiant;
2979 1041 3080 1082 nec
3106 1035 3214 1082 tam
3238 1026 3391 1083 bona:
3411 1067 3427 1092 ,
3458 1037 3518 1083 ut

1937 1116 2006 1172 ad
2053 1126 2254 1172 tantam
2291 1115 2672 1173 beatitudinem
2699 1115 3095 1186 adipiscendam
3121 1116 3201 1174 eis
3230 1117 3344 1187 ipsa
3369 1118 3520 1172 sum.

1936 1210 2064 1277 ciat,
2093 1210 2196 1265 nisi
2216 1224 2403 1266 eorum
2428 1208 2637 1265 meritis
2656 1222 2794 1281 quos
2821 1208 3023 1263 amicos
3062 1208 3284 1265 fecerint
3303 1248 3321 1275 .
3354 1209 3517 1265 mise-

1936 1299 2222 1356 ricordiam
2259 1309 2677 1369 consequantur.
2706 1297 2931 1370 (lirari
2947 1306 3127 1355 autem
3158 1298 3309 1354 soleo
3350 1299 3515 1354 etiam

1935 1390 2076 1460 apud
2118 1389 2393 1459 Virgilium
2437 1390 2593 1446 istam
2635 1388 2850 1445 Domini
2891 1388 3116 1459 reperiri
3144 1389 3465 1446 sententiam
3494 1426 3516 1454 .

1936 1483 2026 1549 ubi
2051 1482 2129 1538 ait
2152 1501 2166 1551 ς
2200 1481 2380 1538 Facite
2405 1482 2541 1536 vobis
2560 1480 2751 1536 amicos
2778 1481 2842 1536 de
2866 1495 3155 1534 mammona
3192 1480 3475 1548 iniquitatis
3497 1521 3515 1547 ,

1936 1581 1992 1641 at
2014 1582 2062 1628 et
2090 1572 2189 1641 ipsi
2214 1573 2461 1644 recipiant
2484 1588 2573 1635 vos
2599 1572 2653 1645 in
2673 1558 2995 1649 tabernacula
3011 1559 3205 1643 qternd
3228 1562 3380 1643 (Luc.
3402 1564 3517 1638 svi.

1934 1662 2015 1734 9).
2054 1659 2225 1731 cuius
2250 1672 2333 1723 est
2359 1671 2418 1722 et
2445 1661 2534 1723 illa
2560 1661 2853 1728 simillima,
2893 1660 2994 1730 Qui
3014 1661 3191 1731 recipit
3215 1660 3519 1732 prophetam

1934 1755 1987 1809 in
2016 1755 2217 1809 nonu'ue
2243 1755 2500 1824 prop/tcta
2524 1793 2542 1820 ,
2570 1751 2846 1807 mercedem
2884 1751 3144 1824 praphctar
3178 1752 3389 1823 accipiet
3406 1792 3424 1820 ,
3467 1760 3521 1807 et

1933 1845 2020 1921 qui
2040 1845 2220 1912 recipit
2240 1844 2438 1914 justum
2458 1843 2511 1898 in
2538 1844 2738 1899 nomine
2756 1843 2903 1916 iusti,
2924 1844 3201 1899 macedem
3216 1843 3350 1916 justi
3367 1843 3513 1897 acci-

1934 1938 2037 2008 piet
2062 1937 2084 2008 (
2113 1937 2299 1992 Matth.
2325 1953 2382 2004 ι,
2409 1937 2471 1992 ιι
2504 1935 2549 2007 ).
2574 1935 2706 1992 Nam
2734 1951 2856 1992 cum
2881 1935 3089 2009 Elysios
3110 1950 3330 2006 campos
3354 1943 3513 2007 poeta

1935 2030 2028 2086 ille
2046 2028 2396 2096 describeret,
2418 2029 2506 2084 ubi
2524 2037 2709 2101 putant
2727 2027 2969 2085 habitare
2987 2028 3197 2084 animas
3214 2028 3519 2096 beatorum,

1936 2136 2043 2177 non
2070 2120 2242 2176 solum
2265 2120 2336 2193 ibi
2357 2121 2535 2191 posuit
2558 2134 2674 2187 eos,
2706 2119 2797 2191 qui
2815 2118 3047 2191 propriis
3066 2118 3271 2175 meritis
3296 2119 3363 2174 ad
3393 2119 3514 2176 illas

1934 2206 2090 2262 sedes
2116 2205 2393 2276 pervenire
2423 2213 2730 2277 potuerunt,
2756 2203 2851 2261 sed
2868 2203 3089 2275 adjecit,
3109 2211 3273 2277 atque
3300 2203 3379 2260 ait
3404 2198 3443 2271 ,’

1995 2337 2182 2402 (etiam
2201 2338 2275 2387 sui
2294 2349 2536 2389 memores
2550 2336 2672 2402 alios
2692 2335 2861 2402 τβςατε
2882 2335 3157 2402 merendo;

1944 2414 1949 2417 -
1998 2374 2182 2402 ἰ’-ππ
2201 2374 2275 2387 ""
2294 2374 3276 2465 "mwrmrnuumt,

1936 2498 1992 2554 id
2011 2508 2095 2555 est
2118 2541 2134 2565 ,
2161 2500 2250 2571 qui
2278 2509 2691 2571 promeruerunt
2717 2502 2851 2557 alios
2868 2542 2887 2568 ,
2915 2516 3119 2574 eosque
3134 2502 3218 2558 sui
3248 2515 3517 2562 memores

1937 2590 2295 2661 promerendo
2316 2590 2577 2646 fecerunt.
2596 2590 2823 2646 Prorsus
2845 2601 3095 2663 tanquam
3111 2591 3192 2649 eis
3208 2592 3451 2650 dicerent
3462 2594 3513 2660 '.

1936 2668 2079 2752 quod
2106 2680 2473 2752 frequentatur
2491 2697 2585 2737 ore
2598 2680 2921 2747 Christiano,
2948 2696 3069 2738 cum
3102 2697 3162 2741 se
3179 2682 3373 2757 cuique
3396 2697 3524 2740 san-

1937 2784 2146 2830 ctorum
2171 2774 2387 2830 humilis
2412 2773 2639 2847 quisque
2666 2773 3026 2839 commendat.
3054 2783 3109 2831 et
3139 2773 3291 2840 dicit,
3321 2774 3524 2831 Memor

1938 2868 2042 2923 mei
2072 2876 2224 2923 esto:
2254 2877 2412 2938 atque
2424 2876 2482 2921 ut
2509 2866 2562 2921 id
2584 2881 2706 2922 esse
2721 2866 2911 2937 possit,
2929 2865 3284 2937 promerendo
3305 2865 3519 2938 eftieit.)

1939 2954 2045 3015 Sed
2086 2959 2208 3029 quis
2252 2956 2353 3014 iste
2389 2958 2461 3013 sit
2492 2957 2717 3021 modus,
2746 2967 2802 3012 et
2839 2973 2961 3028 quae
2985 2958 3092 3013 sint
3122 2958 3234 3028 ipsa
3260 2966 3478 3031 peccata
3500 3000 3518 3022 .
3556 2966 3563 3033 ξ

1937 3054 2059 3123 qua:
2084 3050 2156 3105 ita
2184 3050 2483 3122 impediunt
2506 3048 2909 3119 perveutionem
2944 3050 3007 3104 ad
3042 3064 3264 3121 regnum
3293 3050 3388 3105 Dei
3416 3089 3432 3112 .
3463 3058 3523 3104 ut
3556 3038 3563 3085 7

1938 3153 2117 3200 tamen
2146 3152 2451 3200 sanctorum
2469 3141 2764 3197 amicorum
2793 3140 3001 3196 meritis
3029 3139 3317 3211 impetrent
3344 3139 3522 3195 indul-
3564 3124 3573 3189 ἶ

1937 3239 2192 3309 gentiam,
2219 3236 2590 3291 difficillimum
2616 3244 2700 3291 est
2725 3234 2985 3301 invenire.
3005 3234 3520 3305 periculosissimum

1937 3328 2184 3385 delinire.
2233 3327 2349 3399 Ego
2386 3337 2534 3385 certe
2576 3343 2745 3399 usque
2780 3326 2847 3384 ad
2874 3327 2978 3384 hoc
3009 3335 3221 3399 tempus
3239 3342 3363 3385 cum
3392 3327 3519 3383 inde

1937 3428 2257 3491 satagerem,
2282 3418 2348 3473 ad
2375 3432 2561 3475 eorum
2588 3417 2887 3489 indaginem
2902 3416 3184 3488 pervenire
3206 3432 3315 3474 non
3341 3416 3515 3489 potui.

1938 3508 2007 3566 Et
2033 3508 2279 3564 fortassis
2305 3520 2586 3580 propterea
2616 3508 2782 3565 latent
2798 3550 2819 3577 ,
2852 3524 2920 3565 ne
2940 3506 3176 3564 studium
3203 3507 3516 3577 proﬁciendi

1938 3600 2004 3655 ad
2033 3600 2212 3654 omnia
2238 3608 2459 3672 peccata
2480 3599 2717 3655 cavenda
2746 3600 3029 3671 pigrescat.
3058 3598 3320 3667 Quoniam
3341 3599 3385 3654 si
3414 3599 3519 3654 sci-

1939 3701 2124 3748 rentur
2159 3708 2280 3765 qua:
2303 3693 2388 3748 vel
2416 3692 2591 3764 qualia
2615 3691 2721 3746 sint
2749 3691 2943 3748 delicta
2967 3731 2985 3759 ,
3017 3704 3116 3762 pro
3138 3691 3332 3763 quibus
3354 3692 3518 3748 etiam

1938 3768 2374 3854 permanentibus
2399 3794 2497 3840 nec
2523 3782 2765 3853 profectu
2795 3782 2916 3838 vitae
2953 3781 3187 3837 melioris
3221 3781 3523 3852 absumptis

1939 3874 2253 3930 intercessio
2280 3876 2347 3930 sit
2379 3874 2689 3945 inquirenda
2731 3882 2788 3931 et
2826 3873 3089 3945 speranda
3112 3873 3415 3945 iustorum,
3439 3874 3519 3929 eis

1938 3984 2128 4025 secura
2173 3984 2233 4024 se
2261 3968 2570 4023 obvolveret
2599 3969 2827 4023 humana
2868 3967 3123 4038 segnities
3149 4007 3166 4033 ,
3215 3981 3314 4024 nec
3339 3965 3517 4039 evolvi

1936 4062 2133 4120 talibus
2152 4062 2563 4133 implicameutis
2589 4061 2749 4117 ullius
2767 4061 2979 4116 virtutis
3004 4059 3343 4139 expeditione
3362 4072 3523 4115 cura-

1940 4162 2023 4208 ret
2055 4192 2070 4217 .
2101 4152 2195 4208 sed
2224 4152 2592 4209 tantummodo
2611 4161 2878 4223 quzereret
2900 4152 3129 4208 aliorum
3154 4151 3360 4208 meritis
3387 4151 3522 4209 libe-

1940 4242 2072 4309 rari,
2098 4259 2232 4315 quos
2267 4244 2468 4299 amicos
2489 4244 2589 4299 sibi
2610 4244 2681 4300 de
2717 4258 3020 4299 mammona
3040 4243 3336 4316 iniquitatis
3373 4244 3521 4299 elec-

1939 4334 2285 4408 mosyuarum
2335 4335 2617 4407 largitione
2663 4335 2686 4368 ⁸
2726 4335 2960 4392 fecisset.
3006 4335 3169 4392 Nune
3206 4350 3337 4392 vero
3385 4336 3516 4392 dum

1939 4426 2164 4481 venialis
2207 4425 2505 4495 iniquitatis
2532 4466 2549 4493 ,
2584 4425 2795 4483 etiamsi
2836 4433 3143 4496 perseveret
3172 4466 3188 4493 ,
3246 4426 3523 4495 ignoratur

1941 4515 2131 4571 modus
2155 4556 2170 4578 ,
2208 4516 2449 4585 profecto
2490 4526 2546 4571 et
2593 4515 2830 4571 studium
2859 4515 2913 4570 in
2953 4516 3176 4571 meliora
3205 4515 3520 4588 proficiendi

1940 4608 2165 4663 orationi
2194 4607 2441 4662 instando
2469 4607 2493 4640 ⁸
2520 4607 2827 4678 vigilantius
2855 4606 3139 4665 adhibetur
3159 4648 3178 4675 ,
3209 4617 3264 4664 et
3290 4606 3519 4664 faciendi

1938 4698 2009 4755 de
2060 4713 2361 4753 mammona
2408 4696 2702 4769 iniquitatis
2743 4706 2958 4755 sanctos
2999 4698 3203 4755 amicos
3232 4714 3361 4754 cura
3406 4712 3514 4753 non

1940 4788 2228 4858 Spernitur.

1980 4936 1988 4950 ,
2012 4881 2065 4933 6.
2106 4878 2304 4934 Verum
2335 4877 2431 4932 ista
2451 4876 2694 4933 liberatio
2720 4894 2839 4948 qua:
2863 4877 2922 4932 tit
2948 4875 3060 4933 sive
3085 4878 3196 4953 suis
3219 4875 3521 4947 quibusque

1940 4969 2270 5024 orationibus
2290 5011 2306 5034 ,
2336 4969 2449 5024 sive
2476 4968 2929 5025 intercedentibus
2960 4967 3158 5023 sanctis
3180 5007 3198 5033 ,
3229 4966 3281 5021 id
3320 4965 3429 5037 agit
3461 4975 3519 5022 ut

1940 5059 1994 5115 in
2024 5059 2196 5130 ignem
2225 5058 2447 5132 quisque
2470 5075 2574 5115 non
2600 5060 2837 5114 mittatur
2856 5065 3114 5113 teternum
3142 5073 3156 5111 :
3182 5071 3285 5112 non
3316 5063 3375 5111 ut
3395 5072 3519 5112 cum

1939 5151 2099 5207 fuerit
2145 5152 2373 5219 missus,
2420 5160 2545 5224 post
2592 5160 3077 5222 quantumcumque
3126 5156 3335 5218 tempus
3392 5148 3519 5205 inde

1938 5253 2176 5299 eruatur.
2202 5242 2334 5298 Nam
2360 5255 2417 5298 et
2445 5243 2519 5297 illi
2538 5242 2627 5309 qui
2647 5249 2836 5314 putant
2854 5241 2931 5296 sic
2954 5238 3349 5310 intelligendum
3376 5253 3519 5308 esse,

1940 5336 2080 5405 quod
2128 5337 2381 5405 scriptum
2424 5343 2538 5399 est,
2585 5333 2777 5389 afferre
2826 5342 3035 5389 terram
3069 5332 3261 5387 bonam
3297 5332 3519 5387 uberem

1941 5426 2169 5485 fructum
2188 5469 2203 5493 ,
2240 5428 2397 5482 aliam
2445 5427 2707 5483 tricenum
2729 5467 2745 5493 ,
2766 5418 2949 5492 aliam,
2976 5439 3333 5495 sexagenum,
3360 5425 3519 5481 aliam

1974 5626 1986 5638 ο
2004 5567 2019 5597 ¹
2056 5571 2165 5638 Lor.
2191 5562 2275 5628 qui
2294 5575 2352 5613 ea
2374 5560 2547 5612 riku.
2571 5559 2687 5611 Editi
2705 5558 2786 5609 alii
2808 5572 2918 5610 cum
2941 5560 3296 5621 manuscriptis,
3319 5557 3524 5624 quicum

1939 5634 2125 5739 minii;
2148 5699 2320 5737 ornnes
2340 5692 2447 5735 Mss.
2476 5692 2530 5735 Αι
2553 5684 2690 5745 editi,
2715 5681 2916 5733 diceret.

2007 5752 2028 5783 ι
2063 5756 2112 5798 in
2136 5757 2226 5799 Mss
2249 5782 2264 5810 ,
2287 5745 2527 5810 largitate.

2006 5812 2028 5845 δ
2063 5812 2195 5861 Vind.
2222 5803 2323 5860 ιω.
2344 5803 2397 5861 εἳ
2418 5808 2587 5874 plures
2606 5805 2937 5875 manuscripti,
2955 5805 3141 5858 orando
3162 5812 3206 5857 et
3220 5803 3458 5856 Mando.
