4078 6484
566 355 663 410 ’131

565 475 848 524 centenum
868 462 1077 538 (Matth.
1111 477 1229 530 xm,
1258 461 1314 534 8)
1339 479 1352 515 :
1383 468 1443 516 ut
1488 460 1657 514 sancti
1688 474 1784 529 pro
1809 472 2026 513 sunnim
2051 457 2136 512 di-

568 559 819 612 versitate
844 553 1186 628 meritorum,
1213 553 1300 610 alii
1336 553 1566 606 tricenos
1595 551 1839 605 homines
1877 549 2136 614 libereut,

567 649 656 702 alii
683 661 1009 718 seragcnos,
1041 645 1128 699 alii
1151 654 1443 700 centenos:
1475 640 1578 698 hoc
1615 641 1665 694 in
1686 640 1771 695 die
1790 637 1970 709 judieii
1995 637 2138 692 futu-

489 775 502 797 .
567 753 684 793 rum
732 737 985 807 suspicari
1029 735 1239 800 solent,
1266 749 1372 788 non
1413 742 1534 803 post
1572 731 1849 802 judicium.
1875 730 1988 799 Qua
2020 729 2137 798 opi-

567 832 727 885 nione
755 829 966 898 quidam
995 843 1116 883 cum
1142 826 1347 882 videret
1374 826 1616 880 homines
1644 823 2008 893 impunitau-m
2027 819 2139 874 sibi

567 920 969 991 perversissime
1009 918 1320 989 pollicentes
1341 955 1356 979 ,
1384 931 1452 970 eo
1471 913 1610 984 quod
1638 927 1826 968 otnnes
1853 911 1954 965 isto
1980 909 2140 963 modo

563 1011 631 1066 ad
662 1011 1027 1066 liberationem
1056 1009 1321 1080 pertinere
1353 1020 1506 1076 posse
1528 1004 1825 1069 videantur,
1852 1000 2138 1071 elegantis-

563 1101 699 1156 sime
723 1098 1062 1170 respondisse
1091 1098 1416 1168 perhibetur,
1447 1096 1580 1151 bene
1608 1094 1779 1163 potius
1799 1105 1918 1147 esse
1949 1090 2140 1144 viven-

560 1191 723 1255 dum,
755 1199 812 1245 ιιι
839 1192 978 1244 inter
1024 1203 1118 1245 eos
1156 1188 1382 1259 quisque
1422 1186 1735 1256 reperiatur,
1764 1181 1856 1252 qui
1891 1193 1987 1251 pro
2022 1179 2140 1234 aliis

563 1283 907 1338 intercessuri
939 1288 1062 1336 sunt
1091 1279 1418 1344 liberandis;
1452 1294 1518 1331 ne
1554 1284 1661 1329 tam
1707 1273 1858 1344 pauci
1907 1271 2014 1326 sint
2035 1311 2051 1337 ,
2083 1278 2142 1325 ut

560 1374 668 1428 cito
691 1374 758 1427 ad
781 1386 1059 1428 numerum
1079 1385 1234 1425 suum
1254 1369 1348 1424 vel
1373 1368 1655 1432 tricanum,
1681 1365 1761 1420 vel
1787 1376 2138 1433 sexagenum,

1623 347 1712 403 DE
1748 345 2068 403 ClVlTATE
2109 345 2240 413 DEI.
2279 345 2338 402 S.
2380 345 2747 405 AUGUSTINI

3713 353 3823 412 153

2241 459 2325 514 vel
2353 468 2640 515 centenum
2681 473 2998 532 unoquoque
3039 473 3225 518 eorum
3265 464 3641 533 perveniente,
3669 467 3826 526 multi

2243 559 2556 605 remaneant
2579 551 2668 621 qui
2691 552 2807 606 erui
2829 551 2938 624 jam
2971 551 3038 608 de
3082 555 3255 622 paruis
3301 557 3512 612 illorum
3560 558 3825 616 interces-

2241 638 2393 696 sione
2423 655 2528 694 non
2561 642 2792 710 possint,
2819 650 2875 696 et
2919 642 2972 696 in
3011 644 3090 698 eis
3122 645 3419 700 inveniatur
3447 649 3688 718 quisquis
3717 651 3825 706 sibi

2241 743 2390 798 spem
2433 731 2630 786 fructus
2652 732 2808 786 alieni
2855 733 3152 789 temeritate
3188 736 3473 792 vanissima
3520 740 3823 808 pollicetur.

2244 820 2367 874 llzec
2405 837 2505 876 me
2533 823 2889 891 respondisse
2919 823 3040 878 #illis
3061 825 3377 894 suffecerit,
3402 829 3492 899 qui
3547 845 3823 887 saerartim

2242 911 2562 975 Litterarum
2590 954 2606 980 ,
2637 929 2769 983 quas
2793 929 3106 971 communes
3130 915 3385 974 habemus
3406 959 3424 986 ,
3450 922 3820 979 auctoritatem

2243 1020 2348 1063 non
2376 1014 2637 1075 sperarunt
2660 1047 2675 1069 ,
2706 1007 2798 1060 sed
2839 1022 2933 1061 eas
2959 1009 3100 1063 male
3141 1009 3514 1082 intelligendo,
3541 1029 3652 1070 non
3680 1016 3824 1085 quod

2243 1095 2348 1149 illa:
2385 1095 2708 1166 loquuntur,
2732 1096 2825 1150 sed
2872 1097 2976 1154 hoc
3002 1101 3176 1168 potius
3215 1110 3398 1174 putant
3427 1103 3663 1160 futurum
3700 1121 3824 1162 esse

2243 1185 2384 1255 quod
2413 1188 2509 1256 ipsi
2532 1187 2726 1242 volunt
2752 1185 2848 1260 (a).
2880 1189 2988 1245 Hac
3016 1191 3194 1262 itaque
3215 1196 3563 1264 responsione
3591 1199 3822 1268 reddita,

2247 1279 2440 1334 librum
2457 1320 2477 1345 ,
2507 1281 2643 1334 sicut
2671 1283 3011 1351 promisimus
3033 1324 3050 1351 ,
3078 1286 3444 1342 terminamus.

2289 1390 2380 1454 '(a)
2411 1389 2544 1442 Oonf.
2560 1394 2704 1456 Epist.
2733 1392 2836 1454 120,
2862 1408 2914 1445 ιι.
2941 1395 3015 1446 l3.

559 1518 3821 1550 ___________.__——————————-—-——-——————-————-——_—____

935 1603 1450 1754 LIBER
1532 1590 2378 1708 VIGESIMUS
2442 1591 3239 1716 SECUNDUS
3289 1600 3415 1718 (ς),

559 1821 633 1867 De
651 1815 750 1866 ﬁne
768 1814 938 1864 debito
951 1811 1156 1863 civitatis
1175 1809 1279 1868 Dei,
1297 1808 1389 1857 hoc
1406 1812 1484 1856 est
1502 1804 1567 1852 de
1589 1811 1774 1872 aeterna
1790 1797 2024 1870 felicitate
2045 1807 2129 1845 san

622 1875 778 1940 qualis
821 1873 978 1925 futura
1011 1873 1092 1924 sit.
1137 1879 1258 1921 Tum
1293 1871 1420 1919 dicto
1462 1864 1577 1931 quid
1619 1871 1772 1913 acturi
1815 1867 1914 1911 sint
1949 1859 1999 1908 in
2026 1869 2129 1917 cor;

2234 1805 2335 1842 um.
2359 1793 2623 1844 adstruitur
2645 1795 2766 1845 fides
2785 1800 3156 1849 resurrectionis
3184 1797 3455 1866 corporum,
3481 1814 3534 1856 et
3551 1808 3826 1872 explicatur

2234 1867 2308 1905 ms
2346 1855 2693 1908 immortalibus
2721 1866 2871 1921 atque
2904 1861 3233 1922 spiritualibus
3254 1868 3456 1929 sanctis,
3501 1881 3623 1932 opus
3644 1875 3821 1921 termi-

623 1945 782 1989 natur.

2005 2020 2370 2080 «mea»

565 2131 820 2231 ’ωΡυτ
855 2164 1140 2224 PRIMUM.
1165 2192 1238 2205 —
1277 2161 1355 2216 De
1392 2156 1677 2214 conditione
1711 2148 2017 2224 Ληθαίου-ωτι
2057 2127 2128 2197 ρι’

1209 2251 1489 2307 hominum.

631 2375 682 2429 l.
714 2373 861 2430 Sicut
903 2370 955 2425 in
979 2368 1224 2440 proximo
1267 2365 1405 2421 libro
1438 2359 1714 2433 superiore
1761 2351 2132 2426 promisimus,

557 2467 661 2524 iste
703 2464 860 2534 hujus
905 2463 1065 2518 totius
1121 2457 1301 2530 operis
1345 2455 1562 2511 ultimus
1611 2447 2018 2521 disputationem
2066 2442 2136 2498 de

557 2558 786 2613 civitatis
813 2554 907 2616 Dei
932 2564 1130 2608 aeterna
1172 2546 1498 2605 beatitudine
1526 2539 1837 2598 continebit.
1867 2537 1996 2605 Qua:
2026 2549 2131 2590 non

557 2659 776 2720 prepter
801 2646 974 2702 relatis
1001 2659 1096 2714 per
1119 2641 1281 2696 multa
1308 2638 1502 2694 saecula
1532 2632 1929 2706 longitudinem,
1950 2636 2132 2732 tamen

556 2740 998 2811 quandocumque
1024 2733 1329 2799 finiendam,
1351 2727 1662 2787 aeternitatis
1690 2739 1882 2824 nomen
1904 2727 2132 2824 accepiti

553 2831 653 2888 sed
678 2827 1124 2900 quemadmodum
1149 2825 1404 2896 scriptum
1433 2829 1517 2878 est
1541 2821 1591 2876 in
1623 2815 1942 2888 Evangelio,
1968 2812 2132 2883 Regni

555 2922 667 2992 ejus
701 2937 802 2975 non
831 2920 924 2973 erit
966 2919 1083 2986 ﬁnis
1103 2916 1250 2987 (Luc.
1281 2929 1320 2979 I,
1349 2914 1462 2986 35).
1489 2910 1599 2968 Nec
1645 2910 1716 2964 ita
1759 2916 1817 2962 ut
1847 2907 1964 2960 aliis
2011 2918 2129 2958 mo-

554 3010 740 3067 riendo
784 3009 1199 3074 decedentibus,
1236 3005 1356 3060 aliis
1409 2998 1816 3058 succedentibus
1867 2993 2128 3058 oriendo;

556 3101 764 3171 species
794 3101 845 3155 in
875 3115 938 3156 ea
967 3096 1334 3171 perpetuitatis
1361 3099 1651 3163 appareat,
1683 3089 1820 3144 sicut
1861 3086 1911 3141 iu
1939 3084 2130 3139 arbore

553 3208 676 3262 qua:
704 3191 921 3260 perenni
952 3188 1137 3244 fronde
1163 3186 1405 3250 vestitur,
1437 3181 1622 3238 eadem
1650 3177 1862 3234 videtur
1903 3173 2128 3228 virilitas

555 3298 863 3354 permanere
888 3324 904 3348 ,
951 3281 1078 3336 dum
1137 3277 1438 3334 labentibus
1492 3284 1548 3330 et
1592 3269 1901 3327 cadentibus
1964 3265 2124 3332 foliis,

551 3373 776 3428 subinde
801 3374 904 3427 alia
932 3387 1048 3442 quae
1077 3377 1399 3432 nascuntur,
1435 3365 1620 3420 faciem
1649 3366 1972 3418 conservant
1995 3371 2125 3428 opa-

549 3463 888 3519 citatis:scd
931 3475 1117 3516 manes
1167 3460 1219 3514 in
1267 3475 1330 3512 ea
1375 3458 1518 3512 cives
1566 3449 1893 3509 immortales
1933 3458 2124 3515 emat,

548 3552 961 3623 adipiscentibus
1003 3560 1059 3605 et
1098 3549 1434 3614 hominibus,
1468 3544 1606 3618 quod
1646 3558 1914 3615 nunquam
1955 3540 2125 3597 sancti

551 3643 736 3715 Angeli
773 3643 1135 3714 perdiderunt.
1181 3640 1361 3696 Faciet
1391 3640 1491 3694 hoc
1529 3638 1669 3694 Deus
1714 3635 2123 3708 omnipotentiso

545 3736 716 3791 simus
738 3735 855 3806 ejus
879 3733 1143 3790 conditor.
1167 3730 1417 3787 Promisit
1441 3730 1582 3784 eiiim
1606 3770 1622 3796 ,
1654 3743 1753 3784 nec
1781 3726 1994 3782 mentiri
2024 3740 2122 3796 po-

551 3837 687 3894 test;
715 3836 769 3884 et
813 3827 1004 3898 quibus
1051 3827 1210 3882 fidem
1256 3826 1378 3880 hinc
1415 3839 1629 3896 quoque
1673 3823 1914 3889 faceret,
1960 3822 2124 3878 multa

549 3935 676 3986 sua,
701 3927 757 3975 et
782 3935 886 3974 non
917 3918 1174 3988 promissa
1194 3959 1208 3983 ,
1237 3926 1292 3972 et
1321 3917 1577 3986 promissa
1600 3916 1710 3985 jam
1743 3915 1882 3970 fecit.

617 4009 676 4066 2.
717 4009 832 4079 Ipse
858 4018 940 4065 est
963 4009 1140 4074 enim,
1169 4009 1256 4078 qui
1296 4007 1350 4063 in
1397 4008 1655 4078 principio
1693 4007 1928 4063 condidit
1970 4021 2123 4079 mun:

548 4101 697 4166 dum,
723 4071 943 4169 plenum
968 4071 1711 4153 honisonitiibus'visibilibus
1739 4107 1896 4167 atque
1925 4071 2138 4150 intelli3

548 4189 797 4259 gibilibus
824 4189 1018 4256 rebus,
1052 4191 1106 4244 in
1147 4204 1252 4258 quo
1293 4188 1421 4242 nihil
1467 4189 1656 4244 melius
1692 4187 1915 4242 instituit
1965 4202 2120 4256 quam

549 4280 767 4350 spiritus
787 4322 804 4346 ,
827 4281 1023 4350 quibus
1052 4281 1450 4351 intelligentiam
1477 4280 1642 4342 dedit,
1670 4289 1724 4335 et
1748 4294 1857 4334 sua:
1885 4291 2124 4336 contem-

548 4371 798 4442 plationis
820 4370 1024 4427 habiles
1052 4385 1378 4442 capacesquc
1403 4372 1481 4427 sui
1524 4372 1764 4442 prtestitit
1787 4413 1802 4436 ,
1830 4381 1986 4443 atque
2019 4388 2122 4429 una

546 4462 804 4518 societate
833 4462 1070 4518 devinxit
1092 4503 1106 4526 ,
1139 4479 1296 4533 quam
1323 4473 1558 4518 sanctam
1598 4475 1651 4518 et
1677 4479 1959 4534 supernam
1988 4464 2122 4519 dici-

548 4569 668 4608 mus
687 4554 956 4608 civitatem
981 4595 998 4621 ,
1030 4555 1209 4626 inqua
1233 4570 1318 4610 res
1346 4571 1450 4626 qua
1479 4565 1842 4610 sustentantur
1876 4556 2122 4627 beatique

544 4643 672 4708 sint,
696 4643 832 4698 Deus
854 4631 967 4714 ipse
982 4631 1098 4699 illis
1117 4655 1196 4700 est
1221 4686 1235 4712 ,
1269 4655 1513 4718 tanquam
1537 4647 1639 4701 vita
1672 4650 1944 4718 victusque
1969 4662 2119 4702 com-

550 4733 748 4786 munis.
772 4732 874 4801 Qui
900 4733 1124 4788 liberum
1153 4737 1428 4789 arbitrium
1465 4737 1636 4791 eidem
1667 4738 2006 4793 intellectuali
2036 4755 2125 4793 na-

547 4833 680 4877 tura:
706 4824 890 4878 tribuit
914 4825 1019 4879 tale
1037 4865 1052 4890 ,
1081 4833 1137 4878 nt
1161 4825 1204 4880 si
1232 4826 1393 4880 vellet
1411 4866 1426 4891 ,
1449 4827 1720 4883 desereret
1747 4829 1932 4896 Deum,
1949 4829 2120 4885 beati-

545 4911 778 4969 tudinem
806 4915 1007 4970 scilicet
1045 4931 1193 4970 suam
1215 4956 1232 4983 ,
1263 4916 1514 4972 continuo
1565 4919 1774 4974 miseria
1801 4933 2044 4976 secutura
2077 4921 2119 4978 ³.

544 5006 786 5076 Quicum
821 5008 1098 5076 prmsciret
1125 5008 1340 5079 angelos
1369 5008 1624 5070 quosdam
1671 5026 1766 5080 per
1811 5013 2116 5084 elationem,

545 5113 650 5168 qua
679 5097 777 5168 ipsi
811 5099 910 5154 sibi
931 5099 1003 5153 .ad
1030 5101 1233 5156 beatam
1262 5101 1424 5158 vitam
1457 5103 1703 5159 sufficere
1729 5107 1955 5174 vellent,
1989 5113 2120 5166 tanti

550 5190 675 5244 boni
696 5191 1000 5247 desertores
1027 5191 1231 5248 futuros
1244 5236 1262 5260 ,
1290 5211 1397 5250 non
1421 5197 1500 5251 eis
1517 5197 1716 5253 ademit
1741 5198 1878 5255 hanc
1897 5211 2122 5272 potesta-

545 5290 678 5345 tem,
704 5283 969 5351 potentius
987 5293 1048 5338 et
1071 5285 1263 5342 melius
1291 5301 1410 5344 esse
1441 5287 1688 5360 judicans
1723 5293 1881 5348 etiam
1908 5293 1974 5348 de
2003 5310 2118 5350 ma-

550 5370 616 5427 lis
645 5371 969 5452 benefacere
988 5417 1004 5444 ,
1027 5393 1182 5448 quam
1211 5380 1348 5434 mala
1385 5396 1505 5438 esse
1529 5398 1634 5439 non
1665 5384 1842 5454 sinere
1863 5383 1959 5461 (ὁ).
1990 5386 2158 5455 Quas»

609 5505 626 5536 ¹
664 5503 966 5574 ltaiplures‘e
983 5509 1235 5574 veteribus
1255 5512 1407 5574 libris.
1434 5516 1547 5566 Editi
1574 5497 1707 5574 vero,
1733 5526 1784 5569 ut
1812 5520 1857 5572 si
1879 5519 2013 5572 relict
2030 5524 2120 5572 de-

542 5573 891 5676 :(bgglr'ese
916 5568 1252 5622 beatitudinem
1274 5573 1454 5627 scilicet
1489 5592 1640 5640 suam,
1676 5568 1894 5633 confirmo
1908 5568 2120 5636 'iiii’iéiia

587 5641 593 5648 ·
873 5643 921 5676 a.

587 5641 664 5675 εδει
684 5641 921 5676 secutura.

611 5688 682 5802 (ej
715 5690 926 5799 scriptus
938 5692 1128 5741 circiter
1147 5694 1332 5745 initium
1352 5700 1464 5770 anni
1488 5699 1596 5753 427.

611 5748 657 5802 [ὑ
712 5762 804 5799 um
827 5787 838 5800 .
866 5751 951 5802 lib.
982 5754 1031 5802 ll
1052 5755 1117 5802 de
1146 5763 1262 5802 Gen.
1291 5761 1350 5802 ad
1375 5767 1501 5802 ιλιι.-
1535 5779 1563 5802 n

605 5748 677 5806 (ω
712 5748 838 5800 amf.
866 5751 951 5802 lib.
982 5754 1031 5804 ll
1052 5755 1117 5804 de
1146 5763 1262 5808 Gen.
1291 5761 1351 5810 ad
1374 5748 1596 5823 Lithfn.
1621 5764 1678 5815 l3
1699 5775 1749 5816 et
1772 5781 1908 5831 seqq.

2235 2141 2455 2198 omnino
2482 2144 2624 2200 nulla
2649 2155 2828 2203 essent
2851 2190 2867 2212 .
2901 2149 3003 2206 nisi
3029 2159 3216 2208 natura
3246 2154 3536 2226 mutabilis,
3566 2165 3813 2230 quamvis

2241 2232 2409 2303 bona,
2438 2245 2493 2292 et
2515 2253 2546 2292 a
2570 2253 2778 2296 summo
2823 2241 2934 2297 Deo
2972 2253 3134 2314 atque
3172 2245 3587 2306 incommutabili
3632 2253 3777 2310 bono
3800 2296 3821 2320 ,

2243 2327 2331 2398 qui
2364 2328 2501 2383 bona
2527 2333 2707 2388 omnia
2732 2335 3000 2404 condidit,
3025 2337 3294 2406 inStituta,
3320 2345 3589 2412 peccando
3611 2361 3673 2403 ea
3715 2351 3824 2408 sibi

2234 2418 2342 2490 ipsi
2383 2421 2618 2479 fecisset.
2649 2425 2766 2494 Quo
2810 2429 2971 2484 etiam
3004 2442 3235 2501 peccato
3272 2447 3372 2490 suo
3414 2443 3550 2493 teste
3593 2444 3821 2498 convin-

2241 2513 2395 2581 citur,
2428 2514 2620 2572 bonam
2662 2519 2930 2576 co‘nditam
2971 2538 3033 2579 se
3073 2539 3195 2581 esse
3232 2537 3494 2584 naturam.
3534 2531 3643 2588 Nisi
3673 2537 3822 2592 enim

2241 2620 2488 2675 magnum
2509 2616 2564 2662 et
2581 2609 2707 2678 'ipsa
2731 2651 2746 2676 ,
2779 2611 2903 2667 licet
2922 2629 3028 2668 non
3055 2616 3259 2688 aequale
3277 2618 3551 2676 Conditori
3573 2664 3590 2690 ,
3619 2624 3823 2684 bonum

2240 2704 2418 2764 esset,
2446 2697 2687 2768 profecto
2711 2699 2944 2758 desertio
2968 2704 3062 2760 Dei
3087 2715 3333 2779 tanquam
3359 2710 3571 2770 luminis
3590 2717 3673 2770 sui
3705 2734 3825 2773 ma-

2240 2785 2350 2840 lum
2391 2787 2506 2858 ejus
2533 2804 2653 2844 esse
2678 2807 2782 2846 non
2806 2804 2987 2863 posset
3009 2794 3259 2869 (a).'Nam
3280 2801 3419 2857 sicut
3445 2804 3656 2860 ctecitas
3679 2809 3824 2865 oculi

2237 2877 2422 2933 vitium
2450 2887 2567 2946 est,
2597 2891 2650 2936 et
2681 2882 2828 2939 idem
2869 2886 3040 2956 ipsum
3076 2889 3274 2946 indicat
3303 2892 3372 2948 ad
3417 2893 3596 2952 lumen
3628 2899 3822 2956 viden-

2235 2967 2362 3023 dum
2406 2971 2616 3026 oculum
2657 2988 2778 3030 esse
2811 2989 3060 3033 creatum
3085 3021 3102 3046 ,
3132 2996 3196 3036 ac
3227 2997 3329 3053 per
3366 2983 3469 3041 hoc
3507 2989 3669 3044 etiam
3700 2991 3822 3062 ipso

2236 3059 2364 3114 vitio
2375 3075 2473 3115 suo
2484 3062 2828 3120 excellentius
2844 3068 3138 3125 ostenditur
3148 3075 3358 3130 caeteris
3375 3077 3630 3136 membris

2235 3151 2388 3208 brum
2415 3169 2577 3225 capax
2606 3156 2961 3226 luminis(non
2981 3163 3124 3216 enim
3149 3165 3249 3220 alia
3279 3182 3436 3223 causa
3461 3181 3605 3227 esset
3628 3173 3821 3234 vitium

2235 3243 2352 3314 ejus
2379 3261 2565 3303 carere
2589 3248 2811 3322 lumine)
2847 3269 2860 3306 :
2893 3252 2963 3307 ita
2992 3263 3178 3310 natura
3209 3273 3327 3328 qua:
3355 3258 3630 3319 fruebatur
3664 3265 3817 3336 Deo,

2233 3337 2485 3406 optimam
2528 3355 2587 3396 se
2627 3341 2924 3398 institutam
2955 3343 3110 3401 docet
3144 3347 3306 3404 etiam
3353 3350 3467 3421 ipso
3511 3354 3640 3410 vitio
3663 3397 3680 3423 ,
3708 3373 3819 3428 quo

2236 3429 2358 3484 ideo
2400 3431 2593 3487 misera
2640 3442 2762 3501 est,
2793 3439 2916 3506 quia
2959 3453 3065 3493 non
3111 3439 3302 3496 fruitur
3329 3443 3472 3510 Deo;
3515 3447 3606 3518 qui
3631 3463 3816 3506 casum

2231 3521 2540 3590 angelorum
2582 3523 2936 3583 voluntarium
2961 3529 3255 3598 justissima
3288 3548 3443 3604 pinna
3472 3539 3817 3608 sempiterna:

2233 3611 2554 3670 infelicitatis
2578 3615 2862 3673 obstrinxit
2880 3659 2896 3685 ,
2917 3632 3076 3692 atque
3105 3621 3157 3676 iu
3183 3638 3252 3678 eo
3277 3639 3490 3682 summo
3517 3628 3662 3686 bono
3687 3646 3815 3701 per-

2233 3707 2569 3800 t‘nanentibus
2585 3709 2799 3764 caeteris
2823 3751 2838 3776 ,
2871 3719 2928 3766 ut
2953 3711 3020 3766 de
3039 3727 3135 3768 sua
3163 3716 3280 3772 sine
3300 3716 3411 3774 ﬁne
3434 3723 3816 3788 permansioue

2234 3799 2369 3852 certi
2399 3807 2611 3868 essent,
2652 3809 2898 3872 tanquam
2929 3804 3093 3875 ipsius
3119 3811 3393 3878 praemium
3422 3814 3815 3882 permansionis

2229 3887 2394 3946 dedit.
2430 3891 2529 3958 Qui
2560 3891 2682 3948 fecit
2711 3894 2982 3953 hominem
3012 3899 3182 3969 ipsum
3230 3902 3391 3958 etiam
3433 3916 3639 3961 rectum
3686 3923 3811 3963 cum

2232 3979 2422 4036 eodem
2453 3982 2621 4038 libero
2649 3984 2870 4042 arbitrio
2893 4029 2907 4054 ,
2938 4000 3206 4046 terrenum
3232 3995 3444 4065 quidem
3466 3998 3690 4066 animal,
3714 4001 3811 4056 sed

2229 4073 2366 4128 ctelo
2407 4073 2653 4145 dignum,
2703 4078 2747 4133 si
2813 4093 2910 4135 suo
2963 4083 3261 4140 cohaereret
3318 4089 3565 4142 auctori:
3595 4091 3810 4146 miseria

2229 4163 2500 4233 similiter,
2529 4167 2572 4221 si
2605 4184 2723 4222 eum
2756 4168 3030 4228 desereret
3049 4215 3064 4241 ,
3107 4185 3376 4241 secutura,
3405 4179 3578 4249 qualis
3605 4190 3810 4239 natura

2231 4255 2533 4325 hujusmodi
2567 4261 2895 4316 conveniret.
2924 4263 3091 4331 Quem
3119 4266 3365 4323 similiter
3389 4283 3510 4325 cum
3549 4277 3809 4342 praevari-

2229 4349 2439 4405 catione
2485 4349 2616 4421 legis
2653 4351 2746 4407 Dei
2794 4368 2888 4422 per
2925 4354 3018 4410 Dei
3063 4356 3421 4416 desertionem
3465 4375 3808 4432 pecoaturum

2230 4456 2350 4498 esse
2381 4444 2652 4514 praesciret
2677 4485 2694 4510 ,
2726 4461 2825 4501 nec
2857 4446 2930 4501 illi
2973 4448 3170 4504 ademit
3213 4451 3370 4508 liberi
3411 4455 3617 4511 arbitrii
3658 4468 3808 4526 pote-

2229 4542 2443 4600 atatem,
2467 4535 2626 4591 simul
2658 4537 2956 4606 praevidens
2980 4579 2996 4604 ,
3026 4540 3154 4610 quid
3180 4541 3304 4598 boni
3332 4543 3400 4600 de
3425 4547 3564 4600 malo
3593 4548 3711 4618 ejus
3733 4565 3810 4604 es.

2229 4635 2317 4680 set
2366 4627 2479 4697 ipse
2535 4628 2804 4692 facturus,
2835 4631 2924 4700 qui
2962 4631 3030 4686 de
3075 4636 3284 4689 mortali
3321 4639 3577 4708 progenie
3615 4643 3807 4698 merito

2225 4717 2472 4788 justeque
2500 4717 2746 4775 damnata
2778 4729 2978 4776 tantum
3006 4723 3260 4792 populum
3304 4728 3471 4796 gratia
3513 4743 3609 4784 sua
3653 4730 3805 4788 eolli-

2228 4807 2304 4879 git
2325 4849 2342 4872 ,
2369 4818 2426 4862 ut
2455 4809 2577 4864 inde
2606 4812 2880 4881 suppleat,
2906 4822 2960 4867 et
2988 4813 3251 4872 instauret
3274 4828 3480 4888 partem
3506 4837 3626 4891 qua:
3661 4823 3804 4892 lapsa

2228 4909 2312 4956 est
2333 4902 2765 4973 angelorum;ae
2792 4905 2868 4960 sic
2909 4907 2997 4961 illa
3021 4906 3212 4963 dilecta
3253 4920 3308 4965 et
3351 4927 3579 4982 superna
3619 4915 3805 4972 civitas

2229 5007 2338 5046 non
2379 4993 2648 5049 fraudetur
2683 5009 2900 5050 suorum
2950 5013 3172 5055 numero
3213 5001 3442 5071 civium,
3471 5006 3602 5074 quin
3645 5011 3803 5063 etiam

2227 5082 2467 5140 fortassis
2493 5094 2547 5140 et
2575 5085 2821 5143 uberiore
2847 5089 3053 5143 lzetetur
3083 5089 3175 5163 (ὁ).

2227 5196 2454 5253 CAPUT
2477 5197 2694 5254 lL—De
2715 5209 2904 5254 (eterna
2929 5199 3026 5256 Dei
3045 5212 3090 5256 et
3117 5198 3804 5268 iucommitnbili'voluntate.

2300 5329 2354 5384 ί.
2392 5328 2553 5384 Multa
2582 5330 2725 5385 enim
2759 5330 2887 5386 fiunt
2906 5332 3122 5403 quidem
3152 5349 3182 5389 a
3213 5336 3365 5392 malis
3392 5349 3578 5394 contra
3616 5341 3808 5396 volun-

2227 5428 2390 5476 tatem
2424 5419 2515 5476 Dei
2541 5438 2557 5476 :
2586 5422 2680 5477 sed
2701 5432 2860 5478 tantae
2886 5435 2970 5480 est
2999 5425 3090 5482 ille
3115 5428 3389 5498 sapientia:
3413 5439 3683 5504 tantaeque
3708 5435 3810 5489 vir-

2227 5510 2395 5581 tutis,
2425 5519 2488 5568 ut
2529 5512 2584 5568 in
2642 5529 2734 5570 eos
2776 5515 2953 5571 exitus
2995 5518 3108 5575 sive
3152 5517 3322 5589 fines,
3354 5535 3488 5593 quos
3535 5523 3708 5590 bonos
3752 5535 3812 5582 ct

2287 5707 2360 5791 s22
2397 5710 2497 5791 >39.-
2520 5707 2774 5791 echrw»
2801 5722 2853 5762 ιιι
2877 5710 2929 5762 ιο

2285 5771 2360 5834 φ)
2399 5773 2533 5822 Ihid..
2558 5785 2609 5822 ιι.
2639 5771 2689 5824 9.
