4078 6474
232 381 345 437 755⁷

232 506 403 566 jlslos
429 497 547 568 ipse
582 503 841 569 pratscivit
865 547 880 571 ,
912 507 1129 563 tendant
1152 511 1327 566 omnia
1353 555 1367 578 ,
1399 531 1515 585 qua:
1554 519 1806 574 voluntati

233 590 347 657 ejus
373 590 626 646 videmur
652 594 896 650 adversa.
927 599 1004 652 Ac
1034 614 1127 668 per
1154 602 1256 657 hoc
1281 618 1400 658 cum
1436 606 1576 662 Deus
1602 619 1808 665 mutare

234 681 428 735 dicitur
453 684 780 740 voluntatem
800 728 814 751 ,
846 696 905 741 ut
926 688 1118 758 quibus
1155 692 1294 748 lenis
1334 705 1449 751 erat
1471 738 1486 762 ,
1518 698 1664 753 verbi
1689 714 1811 769 gra-

152 800 155 801 ν
240 772 307 827 tia
338 813 356 839 ,
388 773 645 829 reddatur
669 776 866 844 iratus,
897 779 971 833 illi
994 781 1165 849 potius
1194 799 1350 853 quam
1381 787 1493 857 ipse
1520 798 1805 856 mutantur,

236 875 288 919 et
312 880 436 920 eum
467 866 859 937 quodammodo
886 880 1142 928 mutatum
1190 878 1242 930 in
1288 877 1371 934 bis
1395 895 1515 949 qua:
1543 882 1813 951 patiuntur

237 956 515 1011 inveniunt
539 974 555 1012 :
584 958 721 1014 sicut
746 971 979 1017 mutatur
998 964 1076 1019 sol
1106 968 1275 1023 oculis
1294 970 1561 1038 sauciatis,
1583 982 1637 1027 et
1654 988 1814 1042 asper

236 1046 630 1115 quodammodo
654 1064 717 1104 ex
741 1052 887 1118 miti,
917 1061 970 1108 et
996 1070 1059 1109 es
1081 1055 1377 1113 delectabili
1408 1060 1662 1116 molestus
1691 1063 1814 1118 eili-

236 1138 374 1192 citur
394 1179 413 1205 ,
443 1154 565 1194 cum
592 1140 705 1212 ipse
730 1144 869 1212 apud
894 1161 952 1200 se
974 1146 1145 1215 ipsum
1173 1161 1384 1205 maneat
1413 1153 1550 1207 idem
1576 1157 1663 1225 qui
1695 1156 1816 1211 fuit.

238 1228 442 1283 Dicitur
466 1231 626 1285 etiam
653 1235 895 1291 voluntas
932 1237 1057 1304 Dei,
1087 1255 1244 1307 quam
1300 1242 1424 1295 facit
1472 1245 1527 1297 in
1563 1246 1813 1299 cordibus

237 1320 596 1377 obedientium
624 1326 886 1381 mandatis
922 1329 1036 1397 ejus
1055 1371 1071 1395 ,
1098 1331 1165 1383 de
1201 1348 1300 1402 qua
1331 1333 1460 1387 dicit
1489 1335 1772 1403 Apostolus
1793 1375 1809 1401 ,

166 1390 179 1403 ’
237 1408 377 1465 Deus
403 1423 476 1467 est
503 1414 633 1466 enim
652 1457 665 1477 ,
697 1418 783 1485 qui
810 1390 1118 1486 operatur'in
1149 1390 1283 1476 vobis
1320 1434 1367 1477 et
1399 1390 1811 1494 velle-(Philipp:

238 1515 295 1565 ιι,
328 1501 442 1572 15).
472 1503 621 1557 Sicut
641 1505 843 1574 justitia
872 1510 888 1539 ί
922 1510 1035 1573 Dei,
1058 1527 1161 1565 non
1183 1514 1354 1567 solum
1382 1530 1483 1584 qua
1514 1515 1815 1585 ipsejustns

238 1600 319 1646 est
344 1592 683 1662 dicitur,rsed
729 1599 818 1652 illa
866 1601 1027 1655 etiam
1060 1619 1216 1672 quam
1248 1606 1314 1673 in,
1342 1607 1710 1677 homine,,qui
1746 1607 1817 1662 ab

238 1681 330 1735 illo
369 1685 713 1752 justiﬁeatur,
746 1689 871 1743 facit
901 1707 914 1743 :
945 1692 1021 1745 sic
1062 1703 1117 1746 et
1162 1694 1248 1748 lex
1276 1698 1667 1764 ejuswucatur,
1698 1714 1814 1765 quas

240 1772 415 1839 potius
438 1783 519 1827 est
544 1774 815 1831 hominum
838 1820 854 1845 ,
883 1780 976 1834 sed
1001 1782 1068 1836 ab
1096 1782 1212 1850 ipso
1236 1784 1355 1837 data
1385 1787 1427 1839 ².
1475 1786 1607 1841 Nam
1635 1788 1815 1858 utique

238 1862 482 1919 homines
507 1878 658 1921 erant
676 1911 691 1933 ,
720 1870 910 1939 quibus
934 1874 1009 1927 ait
1034 1873 1191 1929 Jesus
1215 1917 1229 1941 ,
1268 1875 1335 1931 In
1365 1880 1471 1949 lege
1498 1890 1658 1933 vestra
1690 1881 1816 1934 scri-

238 1964 383 2022 ptum
426 1969 497 2010 est
524 1956 701 2029 (Joan.
733 1976 839 2026 ιιιι,
876 1964 959 2028 l7)
989 1980 1001 2016 :
1034 1980 1154 2018 cum
1206 1967 1314 2022 alio
1373 1969 1489 2024 loco
1538 1970 1811 2040 legamus,

236 2042 344 2099 Lex
367 2043 464 2100 Dei
490 2050 598 2116 ejus
632 2050 683 2103 in
710 2053 859 2104 corde
879 2053 1243 2127 ipsius.(Psal.
1263 2074 1449 2125 sum,
1462 2061 1593 2129 51).
1620 2063 1815 2117 Secun-

238 2136 362 2191 dutn
395 2139 529 2193 hanc
555 2142 879 2198 voluntatem
896 2186 912 2207 .
940 2162 1097 2217 quant
1127 2149 1274 2205 Deus
1292 2162 1542 2220 operatur
1569 2154 1622 2207 in
1645 2153 1816 2209 humi-

238 2225 397 2281 nibus
417 2267 434 2293 ,
459 2230 618 2284 etiam
666 2232 803 2287 velle
843 2234 1058 2302 dicitur,
1088 2240 1228 2307 quod
1264 2240 1377 2309 ipse
1403 2258 1511 2296 non
1540 2244 1686 2309 vulL,
1719 2246 1816 2300 sed

238 2330 363 2370 suos
391 2318 442 2371 id
471 2320 711 2376 volentes
739 2323 861 2378 facit
887 2343 900 2378 :
930 2326 1069 2381 sicut
1092 2328 1286 2384 dicitur
1309 2334 1642 2401 cognovisse,
1671 2336 1821 2404 quod

238 2416 296 2462 ut
316 2423 741 2480 cognosceretur
772 2417 891 2472 fecit
916 2434 991 2482 ,-a
1030 2421 1221 2489 quibus
1246 2424 1604 2492 ignorabatur.
1634 2427 1815 2497 Neque

235 2501 378 2555 enim
434 2502 646 2561 dicente
689 2508 947 2577 Apostolo
974 2552 1007 2575 ,,
1044 2511 1198 2567 Nune
1251 2526 1415 2570 autem
1463 2531 1813 2588 cognoscentes

236 2591 440 2661 Deum,
468 2596 569 2650 imo
610 2602 796 2669 cegniti
837 2618 869 2654 α
904 2601 1016 2657 Deo
1042 2605 1335 2673 (Galeam,
1366 2609 1458 2679 9),
1502 2610 1580 2665 las
1629 2621 1712 2666 est
1758 2622 1816 2668 ut

235 2683 551 2753 credamus,
582 2689 722 2758 quod
772 2706 863 2746 eos
908 2702 1033 2749 tunc
1074 2697 1384 2765 cognoverit
1425 2700 1565 2754 Deus
1612 2716 1814 2769 pramo-

235 2777 406 2844 gnitos
429 2786 553 2833 ante
581 2782 1015 2839 constitutionem
1038 2788 1217 2841 mundi
1246 2789 1289 2857 (ι
1324 2788 1463 2843 Petr.
1497 2808 1533 2855 ι,
1564 2792 1659 2863 20)
1682 2811 1694 2843 :
1714 2794 1808 2850 sed

238 2874 363 2920 tunc
390 2871 707 2937 cognovisse
736 2873 909 2929 dictus
952 2885 1066 2943 est,
1097 2879 1238 2947 quod
1262 2893 1385 2934 tunc
1423 2892 1479 2936 ιιι
1519 2898 1812 2952 cognosce-

234 2965 383 3010 retur
412 2957 611 3014 ell'ecit.
642 2960 717 3015 De
760 2961 842 3016 his
890 2963 1219 3022 locutionum
1271 2970 1443 3024 modis
1488 2972 1599 3041 jam
1654 2982 1711 3029 et
1756 2975 1811 3029 in

233 3048 598 3117 superioribus
650 3054 800 3109 libris
847 3058 1063 3112 memini
1114 3060 1457 3130 disputatum.
1507 3065 1810 3122 Secundum

236 3139 371 3195 hanc
400 3158 526 3213 ergo
550 3146 895 3211 voluntatem,
923 3165 1026 3219 qua
1057 3152 1223 3207 Deum
1247 3156 1381 3209 velle
1405 3156 1633 3213 dicimus
1660 3159 1804 3229 quod

233 3232 365 3287 alios
392 3233 556 3289 efficit
583 3238 720 3293 velle
743 3280 758 3305 ,
788 3255 819 3293 a
850 3241 1045 3310 quibus
1073 3244 1247 3299 futura
1275 3248 1614 3316 nesciuntur,
1644 3252 1811 3308 multa

236 3322 347 3375 vult
366 3361 383 3387 ,
418 3339 519 3379 nec
544 3324 687 3381 facit.

299 3411 355 3465 2.
387 3411 499 3486 [ΙΙ.]
538 3415 695 3470 Multa
716 3418 858 3473 enim
887 3420 1072 3478 volunt
1097 3423 1210 3479 ﬁeri
1238 3429 1407 3484 sancti
1446 3431 1565 3500 ejus
1606 3433 1676 3488 ab
1718 3435 1814 3491 illo

235 3500 487 3571 inspirata
531 3516 712 3562 sancta
758 3510 1060 3576 voluntate,
1121 3530 1220 3571 nec
1265 3518 1434 3583 fiunt;
1473 3524 1611 3579 sicut
1655 3535 1815 3582 orant

234 3609 327 3661 pro
365 3596 683 3665 quibusdam
726 3602 813 3671 pie
859 3613 1182 3677 sancteque,
1222 3620 1279 3664 et
1313 3614 1451 3679 quod
1495 3626 1652 3670 orant
1703 3633 1807 3674 non

235 3684 353 3740 facit
376 3726 392 3751 ,
418 3702 538 3742 cum
567 3690 680 3759 ipse
708 3692 758 3745 in
785 3694 866 3749 eis
889 3694 1026 3753 hanc
1048 3700 1234 3753 orandi
1258 3703 1586 3761 voluntatem
1616 3722 1809 3767 sancto

231 3771 430 3843 Spiritu
478 3792 578 3832 suo
611 3779 815 3836 fecerit.
847 3786 923 3841 Ac
967 3802 1063 3855 per
1092 3789 1191 3844 hoc
1214 3830 1228 3853 ,
1257 3793 1470 3861 quando
1517 3799 1806 3855 secundum

237 3863 402 3919 Deum
430 3867 615 3922 volunt
640 3879 694 3925 et
717 3883 873 3951 orant
900 3878 1067 3932 sancti
1090 3917 1119 3943 ,.
1141 3889 1199 3935 ιιι
1222 3883 1460 3953 quisque
1483 3887 1551 3940 sit
1590 3890 1766 3946 salvus
1788 3933 1805 3958 ,

232 3968 516 4022 possumus
541 3959 635 4014 illo
679 3964 839 4019 modo
865 3966 1147 4026 locutionis
1182 3972 1362 4030 dicere
1385 4017 1399 4040 ,
1430 3976 1556 4034 Vult
1586 3981 1725 4037 Deus
1754 3994 1816 4040 et

234 4060 334 4099 non
363 4047 524 4113 facit;
554 4060 610 4104 ut
631 4050 801 4121 ipsum
832 4055 1070 4115 dicamus
1108 4064 1245 4118 velle
1266 4107 1281 4131 ,
1311 4067 1401 4135 qui
1432 4078 1489 4124 ut
1526 4074 1690 4127 velint
1721 4076 1807 4130 isti

234 4137 379 4193 facit.
419 4139 725 4197 Secundum
757 4146 901 4201 illam
941 4165 1072 4204 vero
1101 4154 1426 4211 voluntatem
1469 4173 1617 4215 suam
1642 4204 1658 4229 ,
1690 4181 1808 4233 quas

234 4244 357 4284 cum
409 4232 528 4300 ejus
573 4237 907 4304 pnescieutia
951 4242 1284 4310 sempiterna
1316 4256 1437 4314 est,
1469 4232 1720 4319 profecto,
1752 4258 1813 4311 in

233 4322 371 4377 malo
398 4332 456 4377 et
487 4324 539 4379 in
568 4335 709 4383 terra
757 4332 934 4385 omnia
963 4348 1309 4406 quaecumque
1335 4340 1535 4405 voluit,
1565 4360 1671 4400 non
1716 4363 1809 4401 so-

233 4412 339 4467 lum
386 4416 656 4483 prmterita
694 4420 777 4474 vel
816 4425 1137 4492 praesentia,
1164 4429 1257 4481 sed
1300 4430 1460 4486 etiam
1499 4432 1670 4488 futura
1695 4437 1810 4506 jam

231 4504 355 4560 fecit
374 4505 543 4576 (Psal.
566 4524 710 4574 cxtu,
737 4512 913 4583 seu).
939 4516 1132 4573 Verum
1159 4530 1442 4592 antequam
1469 4528 1644 4595 veniat
1668 4504 1809 4583 tem-

231 4614 333 4667 pus
358 4641 374 4664 ,
406 4616 514 4670 quo
539 4602 712 4658 voluit
752 4614 807 4659 nt
850 4607 1002 4662 fieret
1023 4650 1039 4673 ,
1086 4613 1227 4680 quod
1259 4625 1383 4670 ante
1414 4624 1649 4687 tempora
1691 4623 1809 4675 uni-

230 4708 387 4747 versa
412 4696 677 4764 prtescivit
702 4707 858 4768 atque
883 4701 1163 4771 disposuit,
1186 4704 1410 4761 diciums
1426 4750 1439 4774 ,
1464 4709 1579 4765 Fiet
1597 4715 1809 4782 quando

232 4785 380 4840 Deus
408 4788 654 4844 voluerit.
685 4791 739 4845 Si
768 4803 942 4847 autem
971 4810 1074 4849 non
1105 4798 1508 4869 solum-tempus
1530 4819 1636 4872 quo
1671 4804 1809 4861 futu-

231 4891 351 4931 rum
383 4888 503 4944 est,
530 4894 713 4934 verum
738 4884 897 4937 etiam
926 4895 1100 4939 utrum
1132 4886 1363 4943 futurum
1391 4893 1459 4946 sit
1484 4893 1807 4963 ignoramus,

229 4968 494 5034 dicimus,
524 4970 675 5038 Fiet,
712 4975 755 5027 si
789 4974 927 5030 Deus
954 4978 1224 5033 voluerit':
1258 4997 1360 5035 non
1390 4984 1510 5053 quia
1542 4984 1680 5039 Deus
1706 5002 1805 5040 no-

230 5077 356 5116 vam
391 5064 714 5118 voluntatem
737 5107 750 5128 ,
783 5084 939 5135 quam
985 5086 1088 5124 non
1138 5072 1313 5126 halmil
1341 5114 1356 5140 ,
1390 5083 1513 5129 tunc
1556 5075 1807 5145 habebit;

234 5155 330 5209 sed
368 5155 491 5223 quia
541 5156 590 5209 id
621 5157 761 5225 quod
793 5174 857 5212 es
891 5162 1190 5216 :eternitatc
1238 5164 1288 5217 in
1338 5166 1454 5235 ejus
1498 5168 1809 5224 immutabili

235 5258 599 5315 prarparatum'
624 5258 707 5304 est
748 5252 1019 5307 voluntate
1044 5296 1058 5319 ,
1091 5262 1215 5309 tunc
1242 5258 1361 5311 erit.

234 5338 463 5394 CAPUT
512 5339 597 5393 ΙΙΙ.
635 5368 710 5380 -
750 5340 825 5394 De
872 5344 1198 5411 promissione
1238 5357 1439 5401 aeternio
1492 5347 1809 5405 beatitudinis

407 5442 689 5485 sanctorum
712 5442 758 5486 et
785 5435 1035 5502 perpetuis
1062 5437 1320 5504 suppliciis
1349 5439 1635 5506 impiorum.

308 5520 660 5590 Quapropter,
690 5532 746 5575 ut
771 5532 962 5578 caetera
995 5535 1098 5579 tam
1126 5527 1287 5578 multa
1318 5536 1647 5595 prsetereatn,
1678 5531 1813 5585 sicut

267 5695 277 5705 _
304 5635 319 5666 ί
355 5634 428 5705 Sic
453 5639 559 5683 Mss.
592 5640 645 5684 At
668 5634 813 5695 editi,
850 5633 901 5687 in
931 5634 1064 5686 nobis
1098 5641 1145 5686 et
1178 5634 1313 5686 velle.
1353 5635 1480 5686 sicut
1513 5638 1639 5687 enim
1669 5639 1813 5699 justi-

240 5703 557 5865 mﬁﬁiﬁr‘r.
599 5764 791 5821 ctLov.,
819 5758 932 5810 (lata
966 5757 1249 5811 hominibus.
1290 5759 1451 5822 Abest,
1478 5757 1761 5823 hominibus,
1785 5774 1813 5811 a

244 5823 334 5865 \‘iu
366 5855 376 5865 .
404 5828 455 5865 et
479 5826 583 5865 Mss.

244 5823 376 5867 \‘iu'l.
404 5828 455 5869 ct
479 5826 583 5870 Mss.

1345 402 1570 458 LIBER
1614 403 1719 460 \‘lG
1731 406 1971 465 ESIMUS
2009 415 2384 475 SECUNDUS.

3377 435 3479 491 75-5

1915 542 2056 581 nunc
2083 527 2135 582 in
2161 530 2375 613 Christo
2391 535 2629 591 videmus
2653 535 2857 607 impleri
2881 541 3021 611 quod
3055 545 3296 613 promisit
3320 549 3483 599 Abra-

1914 614 2029 684 hm,
2060 617 2274 689 dicens,
2304 612 2375 677 In
2406 627 2592 682 semine
2629 638 2715 683 tuo
2748 631 3099 687 benedicentur
3120 650 3291 689 omnes
3318 646 3487 705 gentes

1916 703 2069 777 (Gen.
2096 725 2224 777 nn,
2254 712 2378 781 18):
2406 714 2476 769 ita
2499 718 2640 787 quod
2667 720 2839 775 eidem
2868 723 3057 777 semini
3087 724 3202 794 ejus
3221 703 3485 795 promisit,

1914 799 2240 869 implebitur,
2271 804 2355 858 ubi
2378 808 2451 860 ait
2473 825 2565 876 per
2586 812 2917 881 prophetam,
2941 817 3218 888 Resurgent
3241 820 3325 887 qui
3346 830 3488 873 erum

1916 891 1969 945 in
1998 898 2365 957 monumentis:
2390 903 2601 969 etquod
2624 905 2717 968 ait,
2741 904 2851 958 Erit
2875 907 3052 961 coelum
3080 926 3262 963 novum
3283 920 3328 963 et
3358 922 3490 964 terra

1917 1000 2045 1037 nova
2063 1027 2089 1052 ν
2106 996 2163 1040 οι
2178 1004 2276 1042 non
2305 1000 2446 1044 erunt
2472 1009 2713 1049 memores
2744 1000 2995 1068 priorum,
3024 1017 3114 1055 nec
3145 1003 3413 1057 ascendant
3437 1007 3490 1056 in

1917 1090 2006 1129 cor
2032 1077 2287 1145 ipsorum;
2316 1082 2405 1135 sed
2434 1082 2726 1141 Irtitianwt
2755 1091 3137 1146 exsultationem
3163 1093 3408 1149 invenient
3437 1096 3491 1148 in

1915 1180 1995 1218 ea.
2031 1167 2158 1223 Ecce
2180 1171 2196 1203 ¹
2226 1189 2316 1242 e91
2346 1175 2528 1241 ['aciam
2555 1177 2838 1237 Jerusalem
2857 1186 3235 1243 exsultationem
3262 1197 3307 1241 et
3335 1205 3494 1258 popu-

1918 1256 2022 1312 lum
2052 1276 2215 1316 meum
2240 1263 2504 1332 latitiam;
2532 1280 2578 1325 et
2604 1273 2867 1327 multabo
2886 1275 2937 1329 in
2969 1274 3249 1331 Jerusalem
3269 1320 3285 1345 ,
3332 1256 3380 1332 et
3405 1280 3493 1333 la:-

1919 1348 2060 1403 tabor
2082 1353 2139 1415 in,
2172 1357 2360 1423 popqu
2388 1376 2533 1425 meo;
2564 1373 2612 1416 et
2651 1366 2785 1419 ultra
2809 1384 2908 1421 non
2948 1369 3179 1423 audietur
3214 1371 3266 1425 in
3305 1388 3364 1425 ea
3397 1387 3495 1425 ros:

1917 1439 2066 1508 ﬂetus
2106 1441 2264 1513 (lsai.
2312 1463 2468 1515 xxw,
2514 1452 2599 1517 l9,
2643 1470 2741 1506 sec.
2786 1456 2962 1523 LXX;
3004 1474 3127 1524 va,
3170 1460 3348 1518 17-19.
3391 1476 3489 1513 sec.

1918 1530 2108 1603 LXX).
2141 1536 2206 1589 Et
2248 1553 2340 1607 per
2365 1542 2525 1596 alium
2556 1546 2863 1615 prophetam
2887 1590 2900 1614 ,
2947 1550 3099 1619 quod‘
3126 1553 3494 1619 praenuntiavit

1917 1623 2098 1680 dicens
2119 1629 2292 1685 eidem
2321 1635 2623 1704 prepbetzn,
2652 1638 2715 1692 In
2740 1650 2960 1711 tempore
2982 1643 3072 1695 illo
3094 1642 3370 1696 salvubitur
3399 1661 3494 1713 pa-

1920 1719 2068 1786 pulus
2084 1730 2198 1775 tuus
2226 1726 2386 1779 omnis
2404 1730 2490 1797 qui
2508 1730 2732 1785 inventus
2759 1732 2906 1803 fuerit
2928 1735 3143 1801 srriptns
3180 1735 3231 1787 in
3254 1734 3380 1788 libro
3406 1749 3425 1788 :
3450 1744 3495 1786 et

1918 1809 2065 1862 multi
2096 1811 2446 1870 dormientium
2472 1818 2525 1871 in
2555 1829 2700 1874 terra:
2730 1824 2930 1886 pulvere
2968 1826 3147 1891 (sive,
3192 1836 3245 1878 ut
3280 1826 3494 1895 quidam

1919 1897 2245 1969 interpretati
2273 1915 2425 1972 sunt,
2453 1908 2669 1983 aggere)
2698 1924 2996 1984 exsurgent;
3030 1916 3083 1968 Ιιί
3105 1917 3157 1968 in
3185 1916 3335 1969 vitam
3358 1927 3493 1971 reter-

1917 2006 2067 2055 nam,
2116 2003 2163 2046 et
2203 1994 2256 2047 lii
2299 1997 2353 2050 in
2398 2002 2721 2069 opprobrium
2763 2014 2811 2058 et
2862 2007 3205 2075 confusionem
3252 2018 3493 2062 (uernam

1919 2080 2086 2155 (Dan:
2123 2101 2222 2149 ιιι,
2258 2088 2279 2142 1
2316 2098 2361 2142 et
2392 2090 2473 2160 2).
2504 2091 2566 2145 Et
2596 2094 2701 2147 alio
2727 2094 2843 2149 loco
2864 2111 2957 2165 per
2982 2098 3226 2152 eumdem
3259 2099 3491 2168 prapbe-

1920 2182 2024 2227 tam
2056 2193 2068 2227 :
2103 2179 2605 2252 Accipient’reguum
2633 2186 2793 2238 sancti
2820 2187 3062 2242 Altissimi
3080 2230 3095 2253 ,
3123 2198 3169 2244 et
3206 2190 3493 2244 obtinebunt

1916 2265 2313 2335 ilindwsquoin
2335 2274 2606 2340 malum,
2648 2285 2694 2329 et
2732 2293 2886 2347 usque
2926 2279 2976 2331 in
3005 2279 3243 2333 saeuiunt
3283 2282 3466 2334 saculo

1916 2372 2027 2408 rum
2053 2356 2159 2429 ('Id:
2195 2376 2283 2421 vn,
2316 2363 2335 2414 i
2347 2362 2425 2430 8).
2452 2363 2518 2417 Et
2539 2367 2695 2435 paulo
2718 2380 2853 2436 post,
2882 2367 3131 2440 Regnum,
3162 2371 3350 2440 inquit,
3378 2373 3491 2444 ejus

1915 2462 2125 2517 regnum
2165 2454 2514 2521 sempiternum
2555 2456 2750 2526 (lbid.,
2776 2459 2893 2531 27).
2928 2462 2986 2514 Et
3027 2463 3125 2514 alia
3153 2479 3268 2531 qum
3294 2464 3360 2518 ad
3392 2463 3492 2518 hoc

1917 2542 2231 2608 pertinentia
2275 2544 2326 2598 in
2367 2546 2505 2599 libro
2545 2550 2797 2605 vicesimo
2834 2556 2979 2621 posui
3040 2556 3174 2623 (cap.
3220 2555 3282 2610 2|
3323 2556 3489 2625 sqq.),

1916 2630 2029 2684 sive
2052 2647 2169 2700 qua:
2197 2648 2300 2687 non
2334 2636 2503 2703 posui,
2535 2648 2589 2691 et
2615 2648 2789 2694 tamen
2822 2642 2873 2695 in
2900 2643 3100 2698 eisdem
3123 2645 3339 2700 Litteris
3359 2648 3488 2699 scri-

1918 2730 2003 2789 pta
2031 2732 2187 2777 sunt:
2220 2726 2433 2781 venient
2458 2737 2513 2782 et
2533 2730 2666 2795 lucc,
2698 2732 2834 2788 sicut
2858 2742 2914 2789 et
2941 2736 3043 2789 ista
3066 2747 3344 2802 venerunt,
3374 2754 3493 2807 qua:

1918 2810 2173 2868 increduli
2218 2831 2323 2869 non
2369 2819 2620 2886 putabant
2663 2837 2783 2877 esse
2820 2833 3064 2879 ventura.
3107 2826 3251 2881 Idem
3297 2826 3494 2897 quippe

1918 2903 2060 2959 Deus
2075 2914 2297 2976 utraque
2315 2910 2574 2977 promisit,
2599 2921 2821 2984 utraque
2844 2925 3063 2971 ventura
3089 2932 3208 2974 esse
3230 2920 3495 2986 pnedixit,

1913 3010 2071 3064 quem
2104 2997 2512 3065 perhorrescunt
2533 3004 2749 3059 numina
2780 3005 3138 3075 Paganorum,
3173 3018 3309 3063 teste
3332 3011 3489 3064 etiam

1916 3084 2229 3157 Porphyrio,
2261 3089 2590 3144 nobilissimo
2615 3092 2930 3163 philosopho
2953 3096 3306 3166 Pagauorum.

1913 3176 2137 3233 CAPUT
2166 3178 2253 3235 IV.
2278 3209 2348 3221 —
2373 3178 2562 3237 Contm
2586 3185 2837 3254 sapientes
2856 3188 3051 3251 mundi,
3076 3189 3165 3258 qui
3187 3200 3370 3259 putant
3393 3200 3491 3244 ter-

1984 3284 2104 3322 rena
2133 3269 2391 3324 hominum
2425 3288 2641 3345 corpora
2679 3274 2749 3329 ad
2780 3277 2976 3332 ceeleste
3011 3279 3349 3334 habitaculum
3387 3297 3492 3335 non

1984 3378 2128 3429 posse
2155 3365 2436 3433 transferri.

1982 3452 2085 3507 Sed
2112 3452 2353 3509 videlicet
2382 3454 2626 3513 homines
2652 3458 2796 3515 docti
2824 3468 2984 3531 atque
3009 3461 3275 3531 sapientes
3301 3472 3489 3519 contra

1912 3544 2016 3599 vim
2047 3554 2206 3600 tantae
2230 3550 2578 3617 auctoritatis,
2606 3566 2725 3624 qua)
2753 3553 2929 3608 omnia
2957 3570 3148 3624 genera
3178 3555 3449 3610 hominum
3468 3599 3484 3621 ,

1913 3637 2047 3692 sicut
2072 3648 2217 3693 tanto
2247 3650 2370 3694 ante
2401 3642 2677 3712 prmdixit,
2709 3646 2761 3699 in
2791 3645 2894 3701 hoc
2917 3647 3237 3703 credendum
3262 3663 3486 3718 speran—

1911 3729 2144 3801 dnmque
2175 3735 2468 3801 convertit,
2512 3744 2666 3791 acute
2703 3738 2802 3791 sibi
2842 3741 3202 3809 argumentari
3241 3740 3487 3795 videntur

1911 3822 2165 3878 adversus
2190 3838 2471 3894 corporum
2500 3829 2963 3897 resurrectionem,
2989 3840 3042 3884 et
3061 3829 3238 3886 dicere
3259 3833 3401 3902 quod
3431 3835 3484 3887 in

1914 3914 2070 3967 tertio
2094 3914 2161 3968 de
2191 3914 2476 3984 Republica
2504 3917 2641 3973 lihrs
2663 3934 2692 3972 ιι
2728 3919 2987 3975 Cicerone
3011 3932 3483 3977 commemoratum

1910 4012 2011 4058 est.
2043 4003 2173 4059 Nam
2202 4019 2321 4060 cum
2362 4005 2638 4062 Herculem
2674 4019 2729 4064 et
2766 4010 3049 4065 Romulum
3075 4028 3140 4067 ex
3183 4012 3485 4067 hominibus

1910 4094 2042 4151 deos
2064 4111 2183 4152 esse
2206 4098 2369 4151 factos
2390 4108 2718 4156 asseveraret
2743 4118 2756 4153 :
2789 4103 3011 4167 Quorum
3033 4119 3131 4156 non
3151 4119 3384 4174 corpora,
3407 4104 3480 4158 in-

1910 4189 2043 4258 quit,
2073 4200 2186 4244 sunt
2212 4193 2263 4244 in
2282 4191 2459 4245 celum
2486 4192 2653 4256 elata;
2681 4210 2841 4263 neque
2857 4196 2987 4249 enim
3009 4206 3189 4248 natura
3210 4196 3481 4266 pateretur,

1911 4288 1966 4332 ut
1988 4280 2043 4332 id
2066 4281 2200 4350 quod
2224 4293 2350 4336 esset
2375 4299 2404 4337 e
2429 4293 2595 4349 terra,
2622 4284 2721 4337 nisi
2748 4285 2803 4338 in
2829 4295 2961 4339 terra
2992 4295 3229 4340 maneret.
3256 4285 3381 4341 Haec
3405 4296 3489 4340 est

1912 4386 2100 4440 magna
2141 4373 2277 4428 ratio
2311 4375 2628 4444 sapientium
2654 4373 2754 4448 (rt);
2785 4391 3009 4446 quorum
3048 4378 3301 4433 Dominus
3340 4378 3490 4433 norit

1910 4463 2277 4531 cogitationes,
2306 4466 2561 4533 quoniam
2584 4479 2733 4520 vana:
2758 4476 2882 4520 sunt
2911 4466 3084 4536 (Psal.
3115 4482 3263 4532 xcm,
3292 4468 3400 4535 ll).
3429 4467 3487 4522 Si

1910 4554 2050 4607 enim
2078 4554 2267 4607 anima:
2303 4556 2669 4609 tantummodo
2700 4571 2975 4621 essemus,
3009 4557 3060 4611 id
3090 4569 3201 4623 est,
3233 4559 3348 4613 sine
3377 4559 3487 4612 ullo

1909 4658 2134 4712 corpore
2165 4645 2413 4714 spiritus,
2449 4656 2502 4701 et
2542 4646 2593 4699 iu
2637 4646 2775 4699 cmlo
2804 4646 3102 4703 habitantes
3131 4658 3338 4703 terrena
3369 4651 3486 4703 ani-

1912 4735 2066 4789 malia
2105 4736 2427 4789 nesciremus
2449 4776 2465 4801 ,
2496 4736 2751 4807 nobisque
2794 4737 3023 4791 futurum
3050 4754 3170 4794 esse
3198 4740 3484 4803 diceretur,

1912 4835 1967 4879 ut
1994 4826 2216 4879 terrenis
2240 4826 2553 4895 corporibus
2571 4828 2870 4883 animandis
2896 4828 3124 4899 quodam
3152 4828 3360 4882 vinculo
3387 4831 3488 4882 mi-

1912 4916 2062 4970 rabili
2103 4924 2466 4982 nectercmur;
2509 4933 2684 4973 nonne
2720 4913 2887 4974 multo
2923 4919 3111 4974 fortius
3146 4928 3486 4988 argumenta-

1912 5022 2093 5062 romur
2124 5006 2175 5060 id
2201 5007 2421 5063 credere
2456 5022 2763 5066 recusantes
2783 5054 2798 5078 ,
2840 5019 2891 5065 et
2918 5010 3215 5065 diceremus
3242 5018 3484 5067 naturam

1912 5113 2018 5151 non
2054 5097 2159 5166 pati
2178 5138 2192 5159 ,
2223 5106 2280 5150 ut
2313 5112 2402 5152 res
2429 5098 2737 5169 incorporea
2769 5100 3054 5169 ligamento
3080 5114 3338 5171 corporeo
3368 5102 3487 5155 vin-

1912 5188 2141 5243 ciretur?
2171 5190 2237 5244 Et
2257 5197 2431 5245 tamen
2456 5190 2611 5262 plena
2633 5200 2716 5246 est
2741 5199 2879 5246 terra
2906 5192 3273 5261 vegetamian
3292 5192 3488 5248 animis

1914 5277 2027 5334 brec
2056 5280 2292 5335 membra
2322 5289 2563 5344 terrena,
2605 5280 2742 5335 miro
2779 5279 2878 5335 sibi
2921 5280 3080 5335 modo
3104 5295 3341 5336 connexa
3371 5283 3393 5314 ²
3432 5292 3489 5338 et

1978 5397 1991 5427 ³
2028 5394 2161 5451 aliti,
2183 5400 2234 5442 Et
2248 5406 2375 5443 ecce.
2401 5391 2646 5451 Particula,
2664 5400 2736 5454 Et,
2757 5394 2898 5445 abest
2917 5405 2946 5442 a
2966 5398 3073 5443 Mss.
3097 5400 3149 5443 et
3170 5405 3197 5443 a
3219 5399 3349 5444 Lxx.
3367 5394 3485 5445 vide

1978 5469 2073 5503 ora.
2094 5456 2179 5503 lib.
2204 5454 2282 5503 20.
2306 5467 2409 5503 can.
2431 5453 2509 5503 21.
2534 5468 2583 5502 ιι.
2607 5454 2655 5503 2.

1913 5469 2073 5518 supra,
2094 5456 2179 5504 lib.
2204 5454 2282 5511 20,
2306 5467 2409 5516 cap.
2431 5454 2509 5511 21,
2534 5468 2583 5502 ιι.
2607 5454 2655 5503 2.
3151 5516 3163 5528 .
3361 5514 3374 5527 .
3427 5515 3441 5527 _

1978 5519 1999 5550 ³
2032 5518 2166 5578 aditi,
2193 5523 2246 5564 Et
2269 5523 2427 5578 tamen
2470 5515 2609 5578 plena
2650 5522 2721 5566 est
2751 5522 2889 5578 terra
2932 5514 3250 5578 metantibus
3291 5528 3481 5575 (omnis,

1915 5577 2085 5648 quibus
2107 5576 2212 5628 ltwc
2247 5575 2669 5648 ntetnbra'terretm
2692 5576 2823 5648 miro
2844 5575 3112 5628 modo'sunt
3125 5590 3363 5648 coniicito,
3386 5587 3481 5628 etc.

1914 5638 2213 5709 (‘astigautur
2228 5639 2511 5709 auctoritate
2532 5647 2758 5709 veterum
2779 5638 3026 5709 librorum3
3057 5639 3255 5709 qui-non
3280 5638 3479 5709 habent.

1916 5697 2100 5763 quibus,
2127 5713 2234 5759 nec,
2258 5705 2366 5749 sunt
2388 5711 2404 5758 ;
2426 5697 2512 5745 sed
2539 5711 2706 5748 omnes
2736 5698 2917 5759 ferunt,
2955 5697 3189 5751 miro'siln'
3211 5698 3352 5750 modo
3375 5711 3483 5749 com

1916 5773 2057 5884 miti)"
2085 5820 2210 5871 οοιιι.
2236 5820 2317 5871 lib.
2339 5821 2402 5870 de
2421 5821 2527 5870 l’ide
2545 5828 2593 5870 et
2614 5821 2846 5883 Symbole,
2869 5836 2916 5871 ιι.
2947 5822 3019 5872 ts.
