4078 6488
1687 250 1802 283 *ιι-4

496 320 604 380 759
641 392 652 400 ,

495 436 589 492 bus
613 478 629 506 ,
660 439 926 505 elabuntur
962 462 1097 520 stt-pe
1139 450 1354 522 privati,
1396 454 1566 512 oblata
1606 463 1783 517 mortis
1807 464 2082 531 celeritate.

495 527 790 591 Civitatibus
830 549 997 595 autem
1040 559 1175 599 mors
1203 544 1314 617 ipsa
1352 566 1501 618 poena
1539 563 1612 608 est
1636 595 1652 617 ,
1692 553 1806 626 q'ute
1830 558 2025 613 videtur
2051 577 2084 613 α

495 638 646 690 pana
663 627 890 698 singulos
914 630 1187 690 vindicare.
1227 635 1383 694 Debet
1423 642 1555 695 enim
1584 646 1854 700 constituta
1877 648 1951 700 sic
1975 666 2082 704 esse

488 712 661 768 civitas
680 758 695 782 ,
728 728 780 770 ut
805 731 992 776 (eterna
1017 727 1101 778 sit.
1129 725 1308 798 Itaque
1336 731 1507 787 nullus
1535 735 1765 791 interitus
1799 749 1873 793 est
1910 742 2083 810 reipu-

485 801 631 858 blicae
658 811 932 878 naturalis,
964 827 1017 868 ut
1042 816 1260 874 hominis
1278 863 1292 884 ,
1321 823 1373 878 in
1398 841 1501 895 quo
1529 842 1664 882 mors
1685 845 1785 882 non
1810 833 1957 886 modo
1986 851 2077 888 ne-

482 896 700 948 cessttria
729 908 835 966 est,
870 919 1040 958 verum
1076 908 1225 962 etiam
1251 914 1476 982 aptanda
1493 932 1736 988 μετεωρο.
1769 919 1956 976 Civitas
1983 940 2078 976 au-

482 995 582 1039 tem
605 1005 719 1042 cum
747 992 961 1061 tollitur,
989 997 1202 1068 deletur,
1233 1005 1571 1077 exstinguitur
1597 1025 1618 1064 :
1643 1007 1811 1067 simile
1847 1023 1918 1067 est
1947 1031 2072 1084 quo-

481 1077 754 1134 dammodo
780 1083 862 1154 (ut
885 1104 1041 1158 parva
1063 1093 1262 1164 magnis
1279 1097 1620 1171 conferamus)
1647 1118 1708 1156 ac
1734 1104 1780 1157 si
1802 1105 1969 1160 omnis
1990 1107 2074 1160 Itic

480 1170 698 1226 mandas
736 1175 950 1232 intereat
993 1190 1041 1234 et
1080 1185 1333 1240 concidat.
1373 1189 1484 1244 lloc
1526 1170 1648 1248 ideo
1685 1193 1819 1250 dixit
1843 1196 2068 1265 Cicero,

478 1261 600 1328 quia
644 1267 897 1322 mundum
939 1288 1045 1327 non
1087 1274 1421 1335 interiturum
1457 1297 1577 1338 cum
1617 1283 1902 1342 Platonicis
1939 1304 2069 1344 sen-

478 1352 561 1406 tit.
595 1352 818 1413 Consmt
866 1377 995 1430 ergo
1039 1382 1162 1420 cum
1200 1385 1296 1437 pro
1333 1387 1395 1426 ea
1421 1375 1592 1430 salute
1617 1376 1812 1433 bellum
1837 1381 2070 1439 voluisse

479 1447 678 1518 sitscipi
705 1464 732 1501 a
764 1452 980 1510 civitate
1002 1498 1016 1521 ,
1048 1474 1150 1527 qua
1177 1460 1229 1514 ﬁt
1265 1474 1316 1520 ut
1347 1481 1560 1524 maneat
1585 1469 1672 1526 hic
1696 1473 1902 1546 civitas,
1931 1478 2072 1535 sicut

478 1535 628 1602 dicit,
649 1549 871 1606 :cterna,
893 1552 1131 1615 quamvis
1154 1556 1504 1614 morientibus
1529 1569 1584 1616 et
1602 1567 1940 1624 nascentibus
1958 1569 2072 1624 sin-

413 1643 430 1652 ο
475 1627 645 1696 gulis;
673 1632 810 1688 sicut
840 1641 1086 1706 perennis
1106 1653 1188 1697 est
1211 1647 1448 1715 Opacitas
1468 1651 1604 1708 oleae
1624 1654 1709 1710 vel
1737 1656 1891 1725 lauri,
1909 1669 2071 1730 atque

475 1720 776 1792 hujusmndi
799 1738 1108 1788 camerarum
1125 1738 1398 1809 arborum,
1411 1743 1740 1815 singulorum
1755 1749 1906 1820 lapsu
1922 1763 2072 1810 ortu-

471 1825 577 1880 que
595 1814 1022 1890 liliorunnlllors,
1043 1819 1260 1899 quippe,
1281 1843 1337 1887 ut
1356 1814 1510 1904 dicit,
1536 1853 1642 1894 non
1661 1814 1937 1899 hominum
1956 1847 2068 1902 sin-

469 1903 712 1973 gulorum
736 1911 828 1965 sed
855 1914 1117 1974 universa:
1146 1937 1303 1990 paena
1327 1936 1411 1982 est
1437 1929 1684 2000 civitatis,
1711 1952 1828 2005 qtae
1851 1953 1883 1991 a
1909 1955 2064 2009 pana

469 1995 785 2072 plerumque
813 2005 1054 2077 singulos
1082 2014 1333 2072 vindicat.
1364 2018 1515 2077 Unde
1544 2026 1736 2082 merito
1771 2031 2061 2100 quaeritur,

470 2096 649 2144 utrum
695 2101 839 2150 recte
878 2096 1099 2155 fecerint
1138 2102 1456 2176 Saguntini,
1501 2115 1715 2184 quando
1759 2096 2061 2178 universam

466 2190 620 2235 suam
646 2183 910 2242 civitatem
943 2190 1162 2248 interire
1187 2197 1507 2266 maluerunt,
1522 2183 1694 2274 quam
1724 2209 1888 2265 ﬁdem
1913 2205 2069 2267 irati:

466 2285 623 2343 gere,
655 2290 759 2346 qua
786 2295 906 2334 cum
957 2281 1072 2353 ipsa
1117 2285 1356 2346 Romana
1388 2298 1660 2364 republica
1694 2305 2015 2360 tenebantur
2042 2325 2056 2361 :

465 2363 520 2418 in
563 2380 669 2436 quo
712 2383 809 2425 suo
848 2371 984 2431 facta
1031 2377 1313 2438 laudantur
1340 2386 1408 2440 ab
1434 2363 1741 2448 luminibus
1775 2395 1789 2427 ⁸
1835 2405 2060 2456 terrenae

467 2458 775 2530 reipublicae
815 2466 1020 2525 civibus
1062 2473 1166 2544 (a).
1205 2474 1313 2532 Sed
1351 2482 1620 2548 quomodo
1661 2484 1784 2540 huic
1817 2487 2058 2559 disputa-

465 2548 597 2604 tioni
628 2564 847 2620 possent
876 2559 1117 2627 obedire,
1149 2580 1256 2622 non
1285 2568 1479 2638 video,
1517 2573 1606 2627 ubi
1631 2576 1826 2632 dicitur
1851 2548 2056 2637 nullum

462 2643 858 2714 suseipiemlum
885 2665 1006 2707 esse
1033 2655 1230 2713 bellum
1254 2698 1270 2724 ,
1301 2662 1402 2717 nisi
1429 2673 1522 2719 aut
1550 2681 1648 2735 pro
1675 2669 1798 2734 ﬁde,
1833 2682 1926 2726 aut
1955 2689 2058 2743 pro

462 2732 637 2790 salute
666 2754 680 2791 :
717 2753 819 2794 nec
854 2740 1069 2810 dicitur,
1102 2749 1146 2802 si
1192 2750 1250 2805 in
1275 2768 1445 2809 unum
1466 2757 1628 2812 simul
1659 2763 1954 2830 perieulum
1984 2767 2058 2823 ita

462 2827 573 2884 duo
600 2832 695 2887 ista
726 2843 1115 2906 concurrerint,
1147 2857 1205 2901 ut
1235 2851 1404 2904 teneri
1430 2852 1658 2908 alterum
1689 2857 1806 2913 sine
1835 2859 2055 2918 alterius

461 2923 754 2982 amissione
799 2945 908 2986 non
953 2936 1164 3006 possit,
1207 2940 1334 3011 quid
1386 2943 1454 2998 sit
1502 2947 1678 3016 potius
1720 2949 2048 3022 eligendum.

464 3013 708 3072 Proiecto
748 3023 890 3078 enim
930 3025 1206 3100 Saguntini
1247 3036 1290 3088 si
1336 3013 1560 3095 salutem
1597 3013 1887 3113 eligerent,
1919 3046 2052 3104 ﬁdes

460 3106 544 3158 eis
582 3107 754 3166 fuerat
796 3115 1090 3174 deserenda
1123 3141 1136 3177 :
1178 3125 1222 3178 si
1271 3125 1403 3183 ﬁdes
1441 3134 1668 3188 tenenda
1701 3176 1716 3194 .
1757 3139 2048 3194 amittenda

461 3200 642 3269 utique
663 3205 830 3274 situs,
853 3210 991 3265 sicut
1013 3223 1067 3267 et
1096 3214 1288 3272 factum
1312 3231 1414 3278 est.
1437 3222 1593 3279 Salus
1617 3237 1792 3282 autem
1819 3231 2048 3290 civitatis

461 3291 556 3347 Dei
598 3296 718 3351 talis
754 3310 865 3367 est,
899 3313 959 3360 ut
1001 3322 1120 3362 cum
1168 3310 1272 3366 ﬁde
1310 3327 1374 3369 ae
1404 3331 1498 3385 per
1527 3317 1684 3374 ﬁdem
1727 3324 1932 3387 teneri,
1963 3327 2050 3382 vel

456 3385 635 3451 potius
677 3392 879 3460 acquiri
927 3398 1141 3464 possit;
1184 3402 1288 3458 ﬁde
1326 3415 1504 3461 autem
1543 3410 1748 3478 perdita
1773 3455 1788 3476 ,
1831 3414 1896 3468 ad
1923 3385 2047 3471 eam

454 3476 681 3546 quisque
707 3485 891 3538 venire
937 3501 1042 3542 non
1085 3495 1270 3559 possit.
1319 3497 1447 3564 Qua:
1473 3501 1725 3570 cogitatio
1757 3505 2042 3562 lirmissimi

453 3581 516 3618 ac
545 3570 912 3637 patientissimi
945 3581 1145 3647 cordis,
1174 3594 1252 3641 tot
1279 3602 1341 3642 ac
1367 3598 1540 3646 tantos
1580 3606 1842 3668 martyres
1877 3597 2042 3668 fecit,

453 3659 664 3723 qualem
694 3679 759 3718 ne
788 3683 947 3725 unum
974 3674 1194 3743 quidem
1235 3679 1452 3749 habuit,
1483 3684 1565 3740 vel
1609 3686 1807 3745 habere
1835 3693 2001 3761 potuit
2023 3735 2038 3761 ,

452 3755 669 3819 quando
695 3767 778 3812 est
806 3759 937 3816 deus
965 3767 1197 3822 creditus
1229 3769 1504 3828 lionmlus.

452 3865 678 3923 CAPUT
717 3869 827 3926 VII.
849 3904 921 3915 —
942 3875 1100 3944 Quod
1120 3893 1172 3934 ut
1202 3885 1420 3942 mundus
1444 3888 1496 3942 in
1519 3889 1772 3947 Christum
1795 3896 2060 3966 crederet,

556 3960 752 4018 virtutis
777 3967 930 4037 fuerit
953 3971 1159 4040 divinas,
1179 3991 1277 4030 non
1315 3985 1653 4047 persuasionis
1682 3988 1935 4045 hiemante.

522 4073 627 4130 Sed
656 4079 809 4136 valde
836 4083 1118 4142 ridiculum
1139 4098 1240 4158 est,
1263 4091 1329 4146 de
1350 4093 1560 4152 Remuli
1579 4100 1708 4155 falsa
1735 4102 2034 4172 divinitate,

448 4179 570 4220 cum
598 4167 664 4221 de
687 4170 904 4229 Christo
926 4176 1210 4248 loquimur,
1237 4182 1414 4242 facere
1436 4189 1783 4251 mentionem.
1810 4193 2035 4252 Verum-

449 4264 624 4314 tamen
642 4275 762 4336 cum
776 4267 1042 4323 sexcentis
1057 4270 1383 4334 lenneannis
1393 4288 1516 4335 ante
1529 4281 1836 4342 Ciceronem
1850 4287 1926 4359 (b)
1937 4288 2038 4344 Ro-

449 4350 623 4407 mulus
638 4351 814 4423 l‘uerit,
827 4367 986 4427 atque
1004 4361 1088 4416 illa
1109 4374 1238 4420 aetas
1247 4366 1358 4437 jam
1380 4368 1543 4426 fuisse
1558 4372 1815 4433 doctrinis
1829 4350 2036 4438 dicatur

444 4445 682 4515 exculta,
702 4459 760 4504 ut
783 4453 926 4522 quod
953 4455 1082 4511 ﬁeri
1113 4474 1218 4515 non
1244 4471 1438 4533 potest,
1469 4479 1628 4524 omne
1656 4469 1677 4500 ³
1705 4485 1981 4541 respueret
2019 4493 2032 4530 :

442 4546 644 4604 quamo
671 4543 840 4611 magis
860 4554 979 4614 post
997 4561 1284 4608 sexcentos
1302 4569 1475 4614 annos
1501 4559 1667 4629 ipsius
1687 4569 1929 4635 tempore
1943 4565 2034 4622 Ci-

441 4631 675 4698 ceronis,
695 4634 1029 4709 maximeque
1050 4652 1232 4711 postea
1247 4646 1348 4702 sub
1364 4649 1602 4720 Augusto
1616 4662 1777 4724 atque
1793 4631 2029 4722 'l‘iherio,

443 4723 821 4782 eruditioribus
835 4729 1016 4801 utique
1031 4736 1376 4804 temporibus,
1393 4746 1839 4803 resurrectionem
1853 4749 2032 4804 carnis

442 4816 637 4873 Christi
663 4829 824 4891 atque
844 4823 898 4878 in
913 4825 1106 4881 oculum
1127 4831 1514 4896 ascensionem,
1541 4845 1787 4909 tanquam
1820 4840 1870 4896 id
1889 4845 2032 4912 quod

445 4908 557 4960 ﬁeri
587 4924 694 4964 non
726 4922 922 4982 potest,
951 4929 1104 4971 naeus
1139 4917 1367 4974 htuuana
1397 4921 1537 4978 ferre
1554 4908 1658 4981 non
1687 4939 1886 4998 posset,
1914 4933 2031 4988 elu-

441 4997 677 5070 densque
688 5001 755 5057 ab
766 5004 984 5061 auribus
996 5008 1351 5080 cordibusque
1367 5019 1768 5084 respueret,nisi
1782 4997 1898 5076 eam
1916 5023 2027 5080 ﬁeri

441 5093 692 5160 potuisse,
723 5105 886 5167 atque
913 5098 1106 5156 iactam
1137 5118 1258 5159 esse
1283 5105 1537 5162 divinitas
1567 5110 1733 5180 ipsius
1765 5115 2023 5185 veritatis,

441 5182 522 5236 vel
564 5183 854 5243 divinitatis
893 5191 1114 5262 veritas,
1160 5203 1214 5250 et
1251 5201 1603 5256 contestantia
1650 5182 2026 5264 miraculorum

441 5359 470 5409 ὁ
503 5302 519 5330 ¹
555 5299 689 5350 \‘lnd.
717 5310 815 5351 Am.
843 5310 917 5354 Er.
943 5314 996 5356 et
1025 5321 1176 5372 ιιι-ονε
1209 5325 1383 5362 omnes
1412 5317 1724 5379 manuscripti
1744 5351 1760 5379 ,
1781 5317 1844 5368 ab
1871 5321 2028 5370 anuli-

473 5373 543 5408 tts.
1369 5406 1371 5409 .

473 5373 543 5408 ιικ.

503 5424 522 5505 ξ
553 5422 692 5505 l‘tdit'l,
715 5438 854 5475 omne
873 5427 1089 5505 eludens.
1115 5434 1522 5505 AhestLCIItdeils,
1547 5452 1576 5487 a
1597 5442 1960 5505 manuscriptis.

505 5487 578 5576 ηρ
612 5487 726 5576 :‘id?
749 5502 912 5558 supra,
935 5491 1016 5563 lib.
1043 5493 1220 5576 5,Imp.
1246 5498 1324 5548 20.
1510 5487 1520 5495 ’
1631 5574 1637 5576 Α
1663 5569 1676 5576 Δ
1744 5573 1762 5576 Α
1801 5563 1814 5576 ¹

500 5546 573 5609 (b)
613 5546 877 5628 LII-ttuvileus
900 5546 1365 5628 sives'legendum
1397 5568 1551 5628 putat,
1594 5569 1704 5613 ante
1734 5563 2025 5628 Scipionem,

434 5607 632 5680 nempe”
655 5607 954 5680 milianum
973 5650 987 5672 ,
1011 5620 1094 5680 qui
1140 5607 1378 5672 inducitur
1400 5607 1940 5679 ldiss‘erens'inﬂlibris
1962 5607 2028 5678 ei

434 5673 514 5730 Re;
535 5668 711 5743 ttblica.
760 5668 1087 5743 lovanienses
1131 5668 1238 5743 ejus
1260 5668 1810 5742 'dﬁljeéia'raifsc'cun
1868 5689 2026 5740 locum

433 5734 702 5786 emendare
725 5744 935 5807 tentant,
974 5742 1060 5790 sed
1087 5734 1473 5807 refugaantibus
1496 5734 1638 5798 editis
1657 5734 1854 5801 aliis—ct
1868 5734 2028 5803 Exhin-

435 5800 528 5850 uus
548 5804 903 5868 manuscriptis.

1519 401 1525 405 .
1573 344 1661 402 DE
1697 347 2019 406 CIVITATE
2060 350 2194 420 DEI,
2233 353 2292 411 Β.
2332 358 2702 422 AUCUS'I'INI

2195 469 2347 540 signa
2374 489 2730 538 monstrarent
2755 499 2772 550 ;
2801 495 2858 540 ut
2879 491 3200 548 terrentibus
3220 503 3274 549 et
3293 500 3785 561 contradicentibus

2189 568 2296 615 tam
2315 567 2492 622 multis
2521 578 2734 642 tantque
2748 578 2952 646 magnis
2968 585 3442 656 persecutiouibus,
3471 596 3782 661 prmccdcus

2187 649 2240 704 in
2276 653 2508 725 Christo,
2545 661 2738 720 deinde
2761 667 2826 720 ad
2855 685 3050 726 novum
3089 677 3342 734 saeculum
3375 682 3423 734 in
3454 688 3661 740 caateris
3691 703 3781 744 sc-

2184 755 2369 800 cutura
2399 755 2720 810 resurrectio
2759 767 2920 829 atque
2950 761 3319 823 immortalitas
3353 775 3528 830 carnis
3557 787 3612 832 et
3641 779 3780 835 ﬁde-

2183 833 2386 894 lissime
2430 843 2764 914 crederetur,
2795 860 2850 904 ct
2875 855 3257 920 praedicaretur
3285 861 3566 934 intrepide,
3595 877 3650 922 et
3682 887 3780 939 per

2181 927 2364 983 orbem
2414 941 2568 989 terra:
2624 941 2934 1006 pullulzotura
2989 945 3266 1005 Ieeuudius
3312 968 3432 1009 eum
3478 969 3774 1032 martyrum

2179 1020 2432 1088 sanguine
2459 1037 2743 1082 sereretur.
2793 1031 3123 1102 Legebantur
3151 1041 3295 1096 enim
3339 1049 3599 1113 praeconia
3631 1067 3774 1119 pra:-

2177 1112 2420 1178 cedcntia
2448 1117 2466 1148 ⁸
2491 1118 2896 1193 Prophetarum,
2922 1135 3330 1214 concurrebant.
3357 1148 3565 1195 ostenta
3604 1143 3775 1198 virtu-
3851 1175 3866 1193 ι

2176 1212 2312 1275 tum,
2343 1219 2397 1264 et
2428 1216 2846 1281 persuadebatur
2871 1225 3064 1280 veritas
3086 1245 3219 1283 nova
3243 1212 3635 1306 consuetudini,
3660 1256 3769 1296 non

2175 1301 2440 1354 contraria
2472 1306 2686 1369 rationi,
2717 1307 2889 1366 donec
2916 1315 3062 1369 orbis
3093 1326 3251 1374 teme
3275 1323 3364 1392 qui
3407 1330 3767 1398 persequeba-

2175 1396 2262 1444 tur
2304 1391 2504 1461 furore,
2533 1411 2850 1466 sequeretur
2879 1403 2982 1460 ﬁde
3010 1407 3053 1459 ³.

2173 1501 2400 1560 CAPUT
2440 1507 2570 1564 νιιι.
2592 1541 2661 1551 —
2689 1512 2764 1568 De
2785 1516 3042 1573 miraculis
3074 1539 3187 1592 qum
3209 1534 3262 1577 ut
3287 1530 3504 1582 mundus
3533 1532 3585 1586 in
3615 1532 3767 1588 Citri-

2243 1605 2376 1649 stum
2399 1599 2620 1656 crederet
2645 1605 2781 1675 facta
2813 1619 2948 1675 sunt,
2977 1621 3026 1664 et
3049 1613 3163 1681 ﬁeri
3188 1617 3385 1670 mundo
3402 1622 3634 1677 credente
3659 1642 3768 1680 non

2243 1685 2496 1744 desinunt.

2243 1799 2296 1853 1.
2325 1799 2454 1868 Cur,
2485 1804 2751 1875 inquiunt,
2781 1825 2921 1868 nunc
2942 1812 3028 1868 illa
3059 1816 3332 1885 miracula,
3360 1839 3477 1891 qum
3505 1827 3764 1896 praedica-

2171 1891 2238 1945 tis
2264 1891 2397 1947 facta
2423 1910 2560 1958 esse,
2595 1914 2700 1954 non
2730 1901 2906 1958 ﬁunt?
2937 1905 3151 1962 PoSsem
3179 1912 3391 1979 quidem
3431 1915 3631 1976 dicere.
3663 1937 3763 1975 ne-

2167 1985 2395 2038 cessaria
2435 1985 2600 2044 fuisse
2645 1992 2950 2064 priusquam
2994 2000 3238 2056 crederet
3267 1998 3493 2061 mundus
3513 2049 3528 2075 ,
3559 2011 3624 2064 ad
3657 2011 3768 2067 hoc

2166 2085 2223 2129 ut
2249 2077 2490 2134 crederet
2510 2083 2752 2140 mundus.
2773 2087 3024 2158 Quisquis
3044 2093 3217 2149 adhuc
3238 2099 3474 2169 prodigia
3500 2110 3557 2156 ut
3571 2107 3763 2162 credat

2167 2166 2409 2237 inquirit,
2469 2188 2718 2243 magnum
2759 2190 2841 2234 est
2891 2182 3004 2252 ipse
3047 2186 3366 2258 prodigium,
3397 2166 3504 2262 ⁷(ιιιὶ
3555 2197 3758 2250 mundo

2164 2259 2416 2318 credente
2447 2280 2551 2318 non
2591 2268 2779 2323 credit.
2817 2272 3008 2328 Verum
3043 2277 3142 2332 hoc
3173 2279 3292 2335 ideo
3319 2282 3524 2352 dicunt,
3555 2297 3610 2341 ut
3652 2304 3763 2346 nec

2165 2362 2290 2409 tunc
2332 2357 2418 2412 illa
2450 2361 2702 2418 miracula
2729 2363 2864 2420 facta
2916 2367 3075 2425 fuisse
3104 2374 3407 2431 credantur.
3441 2377 3593 2434 Unde
3622 2396 3756 2451 ergo

2165 2447 2305 2494 tanta
2359 2443 2461 2498 ﬁde
2489 2444 2734 2502 Christus
2773 2467 3147 2526 usquequaque
3175 2470 3419 2515 cantatur
3461 2464 3511 2516 in
3551 2443 3755 2522 cmluvm

2161 2546 2283 2585 cum
2331 2549 2498 2590 carne
2533 2538 2820 2597 sublatus?
2849 2545 2989 2599 unde
3039 2551 3366 2619 temporibus
3406 2556 3652 2621 eruditis,
3694 2568 3758 2614 et

2164 2638 2324 2682 onme
2363 2628 2506 2697 quod
2547 2630 2664 2687 fieri
2688 2651 2793 2691 non
2822 2648 2995 2707 potest
3040 2646 3430 2711 respueutibus,
3462 2648 3576 2703 sine
3625 2652 3752 2707 ullis

2162 2717 2434 2775 miraculis
2483 2723 2706 2782 nimium
2762 2729 3076 2785 mirabiliter
3137 2733 3464 2791 incredibilia
3521 2741 3751 2798 credidit

2159 2809 2434 2868 mundus?
2458 2814 2538 2870 An
2572 2815 2705 2871 forte
2745 2819 3016 2875 credibilia
3066 2821 3248 2890 fuisse,
3289 2837 3342 2880 et
3386 2827 3506 2882 ideo
3543 2831 3752 2886 credita

2156 2916 2278 2959 esse
2307 2905 2495 2961 dicturi
2527 2911 2691 2964 sunt?
2719 2911 2827 2967 Cur
2854 2929 2982 2983 ergo
3013 2915 3112 2986 ipsi
3136 2933 3240 2972 non
3261 2921 3528 2976 credunt?
3558 2923 3747 2981 Brevis

2157 3007 2238 3051 est
2269 2997 2429 3068 igitur
2471 3011 2656 3057 nostra
2687 3007 2986 3074 complexio
3015 3027 3028 3062 :
3058 3012 3166 3064 Aut
3196 3011 3522 3070 incredibilis
3568 3018 3646 3072 rei
3678 3017 3700 3048 ³
3723 3058 3752 3086 ,

2155 3102 2274 3158 qua:
2303 3105 2408 3145 non
2451 3091 2751 3164 videbatur,
2780 3098 2877 3151 alia
2911 3099 3268 3170 incredibilia,
3291 3121 3409 3174 qua:
3438 3116 3614 3162 tamen
3643 3107 3742 3164 ﬁe-

2152 3180 2282 3237 bant
2307 3195 2363 3238 et
2405 3185 2734 3257 videbantur,
2765 3189 3003 3246 fecerunt
3030 3193 3187 3249 ﬁdem
3213 3212 3229 3260 ;
3259 3205 3350 3250 aut
3378 3209 3525 3254 certe
3553 3215 3640 3255 res
3669 3202 3747 3256 ita

2152 3277 2438 3344 credibilis,
2468 3290 2523 3333 ut
2544 3281 2702 3338 nullis
2728 3283 2920 3353 quibus
2938 3287 3350 3356 persuaderetur
3375 3293 3645 3348 miraculis
3667 3295 3742 3350 in-

2149 3366 2375 3439 digeret,
2407 3370 2626 3426 istorum
2659 3373 2876 3430 nimiam
2909 3379 3177 3449 redarguit
3203 3379 3593 3439 inﬁdelitatem.
3625 3386 3742 3442 Hoc

2148 3458 2217 3514 ad
2263 3461 2578 3518 reiellendos
2628 3467 2946 3543 vanissimas
2994 3471 3242 3527 dixerim.
3273 3474 3404 3530 Nam
3451 3476 3586 3531 facta
3616 3492 3741 3536 esse

2149 3553 2311 3608 multa
2357 3555 2654 3626 miracula,
2689 3575 2808 3630 tunc
2859 3570 3255 3622 attestarentur.
3283 3567 3353 3621 illi
3407 3569 3494 3622 uni
3541 3571 3740 3639 grandi

2147 3645 2450 3717 salubrique
2493 3648 2774 3718 miraculo,
2826 3669 2931 3722 quo
2981 3653 3222 3712 Christus
3266 3659 3316 3712 in
3366 3661 3561 3716 cmlmn
3608 3677 3733 3718 cum

2146 3752 2306 3795 carne
2335 3739 2388 3795 in
2414 3756 2517 3814 qua
2557 3745 2866 3812 resurrexit,
2895 3749 3154 3815 ascendit,
3187 3767 3380 3822 negare
3407 3769 3511 3809 non
3543 3770 3737 3824 possu-

2144 3844 2284 3885 mus.
2333 3829 2389 3888 ιη
2433 3833 2637 3892 eisdem
2685 3837 2881 3908 quippe
2927 3840 3281 3897 veraeissimis
3320 3843 3500 3898 Libris
3539 3857 3739 3903 cuneta

2143 3926 2445 3997 conscripta
2487 3938 2631 3997 sunt,
2661 3937 2716 3985 et
2752 3946 2872 4000 quae
2901 3929 3035 3987 facta
3065 3945 3212 3999 sunt,
3244 3944 3297 3989 et
3342 3948 3560 4007 propter
3587 3941 3733 4009 quod

2143 4015 2465 4072 credendum
2493 4016 2630 4074 facta
2657 4029 2798 4075 sunt.
2827 4021 2972 4088 Haec,
3004 4033 3062 4077 ut
3104 4023 3260 4079 ﬁdem
3289 4025 3543 4091 facerent,
3574 4029 3730 4103 inno-

2142 4115 2393 4176 tuerunt;
2425 4109 2540 4167 lucc
2583 4127 2678 4182 per
2703 4113 2882 4180 ﬁdem,
2910 4131 3068 4185 quam
3111 4117 3376 4185 fecerunt,
3418 4123 3588 4177 nmlto
3615 4125 3728 4180 ela-

2138 4201 2253 4257 rins
2304 4201 2663 4260 innotescunt.
2723 4206 2998 4277 Leguntur
3041 4211 3236 4281 quippe
3287 4213 3338 4266 iu
3387 4215 3620 4283 populis,
3671 4227 3727 4272 ut

2139 4293 2461 4362 credantur;
2508 4313 2605 4352 nec
2635 4298 2686 4353 in
2732 4301 2940 4370 populis
2987 4311 3162 4358 tamen
3205 4305 3305 4380 nisi
3347 4307 3550 4361 credita
3580 4309 3724 4378 lege-

2139 4397 2342 4440 rentur.
2383 4387 2515 4442 Nam
2543 4389 2707 4445 etiam
2731 4407 2872 4447 nunc
2915 4393 3049 4449 ﬁunt
3076 4396 3330 4452 miracula
3376 4399 3427 4453 in
3462 4399 3583 4468 eius
3625 4417 3727 4455 no-

2119 4477 2302 4543 ,mine,
2345 4478 2458 4535 sive
2489 4497 2581 4550 per
2607 4492 2938 4548 sacramenta
2985 4485 3122 4556 ejus,
3162 4488 3275 4542 sive
3319 4505 3414 4557 per
3452 4494 3727 4549 omtiones

2136 4570 2222 4626 vel
2250 4572 2534 4628 memorias
2561 4581 2863 4629 sanctorum
2897 4575 3012 4645 ejus
3039 4593 3054 4641 ;
3084 4577 3182 4643 sed
3209 4594 3313 4634 non
3345 4580 3532 4636 eadem
3557 4583 3723 4638 clari-

2137 4670 2246 4718 tate
2272 4663 2621 4732 illustrantur,
2648 4675 2705 4720 ut
2734 4673 2876 4722 tanta
2904 4679 3099 4737 quanta
3136 4670 3223 4724 illa
3248 4671 3416 4740 gloria
3439 4671 3722 4728 diﬁ'amen-

2137 4761 2244 4809 tur.
2271 4753 2453 4810 Cauon
2492 4757 2686 4826 quippe
2719 4771 2992 4814 sacrarum
3024 4760 3367 4828 Litterarum,
3394 4780 3554 4832 quem
3585 4765 3722 4821 deﬁ-

2135 4846 2302 4899 nitmn
2331 4845 2493 4901 ‘esse
2537 4849 2835 4918 oportebat,
2880 4849 2966 4904 illa
3011 4850 3136 4907 facit
3180 4853 3373 4924 ubique
3403 4855 3639 4918 recitari,
3668 4864 3722 4911 et

2135 4939 2408 4992 memoria:
2436 4949 2748 4994 cunctorum
2787 4940 3049 4998 iuba-rere
3095 4944 3408 5014 populorum
3442 4967 3456 5004 :
3486 4944 3601 5002 haec
3626 4962 3723 5003 au-

2135 5038 2240 5085 tem
2293 5031 2610 5100 ubicumque
2648 5031 2800 5098 ﬁunt,
2843 5034 2912 5088 ibi
2958 5036 3198 5090 sciuntur
3239 5037 3326 5091 vix
3369 5053 3399 5091 a
3447 5047 3554 5093 tota
3605 5040 3716 5108 ipsa

2133 5124 2346 5178 civitate
2389 5122 2473 5178 vel
2519 5138 2853 5195 quocumque
2903 5128 3356 5183 eommanentiutn
3399 5129 3538 5184 loco.
3582 5130 3714 5185 Nam

2135 5215 2444 5286 plerumque
2467 5214 2626 5269 etiam
2658 5214 2730 5269 ibi
2769 5216 3070 5284 paucissimi
3113 5218 3309 5281 sciunt,
3351 5219 3716 5288 ignorantibus

2132 5308 2361 5372 ceteris,
2385 5305 2614 5361 maxime
2639 5306 2682 5360 si
2707 5322 2892 5377 magna
2921 5309 2986 5362 sil
3015 5307 3202 5362 civitas
3226 5326 3242 5372 ;
3275 5319 3328 5364 et
3355 5311 3568 5378 quando
3589 5312 3714 5366 alibi

2131 5398 2356 5468 aliisque
2393 5407 2696 5464 narrantur,
2721 5414 2825 5453 non
2855 5407 2998 5453 mnta
3023 5415 3086 5453 ea
3116 5401 3454 5456 commendat
3479 5403 3712 5457 auctori-

2133 5499 2236 5556 tas,
2281 5499 2337 5544 ut
2378 5489 2494 5544 sine
2536 5489 2843 5545 difﬁcultate
2888 5491 2974 5546 vel
3012 5490 3342 5546 dubitatione
3385 5493 3709 5560 credantur,

2195 5628 2210 5658 ³
2250 5626 2387 5675 Vind.
2412 5635 2507 5675 Am.
2635 5631 2687 5691 et
2710 5625 2878 5691 plures
2893 5632 3022 5684 Mss,
3046 5624 3426 5691 prwcedcntium

2194 5691 2215 5722 ³
2248 5696 2310 5739 tta
2333 5697 2533 5738 veteres
2554 5686 2684 5760 libri.
2707 5689 2824 5760 ιτμὶιί
2849 5697 3031 5760 autem,
3048 5686 3420 5759 'pg'osequeretur
3437 5686 3555 5751 ﬁde.

2196 5755 2217 5785 ³
2250 5754 2321 5822 sic
2344 5759 2446 5800 Mss.
2489 5749 3125 5822 AtOeditilincretlibilirei.
3259 5812 3288 5822 __

2195 5813 2216 5846 ι
2249 5811 2386 5875 editi,
2411 5813 2662 5863 veteribus
2686 5813 2822 5863 libris
2842 5813 3209 5873 dissentientes,
3236 5812 3558 5878 infamatum.

3673 390 3790 448 700
3865 448 3874 458 .
